PokerStars Zoom Hand #254379088745:  Hold'em No Limit ($0.05/$0.10) - 2025/01/15 9:57:32 CET [2025/01/15 3:57:32 ET]
Table 'Aludra' 6-max Seat #1 is the button
Seat 1: DrDr Linse ($5 in chips) 
Seat 2: soldim327 ($11.77 in chips) 
Seat 3: Mahu2021 ($10 in chips) 
Seat 4: Jinzoo1 ($20.75 in chips) 
Seat 5: dkno77 ($11.04 in chips) 
Seat 6: Diesel1369 ($9.96 in chips) 
soldim327: posts small blind $0.05
Mahu2021: posts big blind $0.10
*** HOLE CARDS ***
Dealt to Mahu2021 [Jd 6c]
Jinzoo1: folds 
dkno77: folds 
Diesel1369: folds 
DrDr Linse: folds 
soldim327: folds 
Uncalled bet ($0.05) returned to Mahu2021
Mahu2021 collected $0.10 from pot
Mahu2021: doesn't show hand 
*** SUMMARY ***
Total pot $0.10 | Rake $0 
Seat 1: DrDr Linse (button) folded before Flop (didn't bet)
Seat 2: soldim327 (small blind) folded before Flop
Seat 3: Mahu2021 (big blind) collected ($0.10)
Seat 4: Jinzoo1 folded before Flop (didn't bet)
Seat 5: dkno77 folded before Flop (didn't bet)
Seat 6: Diesel1369 folded before Flop (didn't bet)



PokerStars Zoom Hand #254379089362:  Hold'em No Limit ($0.05/$0.10) - 2025/01/15 9:57:40 CET [2025/01/15 3:57:40 ET]
Table 'Aludra' 6-max Seat #1 is the button
Seat 1: GeorgeIvanov ($13.45 in chips) 
Seat 2: Mahu2021 ($10.05 in chips) 
Seat 3: alexber1111 ($14.55 in chips) 
Seat 4: MousedragonMan ($14.28 in chips) 
Seat 5: ThomasGoldberg ($11.26 in chips) 
Seat 6: EMH55 ($8.83 in chips) 
Mahu2021: posts small blind $0.05
alexber1111: posts big blind $0.10
*** HOLE CARDS ***
Dealt to Mahu2021 [5s Kc]
MousedragonMan: folds 
ThomasGoldberg: folds 
EMH55: folds 
GeorgeIvanov: folds 
Mahu2021: raises $0.20 to $0.30
alexber1111: folds 
Uncalled bet ($0.20) returned to Mahu2021
Mahu2021 collected $0.20 from pot
Mahu2021: doesn't show hand 
*** SUMMARY ***
Total pot $0.20 | Rake $0 
Seat 1: GeorgeIvanov (button) folded before Flop (didn't bet)
Seat 2: Mahu2021 (small blind) collected ($0.20)
Seat 3: alexber1111 (big blind) folded before Flop
Seat 4: MousedragonMan folded before Flop (didn't bet)
Seat 5: ThomasGoldberg folded before Flop (didn't bet)
Seat 6: EMH55 folded before Flop (didn't bet)



PokerStars Zoom Hand #254379090567:  Hold'em No Limit ($0.05/$0.10) - 2025/01/15 9:57:56 CET [2025/01/15 3:57:56 ET]
Table 'Aludra' 6-max Seat #1 is the button
Seat 1: Mahu2021 ($10.15 in chips) 
Seat 2: Ganbarimasyou ($10.71 in chips) 
Seat 3: Ritter00 ($4.14 in chips) 
Seat 4: DrDr Linse ($5 in chips) 
Seat 5: ciceron86 ($11.49 in chips) 
Seat 6: IVERNMAN ($10.05 in chips) 
Ganbarimasyou: posts small blind $0.05
Ritter00: posts big blind $0.10
*** HOLE CARDS ***
Dealt to Mahu2021 [4h Ah]
DrDr Linse: folds 
ciceron86: folds 
IVERNMAN: folds 
Mahu2021: raises $0.20 to $0.30
Ganbarimasyou: folds 
Ritter00: folds 
Uncalled bet ($0.20) returned to Mahu2021
Mahu2021 collected $0.25 from pot
Mahu2021: doesn't show hand 
*** SUMMARY ***
Total pot $0.25 | Rake $0 
Seat 1: Mahu2021 (button) collected ($0.25)
Seat 2: Ganbarimasyou (small blind) folded before Flop
Seat 3: Ritter00 (big blind) folded before Flop
Seat 4: DrDr Linse folded before Flop (didn't bet)
Seat 5: ciceron86 folded before Flop (didn't bet)
Seat 6: IVERNMAN folded before Flop (didn't bet)



PokerStars Zoom Hand #254379090262:  Hold'em No Limit ($0.05/$0.10) - 2025/01/15 9:57:52 CET [2025/01/15 3:57:52 ET]
Table 'Aludra' 6-max Seat #1 is the button
Seat 1: Extecoetter25 ($16.78 in chips) 
Seat 2: dkno77 ($10.99 in chips) 
Seat 3: GeorgeIvanov ($13.45 in chips) 
Seat 4: Mahu2021 ($10.15 in chips) 
Seat 5: MousedragonMan ($7.40 in chips) 
Seat 6: DrDr Linse ($5 in chips) 
dkno77: posts small blind $0.05
GeorgeIvanov: posts big blind $0.10
*** HOLE CARDS ***
Dealt to Mahu2021 [4s Qd]
Mahu2021: folds 
MousedragonMan: raises $0.20 to $0.30
DrDr Linse: folds 
Extecoetter25: raises $0.60 to $0.90
dkno77: folds 
GeorgeIvanov: folds 
MousedragonMan: raises $6.50 to $7.40 and is all-in
Extecoetter25: calls $6.50
*** FLOP *** [Qc 3c 2s]
*** TURN *** [Qc 3c 2s] [9s]
*** RIVER *** [Qc 3c 2s 9s] [7c]
*** SHOW DOWN ***
MousedragonMan: shows [Kh As] (high card Ace)
Extecoetter25: shows [Jc Jh] (a pair of Jacks)
Extecoetter25 collected $14.28 from pot
*** SUMMARY ***
Total pot $14.95 | Rake $0.67 
Board [Qc 3c 2s 9s 7c]
Seat 1: Extecoetter25 (button) showed [Jc Jh] and won ($14.28) with a pair of Jacks
Seat 2: dkno77 (small blind) folded before Flop
Seat 3: GeorgeIvanov (big blind) folded before Flop
Seat 4: Mahu2021 folded before Flop (didn't bet)
Seat 5: MousedragonMan showed [Kh As] and lost with high card Ace
Seat 6: DrDr Linse folded before Flop (didn't bet)



PokerStars Zoom Hand #254379092223:  Hold'em No Limit ($0.05/$0.10) - 2025/01/15 9:58:18 CET [2025/01/15 3:58:18 ET]
Table 'Aludra' 6-max Seat #1 is the button
Seat 1: JustAltF4 ($18.82 in chips) 
Seat 2: Extecoetter25 ($10.15 in chips) 
Seat 3: zeuzepilintr ($7.41 in chips) 
Seat 4: Ritter00 ($5 in chips) 
Seat 5: Mahu2021 ($10.30 in chips) 
Seat 6: Love Beckham ($9.53 in chips) 
Extecoetter25: posts small blind $0.05
zeuzepilintr: posts big blind $0.10
*** HOLE CARDS ***
Dealt to Mahu2021 [2d Jc]
Ritter00: folds 
Mahu2021: folds 
Love Beckham: raises $0.15 to $0.25
JustAltF4: folds 
Extecoetter25: folds 
zeuzepilintr: folds 
Uncalled bet ($0.15) returned to Love Beckham
Love Beckham collected $0.25 from pot
Love Beckham: doesn't show hand 
*** SUMMARY ***
Total pot $0.25 | Rake $0 
Seat 1: JustAltF4 (button) folded before Flop (didn't bet)
Seat 2: Extecoetter25 (small blind) folded before Flop
Seat 3: zeuzepilintr (big blind) folded before Flop
Seat 4: Ritter00 folded before Flop (didn't bet)
Seat 5: Mahu2021 folded before Flop (didn't bet)
Seat 6: Love Beckham collected ($0.25)



PokerStars Zoom Hand #254379091866:  Hold'em No Limit ($0.05/$0.10) - 2025/01/15 9:58:13 CET [2025/01/15 3:58:13 ET]
Table 'Aludra' 6-max Seat #1 is the button
Seat 1: Ritter00 ($5 in chips) 
Seat 2: IVERNMAN ($10 in chips) 
Seat 3: DanBzrQQQQ ($10 in chips) 
Seat 4: GeorgeIvanov ($13.30 in chips) 
Seat 5: Karaflas1 ($20.06 in chips) 
Seat 6: Mahu2021 ($10.30 in chips) 
IVERNMAN: posts small blind $0.05
DanBzrQQQQ: posts big blind $0.10
*** HOLE CARDS ***
Dealt to Mahu2021 [Tc 3d]
GeorgeIvanov: folds 
Karaflas1: folds 
Mahu2021: folds 
Ritter00: folds 
IVERNMAN: folds 
Uncalled bet ($0.05) returned to DanBzrQQQQ
DanBzrQQQQ collected $0.10 from pot
DanBzrQQQQ: doesn't show hand 
*** SUMMARY ***
Total pot $0.10 | Rake $0 
Seat 1: Ritter00 (button) folded before Flop (didn't bet)
Seat 2: IVERNMAN (small blind) folded before Flop
Seat 3: DanBzrQQQQ (big blind) collected ($0.10)
Seat 4: GeorgeIvanov folded before Flop (didn't bet)
Seat 5: Karaflas1 folded before Flop (didn't bet)
Seat 6: Mahu2021 folded before Flop (didn't bet)



PokerStars Zoom Hand #254379092453:  Hold'em No Limit ($0.05/$0.10) - 2025/01/15 9:58:21 CET [2025/01/15 3:58:21 ET]
Table 'Aludra' 6-max Seat #1 is the button
Seat 1: alexber1111 ($14.55 in chips) 
Seat 2: soldim327 ($11.15 in chips) 
Seat 3: Mahu2021 ($10.30 in chips) 
Seat 4: Gobi000 ($10.98 in chips) 
Seat 5: GeorgeIvanov ($10.02 in chips) 
Seat 6: Karaflas1 ($20.06 in chips) 
soldim327: posts small blind $0.05
Mahu2021: posts big blind $0.10
*** HOLE CARDS ***
Dealt to Mahu2021 [9d 7h]
Gobi000: raises $0.10 to $0.20
GeorgeIvanov: folds 
Karaflas1: folds 
alexber1111: folds 
soldim327: folds 
Mahu2021: calls $0.10
*** FLOP *** [Td 5c 9s]
Mahu2021: checks 
Gobi000: checks 
*** TURN *** [Td 5c 9s] [5d]
Mahu2021: bets $0.20
Gobi000: calls $0.20
*** RIVER *** [Td 5c 9s 5d] [3h]
Mahu2021: bets $0.20
Gobi000: calls $0.20
*** SHOW DOWN ***
Mahu2021: shows [9d 7h] (two pair, Nines and Fives)
Gobi000: mucks hand 
Mahu2021 collected $1.19 from pot
*** SUMMARY ***
Total pot $1.25 | Rake $0.06 
Board [Td 5c 9s 5d 3h]
Seat 1: alexber1111 (button) folded before Flop (didn't bet)
Seat 2: soldim327 (small blind) folded before Flop
Seat 3: Mahu2021 (big blind) showed [9d 7h] and won ($1.19) with two pair, Nines and Fives
Seat 4: Gobi000 mucked [4c 4s]
Seat 5: GeorgeIvanov folded before Flop (didn't bet)
Seat 6: Karaflas1 folded before Flop (didn't bet)



PokerStars Zoom Hand #254379096586:  Hold'em No Limit ($0.05/$0.10) - 2025/01/15 9:59:14 CET [2025/01/15 3:59:14 ET]
Table 'Aludra' 6-max Seat #1 is the button
Seat 1: IVERNMAN ($10.65 in chips) 
Seat 2: Mahu2021 ($10.89 in chips) 
Seat 3: Vadim91_blr ($10.35 in chips) 
Seat 4: DanBzrQQQQ ($13.12 in chips) 
Seat 5: soldim327 ($10.05 in chips) 
Seat 6: Gobi000 ($10.38 in chips) 
Mahu2021: posts small blind $0.05
Vadim91_blr: posts big blind $0.10
*** HOLE CARDS ***
Dealt to Mahu2021 [5c 7c]
DanBzrQQQQ: folds 
soldim327: folds 
Gobi000: raises $0.15 to $0.25
IVERNMAN: folds 
Mahu2021: calls $0.20
Vadim91_blr: calls $0.15
*** FLOP *** [Ks 8s Jd]
Mahu2021: checks 
Vadim91_blr: checks 
Gobi000: bets $0.24
Mahu2021: folds 
Vadim91_blr: folds 
Uncalled bet ($0.24) returned to Gobi000
Gobi000 collected $0.72 from pot
Gobi000: doesn't show hand 
*** SUMMARY ***
Total pot $0.75 | Rake $0.03 
Board [Ks 8s Jd]
Seat 1: IVERNMAN (button) folded before Flop (didn't bet)
Seat 2: Mahu2021 (small blind) folded on the Flop
Seat 3: Vadim91_blr (big blind) folded on the Flop
Seat 4: DanBzrQQQQ folded before Flop (didn't bet)
Seat 5: soldim327 folded before Flop (didn't bet)
Seat 6: Gobi000 collected ($0.72)



PokerStars Zoom Hand #254379098280:  Hold'em No Limit ($0.05/$0.10) - 2025/01/15 9:59:35 CET [2025/01/15 3:59:35 ET]
Table 'Aludra' 6-max Seat #1 is the button
Seat 1: Mahu2021 ($10.64 in chips) 
Seat 2: IVERNMAN ($10.33 in chips) 
Seat 3: Extecoetter25 ($10.70 in chips) 
Seat 4: soldim327 ($12.37 in chips) 
Seat 5: smoky fish 90 ($52.76 in chips) 
Seat 6: goldmine111 ($11.29 in chips) 
IVERNMAN: posts small blind $0.05
Extecoetter25: posts big blind $0.10
*** HOLE CARDS ***
Dealt to Mahu2021 [Kc 9d]
soldim327: folds 
smoky fish 90: folds 
goldmine111: folds 
Mahu2021: raises $0.20 to $0.30
IVERNMAN: folds 
Extecoetter25: folds 
Uncalled bet ($0.20) returned to Mahu2021
Mahu2021 collected $0.25 from pot
Mahu2021: doesn't show hand 
*** SUMMARY ***
Total pot $0.25 | Rake $0 
Seat 1: Mahu2021 (button) collected ($0.25)
Seat 2: IVERNMAN (small blind) folded before Flop
Seat 3: Extecoetter25 (big blind) folded before Flop
Seat 4: soldim327 folded before Flop (didn't bet)
Seat 5: smoky fish 90 folded before Flop (didn't bet)
Seat 6: goldmine111 folded before Flop (didn't bet)



PokerStars Zoom Hand #254379099540:  Hold'em No Limit ($0.05/$0.10) - 2025/01/15 9:59:51 CET [2025/01/15 3:59:51 ET]
Table 'Aludra' 6-max Seat #1 is the button
Seat 1: goldmine111 ($11.44 in chips) 
Seat 2: buenaure ($10.36 in chips) 
Seat 3: dkno77 ($11.38 in chips) 
Seat 4: alexber1111 ($17.96 in chips) 
Seat 5: Karaflas1 ($19.86 in chips) 
Seat 6: Mahu2021 ($10.79 in chips) 
buenaure: posts small blind $0.05
dkno77: posts big blind $0.10
*** HOLE CARDS ***
Dealt to Mahu2021 [Kh Td]
alexber1111: raises $0.12 to $0.22
Karaflas1: folds 
Mahu2021: calls $0.22
goldmine111: folds 
buenaure: folds 
dkno77: folds 
*** FLOP *** [Qh 5c Js]
alexber1111: bets $0.18
Mahu2021: calls $0.18
*** TURN *** [Qh 5c Js] [3h]
alexber1111: checks 
Mahu2021: bets $0.91
alexber1111: folds 
Uncalled bet ($0.91) returned to Mahu2021
Mahu2021 collected $0.91 from pot
Mahu2021: doesn't show hand 
*** SUMMARY ***
Total pot $0.95 | Rake $0.04 
Board [Qh 5c Js 3h]
Seat 1: goldmine111 (button) folded before Flop (didn't bet)
Seat 2: buenaure (small blind) folded before Flop
Seat 3: dkno77 (big blind) folded before Flop
Seat 4: alexber1111 folded on the Turn
Seat 5: Karaflas1 folded before Flop (didn't bet)
Seat 6: Mahu2021 collected ($0.91)



PokerStars Zoom Hand #254379101330:  Hold'em No Limit ($0.05/$0.10) - 2025/01/15 10:00:15 CET [2025/01/15 4:00:15 ET]
Table 'Aludra' 6-max Seat #1 is the button
Seat 1: COSINU$ ($14.26 in chips) 
Seat 2: Gobi000 ($14.79 in chips) 
Seat 3: Ritter00 ($3.48 in chips) 
Seat 4: Mahu2021 ($11.30 in chips) 
Seat 5: GeorgeIvanov ($10 in chips) 
Seat 6: soldim327 ($10.95 in chips) 
Gobi000: posts small blind $0.05
Ritter00: posts big blind $0.10
*** HOLE CARDS ***
Dealt to Mahu2021 [9h Kc]
Mahu2021: folds 
GeorgeIvanov: raises $0.15 to $0.25
soldim327: folds 
COSINU$: folds 
Gobi000: folds 
Ritter00: folds 
Uncalled bet ($0.15) returned to GeorgeIvanov
GeorgeIvanov collected $0.25 from pot
GeorgeIvanov: doesn't show hand 
*** SUMMARY ***
Total pot $0.25 | Rake $0 
Seat 1: COSINU$ (button) folded before Flop (didn't bet)
Seat 2: Gobi000 (small blind) folded before Flop
Seat 3: Ritter00 (big blind) folded before Flop
Seat 4: Mahu2021 folded before Flop (didn't bet)
Seat 5: GeorgeIvanov collected ($0.25)
Seat 6: soldim327 folded before Flop (didn't bet)



PokerStars Zoom Hand #254379101733:  Hold'em No Limit ($0.05/$0.10) - 2025/01/15 10:00:20 CET [2025/01/15 4:00:20 ET]
Table 'Aludra' 6-max Seat #1 is the button
Seat 1: ciceron86 ($17.68 in chips) 
Seat 2: ppapandppap ($14.92 in chips) 
Seat 3: Mahu2021 ($11.30 in chips) 
Seat 4: buenaure ($10.46 in chips) 
Seat 5: khouss ($8.65 in chips) 
Seat 6: COSINU$ ($14.26 in chips) 
ppapandppap: posts small blind $0.05
Mahu2021: posts big blind $0.10
*** HOLE CARDS ***
Dealt to Mahu2021 [2d Ks]
buenaure: folds 
khouss: folds 
COSINU$: raises $0.25 to $0.35
ciceron86: folds 
ppapandppap: folds 
Mahu2021: folds 
Uncalled bet ($0.25) returned to COSINU$
COSINU$ collected $0.25 from pot
COSINU$: doesn't show hand 
*** SUMMARY ***
Total pot $0.25 | Rake $0 
Seat 1: ciceron86 (button) folded before Flop (didn't bet)
Seat 2: ppapandppap (small blind) folded before Flop
Seat 3: Mahu2021 (big blind) folded before Flop
Seat 4: buenaure folded before Flop (didn't bet)
Seat 5: khouss folded before Flop (didn't bet)
Seat 6: COSINU$ collected ($0.25)



PokerStars Zoom Hand #254379102553:  Hold'em No Limit ($0.05/$0.10) - 2025/01/15 10:00:30 CET [2025/01/15 4:00:30 ET]
Table 'Aludra' 6-max Seat #1 is the button
Seat 1: IVERNMAN ($11.01 in chips) 
Seat 2: assombrirleciel ($11.90 in chips) 
Seat 3: soldim327 ($10.95 in chips) 
Seat 4: Gobi000 ($27.21 in chips) 
Seat 5: Mahu2021 ($11.20 in chips) 
Seat 6: alexber1111 ($17.51 in chips) 
assombrirleciel: posts small blind $0.05
soldim327: posts big blind $0.10
*** HOLE CARDS ***
Dealt to Mahu2021 [Kc Ts]
Gobi000: folds 
Mahu2021: raises $0.20 to $0.30
alexber1111: folds 
IVERNMAN: folds 
assombrirleciel: folds 
soldim327: folds 
Uncalled bet ($0.20) returned to Mahu2021
Mahu2021 collected $0.25 from pot
Mahu2021: doesn't show hand 
*** SUMMARY ***
Total pot $0.25 | Rake $0 
Seat 1: IVERNMAN (button) folded before Flop (didn't bet)
Seat 2: assombrirleciel (small blind) folded before Flop
Seat 3: soldim327 (big blind) folded before Flop
Seat 4: Gobi000 folded before Flop (didn't bet)
Seat 5: Mahu2021 collected ($0.25)
Seat 6: alexber1111 folded before Flop (didn't bet)



PokerStars Zoom Hand #254379104688:  Hold'em No Limit ($0.05/$0.10) - 2025/01/15 10:00:55 CET [2025/01/15 4:00:55 ET]
Table 'Aludra' 6-max Seat #1 is the button
Seat 1: COSINU$ ($14.31 in chips) 
Seat 2: Mahu2021 ($11.35 in chips) 
Seat 3: fkdupshit ($10 in chips) 
Seat 4: Vadim91_blr ($10.15 in chips) 
Seat 5: IVERNMAN ($11.01 in chips) 
Seat 6: EMH55 ($2.77 in chips) 
Mahu2021: posts small blind $0.05
fkdupshit: posts big blind $0.10
*** HOLE CARDS ***
Dealt to Mahu2021 [2h 5h]
Vadim91_blr: folds 
IVERNMAN: folds 
EMH55: folds 
COSINU$: calls $0.10
Mahu2021: folds 
fkdupshit: checks 
*** FLOP *** [6h 8h 6c]
fkdupshit: checks 
COSINU$: checks 
*** TURN *** [6h 8h 6c] [4h]
fkdupshit: checks 
COSINU$: checks 
*** RIVER *** [6h 8h 6c 4h] [4d]
fkdupshit: checks 
COSINU$: checks 
*** SHOW DOWN ***
fkdupshit: shows [2d Ad] (two pair, Sixes and Fours)
COSINU$: mucks hand 
fkdupshit collected $0.24 from pot
*** SUMMARY ***
Total pot $0.25 | Rake $0.01 
Board [6h 8h 6c 4h 4d]
Seat 1: COSINU$ (button) mucked [9d Ks]
Seat 2: Mahu2021 (small blind) folded before Flop
Seat 3: fkdupshit (big blind) showed [2d Ad] and won ($0.24) with two pair, Sixes and Fours
Seat 4: Vadim91_blr folded before Flop (didn't bet)
Seat 5: IVERNMAN folded before Flop (didn't bet)
Seat 6: EMH55 folded before Flop (didn't bet)



PokerStars Zoom Hand #254379104311:  Hold'em No Limit ($0.05/$0.10) - 2025/01/15 10:00:51 CET [2025/01/15 4:00:51 ET]
Table 'Aludra' 6-max Seat #1 is the button
Seat 1: KidMamba ($11.15 in chips) 
Seat 2: soldim327 ($10.85 in chips) 
Seat 3: Gobi000 ($14.74 in chips) 
Seat 4: fkdupshit ($10 in chips) 
Seat 5: Mahu2021 ($11.35 in chips) 
Seat 6: goldmine111 ($10.05 in chips) 
soldim327: posts small blind $0.05
Gobi000: posts big blind $0.10
*** HOLE CARDS ***
Dealt to Mahu2021 [2d 4h]
fkdupshit: folds 
Mahu2021: folds 
goldmine111: folds 
KidMamba: folds 
soldim327: raises $0.20 to $0.30
Gobi000: calls $0.20
*** FLOP *** [9c 8h Th]
soldim327: bets $0.19
Gobi000: raises $0.48 to $0.67
soldim327: folds 
Uncalled bet ($0.48) returned to Gobi000
Gobi000 collected $0.94 from pot
Gobi000: doesn't show hand 
*** SUMMARY ***
Total pot $0.98 | Rake $0.04 
Board [9c 8h Th]
Seat 1: KidMamba (button) folded before Flop (didn't bet)
Seat 2: soldim327 (small blind) folded on the Flop
Seat 3: Gobi000 (big blind) collected ($0.94)
Seat 4: fkdupshit folded before Flop (didn't bet)
Seat 5: Mahu2021 folded before Flop (didn't bet)
Seat 6: goldmine111 folded before Flop (didn't bet)



PokerStars Zoom Hand #254379105180:  Hold'em No Limit ($0.05/$0.10) - 2025/01/15 10:01:01 CET [2025/01/15 4:01:01 ET]
Table 'Aludra' 6-max Seat #1 is the button
Seat 1: Mahu2021 ($11.30 in chips) 
Seat 2: Vadim91_blr ($10.15 in chips) 
Seat 3: IVERNMAN ($11.01 in chips) 
Seat 4: EMH55 ($2.77 in chips) 
Seat 5: GeorgeIvanov ($10 in chips) 
Seat 6: khouss ($8.79 in chips) 
Vadim91_blr: posts small blind $0.05
IVERNMAN: posts big blind $0.10
*** HOLE CARDS ***
Dealt to Mahu2021 [Kh 6h]
EMH55: folds 
GeorgeIvanov: folds 
khouss: calls $0.10
Mahu2021: calls $0.10
Vadim91_blr: folds 
IVERNMAN: checks 
*** FLOP *** [Ad 7s Jc]
IVERNMAN: checks 
khouss: checks 
Mahu2021: checks 
*** TURN *** [Ad 7s Jc] [Ac]
IVERNMAN: checks 
khouss: checks 
Mahu2021: checks 
*** RIVER *** [Ad 7s Jc Ac] [5s]
IVERNMAN: checks 
khouss: checks 
Mahu2021: checks 
*** SHOW DOWN ***
IVERNMAN: shows [6c 9h] (a pair of Aces)
khouss: shows [Kc 7h] (two pair, Aces and Sevens)
Mahu2021: mucks hand 
khouss collected $0.33 from pot
*** SUMMARY ***
Total pot $0.35 | Rake $0.02 
Board [Ad 7s Jc Ac 5s]
Seat 1: Mahu2021 (button) mucked [Kh 6h]
Seat 2: Vadim91_blr (small blind) folded before Flop
Seat 3: IVERNMAN (big blind) showed [6c 9h] and lost with a pair of Aces
Seat 4: EMH55 folded before Flop (didn't bet)
Seat 5: GeorgeIvanov folded before Flop (didn't bet)
Seat 6: khouss showed [Kc 7h] and won ($0.33) with two pair, Aces and Sevens



PokerStars Zoom Hand #254379107722:  Hold'em No Limit ($0.05/$0.10) - 2025/01/15 10:01:29 CET [2025/01/15 4:01:29 ET]
Table 'Aludra' 6-max Seat #1 is the button
Seat 1: Gobi000 ($15.19 in chips) 
Seat 2: cgycJS26 ($9.85 in chips) 
Seat 3: Ritter00 ($4.89 in chips) 
Seat 4: GeorgeIvanov ($10 in chips) 
Seat 5: COSINU$ ($14.16 in chips) 
Seat 6: Mahu2021 ($11.20 in chips) 
cgycJS26: posts small blind $0.05
Ritter00: posts big blind $0.10
*** HOLE CARDS ***
Dealt to Mahu2021 [Js 2c]
GeorgeIvanov: folds 
COSINU$: folds 
Mahu2021: folds 
Gobi000: folds 
cgycJS26: raises $0.20 to $0.30
Ritter00: calls $0.20
*** FLOP *** [Ah Ad Jc]
cgycJS26: bets $0.20
Ritter00: folds 
Uncalled bet ($0.20) returned to cgycJS26
cgycJS26 collected $0.57 from pot
cgycJS26: doesn't show hand 
*** SUMMARY ***
Total pot $0.60 | Rake $0.03 
Board [Ah Ad Jc]
Seat 1: Gobi000 (button) folded before Flop (didn't bet)
Seat 2: cgycJS26 (small blind) collected ($0.57)
Seat 3: Ritter00 (big blind) folded on the Flop
Seat 4: GeorgeIvanov folded before Flop (didn't bet)
Seat 5: COSINU$ folded before Flop (didn't bet)
Seat 6: Mahu2021 folded before Flop (didn't bet)



PokerStars Zoom Hand #254379108181:  Hold'em No Limit ($0.05/$0.10) - 2025/01/15 10:01:35 CET [2025/01/15 4:01:35 ET]
Table 'Aludra' 6-max Seat #1 is the button
Seat 1: alexber1111 ($17.36 in chips) 
Seat 2: smoky fish 90 ($41.51 in chips) 
Seat 3: Mahu2021 ($11.20 in chips) 
Seat 4: Extecoetter25 ($22.45 in chips) 
Seat 5: Alejandro85s ($10.47 in chips) 
Seat 6: COSINU$ ($14.16 in chips) 
smoky fish 90: posts small blind $0.05
Mahu2021: posts big blind $0.10
*** HOLE CARDS ***
Dealt to Mahu2021 [9s 9c]
Extecoetter25: folds 
Alejandro85s: folds 
COSINU$: folds 
alexber1111: raises $0.12 to $0.22
smoky fish 90: folds 
Mahu2021: calls $0.12
*** FLOP *** [7c 4h Th]
Mahu2021: checks 
alexber1111: bets $0.15
Mahu2021: raises $0.35 to $0.50
alexber1111: calls $0.35
*** TURN *** [7c 4h Th] [2h]
Mahu2021: checks 
alexber1111: bets $1.30
Mahu2021: folds 
Uncalled bet ($1.30) returned to alexber1111
alexber1111 collected $1.42 from pot
alexber1111: doesn't show hand 
*** SUMMARY ***
Total pot $1.49 | Rake $0.07 
Board [7c 4h Th 2h]
Seat 1: alexber1111 (button) collected ($1.42)
Seat 2: smoky fish 90 (small blind) folded before Flop
Seat 3: Mahu2021 (big blind) folded on the Turn
Seat 4: Extecoetter25 folded before Flop (didn't bet)
Seat 5: Alejandro85s folded before Flop (didn't bet)
Seat 6: COSINU$ folded before Flop (didn't bet)



PokerStars Zoom Hand #254379112598:  Hold'em No Limit ($0.05/$0.10) - 2025/01/15 10:02:24 CET [2025/01/15 4:02:24 ET]
Table 'Aludra' 6-max Seat #1 is the button
Seat 1: alexber1111 ($13.03 in chips) 
Seat 2: Mahu2021 ($10.48 in chips) 
Seat 3: Diesel1369 ($11.73 in chips) 
Seat 4: Ritter00 ($4.54 in chips) 
Seat 5: EMH55 ($2.31 in chips) 
Seat 6: Prfct Insdr ($10.05 in chips) 
Mahu2021: posts small blind $0.05
Diesel1369: posts big blind $0.10
*** HOLE CARDS ***
Dealt to Mahu2021 [5s 3s]
Ritter00: folds 
EMH55: folds 
Prfct Insdr: raises $0.20 to $0.30
alexber1111: folds 
Mahu2021: calls $0.25
Diesel1369: raises $0.90 to $1.20
Prfct Insdr: folds 
Mahu2021: folds 
Uncalled bet ($0.90) returned to Diesel1369
Diesel1369 collected $0.90 from pot
Diesel1369: doesn't show hand 
*** SUMMARY ***
Total pot $0.90 | Rake $0 
Seat 1: alexber1111 (button) folded before Flop (didn't bet)
Seat 2: Mahu2021 (small blind) folded before Flop
Seat 3: Diesel1369 (big blind) collected ($0.90)
Seat 4: Ritter00 folded before Flop (didn't bet)
Seat 5: EMH55 folded before Flop (didn't bet)
Seat 6: Prfct Insdr folded before Flop



PokerStars Zoom Hand #254379114342:  Hold'em No Limit ($0.05/$0.10) - 2025/01/15 10:02:44 CET [2025/01/15 4:02:44 ET]
Table 'Aludra' 6-max Seat #1 is the button
Seat 1: Baeri1 ($9.85 in chips) 
Seat 2: Diesel1369 ($12.33 in chips) 
Seat 3: Gobi000 ($12.45 in chips) 
Seat 4: ciceron86 ($10 in chips) 
Seat 5: Mahu2021 ($10.18 in chips) 
Seat 6: Jinzoo1 ($23.19 in chips) 
Diesel1369: posts small blind $0.05
Gobi000: posts big blind $0.10
*** HOLE CARDS ***
Dealt to Mahu2021 [9s 5c]
ciceron86: folds 
Mahu2021: folds 
Jinzoo1 has timed out while disconnected
Jinzoo1: folds 
Baeri1: raises $0.10 to $0.20
Diesel1369: folds 
Gobi000: folds 
Uncalled bet ($0.10) returned to Baeri1
Baeri1 collected $0.25 from pot
Baeri1: doesn't show hand 
*** SUMMARY ***
Total pot $0.25 | Rake $0 
Seat 1: Baeri1 (button) collected ($0.25)
Seat 2: Diesel1369 (small blind) folded before Flop
Seat 3: Gobi000 (big blind) folded before Flop
Seat 4: ciceron86 folded before Flop (didn't bet)
Seat 5: Mahu2021 folded before Flop (didn't bet)
Seat 6: Jinzoo1 folded before Flop (didn't bet)



PokerStars Zoom Hand #254379115435:  Hold'em No Limit ($0.05/$0.10) - 2025/01/15 10:02:56 CET [2025/01/15 4:02:56 ET]
Table 'Aludra' 6-max Seat #1 is the button
Seat 1: Mahu2021 ($10.18 in chips) 
Seat 2: goldmine111 ($9.50 in chips) 
Seat 3: ashleygordine90 ($10.29 in chips) 
Seat 4: komodo75 ($3.71 in chips) 
Seat 5: Prfct Insdr ($9.80 in chips) 
Seat 6: alexber1111 ($12.93 in chips) 
goldmine111: posts small blind $0.05
ashleygordine90: posts big blind $0.10
*** HOLE CARDS ***
Dealt to Mahu2021 [5s 4c]
komodo75: folds 
Prfct Insdr: folds 
alexber1111: folds 
Mahu2021: folds 
goldmine111: folds 
Uncalled bet ($0.05) returned to ashleygordine90
ashleygordine90 collected $0.10 from pot
ashleygordine90: doesn't show hand 
*** SUMMARY ***
Total pot $0.10 | Rake $0 
Seat 1: Mahu2021 (button) folded before Flop (didn't bet)
Seat 2: goldmine111 (small blind) folded before Flop
Seat 3: ashleygordine90 (big blind) collected ($0.10)
Seat 4: komodo75 folded before Flop (didn't bet)
Seat 5: Prfct Insdr folded before Flop (didn't bet)
Seat 6: alexber1111 folded before Flop (didn't bet)



PokerStars Zoom Hand #254379115784:  Hold'em No Limit ($0.05/$0.10) - 2025/01/15 10:03:00 CET [2025/01/15 4:03:00 ET]
Table 'Aludra' 6-max Seat #1 is the button
Seat 1: ciceron86 ($10 in chips) 
Seat 2: Vadim91_blr ($10 in chips) 
Seat 3: komodo75 ($3.71 in chips) 
Seat 4: Mahu2021 ($10.18 in chips) 
Seat 5: Aidar0812 ($37.89 in chips) 
Seat 6: Diesel1369 ($12.28 in chips) 
Vadim91_blr: posts small blind $0.05
komodo75: posts big blind $0.10
*** HOLE CARDS ***
Dealt to Mahu2021 [9h Kc]
Mahu2021: folds 
Aidar0812: raises $0.20 to $0.30
Diesel1369: folds 
ciceron86: folds 
Vadim91_blr: folds 
komodo75: folds 
Uncalled bet ($0.20) returned to Aidar0812
Aidar0812 collected $0.25 from pot
Aidar0812: doesn't show hand 
*** SUMMARY ***
Total pot $0.25 | Rake $0 
Seat 1: ciceron86 (button) folded before Flop (didn't bet)
Seat 2: Vadim91_blr (small blind) folded before Flop
Seat 3: komodo75 (big blind) folded before Flop
Seat 4: Mahu2021 folded before Flop (didn't bet)
Seat 5: Aidar0812 collected ($0.25)
Seat 6: Diesel1369 folded before Flop (didn't bet)



PokerStars Zoom Hand #254379114781:  Hold'em No Limit ($0.05/$0.10) - 2025/01/15 10:02:49 CET [2025/01/15 4:02:49 ET]
Table 'Aludra' 6-max Seat #1 is the button
Seat 1: Aidar0812 ($37.89 in chips) 
Seat 2: Ganbarimasyou ($10.05 in chips) 
Seat 3: Extecoetter25 ($22.15 in chips) 
Seat 4: Vadim91_blr ($10.09 in chips) 
Seat 5: Karaflas1 ($20.04 in chips) 
Seat 6: Mahu2021 ($10.18 in chips) 
Ganbarimasyou: posts small blind $0.05
Extecoetter25: posts big blind $0.10
*** HOLE CARDS ***
Dealt to Mahu2021 [8d Ts]
Vadim91_blr: folds 
Karaflas1: folds 
Mahu2021: folds 
Aidar0812: folds 
Ganbarimasyou: folds 
Uncalled bet ($0.05) returned to Extecoetter25
Extecoetter25 collected $0.10 from pot
Extecoetter25: doesn't show hand 
*** SUMMARY ***
Total pot $0.10 | Rake $0 
Seat 1: Aidar0812 (button) folded before Flop (didn't bet)
Seat 2: Ganbarimasyou (small blind) folded before Flop
Seat 3: Extecoetter25 (big blind) collected ($0.10)
Seat 4: Vadim91_blr folded before Flop (didn't bet)
Seat 5: Karaflas1 folded before Flop (didn't bet)
Seat 6: Mahu2021 folded before Flop (didn't bet)



PokerStars Zoom Hand #254379113993:  Hold'em No Limit ($0.05/$0.10) - 2025/01/15 10:02:40 CET [2025/01/15 4:02:40 ET]
Table 'Aludra' 6-max Seat #1 is the button
Seat 1: Diesel1369 ($12.33 in chips) 
Seat 2: DanBzrQQQQ ($12.44 in chips) 
Seat 3: JustAltF4 ($17.72 in chips) 
Seat 4: Mahu2021 ($10.18 in chips) 
Seat 5: Ganbarimasyou ($10.05 in chips) 
Seat 6: Baeri1 ($9.85 in chips) 
DanBzrQQQQ: posts small blind $0.05
JustAltF4: posts big blind $0.10
*** HOLE CARDS ***
Dealt to Mahu2021 [2h Tc]
Mahu2021: folds 
Ganbarimasyou: folds 
Baeri1: folds 
Diesel1369: folds 
DanBzrQQQQ: calls $0.05
JustAltF4: checks 
*** FLOP *** [6s 5s 4h]
DanBzrQQQQ: checks 
JustAltF4: checks 
*** TURN *** [6s 5s 4h] [5c]
DanBzrQQQQ: bets $0.30
JustAltF4: calls $0.30
*** RIVER *** [6s 5s 4h 5c] [6h]
DanBzrQQQQ: checks 
JustAltF4: bets $0.58
DanBzrQQQQ: folds 
Uncalled bet ($0.58) returned to JustAltF4
JustAltF4 collected $0.76 from pot
JustAltF4: doesn't show hand 
*** SUMMARY ***
Total pot $0.80 | Rake $0.04 
Board [6s 5s 4h 5c 6h]
Seat 1: Diesel1369 (button) folded before Flop (didn't bet)
Seat 2: DanBzrQQQQ (small blind) folded on the River
Seat 3: JustAltF4 (big blind) collected ($0.76)
Seat 4: Mahu2021 folded before Flop (didn't bet)
Seat 5: Ganbarimasyou folded before Flop (didn't bet)
Seat 6: Baeri1 folded before Flop (didn't bet)



PokerStars Zoom Hand #254379118977:  Hold'em No Limit ($0.05/$0.10) - 2025/01/15 10:03:36 CET [2025/01/15 4:03:36 ET]
Table 'Aludra' 6-max Seat #1 is the button
Seat 1: zeuzepilintr ($6.99 in chips) 
Seat 2: Ganbarimasyou ($12.12 in chips) 
Seat 3: ppapandppap ($10 in chips) 
Seat 4: Mahu2021 ($9.94 in chips) 
Seat 5: Ritter00 ($5.41 in chips) 
Seat 6: Extecoetter25 ($10.69 in chips) 
Ganbarimasyou: posts small blind $0.05
ppapandppap: posts big blind $0.10
*** HOLE CARDS ***
Dealt to Mahu2021 [Ks 9s]
Mahu2021: raises $0.20 to $0.30
Ritter00: folds 
Extecoetter25: folds 
zeuzepilintr: folds 
Ganbarimasyou: folds 
ppapandppap: calls $0.20
*** FLOP *** [4s 5h 2c]
ppapandppap: bets $0.41
Mahu2021: folds 
Uncalled bet ($0.41) returned to ppapandppap
ppapandppap collected $0.62 from pot
ppapandppap: doesn't show hand 
*** SUMMARY ***
Total pot $0.65 | Rake $0.03 
Board [4s 5h 2c]
Seat 1: zeuzepilintr (button) folded before Flop (didn't bet)
Seat 2: Ganbarimasyou (small blind) folded before Flop
Seat 3: ppapandppap (big blind) collected ($0.62)
Seat 4: Mahu2021 folded on the Flop
Seat 5: Ritter00 folded before Flop (didn't bet)
Seat 6: Extecoetter25 folded before Flop (didn't bet)



PokerStars Zoom Hand #254379116097:  Hold'em No Limit ($0.05/$0.10) - 2025/01/15 10:03:04 CET [2025/01/15 4:03:04 ET]
Table 'Aludra' 6-max Seat #1 is the button
Seat 1: Diesel1369 ($12.28 in chips) 
Seat 2: DoggoD790 ($4.97 in chips) 
Seat 3: Mahu2021 ($10.18 in chips) 
Seat 4: smoky fish 90 ($42.47 in chips) 
Seat 5: assombrirleciel ($12.48 in chips) 
Seat 6: Gobi000 ($12.35 in chips) 
DoggoD790: posts small blind $0.05
Mahu2021: posts big blind $0.10
*** HOLE CARDS ***
Dealt to Mahu2021 [Th 8d]
smoky fish 90: folds 
assombrirleciel: raises $0.14 to $0.24
Gobi000: folds 
Diesel1369: folds 
DoggoD790: calls $0.19
Mahu2021: calls $0.14
*** FLOP *** [6d 2h Qs]
DoggoD790: bets $0.10
Mahu2021: folds 
assombrirleciel: calls $0.10
*** TURN *** [6d 2h Qs] [6h]
DoggoD790: bets $0.10
assombrirleciel: calls $0.10
*** RIVER *** [6d 2h Qs 6h] [Kc]
DoggoD790: bets $0.40
assombrirleciel: calls $0.40
*** SHOW DOWN ***
DoggoD790: shows [Kd 9c] (two pair, Kings and Sixes)
assombrirleciel: mucks hand 
DoggoD790 collected $1.83 from pot
*** SUMMARY ***
Total pot $1.92 | Rake $0.09 
Board [6d 2h Qs 6h Kc]
Seat 1: Diesel1369 (button) folded before Flop (didn't bet)
Seat 2: DoggoD790 (small blind) showed [Kd 9c] and won ($1.83) with two pair, Kings and Sixes
Seat 3: Mahu2021 (big blind) folded on the Flop
Seat 4: smoky fish 90 folded before Flop (didn't bet)
Seat 5: assombrirleciel mucked [As Jh]
Seat 6: Gobi000 folded before Flop (didn't bet)



PokerStars Zoom Hand #254379121115:  Hold'em No Limit ($0.05/$0.10) - 2025/01/15 10:04:00 CET [2025/01/15 4:04:00 ET]
Table 'Aludra' 6-max Seat #1 is the button
Seat 1: ppapandppap ($10.32 in chips) 
Seat 2: Mahu2021 ($9.64 in chips) 
Seat 3: Extecoetter25 ($10.69 in chips) 
Seat 4: Arturasmaz ($12.17 in chips) 
Seat 5: HakuBD ($16.76 in chips) 
Seat 6: Vadim91_blr ($10 in chips) 
Mahu2021: posts small blind $0.05
Extecoetter25: posts big blind $0.10
*** HOLE CARDS ***
Dealt to Mahu2021 [Kd 9h]
Arturasmaz: folds 
HakuBD: folds 
Vadim91_blr: folds 
ppapandppap: raises $0.15 to $0.25
Mahu2021: calls $0.20
Extecoetter25: folds 
*** FLOP *** [Qs Ac 5h]
Mahu2021: checks 
ppapandppap: bets $0.38
Mahu2021: folds 
Uncalled bet ($0.38) returned to ppapandppap
ppapandppap collected $0.57 from pot
ppapandppap: doesn't show hand 
*** SUMMARY ***
Total pot $0.60 | Rake $0.03 
Board [Qs Ac 5h]
Seat 1: ppapandppap (button) collected ($0.57)
Seat 2: Mahu2021 (small blind) folded on the Flop
Seat 3: Extecoetter25 (big blind) folded before Flop
Seat 4: Arturasmaz folded before Flop (didn't bet)
Seat 5: HakuBD folded before Flop (didn't bet)
Seat 6: Vadim91_blr folded before Flop (didn't bet)



PokerStars Zoom Hand #254379123136:  Hold'em No Limit ($0.05/$0.10) - 2025/01/15 10:04:23 CET [2025/01/15 4:04:23 ET]
Table 'Aludra' 6-max Seat #1 is the button
Seat 1: Mahu2021 ($9.39 in chips) 
Seat 2: DanBzrQQQQ ($13.09 in chips) 
Seat 3: smoky fish 90 ($39.81 in chips) 
Seat 4: Extecoetter25 ($22.30 in chips) 
Seat 5: ciceron86 ($10 in chips) 
Seat 6: cgycJS26 ($15.16 in chips) 
DanBzrQQQQ: posts small blind $0.05
smoky fish 90: posts big blind $0.10
*** HOLE CARDS ***
Dealt to Mahu2021 [4d Ks]
Extecoetter25: folds 
ciceron86: folds 
cgycJS26: folds 
Mahu2021: folds 
DanBzrQQQQ: folds 
Uncalled bet ($0.05) returned to smoky fish 90
smoky fish 90 collected $0.10 from pot
smoky fish 90: doesn't show hand 
*** SUMMARY ***
Total pot $0.10 | Rake $0 
Seat 1: Mahu2021 (button) folded before Flop (didn't bet)
Seat 2: DanBzrQQQQ (small blind) folded before Flop
Seat 3: smoky fish 90 (big blind) collected ($0.10)
Seat 4: Extecoetter25 folded before Flop (didn't bet)
Seat 5: ciceron86 folded before Flop (didn't bet)
Seat 6: cgycJS26 folded before Flop (didn't bet)



PokerStars Zoom Hand #254379123775:  Hold'em No Limit ($0.05/$0.10) - 2025/01/15 10:04:30 CET [2025/01/15 4:04:30 ET]
Table 'Aludra' 6-max Seat #1 is the button
Seat 1: zeuzepilintr ($18.17 in chips) 
Seat 2: fkdupshit ($9.87 in chips) 
Seat 3: scotterspotters ($18.66 in chips) 
Seat 4: Prfct Insdr ($11.45 in chips) 
Seat 5: Mahu2021 ($9.39 in chips) 
Seat 6: Ganbarimasyou ($10.59 in chips) 
fkdupshit: posts small blind $0.05
scotterspotters: posts big blind $0.10
*** HOLE CARDS ***
Dealt to Mahu2021 [Qs Js]
Prfct Insdr: folds 
Mahu2021: raises $0.20 to $0.30
Ganbarimasyou: folds 
zeuzepilintr: folds 
fkdupshit: folds 
scotterspotters: folds 
Uncalled bet ($0.20) returned to Mahu2021
Mahu2021 collected $0.25 from pot
Mahu2021: doesn't show hand 
*** SUMMARY ***
Total pot $0.25 | Rake $0 
Seat 1: zeuzepilintr (button) folded before Flop (didn't bet)
Seat 2: fkdupshit (small blind) folded before Flop
Seat 3: scotterspotters (big blind) folded before Flop
Seat 4: Prfct Insdr folded before Flop (didn't bet)
Seat 5: Mahu2021 collected ($0.25)
Seat 6: Ganbarimasyou folded before Flop (didn't bet)



PokerStars Zoom Hand #254379125261:  Hold'em No Limit ($0.05/$0.10) - 2025/01/15 10:04:47 CET [2025/01/15 4:04:47 ET]
Table 'Aludra' 6-max Seat #1 is the button
Seat 1: smoky fish 90 ($41.81 in chips) 
Seat 2: Mahu2021 ($9.54 in chips) 
Seat 3: zeuzepilintr ($18.12 in chips) 
Seat 4: Diesel1369 ($13.53 in chips) 
Seat 5: Ganbarimasyou ($10.59 in chips) 
Seat 6: Extecoetter25 ($22.91 in chips) 
Mahu2021: posts small blind $0.05
zeuzepilintr: posts big blind $0.10
*** HOLE CARDS ***
Dealt to Mahu2021 [8s Kd]
Diesel1369 is disconnected 
Diesel1369 has timed out while disconnected
Diesel1369: folds 
Ganbarimasyou: folds 
Extecoetter25: folds 
smoky fish 90: folds 
Mahu2021: folds 
Uncalled bet ($0.05) returned to zeuzepilintr
zeuzepilintr collected $0.10 from pot
zeuzepilintr: doesn't show hand 
*** SUMMARY ***
Total pot $0.10 | Rake $0 
Seat 1: smoky fish 90 (button) folded before Flop (didn't bet)
Seat 2: Mahu2021 (small blind) folded before Flop
Seat 3: zeuzepilintr (big blind) collected ($0.10)
Seat 4: Diesel1369 folded before Flop (didn't bet)
Seat 5: Ganbarimasyou folded before Flop (didn't bet)
Seat 6: Extecoetter25 folded before Flop (didn't bet)



PokerStars Zoom Hand #254379125613:  Hold'em No Limit ($0.05/$0.10) - 2025/01/15 10:04:51 CET [2025/01/15 4:04:51 ET]
Table 'Aludra' 6-max Seat #1 is the button
Seat 1: alexber1111 ($10 in chips) 
Seat 2: Ritter00 ($1.49 in chips) 
Seat 3: Mahu2021 ($9.49 in chips) 
Seat 4: Mentozs ($7.95 in chips) 
Seat 5: Vadim91_blr ($10.09 in chips) 
Seat 6: shovelka ($35.69 in chips) 
Ritter00: posts small blind $0.05
Mahu2021: posts big blind $0.10
*** HOLE CARDS ***
Dealt to Mahu2021 [9d Tc]
Mentozs: folds 
Vadim91_blr: folds 
shovelka: raises $0.20 to $0.30
alexber1111: folds 
Ritter00: raises $0.85 to $1.15
Mahu2021: folds 
shovelka: raises $0.85 to $2
Ritter00: calls $0.34 and is all-in
Uncalled bet ($0.51) returned to shovelka
*** FLOP *** [4h 6d 2s]
*** TURN *** [4h 6d 2s] [2c]
*** RIVER *** [4h 6d 2s 2c] [As]
*** SHOW DOWN ***
Ritter00: shows [Ad Jh] (two pair, Aces and Deuces)
shovelka: shows [Jc Qh] (a pair of Deuces)
Ritter00 collected $2.94 from pot
*** SUMMARY ***
Total pot $3.08 | Rake $0.14 
Board [4h 6d 2s 2c As]
Seat 1: alexber1111 (button) folded before Flop (didn't bet)
Seat 2: Ritter00 (small blind) showed [Ad Jh] and won ($2.94) with two pair, Aces and Deuces
Seat 3: Mahu2021 (big blind) folded before Flop
Seat 4: Mentozs folded before Flop (didn't bet)
Seat 5: Vadim91_blr folded before Flop (didn't bet)
Seat 6: shovelka showed [Jc Qh] and lost with a pair of Deuces



PokerStars Zoom Hand #254379126927:  Hold'em No Limit ($0.05/$0.10) - 2025/01/15 10:05:06 CET [2025/01/15 4:05:06 ET]
Table 'Aludra' 6-max Seat #1 is the button
Seat 1: ciceron86 ($10.10 in chips) 
Seat 2: 00O-2Z ($10.05 in chips) 
Seat 3: Mentozs ($7.95 in chips) 
Seat 4: smoky fish 90 ($41.81 in chips) 
Seat 5: Gobi000 ($11.35 in chips) 
Seat 6: Mahu2021 ($9.39 in chips) 
00O-2Z: posts small blind $0.05
Mentozs: posts big blind $0.10
*** HOLE CARDS ***
Dealt to Mahu2021 [Kd 2c]
smoky fish 90: raises $0.10 to $0.20
Gobi000: folds 
Mahu2021: folds 
ciceron86: folds 
00O-2Z: folds 
Mentozs: calls $0.10
*** FLOP *** [7s 6h 6s]
Mentozs: checks 
smoky fish 90: checks 
*** TURN *** [7s 6h 6s] [9c]
Mentozs: bets $0.20
smoky fish 90: calls $0.20
*** RIVER *** [7s 6h 6s 9c] [Kc]
Mentozs: checks 
smoky fish 90: bets $0.61
Mentozs: folds 
Uncalled bet ($0.61) returned to smoky fish 90
smoky fish 90 collected $0.81 from pot
smoky fish 90: doesn't show hand 
*** SUMMARY ***
Total pot $0.85 | Rake $0.04 
Board [7s 6h 6s 9c Kc]
Seat 1: ciceron86 (button) folded before Flop (didn't bet)
Seat 2: 00O-2Z (small blind) folded before Flop
Seat 3: Mentozs (big blind) folded on the River
Seat 4: smoky fish 90 collected ($0.81)
Seat 5: Gobi000 folded before Flop (didn't bet)
Seat 6: Mahu2021 folded before Flop (didn't bet)



PokerStars Zoom Hand #254379127540:  Hold'em No Limit ($0.05/$0.10) - 2025/01/15 10:05:13 CET [2025/01/15 4:05:13 ET]
Table 'Aludra' 6-max Seat #1 is the button
Seat 1: Mahu2021 ($9.39 in chips) 
Seat 2: fkdupshit ($9.57 in chips) 
Seat 3: Vadim91_blr ($14.06 in chips) 
Seat 4: IVERNMAN ($11.30 in chips) 
Seat 5: zeuzepilintr ($18.17 in chips) 
Seat 6: alexber1111 ($13.74 in chips) 
fkdupshit: posts small blind $0.05
Vadim91_blr: posts big blind $0.10
*** HOLE CARDS ***
Dealt to Mahu2021 [8h 2s]
IVERNMAN: folds 
zeuzepilintr: calls $0.10
alexber1111: folds 
Mahu2021: folds 
fkdupshit: folds 
Vadim91_blr: checks 
*** FLOP *** [2d Kh 9c]
Vadim91_blr: checks 
zeuzepilintr: checks 
*** TURN *** [2d Kh 9c] [Qd]
Vadim91_blr: checks 
zeuzepilintr: bets $0.10
Vadim91_blr: folds 
Uncalled bet ($0.10) returned to zeuzepilintr
zeuzepilintr collected $0.24 from pot
zeuzepilintr: doesn't show hand 
*** SUMMARY ***
Total pot $0.25 | Rake $0.01 
Board [2d Kh 9c Qd]
Seat 1: Mahu2021 (button) folded before Flop (didn't bet)
Seat 2: fkdupshit (small blind) folded before Flop
Seat 3: Vadim91_blr (big blind) folded on the Turn
Seat 4: IVERNMAN folded before Flop (didn't bet)
Seat 5: zeuzepilintr collected ($0.24)
Seat 6: alexber1111 folded before Flop (didn't bet)



PokerStars Zoom Hand #254379130352:  Hold'em No Limit ($0.05/$0.10) - 2025/01/15 10:05:46 CET [2025/01/15 4:05:46 ET]
Table 'Aludra' 6-max Seat #1 is the button
Seat 1: Mentozs ($7.55 in chips) 
Seat 2: Mariposaback ($10 in chips) 
Seat 3: Mahu2021 ($9.14 in chips) 
Seat 4: ciceron86 ($10 in chips) 
Seat 5: 00O-2Z ($10.38 in chips) 
Seat 6: ThomasGoldberg ($10.87 in chips) 
Mariposaback: posts small blind $0.05
Mahu2021: posts big blind $0.10
*** HOLE CARDS ***
Dealt to Mahu2021 [4c 3d]
ciceron86: folds 
00O-2Z: folds 
ThomasGoldberg: folds 
Mentozs: folds 
Mariposaback: folds 
Uncalled bet ($0.05) returned to Mahu2021
Mahu2021 collected $0.10 from pot
Mahu2021: doesn't show hand 
*** SUMMARY ***
Total pot $0.10 | Rake $0 
Seat 1: Mentozs (button) folded before Flop (didn't bet)
Seat 2: Mariposaback (small blind) folded before Flop
Seat 3: Mahu2021 (big blind) collected ($0.10)
Seat 4: ciceron86 folded before Flop (didn't bet)
Seat 5: 00O-2Z folded before Flop (didn't bet)
Seat 6: ThomasGoldberg folded before Flop (didn't bet)



PokerStars Zoom Hand #254379127819:  Hold'em No Limit ($0.05/$0.10) - 2025/01/15 10:05:17 CET [2025/01/15 4:05:17 ET]
Table 'Aludra' 6-max Seat #1 is the button
Seat 1: goldmine111 ($10 in chips) 
Seat 2: ciceron86 ($10 in chips) 
Seat 3: Karaflas1 ($17.56 in chips) 
Seat 4: fkdupshit ($9.52 in chips) 
Seat 5: assombrirleciel ($11.69 in chips) 
Seat 6: Mahu2021 ($9.39 in chips) 
ciceron86: posts small blind $0.05
Karaflas1: posts big blind $0.10
*** HOLE CARDS ***
Dealt to Mahu2021 [8s Ac]
fkdupshit: raises $0.15 to $0.25
assombrirleciel: folds 
Mahu2021: calls $0.25
goldmine111: folds 
ciceron86: folds 
Karaflas1: raises $1.05 to $1.30
fkdupshit: calls $1.05
Mahu2021: folds 
*** FLOP *** [Kd 3d Qh]
Karaflas1: bets $2.20
fkdupshit: folds 
Uncalled bet ($2.20) returned to Karaflas1
Karaflas1 collected $2.77 from pot
Karaflas1: doesn't show hand 
*** SUMMARY ***
Total pot $2.90 | Rake $0.13 
Board [Kd 3d Qh]
Seat 1: goldmine111 (button) folded before Flop (didn't bet)
Seat 2: ciceron86 (small blind) folded before Flop
Seat 3: Karaflas1 (big blind) collected ($2.77)
Seat 4: fkdupshit folded on the Flop
Seat 5: assombrirleciel folded before Flop (didn't bet)
Seat 6: Mahu2021 folded before Flop



PokerStars Zoom Hand #254379131054:  Hold'em No Limit ($0.05/$0.10) - 2025/01/15 10:05:54 CET [2025/01/15 4:05:54 ET]
Table 'Aludra' 6-max Seat #1 is the button
Seat 1: IVERNMAN ($10.79 in chips) 
Seat 2: Mentozs ($7.55 in chips) 
Seat 3: ciceron86 ($10 in chips) 
Seat 4: dkno77 ($11.98 in chips) 
Seat 5: Mahu2021 ($9.19 in chips) 
Seat 6: KidMamba ($10.18 in chips) 
Mentozs: posts small blind $0.05
ciceron86: posts big blind $0.10
*** HOLE CARDS ***
Dealt to Mahu2021 [5d 3s]
dkno77: folds 
Mahu2021: folds 
KidMamba: folds 
IVERNMAN: folds 
Mentozs: folds 
Uncalled bet ($0.05) returned to ciceron86
ciceron86 collected $0.10 from pot
ciceron86: doesn't show hand 
*** SUMMARY ***
Total pot $0.10 | Rake $0 
Seat 1: IVERNMAN (button) folded before Flop (didn't bet)
Seat 2: Mentozs (small blind) folded before Flop
Seat 3: ciceron86 (big blind) collected ($0.10)
Seat 4: dkno77 folded before Flop (didn't bet)
Seat 5: Mahu2021 folded before Flop (didn't bet)
Seat 6: KidMamba folded before Flop (didn't bet)



PokerStars Zoom Hand #254379129946:  Hold'em No Limit ($0.05/$0.10) - 2025/01/15 10:05:41 CET [2025/01/15 4:05:41 ET]
Table 'Aludra' 6-max Seat #1 is the button
Seat 1: Extecoetter25 ($22.10 in chips) 
Seat 2: alexber1111 ($10 in chips) 
Seat 3: smoky fish 90 ($42.22 in chips) 
Seat 4: DanBzrQQQQ ($11.93 in chips) 
Seat 5: Mahu2021 ($9.14 in chips) 
Seat 6: Vadim91_blr ($11.32 in chips) 
alexber1111: posts small blind $0.05
smoky fish 90: posts big blind $0.10
*** HOLE CARDS ***
Dealt to Mahu2021 [2h 6s]
DanBzrQQQQ: folds 
Mahu2021: folds 
Vadim91_blr: folds 
Extecoetter25: folds 
alexber1111: raises $0.20 to $0.30
smoky fish 90: folds 
Uncalled bet ($0.20) returned to alexber1111
alexber1111 collected $0.20 from pot
alexber1111: doesn't show hand 
*** SUMMARY ***
Total pot $0.20 | Rake $0 
Seat 1: Extecoetter25 (button) folded before Flop (didn't bet)
Seat 2: alexber1111 (small blind) collected ($0.20)
Seat 3: smoky fish 90 (big blind) folded before Flop
Seat 4: DanBzrQQQQ folded before Flop (didn't bet)
Seat 5: Mahu2021 folded before Flop (didn't bet)
Seat 6: Vadim91_blr folded before Flop (didn't bet)



PokerStars Zoom Hand #254379131376:  Hold'em No Limit ($0.05/$0.10) - 2025/01/15 10:05:58 CET [2025/01/15 4:05:58 ET]
Table 'Aludra' 6-max Seat #1 is the button
Seat 1: Karaflas1 ($21.18 in chips) 
Seat 2: Mahu2021 ($9.19 in chips) 
Seat 3: Extecoetter25 ($22.10 in chips) 
Seat 4: dkno77 ($11.98 in chips) 
Seat 5: COSINU$ ($13.88 in chips) 
Seat 6: assombrirleciel ($11.84 in chips) 
Mahu2021: posts small blind $0.05
Extecoetter25: posts big blind $0.10
*** HOLE CARDS ***
Dealt to Mahu2021 [6c Kd]
dkno77: folds 
COSINU$: folds 
assombrirleciel: raises $0.14 to $0.24
Karaflas1: folds 
Mahu2021: folds 
Extecoetter25: folds 
Uncalled bet ($0.14) returned to assombrirleciel
assombrirleciel collected $0.25 from pot
assombrirleciel: doesn't show hand 
*** SUMMARY ***
Total pot $0.25 | Rake $0 
Seat 1: Karaflas1 (button) folded before Flop (didn't bet)
Seat 2: Mahu2021 (small blind) folded before Flop
Seat 3: Extecoetter25 (big blind) folded before Flop
Seat 4: dkno77 folded before Flop (didn't bet)
Seat 5: COSINU$ folded before Flop (didn't bet)
Seat 6: assombrirleciel collected ($0.25)



PokerStars Zoom Hand #254379131723:  Hold'em No Limit ($0.05/$0.10) - 2025/01/15 10:06:02 CET [2025/01/15 4:06:02 ET]
Table 'Aludra' 6-max Seat #1 is the button
Seat 1: Mahu2021 ($9.14 in chips) 
Seat 2: Arturasmaz ($8.30 in chips) 
Seat 3: dkno77 ($11.98 in chips) 
Seat 4: COSINU$ ($13.88 in chips) 
Seat 5: KidMamba ($10.18 in chips) 
Seat 6: fkdupshit ($8.22 in chips) 
Arturasmaz: posts small blind $0.05
dkno77: posts big blind $0.10
*** HOLE CARDS ***
Dealt to Mahu2021 [Jh Ts]
COSINU$: folds 
KidMamba: folds 
fkdupshit: folds 
Mahu2021: raises $0.20 to $0.30
Arturasmaz: folds 
dkno77: folds 
Uncalled bet ($0.20) returned to Mahu2021
Mahu2021 collected $0.25 from pot
Mahu2021: doesn't show hand 
*** SUMMARY ***
Total pot $0.25 | Rake $0 
Seat 1: Mahu2021 (button) collected ($0.25)
Seat 2: Arturasmaz (small blind) folded before Flop
Seat 3: dkno77 (big blind) folded before Flop
Seat 4: COSINU$ folded before Flop (didn't bet)
Seat 5: KidMamba folded before Flop (didn't bet)
Seat 6: fkdupshit folded before Flop (didn't bet)



PokerStars Zoom Hand #254379133413:  Hold'em No Limit ($0.05/$0.10) - 2025/01/15 10:06:22 CET [2025/01/15 4:06:22 ET]
Table 'Aludra' 6-max Seat #1 is the button
Seat 1: Ritter00 ($4.48 in chips) 
Seat 2: EMH55 ($7.04 in chips) 
Seat 3: zeuzepilintr ($6.83 in chips) 
Seat 4: Mahu2021 ($9.29 in chips) 
Seat 5: COSINU$ ($13.78 in chips) 
Seat 6: Gobi000 ($12.12 in chips) 
EMH55: posts small blind $0.05
zeuzepilintr: posts big blind $0.10
*** HOLE CARDS ***
Dealt to Mahu2021 [8h 2c]
Mahu2021: folds 
COSINU$: folds 
Gobi000: raises $0.15 to $0.25
Ritter00: folds 
EMH55: folds 
zeuzepilintr: folds 
Uncalled bet ($0.15) returned to Gobi000
Gobi000 collected $0.25 from pot
Gobi000: doesn't show hand 
*** SUMMARY ***
Total pot $0.25 | Rake $0 
Seat 1: Ritter00 (button) folded before Flop (didn't bet)
Seat 2: EMH55 (small blind) folded before Flop
Seat 3: zeuzepilintr (big blind) folded before Flop
Seat 4: Mahu2021 folded before Flop (didn't bet)
Seat 5: COSINU$ folded before Flop (didn't bet)
Seat 6: Gobi000 collected ($0.25)



PokerStars Zoom Hand #254379133709:  Hold'em No Limit ($0.05/$0.10) - 2025/01/15 10:06:26 CET [2025/01/15 4:06:26 ET]
Table 'Aludra' 6-max Seat #1 is the button
Seat 1: COSINU$ ($13.78 in chips) 
Seat 2: Vadim91_blr ($11.22 in chips) 
Seat 3: alexber1111 ($10.10 in chips) 
Seat 4: Mahu2021 ($9.29 in chips) 
Seat 5: EMH55 ($6.99 in chips) 
Seat 6: ciceron86 ($10 in chips) 
Vadim91_blr: posts small blind $0.05
alexber1111: posts big blind $0.10
*** HOLE CARDS ***
Dealt to Mahu2021 [8d 9h]
Mahu2021: folds 
EMH55: folds 
ciceron86: raises $0.15 to $0.25
COSINU$: folds 
Vadim91_blr: folds 
alexber1111: folds 
Uncalled bet ($0.15) returned to ciceron86
ciceron86 collected $0.25 from pot
ciceron86: doesn't show hand 
*** SUMMARY ***
Total pot $0.25 | Rake $0 
Seat 1: COSINU$ (button) folded before Flop (didn't bet)
Seat 2: Vadim91_blr (small blind) folded before Flop
Seat 3: alexber1111 (big blind) folded before Flop
Seat 4: Mahu2021 folded before Flop (didn't bet)
Seat 5: EMH55 folded before Flop (didn't bet)
Seat 6: ciceron86 collected ($0.25)



PokerStars Zoom Hand #254379134347:  Hold'em No Limit ($0.05/$0.10) - 2025/01/15 10:06:33 CET [2025/01/15 4:06:33 ET]
Table 'Aludra' 6-max Seat #1 is the button
Seat 1: dkno77 ($11.83 in chips) 
Seat 2: fkdupshit ($9.90 in chips) 
Seat 3: Mahu2021 ($9.29 in chips) 
Seat 4: 00O-2Z ($10.23 in chips) 
Seat 5: butlerman2019 ($9.75 in chips) 
Seat 6: buenaure ($10 in chips) 
fkdupshit: posts small blind $0.05
Mahu2021: posts big blind $0.10
*** HOLE CARDS ***
Dealt to Mahu2021 [Ad Kh]
00O-2Z: raises $0.20 to $0.30
butlerman2019: folds 
buenaure: folds 
dkno77: folds 
fkdupshit: folds 
Mahu2021: raises $0.80 to $1.10
00O-2Z: folds 
Uncalled bet ($0.80) returned to Mahu2021
Mahu2021 collected $0.65 from pot
Mahu2021: doesn't show hand 
*** SUMMARY ***
Total pot $0.65 | Rake $0 
Seat 1: dkno77 (button) folded before Flop (didn't bet)
Seat 2: fkdupshit (small blind) folded before Flop
Seat 3: Mahu2021 (big blind) collected ($0.65)
Seat 4: 00O-2Z folded before Flop
Seat 5: butlerman2019 folded before Flop (didn't bet)
Seat 6: buenaure folded before Flop (didn't bet)



PokerStars Zoom Hand #254379134018:  Hold'em No Limit ($0.05/$0.10) - 2025/01/15 10:06:29 CET [2025/01/15 4:06:29 ET]
Table 'Aludra' 6-max Seat #1 is the button
Seat 1: Extecoetter25 ($21.95 in chips) 
Seat 2: Mariposaback ($10 in chips) 
Seat 3: cgycJS26 ($6.18 in chips) 
Seat 4: 00O-2Z ($10.23 in chips) 
Seat 5: Karaflas1 ($19.18 in chips) 
Seat 6: Mahu2021 ($9.29 in chips) 
Mariposaback: posts small blind $0.05
cgycJS26: posts big blind $0.10
*** HOLE CARDS ***
Dealt to Mahu2021 [5h Kd]
00O-2Z: folds 
Karaflas1: folds 
Mahu2021: folds 
Extecoetter25: folds 
Mariposaback: raises $0.20 to $0.30
cgycJS26: raises $0.60 to $0.90
Mariposaback: folds 
Uncalled bet ($0.60) returned to cgycJS26
cgycJS26 collected $0.60 from pot
cgycJS26: doesn't show hand 
*** SUMMARY ***
Total pot $0.60 | Rake $0 
Seat 1: Extecoetter25 (button) folded before Flop (didn't bet)
Seat 2: Mariposaback (small blind) folded before Flop
Seat 3: cgycJS26 (big blind) collected ($0.60)
Seat 4: 00O-2Z folded before Flop (didn't bet)
Seat 5: Karaflas1 folded before Flop (didn't bet)
Seat 6: Mahu2021 folded before Flop (didn't bet)



PokerStars Zoom Hand #254379135849:  Hold'em No Limit ($0.05/$0.10) - 2025/01/15 10:06:51 CET [2025/01/15 4:06:51 ET]
Table 'Aludra' 6-max Seat #1 is the button
Seat 1: Mahu2021 ($9.64 in chips) 
Seat 2: Prfct Insdr ($9.89 in chips) 
Seat 3: buenaure ($10 in chips) 
Seat 4: Gobi000 ($10.95 in chips) 
Seat 5: ciceron86 ($10.09 in chips) 
Seat 6: cheekycharlie ($18.03 in chips) 
Prfct Insdr: posts small blind $0.05
buenaure: posts big blind $0.10
*** HOLE CARDS ***
Dealt to Mahu2021 [Kc 4d]
Gobi000: folds 
ciceron86: folds 
cheekycharlie: raises $0.20 to $0.30
Mahu2021: folds 
Prfct Insdr: folds 
buenaure: calls $0.20
*** FLOP *** [8d 6c 9h]
buenaure: checks 
cheekycharlie: checks 
*** TURN *** [8d 6c 9h] [Qs]
buenaure: bets $0.30
cheekycharlie: calls $0.30
*** RIVER *** [8d 6c 9h Qs] [2d]
buenaure: checks 
cheekycharlie: checks 
*** SHOW DOWN ***
buenaure: shows [9c 7d] (a pair of Nines)
cheekycharlie: mucks hand 
buenaure collected $1.19 from pot
*** SUMMARY ***
Total pot $1.25 | Rake $0.06 
Board [8d 6c 9h Qs 2d]
Seat 1: Mahu2021 (button) folded before Flop (didn't bet)
Seat 2: Prfct Insdr (small blind) folded before Flop
Seat 3: buenaure (big blind) showed [9c 7d] and won ($1.19) with a pair of Nines
Seat 4: Gobi000 folded before Flop (didn't bet)
Seat 5: ciceron86 folded before Flop (didn't bet)
Seat 6: cheekycharlie mucked [Ah 8h]



PokerStars Zoom Hand #254379137507:  Hold'em No Limit ($0.05/$0.10) - 2025/01/15 10:07:10 CET [2025/01/15 4:07:10 ET]
Table 'Aludra' 6-max Seat #1 is the button
Seat 1: Ganbarimasyou ($14.28 in chips) 
Seat 2: Diesel1369 ($11.07 in chips) 
Seat 3: IVERNMAN ($10.90 in chips) 
Seat 4: Gobi000 ($12.55 in chips) 
Seat 5: Ritter00 ($6.25 in chips) 
Seat 6: Mahu2021 ($9.59 in chips) 
Diesel1369: posts small blind $0.05
IVERNMAN: posts big blind $0.10
*** HOLE CARDS ***
Dealt to Mahu2021 [7c 5s]
Gobi000: folds 
Ritter00: folds 
Mahu2021: folds 
Ganbarimasyou: folds 
Diesel1369: calls $0.05
IVERNMAN: raises $0.30 to $0.40
Diesel1369: folds 
Uncalled bet ($0.30) returned to IVERNMAN
IVERNMAN collected $0.20 from pot
IVERNMAN: doesn't show hand 
*** SUMMARY ***
Total pot $0.20 | Rake $0 
Seat 1: Ganbarimasyou (button) folded before Flop (didn't bet)
Seat 2: Diesel1369 (small blind) folded before Flop
Seat 3: IVERNMAN (big blind) collected ($0.20)
Seat 4: Gobi000 folded before Flop (didn't bet)
Seat 5: Ritter00 folded before Flop (didn't bet)
Seat 6: Mahu2021 folded before Flop (didn't bet)



PokerStars Zoom Hand #254379136822:  Hold'em No Limit ($0.05/$0.10) - 2025/01/15 10:07:02 CET [2025/01/15 4:07:02 ET]
Table 'Aludra' 6-max Seat #1 is the button
Seat 1: Ritter00 ($6.25 in chips) 
Seat 2: Extecoetter25 ($22.24 in chips) 
Seat 3: Victormafs ($10.32 in chips) 
Seat 4: 00O-2Z ($10 in chips) 
Seat 5: Mahu2021 ($9.59 in chips) 
Seat 6: Vadim91_blr ($10.25 in chips) 
Extecoetter25: posts small blind $0.05
Victormafs: posts big blind $0.10
*** HOLE CARDS ***
Dealt to Mahu2021 [Qd 8h]
00O-2Z: raises $0.20 to $0.30
Mahu2021: folds 
Vadim91_blr: folds 
Ritter00: folds 
Extecoetter25: folds 
Victormafs: calls $0.20
*** FLOP *** [9h 4d 6c]
Victormafs: checks 
00O-2Z: checks 
*** TURN *** [9h 4d 6c] [As]
Victormafs: checks 
00O-2Z: bets $0.20
Victormafs: folds 
Uncalled bet ($0.20) returned to 00O-2Z
00O-2Z collected $0.62 from pot
00O-2Z: doesn't show hand 
*** SUMMARY ***
Total pot $0.65 | Rake $0.03 
Board [9h 4d 6c As]
Seat 1: Ritter00 (button) folded before Flop (didn't bet)
Seat 2: Extecoetter25 (small blind) folded before Flop
Seat 3: Victormafs (big blind) folded on the Turn
Seat 4: 00O-2Z collected ($0.62)
Seat 5: Mahu2021 folded before Flop (didn't bet)
Seat 6: Vadim91_blr folded before Flop (didn't bet)



PokerStars Zoom Hand #254379137850:  Hold'em No Limit ($0.05/$0.10) - 2025/01/15 10:07:14 CET [2025/01/15 4:07:14 ET]
Table 'Aludra' 6-max Seat #1 is the button
Seat 1: Extecoetter25 ($22.19 in chips) 
Seat 2: dkno77 ($11.73 in chips) 
Seat 3: smoky fish 90 ($42.74 in chips) 
Seat 4: Mahu2021 ($9.59 in chips) 
Seat 5: DanBzrQQQQ ($11.79 in chips) 
Seat 6: ThomasGoldberg ($10.20 in chips) 
dkno77: posts small blind $0.05
smoky fish 90: posts big blind $0.10
*** HOLE CARDS ***
Dealt to Mahu2021 [9s 2c]
Mahu2021: folds 
DanBzrQQQQ: folds 
ThomasGoldberg: folds 
Extecoetter25: folds 
dkno77: raises $0.10 to $0.20
smoky fish 90: calls $0.10
*** FLOP *** [6c Jh 9h]
dkno77: bets $0.19
smoky fish 90: folds 
Uncalled bet ($0.19) returned to dkno77
dkno77 collected $0.38 from pot
dkno77: doesn't show hand 
*** SUMMARY ***
Total pot $0.40 | Rake $0.02 
Board [6c Jh 9h]
Seat 1: Extecoetter25 (button) folded before Flop (didn't bet)
Seat 2: dkno77 (small blind) collected ($0.38)
Seat 3: smoky fish 90 (big blind) folded on the Flop
Seat 4: Mahu2021 folded before Flop (didn't bet)
Seat 5: DanBzrQQQQ folded before Flop (didn't bet)
Seat 6: ThomasGoldberg folded before Flop (didn't bet)



PokerStars Zoom Hand #254379138211:  Hold'em No Limit ($0.05/$0.10) - 2025/01/15 10:07:18 CET [2025/01/15 4:07:18 ET]
Table 'Aludra' 6-max Seat #1 is the button
Seat 1: alexber1111 ($10 in chips) 
Seat 2: Gobi000 ($10.85 in chips) 
Seat 3: Mahu2021 ($9.59 in chips) 
Seat 4: Extecoetter25 ($10 in chips) 
Seat 5: Love Beckham ($11.45 in chips) 
Seat 6: Ganbarimasyou ($14.28 in chips) 
Gobi000: posts small blind $0.05
Mahu2021: posts big blind $0.10
*** HOLE CARDS ***
Dealt to Mahu2021 [Th 8d]
Extecoetter25: folds 
Love Beckham: folds 
Ganbarimasyou: folds 
alexber1111: folds 
Gobi000: raises $0.20 to $0.30
Mahu2021: folds 
Uncalled bet ($0.20) returned to Gobi000
Gobi000 collected $0.20 from pot
Gobi000: doesn't show hand 
*** SUMMARY ***
Total pot $0.20 | Rake $0 
Seat 1: alexber1111 (button) folded before Flop (didn't bet)
Seat 2: Gobi000 (small blind) collected ($0.20)
Seat 3: Mahu2021 (big blind) folded before Flop
Seat 4: Extecoetter25 folded before Flop (didn't bet)
Seat 5: Love Beckham folded before Flop (didn't bet)
Seat 6: Ganbarimasyou folded before Flop (didn't bet)



PokerStars Zoom Hand #254379140729:  Hold'em No Limit ($0.05/$0.10) - 2025/01/15 10:07:47 CET [2025/01/15 4:07:47 ET]
Table 'Aludra' 6-max Seat #1 is the button
Seat 1: Mariposaback ($10.05 in chips) 
Seat 2: Mahu2021 ($9.49 in chips) 
Seat 3: Diesel1369 ($10.97 in chips) 
Seat 4: Ganbarimasyou ($14.18 in chips) 
Seat 5: dkno77 ($11.91 in chips) 
Seat 6: Gobi000 ($10.95 in chips) 
Mahu2021: posts small blind $0.05
Diesel1369: posts big blind $0.10
*** HOLE CARDS ***
Dealt to Mahu2021 [2d Js]
Ganbarimasyou: folds 
dkno77: folds 
Gobi000: folds 
Mariposaback: folds 
Mahu2021: folds 
Uncalled bet ($0.05) returned to Diesel1369
Diesel1369 collected $0.10 from pot
Diesel1369: doesn't show hand 
*** SUMMARY ***
Total pot $0.10 | Rake $0 
Seat 1: Mariposaback (button) folded before Flop (didn't bet)
Seat 2: Mahu2021 (small blind) folded before Flop
Seat 3: Diesel1369 (big blind) collected ($0.10)
Seat 4: Ganbarimasyou folded before Flop (didn't bet)
Seat 5: dkno77 folded before Flop (didn't bet)
Seat 6: Gobi000 folded before Flop (didn't bet)



PokerStars Zoom Hand #254379141445:  Hold'em No Limit ($0.05/$0.10) - 2025/01/15 10:07:55 CET [2025/01/15 4:07:55 ET]
Table 'Aludra' 6-max Seat #1 is the button
Seat 1: Ritter00 ($4.76 in chips) 
Seat 2: EMH55 ($1.93 in chips) 
Seat 3: butlerman2019 ($10.41 in chips) 
Seat 4: assombrirleciel ($15.50 in chips) 
Seat 5: zeuzepilintr ($6.82 in chips) 
Seat 6: Mahu2021 ($9.44 in chips) 
EMH55: posts small blind $0.05
butlerman2019: posts big blind $0.10
*** HOLE CARDS ***
Dealt to Mahu2021 [6h 9h]
assombrirleciel: folds 
zeuzepilintr: folds 
Mahu2021: folds 
Ritter00: folds 
EMH55: folds 
Uncalled bet ($0.05) returned to butlerman2019
butlerman2019 collected $0.10 from pot
butlerman2019: doesn't show hand 
*** SUMMARY ***
Total pot $0.10 | Rake $0 
Seat 1: Ritter00 (button) folded before Flop (didn't bet)
Seat 2: EMH55 (small blind) folded before Flop
Seat 3: butlerman2019 (big blind) collected ($0.10)
Seat 4: assombrirleciel folded before Flop (didn't bet)
Seat 5: zeuzepilintr folded before Flop (didn't bet)
Seat 6: Mahu2021 folded before Flop (didn't bet)



PokerStars Zoom Hand #254379140399:  Hold'em No Limit ($0.05/$0.10) - 2025/01/15 10:07:43 CET [2025/01/15 4:07:43 ET]
Table 'Aludra' 6-max Seat #1 is the button
Seat 1: Mahu2021 ($9.49 in chips) 
Seat 2: alexber1111 ($13.49 in chips) 
Seat 3: ThomasGoldberg ($10.35 in chips) 
Seat 4: Diesel1369 ($10.97 in chips) 
Seat 5: smoky fish 90 ($40.18 in chips) 
Seat 6: Ritter00 ($6.39 in chips) 
alexber1111: posts small blind $0.05
ThomasGoldberg: posts big blind $0.10
*** HOLE CARDS ***
Dealt to Mahu2021 [7d 8s]
Diesel1369: folds 
smoky fish 90: folds 
Ritter00: raises $0.10 to $0.20
Mahu2021: folds 
alexber1111: folds 
ThomasGoldberg: calls $0.10
*** FLOP *** [4h Jh Ad]
ThomasGoldberg: bets $0.28
Ritter00: raises $0.76 to $1.04
ThomasGoldberg: folds 
Uncalled bet ($0.76) returned to Ritter00
Ritter00 collected $0.96 from pot
Ritter00: doesn't show hand 
*** SUMMARY ***
Total pot $1.01 | Rake $0.05 
Board [4h Jh Ad]
Seat 1: Mahu2021 (button) folded before Flop (didn't bet)
Seat 2: alexber1111 (small blind) folded before Flop
Seat 3: ThomasGoldberg (big blind) folded on the Flop
Seat 4: Diesel1369 folded before Flop (didn't bet)
Seat 5: smoky fish 90 folded before Flop (didn't bet)
Seat 6: Ritter00 collected ($0.96)



PokerStars Zoom Hand #254379136295:  Hold'em No Limit ($0.05/$0.10) - 2025/01/15 10:06:56 CET [2025/01/15 4:06:56 ET]
Table 'Aludra' 6-max Seat #1 is the button
Seat 1: assombrirleciel ($14.32 in chips) 
Seat 2: Mahu2021 ($9.64 in chips) 
Seat 3: Karaflas1 ($21.13 in chips) 
Seat 4: lolb0t ($9.90 in chips) 
Seat 5: Love Beckham ($11.45 in chips) 
Seat 6: cgycJS26 ($6.48 in chips) 
Mahu2021: posts small blind $0.05
Karaflas1: posts big blind $0.10
*** HOLE CARDS ***
Dealt to Mahu2021 [4s 6h]
lolb0t is disconnected 
lolb0t is connected 
lolb0t: raises $0.20 to $0.30
Love Beckham: folds 
cgycJS26: folds 
assombrirleciel: calls $0.30
Mahu2021: folds 
Karaflas1: calls $0.20
*** FLOP *** [3c Ts 4c]
Karaflas1: checks 
lolb0t: checks 
assombrirleciel: checks 
*** TURN *** [3c Ts 4c] [5h]
Karaflas1: bets $0.55
lolb0t: calls $0.55
assombrirleciel: folds 
*** RIVER *** [3c Ts 4c 5h] [Ad]
Karaflas1: checks 
lolb0t: checks 
*** SHOW DOWN ***
Karaflas1: shows [6c 5c] (a pair of Fives)
lolb0t: shows [Ac 9c] (a pair of Aces)
lolb0t collected $1.96 from pot
*** SUMMARY ***
Total pot $2.05 | Rake $0.09 
Board [3c Ts 4c 5h Ad]
Seat 1: assombrirleciel (button) folded on the Turn
Seat 2: Mahu2021 (small blind) folded before Flop
Seat 3: Karaflas1 (big blind) showed [6c 5c] and lost with a pair of Fives
Seat 4: lolb0t showed [Ac 9c] and won ($1.96) with a pair of Aces
Seat 5: Love Beckham folded before Flop (didn't bet)
Seat 6: cgycJS26 folded before Flop (didn't bet)



PokerStars Zoom Hand #254379141802:  Hold'em No Limit ($0.05/$0.10) - 2025/01/15 10:07:59 CET [2025/01/15 4:07:59 ET]
Table 'Aludra' 6-max Seat #1 is the button
Seat 1: cheekycharlie ($17.78 in chips) 
Seat 2: Ganbarimasyou ($14.18 in chips) 
Seat 3: Mahu2021 ($9.44 in chips) 
Seat 4: assombrirleciel ($15.50 in chips) 
Seat 5: alexber1111 ($10.05 in chips) 
Seat 6: cgycJS26 ($7.37 in chips) 
Ganbarimasyou: posts small blind $0.05
Mahu2021: posts big blind $0.10
*** HOLE CARDS ***
Dealt to Mahu2021 [8h 5h]
assombrirleciel: folds 
alexber1111: folds 
cgycJS26: folds 
cheekycharlie: raises $0.20 to $0.30
Ganbarimasyou: folds 
Mahu2021: calls $0.20
*** FLOP *** [3h Ks 4h]
Mahu2021: checks 
cheekycharlie: bets $0.31
Mahu2021: calls $0.31
*** TURN *** [3h Ks 4h] [2d]
Mahu2021: checks 
cheekycharlie: checks 
*** RIVER *** [3h Ks 4h 2d] [7d]
Mahu2021: bets $1.21
cheekycharlie: folds 
Uncalled bet ($1.21) returned to Mahu2021
Mahu2021 collected $1.21 from pot
Mahu2021: doesn't show hand 
*** SUMMARY ***
Total pot $1.27 | Rake $0.06 
Board [3h Ks 4h 2d 7d]
Seat 1: cheekycharlie (button) folded on the River
Seat 2: Ganbarimasyou (small blind) folded before Flop
Seat 3: Mahu2021 (big blind) collected ($1.21)
Seat 4: assombrirleciel folded before Flop (didn't bet)
Seat 5: alexber1111 folded before Flop (didn't bet)
Seat 6: cgycJS26 folded before Flop (didn't bet)



PokerStars Zoom Hand #254379141088:  Hold'em No Limit ($0.05/$0.10) - 2025/01/15 10:07:51 CET [2025/01/15 4:07:51 ET]
Table 'Aludra' 6-max Seat #1 is the button
Seat 1: fkdupshit ($9.75 in chips) 
Seat 2: Gobi000 ($10.10 in chips) 
Seat 3: ashleygordine90 ($13.68 in chips) 
Seat 4: Ritter00 ($4.76 in chips) 
Seat 5: Mahu2021 ($9.44 in chips) 
Seat 6: smoky fish 90 ($40.18 in chips) 
Gobi000: posts small blind $0.05
ashleygordine90: posts big blind $0.10
*** HOLE CARDS ***
Dealt to Mahu2021 [Jh 2d]
Ritter00: folds 
Mahu2021: folds 
smoky fish 90: folds 
fkdupshit: raises $0.10 to $0.20
Gobi000: raises $0.80 to $1
ashleygordine90: raises $2.20 to $3.20
fkdupshit: folds 
Gobi000: raises $6.90 to $10.10 and is all-in
ashleygordine90: calls $6.90
*** FLOP *** [4c Qs Td]
*** TURN *** [4c Qs Td] [5h]
*** RIVER *** [4c Qs Td 5h] [Qh]
*** SHOW DOWN ***
Gobi000: shows [Kd As] (a pair of Queens)
ashleygordine90: shows [8h 6h] (a pair of Queens - lower kicker)
Gobi000 collected $19.48 from pot
*** SUMMARY ***
Total pot $20.40 | Rake $0.92 
Board [4c Qs Td 5h Qh]
Seat 1: fkdupshit (button) folded before Flop
Seat 2: Gobi000 (small blind) showed [Kd As] and won ($19.48) with a pair of Queens
Seat 3: ashleygordine90 (big blind) showed [8h 6h] and lost with a pair of Queens
Seat 4: Ritter00 folded before Flop (didn't bet)
Seat 5: Mahu2021 folded before Flop (didn't bet)
Seat 6: smoky fish 90 folded before Flop (didn't bet)



PokerStars Zoom Hand #254379145532:  Hold'em No Limit ($0.05/$0.10) - 2025/01/15 10:08:41 CET [2025/01/15 4:08:41 ET]
Table 'Aludra' 6-max Seat #1 is the button
Seat 1: Jinzoo1 ($10.20 in chips) 
Seat 2: Mahu2021 ($10.04 in chips) 
Seat 3: Karaflas1 ($19.13 in chips) 
Seat 4: smoky fish 90 ($40.13 in chips) 
Seat 5: Mariposaback ($10.35 in chips) 
Seat 6: KidMamba ($12.72 in chips) 
Mahu2021: posts small blind $0.05
Karaflas1: posts big blind $0.10
*** HOLE CARDS ***
Dealt to Mahu2021 [3s Qc]
smoky fish 90: folds 
Mariposaback: folds 
KidMamba: folds 
Jinzoo1: folds 
Mahu2021: folds 
Uncalled bet ($0.05) returned to Karaflas1
Karaflas1 collected $0.10 from pot
Karaflas1: doesn't show hand 
*** SUMMARY ***
Total pot $0.10 | Rake $0 
Seat 1: Jinzoo1 (button) folded before Flop (didn't bet)
Seat 2: Mahu2021 (small blind) folded before Flop
Seat 3: Karaflas1 (big blind) collected ($0.10)
Seat 4: smoky fish 90 folded before Flop (didn't bet)
Seat 5: Mariposaback folded before Flop (didn't bet)
Seat 6: KidMamba folded before Flop (didn't bet)



PokerStars Zoom Hand #254379145178:  Hold'em No Limit ($0.05/$0.10) - 2025/01/15 10:08:37 CET [2025/01/15 4:08:37 ET]
Table 'Aludra' 6-max Seat #1 is the button
Seat 1: ciceron86 ($10 in chips) 
Seat 2: Jinzoo1 ($10.25 in chips) 
Seat 3: lolb0t ($10.96 in chips) 
Seat 4: Mahu2021 ($10.04 in chips) 
Seat 5: dkno77 ($11.76 in chips) 
Seat 6: Vadim91_blr ($10.76 in chips) 
Jinzoo1: posts small blind $0.05
lolb0t: posts big blind $0.10
*** HOLE CARDS ***
Dealt to Mahu2021 [2d 5s]
Mahu2021: folds 
dkno77: folds 
Vadim91_blr: raises $0.10 to $0.20
ciceron86: folds 
Jinzoo1: folds 
lolb0t: folds 
Uncalled bet ($0.10) returned to Vadim91_blr
Vadim91_blr collected $0.25 from pot
Vadim91_blr: doesn't show hand 
*** SUMMARY ***
Total pot $0.25 | Rake $0 
Seat 1: ciceron86 (button) folded before Flop (didn't bet)
Seat 2: Jinzoo1 (small blind) folded before Flop
Seat 3: lolb0t (big blind) folded before Flop
Seat 4: Mahu2021 folded before Flop (didn't bet)
Seat 5: dkno77 folded before Flop (didn't bet)
Seat 6: Vadim91_blr collected ($0.25)



PokerStars Zoom Hand #254379146514:  Hold'em No Limit ($0.05/$0.10) - 2025/01/15 10:08:52 CET [2025/01/15 4:08:52 ET]
Table 'Aludra' 6-max Seat #1 is the button
Seat 1: Mahu2021 ($9.99 in chips) 
Seat 2: KidMamba ($12.72 in chips) 
Seat 3: fkdupshit ($9.50 in chips) 
Seat 4: Arturasmaz ($6.64 in chips) 
Seat 5: Mariposaback ($10.35 in chips) 
Seat 6: Extecoetter25 ($10 in chips) 
KidMamba: posts small blind $0.05
fkdupshit: posts big blind $0.10
*** HOLE CARDS ***
Dealt to Mahu2021 [Jh 9d]
Arturasmaz: raises $0.10 to $0.20
Mariposaback: folds 
Extecoetter25: folds 
Mahu2021: folds 
KidMamba: folds 
fkdupshit: folds 
Uncalled bet ($0.10) returned to Arturasmaz
Arturasmaz collected $0.25 from pot
Arturasmaz: doesn't show hand 
*** SUMMARY ***
Total pot $0.25 | Rake $0 
Seat 1: Mahu2021 (button) folded before Flop (didn't bet)
Seat 2: KidMamba (small blind) folded before Flop
Seat 3: fkdupshit (big blind) folded before Flop
Seat 4: Arturasmaz collected ($0.25)
Seat 5: Mariposaback folded before Flop (didn't bet)
Seat 6: Extecoetter25 folded before Flop (didn't bet)



PokerStars Zoom Hand #254379145987:  Hold'em No Limit ($0.05/$0.10) - 2025/01/15 10:08:46 CET [2025/01/15 4:08:46 ET]
Table 'Aludra' 6-max Seat #1 is the button
Seat 1: Love Beckham ($11.10 in chips) 
Seat 2: you_fold_7 ($5.05 in chips) 
Seat 3: smoky fish 90 ($40.13 in chips) 
Seat 4: dkno77 ($11.76 in chips) 
Seat 5: JustAltF4 ($17.95 in chips) 
Seat 6: Mahu2021 ($9.99 in chips) 
you_fold_7: posts small blind $0.05
smoky fish 90: posts big blind $0.10
*** HOLE CARDS ***
Dealt to Mahu2021 [As 3c]
dkno77: folds 
JustAltF4: folds 
Mahu2021: folds 
Love Beckham: raises $0.15 to $0.25
you_fold_7: calls $0.20
smoky fish 90: folds 
*** FLOP *** [3h 2h Kh]
you_fold_7: checks 
Love Beckham: bets $0.20
you_fold_7: folds 
Uncalled bet ($0.20) returned to Love Beckham
Love Beckham collected $0.57 from pot
Love Beckham: doesn't show hand 
*** SUMMARY ***
Total pot $0.60 | Rake $0.03 
Board [3h 2h Kh]
Seat 1: Love Beckham (button) collected ($0.57)
Seat 2: you_fold_7 (small blind) folded on the Flop
Seat 3: smoky fish 90 (big blind) folded before Flop
Seat 4: dkno77 folded before Flop (didn't bet)
Seat 5: JustAltF4 folded before Flop (didn't bet)
Seat 6: Mahu2021 folded before Flop (didn't bet)



PokerStars Zoom Hand #254379147247:  Hold'em No Limit ($0.05/$0.10) - 2025/01/15 10:09:00 CET [2025/01/15 4:09:00 ET]
Table 'Aludra' 6-max Seat #1 is the button
Seat 1: Kalluffsen ($3.68 in chips) 
Seat 2: Gobi000 ($12.85 in chips) 
Seat 3: Mahu2021 ($9.99 in chips) 
Seat 4: Mariposaback ($10 in chips) 
Seat 5: Extecoetter25 ($10 in chips) 
Seat 6: DanBzrQQQQ ($11.50 in chips) 
Gobi000: posts small blind $0.05
Mahu2021: posts big blind $0.10
*** HOLE CARDS ***
Dealt to Mahu2021 [8h Td]
Mariposaback: folds 
Extecoetter25: raises $0.15 to $0.25
DanBzrQQQQ: folds 
Kalluffsen: raises $0.55 to $0.80
Gobi000: folds 
Mahu2021: folds 
Extecoetter25: folds 
Uncalled bet ($0.55) returned to Kalluffsen
Kalluffsen collected $0.65 from pot
Kalluffsen: doesn't show hand 
*** SUMMARY ***
Total pot $0.65 | Rake $0 
Seat 1: Kalluffsen (button) collected ($0.65)
Seat 2: Gobi000 (small blind) folded before Flop
Seat 3: Mahu2021 (big blind) folded before Flop
Seat 4: Mariposaback folded before Flop (didn't bet)
Seat 5: Extecoetter25 folded before Flop
Seat 6: DanBzrQQQQ folded before Flop (didn't bet)



PokerStars Zoom Hand #254379147981:  Hold'em No Limit ($0.05/$0.10) - 2025/01/15 10:09:08 CET [2025/01/15 4:09:08 ET]
Table 'Aludra' 6-max Seat #1 is the button
Seat 1: JustAltF4 ($17.80 in chips) 
Seat 2: fkdupshit ($9.40 in chips) 
Seat 3: Ritter00 ($3.08 in chips) 
Seat 4: ciceron86 ($10.51 in chips) 
Seat 5: Mahu2021 ($9.89 in chips) 
Seat 6: Prfct Insdr ($10.02 in chips) 
fkdupshit: posts small blind $0.05
Ritter00: posts big blind $0.10
*** HOLE CARDS ***
Dealt to Mahu2021 [Qs 2d]
ciceron86: folds 
Mahu2021: folds 
Prfct Insdr: folds 
JustAltF4: folds 
fkdupshit: folds 
Uncalled bet ($0.05) returned to Ritter00
Ritter00 collected $0.10 from pot
Ritter00: doesn't show hand 
*** SUMMARY ***
Total pot $0.10 | Rake $0 
Seat 1: JustAltF4 (button) folded before Flop (didn't bet)
Seat 2: fkdupshit (small blind) folded before Flop
Seat 3: Ritter00 (big blind) collected ($0.10)
Seat 4: ciceron86 folded before Flop (didn't bet)
Seat 5: Mahu2021 folded before Flop (didn't bet)
Seat 6: Prfct Insdr folded before Flop (didn't bet)



PokerStars Zoom Hand #254379146904:  Hold'em No Limit ($0.05/$0.10) - 2025/01/15 10:08:56 CET [2025/01/15 4:08:56 ET]
Table 'Aludra' 6-max Seat #1 is the button
Seat 1: alexber1111 ($10.05 in chips) 
Seat 2: Mentozs ($7.40 in chips) 
Seat 3: dkno77 ($11.71 in chips) 
Seat 4: Vadim91_blr ($10.91 in chips) 
Seat 5: Mahu2021 ($9.99 in chips) 
Seat 6: Ritter00 ($4.76 in chips) 
Mentozs: posts small blind $0.05
dkno77: posts big blind $0.10
*** HOLE CARDS ***
Dealt to Mahu2021 [2h 9s]
Vadim91_blr: folds 
Mahu2021: folds 
Ritter00: folds 
alexber1111: raises $0.12 to $0.22
Mentozs: folds 
dkno77: folds 
Uncalled bet ($0.12) returned to alexber1111
alexber1111 collected $0.25 from pot
alexber1111: doesn't show hand 
*** SUMMARY ***
Total pot $0.25 | Rake $0 
Seat 1: alexber1111 (button) collected ($0.25)
Seat 2: Mentozs (small blind) folded before Flop
Seat 3: dkno77 (big blind) folded before Flop
Seat 4: Vadim91_blr folded before Flop (didn't bet)
Seat 5: Mahu2021 folded before Flop (didn't bet)
Seat 6: Ritter00 folded before Flop (didn't bet)



PokerStars Zoom Hand #254379148876:  Hold'em No Limit ($0.05/$0.10) - 2025/01/15 10:09:18 CET [2025/01/15 4:09:18 ET]
Table 'Aludra' 6-max Seat #1 is the button
Seat 1: ThomasGoldberg ($9.79 in chips) 
Seat 2: Mahu2021 ($9.89 in chips) 
Seat 3: DanBzrQQQQ ($11.45 in chips) 
Seat 4: alexber1111 ($10.20 in chips) 
Seat 5: JustAltF4 ($17.80 in chips) 
Seat 6: dkno77 ($11.61 in chips) 
Mahu2021: posts small blind $0.05
DanBzrQQQQ: posts big blind $0.10
*** HOLE CARDS ***
Dealt to Mahu2021 [4h 5d]
alexber1111: folds 
JustAltF4: folds 
dkno77: folds 
ThomasGoldberg: raises $0.15 to $0.25
Mahu2021: folds 
DanBzrQQQQ: folds 
Uncalled bet ($0.15) returned to ThomasGoldberg
ThomasGoldberg collected $0.25 from pot
ThomasGoldberg: doesn't show hand 
*** SUMMARY ***
Total pot $0.25 | Rake $0 
Seat 1: ThomasGoldberg (button) collected ($0.25)
Seat 2: Mahu2021 (small blind) folded before Flop
Seat 3: DanBzrQQQQ (big blind) folded before Flop
Seat 4: alexber1111 folded before Flop (didn't bet)
Seat 5: JustAltF4 folded before Flop (didn't bet)
Seat 6: dkno77 folded before Flop (didn't bet)



PokerStars Zoom Hand #254379149215:  Hold'em No Limit ($0.05/$0.10) - 2025/01/15 10:09:22 CET [2025/01/15 4:09:22 ET]
Table 'Aludra' 6-max Seat #1 is the button
Seat 1: Ritter00 ($3.08 in chips) 
Seat 2: lolb0t ($10.07 in chips) 
Seat 3: Mahu2021 ($9.84 in chips) 
Seat 4: smoky fish 90 ($42.67 in chips) 
Seat 5: cgycJS26 ($7.53 in chips) 
Seat 6: Jinzoo1 ($10.34 in chips) 
lolb0t: posts small blind $0.05
Mahu2021: posts big blind $0.10
*** HOLE CARDS ***
Dealt to Mahu2021 [3c 6s]
smoky fish 90: folds 
cgycJS26: raises $0.20 to $0.30
Jinzoo1: calls $0.30
Ritter00: folds 
lolb0t: folds 
Mahu2021: folds 
*** FLOP *** [2s 6d Ks]
cgycJS26: bets $0.30
Jinzoo1: calls $0.30
*** TURN *** [2s 6d Ks] [Qs]
cgycJS26: bets $0.40
Jinzoo1: calls $0.40
*** RIVER *** [2s 6d Ks Qs] [Jh]
cgycJS26: bets $1.20
Jinzoo1: folds 
Uncalled bet ($1.20) returned to cgycJS26
cgycJS26 collected $2.05 from pot
cgycJS26: doesn't show hand 
*** SUMMARY ***
Total pot $2.15 | Rake $0.10 
Board [2s 6d Ks Qs Jh]
Seat 1: Ritter00 (button) folded before Flop (didn't bet)
Seat 2: lolb0t (small blind) folded before Flop
Seat 3: Mahu2021 (big blind) folded before Flop
Seat 4: smoky fish 90 folded before Flop (didn't bet)
Seat 5: cgycJS26 collected ($2.05)
Seat 6: Jinzoo1 folded on the River



PokerStars Zoom Hand #254379150767:  Hold'em No Limit ($0.05/$0.10) - 2025/01/15 10:09:39 CET [2025/01/15 4:09:39 ET]
Table 'Aludra' 6-max Seat #1 is the button
Seat 1: DanBzrQQQQ ($11.30 in chips) 
Seat 2: Ritter00 ($4.66 in chips) 
Seat 3: shovelka ($42.80 in chips) 
Seat 4: ciceron86 ($10.36 in chips) 
Seat 5: lolb0t ($10.02 in chips) 
Seat 6: Mahu2021 ($9.74 in chips) 
Ritter00: posts small blind $0.05
shovelka: posts big blind $0.10
*** HOLE CARDS ***
Dealt to Mahu2021 [3d Js]
ciceron86: raises $0.10 to $0.20
lolb0t: folds 
Mahu2021: folds 
DanBzrQQQQ: folds 
Ritter00: folds 
shovelka: calls $0.10
*** FLOP *** [7c 9c 4s]
shovelka: checks 
ciceron86: bets $0.30
shovelka: folds 
Uncalled bet ($0.30) returned to ciceron86
ciceron86 collected $0.43 from pot
ciceron86: doesn't show hand 
*** SUMMARY ***
Total pot $0.45 | Rake $0.02 
Board [7c 9c 4s]
Seat 1: DanBzrQQQQ (button) folded before Flop (didn't bet)
Seat 2: Ritter00 (small blind) folded before Flop
Seat 3: shovelka (big blind) folded on the Flop
Seat 4: ciceron86 collected ($0.43)
Seat 5: lolb0t folded before Flop (didn't bet)
Seat 6: Mahu2021 folded before Flop (didn't bet)



PokerStars Zoom Hand #254379151559:  Hold'em No Limit ($0.05/$0.10) - 2025/01/15 10:09:48 CET [2025/01/15 4:09:48 ET]
Table 'Aludra' 6-max Seat #1 is the button
Seat 1: smoky fish 90 ($39.63 in chips) 
Seat 2: Mahu2021 ($9.74 in chips) 
Seat 3: Vadim91_blr ($10.58 in chips) 
Seat 4: alexber1111 ($10.05 in chips) 
Seat 5: goldmine111 ($4.98 in chips) 
Seat 6: Extecoetter25 ($10 in chips) 
Mahu2021: posts small blind $0.05
Vadim91_blr: posts big blind $0.10
*** HOLE CARDS ***
Dealt to Mahu2021 [5d Qd]
alexber1111: folds 
goldmine111: folds 
Extecoetter25: folds 
smoky fish 90: folds 
Mahu2021: raises $0.20 to $0.30
Vadim91_blr: calls $0.20
*** FLOP *** [Ac 4d 8d]
Mahu2021: bets $0.30
Vadim91_blr: folds 
Uncalled bet ($0.30) returned to Mahu2021
Mahu2021 collected $0.57 from pot
Mahu2021: doesn't show hand 
*** SUMMARY ***
Total pot $0.60 | Rake $0.03 
Board [Ac 4d 8d]
Seat 1: smoky fish 90 (button) folded before Flop (didn't bet)
Seat 2: Mahu2021 (small blind) collected ($0.57)
Seat 3: Vadim91_blr (big blind) folded on the Flop
Seat 4: alexber1111 folded before Flop (didn't bet)
Seat 5: goldmine111 folded before Flop (didn't bet)
Seat 6: Extecoetter25 folded before Flop (didn't bet)



PokerStars Zoom Hand #254379148616:  Hold'em No Limit ($0.05/$0.10) - 2025/01/15 10:09:15 CET [2025/01/15 4:09:15 ET]
Table 'Aludra' 6-max Seat #1 is the button
Seat 1: lolb0t ($10.07 in chips) 
Seat 2: Ritter00 ($3.13 in chips) 
Seat 3: Kalluffsen ($4.08 in chips) 
Seat 4: Mahu2021 ($9.89 in chips) 
Seat 5: Jinzoo1 ($10.34 in chips) 
Seat 6: Vadim91_blr ($10.87 in chips) 
Ritter00: posts small blind $0.05
Kalluffsen: posts big blind $0.10
*** HOLE CARDS ***
Dealt to Mahu2021 [Th 6h]
Mahu2021: folds 
Jinzoo1: folds 
Vadim91_blr: raises $0.10 to $0.20
lolb0t: folds 
Ritter00: folds 
Kalluffsen: raises $0.60 to $0.80
Vadim91_blr: calls $0.60
*** FLOP *** [Kc Ts Ah]
Kalluffsen: checks 
Vadim91_blr: checks 
*** TURN *** [Kc Ts Ah] [3d]
Kalluffsen: bets $0.60
Vadim91_blr: calls $0.60
*** RIVER *** [Kc Ts Ah 3d] [Td]
Kalluffsen: bets $2.68 and is all-in
Vadim91_blr: calls $2.68
*** SHOW DOWN ***
Kalluffsen: shows [4d 5d] (a pair of Tens)
Vadim91_blr: shows [Js As] (two pair, Aces and Tens)
Vadim91_blr collected $7.84 from pot
*** SUMMARY ***
Total pot $8.21 | Rake $0.37 
Board [Kc Ts Ah 3d Td]
Seat 1: lolb0t (button) folded before Flop (didn't bet)
Seat 2: Ritter00 (small blind) folded before Flop
Seat 3: Kalluffsen (big blind) showed [4d 5d] and lost with a pair of Tens
Seat 4: Mahu2021 folded before Flop (didn't bet)
Seat 5: Jinzoo1 folded before Flop (didn't bet)
Seat 6: Vadim91_blr showed [Js As] and won ($7.84) with two pair, Aces and Tens



PokerStars Zoom Hand #254379151119:  Hold'em No Limit ($0.05/$0.10) - 2025/01/15 10:09:43 CET [2025/01/15 4:09:43 ET]
Table 'Aludra' 6-max Seat #1 is the button
Seat 1: goldmine111 ($4.98 in chips) 
Seat 2: cheekycharlie ($17.22 in chips) 
Seat 3: ThomasGoldberg ($9.94 in chips) 
Seat 4: EMH55 ($0.98 in chips) 
Seat 5: Mahu2021 ($9.74 in chips) 
Seat 6: Ritter00 ($4.61 in chips) 
cheekycharlie: posts small blind $0.05
ThomasGoldberg: posts big blind $0.10
*** HOLE CARDS ***
Dealt to Mahu2021 [8s 6d]
EMH55: raises $0.10 to $0.20
Mahu2021: folds 
Ritter00: folds 
goldmine111: folds 
cheekycharlie: raises $0.80 to $1
ThomasGoldberg: folds 
EMH55: calls $0.78 and is all-in
Uncalled bet ($0.02) returned to cheekycharlie
*** FLOP *** [2d Td 4d]
*** TURN *** [2d Td 4d] [8c]
*** RIVER *** [2d Td 4d 8c] [4c]
*** SHOW DOWN ***
cheekycharlie: shows [Js Jd] (two pair, Jacks and Fours)
EMH55: shows [Ad Th] (two pair, Tens and Fours)
cheekycharlie collected $1.97 from pot
*** SUMMARY ***
Total pot $2.06 | Rake $0.09 
Board [2d Td 4d 8c 4c]
Seat 1: goldmine111 (button) folded before Flop (didn't bet)
Seat 2: cheekycharlie (small blind) showed [Js Jd] and won ($1.97) with two pair, Jacks and Fours
Seat 3: ThomasGoldberg (big blind) folded before Flop
Seat 4: EMH55 showed [Ad Th] and lost with two pair, Tens and Fours
Seat 5: Mahu2021 folded before Flop (didn't bet)
Seat 6: Ritter00 folded before Flop (didn't bet)



PokerStars Zoom Hand #254379148308:  Hold'em No Limit ($0.05/$0.10) - 2025/01/15 10:09:11 CET [2025/01/15 4:09:11 ET]
Table 'Aludra' 6-max Seat #1 is the button
Seat 1: Karaflas1 ($19.18 in chips) 
Seat 2: Vadim91_blr ($10.63 in chips) 
Seat 3: cheekycharlie ($17.32 in chips) 
Seat 4: Mahu2021 ($9.89 in chips) 
Seat 5: KidMamba ($12.82 in chips) 
Seat 6: fkdupshit ($9.35 in chips) 
Vadim91_blr: posts small blind $0.05
cheekycharlie: posts big blind $0.10
*** HOLE CARDS ***
Dealt to Mahu2021 [4h 2d]
Mahu2021: folds 
KidMamba: raises $0.12 to $0.22
fkdupshit: raises $0.48 to $0.70
Karaflas1: raises $1.70 to $2.40
Vadim91_blr: folds 
cheekycharlie: folds 
KidMamba: folds 
fkdupshit: calls $1.70
*** FLOP *** [8h 8c Jc]
fkdupshit: checks 
Karaflas1: bets $1.20
fkdupshit: raises $5.75 to $6.95 and is all-in
Karaflas1: calls $5.75
Karaflas1 has timed out
*** TURN *** [8h 8c Jc] [Kd]
*** RIVER *** [8h 8c Jc Kd] [3s]
*** SHOW DOWN ***
fkdupshit: shows [Kh Ac] (two pair, Kings and Eights)
Karaflas1: shows [As Ah] (two pair, Aces and Eights)
Karaflas1 collected $18.21 from pot
*** SUMMARY ***
Total pot $19.07 | Rake $0.86 
Board [8h 8c Jc Kd 3s]
Seat 1: Karaflas1 (button) showed [As Ah] and won ($18.21) with two pair, Aces and Eights
Seat 2: Vadim91_blr (small blind) folded before Flop
Seat 3: cheekycharlie (big blind) folded before Flop
Seat 4: Mahu2021 folded before Flop (didn't bet)
Seat 5: KidMamba folded before Flop
Seat 6: fkdupshit showed [Kh Ac] and lost with two pair, Kings and Eights



PokerStars Zoom Hand #254379155093:  Hold'em No Limit ($0.05/$0.10) - 2025/01/15 10:10:27 CET [2025/01/15 4:10:27 ET]
Table 'Aludra' 6-max Seat #1 is the button
Seat 1: luckyviale ($5 in chips) 
Seat 2: Sheppetamen ($10.15 in chips) 
Seat 3: Mahu2021 ($9.96 in chips) 
Seat 4: alexber1111 ($11.90 in chips) 
Seat 5: Ritter00 ($6.13 in chips) 
Seat 6: Mentozs ($8.14 in chips) 
Sheppetamen: posts small blind $0.05
Mahu2021: posts big blind $0.10
*** HOLE CARDS ***
Dealt to Mahu2021 [6c Td]
alexber1111: folds 
Ritter00: folds 
Mentozs: folds 
luckyviale: folds 
Sheppetamen: raises $0.20 to $0.30
Mahu2021: folds 
Uncalled bet ($0.20) returned to Sheppetamen
Sheppetamen collected $0.20 from pot
Sheppetamen: doesn't show hand 
*** SUMMARY ***
Total pot $0.20 | Rake $0 
Seat 1: luckyviale (button) folded before Flop (didn't bet)
Seat 2: Sheppetamen (small blind) collected ($0.20)
Seat 3: Mahu2021 (big blind) folded before Flop
Seat 4: alexber1111 folded before Flop (didn't bet)
Seat 5: Ritter00 folded before Flop (didn't bet)
Seat 6: Mentozs folded before Flop (didn't bet)



PokerStars Zoom Hand #254379153947:  Hold'em No Limit ($0.05/$0.10) - 2025/01/15 10:10:14 CET [2025/01/15 4:10:14 ET]
Table 'Aludra' 6-max Seat #1 is the button
Seat 1: khouss ($17.57 in chips) 
Seat 2: assombrirleciel ($16.50 in chips) 
Seat 3: Ganbarimasyou ($14.21 in chips) 
Seat 4: Mahu2021 ($10.01 in chips) 
Seat 5: 00O-2Z ($11.27 in chips) 
Seat 6: smoky fish 90 ($42.89 in chips) 
assombrirleciel: posts small blind $0.05
Ganbarimasyou: posts big blind $0.10
*** HOLE CARDS ***
Dealt to Mahu2021 [Jd 3c]
Mahu2021: folds 
00O-2Z: folds 
smoky fish 90: raises $0.15 to $0.25
khouss: folds 
assombrirleciel: folds 
Ganbarimasyou: folds 
Uncalled bet ($0.15) returned to smoky fish 90
smoky fish 90 collected $0.25 from pot
smoky fish 90: doesn't show hand 
*** SUMMARY ***
Total pot $0.25 | Rake $0 
Seat 1: khouss (button) folded before Flop (didn't bet)
Seat 2: assombrirleciel (small blind) folded before Flop
Seat 3: Ganbarimasyou (big blind) folded before Flop
Seat 4: Mahu2021 folded before Flop (didn't bet)
Seat 5: 00O-2Z folded before Flop (didn't bet)
Seat 6: smoky fish 90 collected ($0.25)



PokerStars Zoom Hand #254379156319:  Hold'em No Limit ($0.05/$0.10) - 2025/01/15 10:10:41 CET [2025/01/15 4:10:41 ET]
Table 'Aludra' 6-max Seat #1 is the button
Seat 1: Mahu2021 ($9.86 in chips) 
Seat 2: EMH55 ($10 in chips) 
Seat 3: khouss ($17.57 in chips) 
Seat 4: Gobi000 ($10 in chips) 
Seat 5: fkdupshit ($10 in chips) 
Seat 6: Prfct Insdr ($9.22 in chips) 
EMH55: posts small blind $0.05
khouss: posts big blind $0.10
*** HOLE CARDS ***
Dealt to Mahu2021 [3h Kd]
Gobi000: folds 
fkdupshit: raises $0.15 to $0.25
Prfct Insdr: folds 
Mahu2021: folds 
EMH55: folds 
khouss: folds 
Uncalled bet ($0.15) returned to fkdupshit
fkdupshit collected $0.25 from pot
fkdupshit: doesn't show hand 
*** SUMMARY ***
Total pot $0.25 | Rake $0 
Seat 1: Mahu2021 (button) folded before Flop (didn't bet)
Seat 2: EMH55 (small blind) folded before Flop
Seat 3: khouss (big blind) folded before Flop
Seat 4: Gobi000 folded before Flop (didn't bet)
Seat 5: fkdupshit collected ($0.25)
Seat 6: Prfct Insdr folded before Flop (didn't bet)



PokerStars Zoom Hand #254379154748:  Hold'em No Limit ($0.05/$0.10) - 2025/01/15 10:10:23 CET [2025/01/15 4:10:23 ET]
Table 'Aludra' 6-max Seat #1 is the button
Seat 1: ciceron86 ($10.54 in chips) 
Seat 2: Mahu2021 ($10.01 in chips) 
Seat 3: TomysT8 ($10 in chips) 
Seat 4: Extecoetter25 ($22.82 in chips) 
Seat 5: smoky fish 90 ($39.58 in chips) 
Seat 6: 00O-2Z ($11.22 in chips) 
Mahu2021: posts small blind $0.05
TomysT8: posts big blind $0.10
*** HOLE CARDS ***
Dealt to Mahu2021 [Jd 8s]
Extecoetter25: raises $0.15 to $0.25
smoky fish 90: folds 
00O-2Z: raises $0.45 to $0.70
ciceron86: folds 
Mahu2021: folds 
TomysT8: folds 
Extecoetter25: folds 
Uncalled bet ($0.45) returned to 00O-2Z
00O-2Z collected $0.65 from pot
00O-2Z: doesn't show hand 
*** SUMMARY ***
Total pot $0.65 | Rake $0 
Seat 1: ciceron86 (button) folded before Flop (didn't bet)
Seat 2: Mahu2021 (small blind) folded before Flop
Seat 3: TomysT8 (big blind) folded before Flop
Seat 4: Extecoetter25 folded before Flop
Seat 5: smoky fish 90 folded before Flop (didn't bet)
Seat 6: 00O-2Z collected ($0.65)



PokerStars Zoom Hand #254379154320:  Hold'em No Limit ($0.05/$0.10) - 2025/01/15 10:10:18 CET [2025/01/15 4:10:18 ET]
Table 'Aludra' 6-max Seat #1 is the button
Seat 1: Mahu2021 ($10.01 in chips) 
Seat 2: Karaflas1 ($20.76 in chips) 
Seat 3: you_fold_7 ($4.45 in chips) 
Seat 4: Gobi000 ($10.15 in chips) 
Seat 5: Jinzoo1 ($9.49 in chips) 
Seat 6: zeuzepilintr ($17.61 in chips) 
Karaflas1: posts small blind $0.05
you_fold_7: posts big blind $0.10
*** HOLE CARDS ***
Dealt to Mahu2021 [2s 3d]
Gobi000: folds 
Jinzoo1: folds 
zeuzepilintr: calls $0.10
Mahu2021: folds 
Karaflas1: folds 
you_fold_7: checks 
*** FLOP *** [Ac Qh 3s]
you_fold_7: checks 
zeuzepilintr: bets $0.10
you_fold_7: folds 
Uncalled bet ($0.10) returned to zeuzepilintr
zeuzepilintr collected $0.24 from pot
zeuzepilintr: doesn't show hand 
*** SUMMARY ***
Total pot $0.25 | Rake $0.01 
Board [Ac Qh 3s]
Seat 1: Mahu2021 (button) folded before Flop (didn't bet)
Seat 2: Karaflas1 (small blind) folded before Flop
Seat 3: you_fold_7 (big blind) folded on the Flop
Seat 4: Gobi000 folded before Flop (didn't bet)
Seat 5: Jinzoo1 folded before Flop (didn't bet)
Seat 6: zeuzepilintr collected ($0.24)



PokerStars Zoom Hand #254379156767:  Hold'em No Limit ($0.05/$0.10) - 2025/01/15 10:10:46 CET [2025/01/15 4:10:46 ET]
Table 'Aludra' 6-max Seat #1 is the button
Seat 1: IVERNMAN ($10.39 in chips) 
Seat 2: TomysT8 ($10.05 in chips) 
Seat 3: Prfct Insdr ($9.22 in chips) 
Seat 4: Extecoetter25 ($23.87 in chips) 
Seat 5: Mahu2021 ($9.86 in chips) 
Seat 6: Karaflas1 ($20.71 in chips) 
TomysT8: posts small blind $0.05
Prfct Insdr: posts big blind $0.10
*** HOLE CARDS ***
Dealt to Mahu2021 [Qh Qs]
Extecoetter25: folds 
Mahu2021: raises $0.20 to $0.30
Karaflas1: folds 
IVERNMAN: folds 
TomysT8: folds 
Prfct Insdr: folds 
Uncalled bet ($0.20) returned to Mahu2021
Mahu2021 collected $0.25 from pot
Mahu2021: doesn't show hand 
*** SUMMARY ***
Total pot $0.25 | Rake $0 
Seat 1: IVERNMAN (button) folded before Flop (didn't bet)
Seat 2: TomysT8 (small blind) folded before Flop
Seat 3: Prfct Insdr (big blind) folded before Flop
Seat 4: Extecoetter25 folded before Flop (didn't bet)
Seat 5: Mahu2021 collected ($0.25)
Seat 6: Karaflas1 folded before Flop (didn't bet)



PokerStars Zoom Hand #254379156012:  Hold'em No Limit ($0.05/$0.10) - 2025/01/15 10:10:37 CET [2025/01/15 4:10:37 ET]
Table 'Aludra' 6-max Seat #1 is the button
Seat 1: Sheppetamen ($10.25 in chips) 
Seat 2: goldmine111 ($4.73 in chips) 
Seat 3: KidMamba ($12.60 in chips) 
Seat 4: khouss ($17.57 in chips) 
Seat 5: Ritter00 ($2.71 in chips) 
Seat 6: Mahu2021 ($9.86 in chips) 
goldmine111: posts small blind $0.05
KidMamba: posts big blind $0.10
*** HOLE CARDS ***
Dealt to Mahu2021 [6s 8s]
khouss: folds 
Ritter00: folds 
Mahu2021: folds 
Sheppetamen: raises $0.13 to $0.23
goldmine111: folds 
KidMamba: raises $0.60 to $0.83
Sheppetamen: folds 
Uncalled bet ($0.60) returned to KidMamba
KidMamba collected $0.51 from pot
KidMamba: doesn't show hand 
*** SUMMARY ***
Total pot $0.51 | Rake $0 
Seat 1: Sheppetamen (button) folded before Flop
Seat 2: goldmine111 (small blind) folded before Flop
Seat 3: KidMamba (big blind) collected ($0.51)
Seat 4: khouss folded before Flop (didn't bet)
Seat 5: Ritter00 folded before Flop (didn't bet)
Seat 6: Mahu2021 folded before Flop (didn't bet)



PokerStars Zoom Hand #254379153404:  Hold'em No Limit ($0.05/$0.10) - 2025/01/15 10:10:08 CET [2025/01/15 4:10:08 ET]
Table 'Aludra' 6-max Seat #1 is the button
Seat 1: Ritter00 ($6.13 in chips) 
Seat 2: luckyviale ($5.05 in chips) 
Seat 3: lolb0t ($10.76 in chips) 
Seat 4: Prfct Insdr ($9.52 in chips) 
Seat 5: Vadim91_blr ($10.28 in chips) 
Seat 6: Mahu2021 ($10.01 in chips) 
luckyviale: posts small blind $0.05
lolb0t: posts big blind $0.10
*** HOLE CARDS ***
Dealt to Mahu2021 [8s Js]
Prfct Insdr: raises $0.20 to $0.30
Vadim91_blr: raises $0.60 to $0.90
Mahu2021: folds 
Ritter00: folds 
luckyviale: folds 
lolb0t is disconnected 
lolb0t has timed out while disconnected
lolb0t: folds 
Prfct Insdr: folds 
Uncalled bet ($0.60) returned to Vadim91_blr
Vadim91_blr collected $0.75 from pot
Vadim91_blr: doesn't show hand 
*** SUMMARY ***
Total pot $0.75 | Rake $0 
Seat 1: Ritter00 (button) folded before Flop (didn't bet)
Seat 2: luckyviale (small blind) folded before Flop
Seat 3: lolb0t (big blind) folded before Flop
Seat 4: Prfct Insdr folded before Flop
Seat 5: Vadim91_blr collected ($0.75)
Seat 6: Mahu2021 folded before Flop (didn't bet)



PokerStars Zoom Hand #254379149975:  Hold'em No Limit ($0.05/$0.10) - 2025/01/15 10:09:30 CET [2025/01/15 4:09:30 ET]
Table 'Aludra' 6-max Seat #1 is the button
Seat 1: Mahu2021 ($9.74 in chips) 
Seat 2: Prfct Insdr ($9.87 in chips) 
Seat 3: ciceron86 ($10.46 in chips) 
Seat 4: ThomasGoldberg ($9.94 in chips) 
Seat 5: Vadim91_blr ($13.39 in chips) 
Seat 6: lolb0t ($10 in chips) 
Prfct Insdr: posts small blind $0.05
ciceron86: posts big blind $0.10
*** HOLE CARDS ***
Dealt to Mahu2021 [Qh Jc]
ThomasGoldberg: folds 
Vadim91_blr: raises $0.10 to $0.20
lolb0t: raises $0.55 to $0.75
Mahu2021: folds 
Prfct Insdr: folds 
ciceron86: folds 
Vadim91_blr: calls $0.55
*** FLOP *** [8c Qc 5h]
Vadim91_blr: checks 
lolb0t: bets $1.06
Vadim91_blr: calls $1.06
*** TURN *** [8c Qc 5h] [9h]
Vadim91_blr: checks 
lolb0t: checks 
*** RIVER *** [8c Qc 5h 9h] [8s]
Vadim91_blr: bets $2.34
lolb0t is disconnected 
lolb0t: calls $2.34
*** SHOW DOWN ***
Vadim91_blr: shows [Qs As] (two pair, Queens and Eights)
lolb0t: mucks hand 
Vadim91_blr collected $8.07 from pot
*** SUMMARY ***
Total pot $8.45 | Rake $0.38 
Board [8c Qc 5h 9h 8s]
Seat 1: Mahu2021 (button) folded before Flop (didn't bet)
Seat 2: Prfct Insdr (small blind) folded before Flop
Seat 3: ciceron86 (big blind) folded before Flop
Seat 4: ThomasGoldberg folded before Flop (didn't bet)
Seat 5: Vadim91_blr showed [Qs As] and won ($8.07) with two pair, Queens and Eights
Seat 6: lolb0t mucked [Ac Kh]



PokerStars Zoom Hand #254379157940:  Hold'em No Limit ($0.05/$0.10) - 2025/01/15 10:10:59 CET [2025/01/15 4:10:59 ET]
Table 'Aludra' 6-max Seat #1 is the button
Seat 1: TomysT8 ($10.10 in chips) 
Seat 2: assombrirleciel ($14.14 in chips) 
Seat 3: Karaflas1 ($10 in chips) 
Seat 4: Mahu2021 ($10.01 in chips) 
Seat 5: ciceron86 ($10.59 in chips) 
Seat 6: Extecoetter25 ($10 in chips) 
assombrirleciel: posts small blind $0.05
Karaflas1: posts big blind $0.10
*** HOLE CARDS ***
Dealt to Mahu2021 [Ac 5h]
Mahu2021: folds 
ciceron86: raises $0.10 to $0.20
Extecoetter25: folds 
TomysT8: folds 
assombrirleciel: calls $0.15
Karaflas1: raises $1.10 to $1.30
ciceron86: folds 
assombrirleciel: folds 
Uncalled bet ($1.10) returned to Karaflas1
Karaflas1 collected $0.60 from pot
Karaflas1: doesn't show hand 
*** SUMMARY ***
Total pot $0.60 | Rake $0 
Seat 1: TomysT8 (button) folded before Flop (didn't bet)
Seat 2: assombrirleciel (small blind) folded before Flop
Seat 3: Karaflas1 (big blind) collected ($0.60)
Seat 4: Mahu2021 folded before Flop (didn't bet)
Seat 5: ciceron86 folded before Flop
Seat 6: Extecoetter25 folded before Flop (didn't bet)



PokerStars Zoom Hand #254379158386:  Hold'em No Limit ($0.05/$0.10) - 2025/01/15 10:11:04 CET [2025/01/15 4:11:04 ET]
Table 'Aludra' 6-max Seat #1 is the button
Seat 1: Kalluffsen ($9.70 in chips) 
Seat 2: Mahu2021 ($10.01 in chips) 
Seat 3: scotterspotters ($17.55 in chips) 
Seat 4: zeuzepilintr ($7.20 in chips) 
Seat 5: KidMamba ($12.88 in chips) 
Seat 6: Ganbarimasyou ($14.06 in chips) 
Mahu2021: posts small blind $0.05
scotterspotters: posts big blind $0.10
*** HOLE CARDS ***
Dealt to Mahu2021 [Jh 9h]
zeuzepilintr: folds 
KidMamba: raises $0.12 to $0.22
Ganbarimasyou: folds 
Kalluffsen: folds 
Mahu2021: calls $0.17
scotterspotters: calls $0.12
*** FLOP *** [2c 8h Ts]
Mahu2021: checks 
scotterspotters: checks 
KidMamba: checks 
*** TURN *** [2c 8h Ts] [4h]
Mahu2021: bets $0.63
scotterspotters: calls $0.63
KidMamba: folds 
*** RIVER *** [2c 8h Ts 4h] [9d]
Mahu2021: checks 
scotterspotters: checks 
*** SHOW DOWN ***
Mahu2021: shows [Jh 9h] (a pair of Nines)
scotterspotters: shows [9c Qd] (a pair of Nines - Queen kicker)
scotterspotters collected $1.83 from pot
*** SUMMARY ***
Total pot $1.92 | Rake $0.09 
Board [2c 8h Ts 4h 9d]
Seat 1: Kalluffsen (button) folded before Flop (didn't bet)
Seat 2: Mahu2021 (small blind) showed [Jh 9h] and lost with a pair of Nines
Seat 3: scotterspotters (big blind) showed [9c Qd] and won ($1.83) with a pair of Nines
Seat 4: zeuzepilintr folded before Flop (didn't bet)
Seat 5: KidMamba folded on the Turn
Seat 6: Ganbarimasyou folded before Flop (didn't bet)



PokerStars Zoom Hand #254379163067:  Hold'em No Limit ($0.05/$0.10) - 2025/01/15 10:11:55 CET [2025/01/15 4:11:55 ET]
Table 'Aludra' 6-max Seat #1 is the button
Seat 1: cheekycharlie ($17.71 in chips) 
Seat 2: ThomasGoldberg ($9.87 in chips) 
Seat 3: Mahu2021 ($9.16 in chips) 
Seat 4: assombrirleciel ($13.84 in chips) 
Seat 5: IVERNMAN ($11.45 in chips) 
Seat 6: Extecoetter25 ($22.69 in chips) 
ThomasGoldberg: posts small blind $0.05
Mahu2021: posts big blind $0.10
*** HOLE CARDS ***
Dealt to Mahu2021 [4c Qc]
assombrirleciel: folds 
IVERNMAN: raises $0.10 to $0.20
Extecoetter25: folds 
cheekycharlie: folds 
ThomasGoldberg: folds 
Mahu2021: calls $0.10
*** FLOP *** [4h 3c Kc]
Mahu2021: checks 
IVERNMAN: bets $0.14
Mahu2021: calls $0.14
*** TURN *** [4h 3c Kc] [5c]
Mahu2021: checks 
IVERNMAN: bets $0.53
Mahu2021: raises $0.67 to $1.20
IVERNMAN: calls $0.67
*** RIVER *** [4h 3c Kc 5c] [Kh]
Mahu2021: bets $2.99
IVERNMAN: folds 
Uncalled bet ($2.99) returned to Mahu2021
Mahu2021 collected $2.99 from pot
Mahu2021: doesn't show hand 
*** SUMMARY ***
Total pot $3.13 | Rake $0.14 
Board [4h 3c Kc 5c Kh]
Seat 1: cheekycharlie (button) folded before Flop (didn't bet)
Seat 2: ThomasGoldberg (small blind) folded before Flop
Seat 3: Mahu2021 (big blind) collected ($2.99)
Seat 4: assombrirleciel folded before Flop (didn't bet)
Seat 5: IVERNMAN folded on the River
Seat 6: Extecoetter25 folded before Flop (didn't bet)



PokerStars Zoom Hand #254379166469:  Hold'em No Limit ($0.05/$0.10) - 2025/01/15 10:12:32 CET [2025/01/15 4:12:32 ET]
Table 'Aludra' 6-max Seat #1 is the button
Seat 1: assombrirleciel ($13.69 in chips) 
Seat 2: goldmine111 ($3.43 in chips) 
Seat 3: cheekycharlie ($17.76 in chips) 
Seat 4: lolb0t ($10 in chips) 
Seat 5: Mentozs ($9.70 in chips) 
Seat 6: Mahu2021 ($10.61 in chips) 
goldmine111: posts small blind $0.05
cheekycharlie: posts big blind $0.10
*** HOLE CARDS ***
Dealt to Mahu2021 [Qc 6c]
lolb0t: folds 
Mentozs: folds 
Mahu2021: folds 
assombrirleciel: folds 
goldmine111: folds 
Uncalled bet ($0.05) returned to cheekycharlie
cheekycharlie collected $0.10 from pot
cheekycharlie: doesn't show hand 
*** SUMMARY ***
Total pot $0.10 | Rake $0 
Seat 1: assombrirleciel (button) folded before Flop (didn't bet)
Seat 2: goldmine111 (small blind) folded before Flop
Seat 3: cheekycharlie (big blind) collected ($0.10)
Seat 4: lolb0t folded before Flop (didn't bet)
Seat 5: Mentozs folded before Flop (didn't bet)
Seat 6: Mahu2021 folded before Flop (didn't bet)



PokerStars Zoom Hand #254379168641:  Hold'em No Limit ($0.05/$0.10) - 2025/01/15 10:12:56 CET [2025/01/15 4:12:56 ET]
Table 'Aludra' 6-max Seat #1 is the button
Seat 1: IVERNMAN ($10 in chips) 
Seat 2: you_fold_7 ($3.30 in chips) 
Seat 3: assombrirleciel ($13.64 in chips) 
Seat 4: Mahu2021 ($10.61 in chips) 
Seat 5: lolb0t ($10.10 in chips) 
Seat 6: buenaure ($17.04 in chips) 
you_fold_7: posts small blind $0.05
assombrirleciel: posts big blind $0.10
*** HOLE CARDS ***
Dealt to Mahu2021 [4d Th]
Mahu2021: folds 
lolb0t: folds 
buenaure: raises $0.10 to $0.20
IVERNMAN: folds 
you_fold_7: folds 
assombrirleciel: folds 
Uncalled bet ($0.10) returned to buenaure
buenaure collected $0.25 from pot
buenaure: doesn't show hand 
*** SUMMARY ***
Total pot $0.25 | Rake $0 
Seat 1: IVERNMAN (button) folded before Flop (didn't bet)
Seat 2: you_fold_7 (small blind) folded before Flop
Seat 3: assombrirleciel (big blind) folded before Flop
Seat 4: Mahu2021 folded before Flop (didn't bet)
Seat 5: lolb0t folded before Flop (didn't bet)
Seat 6: buenaure collected ($0.25)



PokerStars Zoom Hand #254379167859:  Hold'em No Limit ($0.05/$0.10) - 2025/01/15 10:12:47 CET [2025/01/15 4:12:47 ET]
Table 'Aludra' 6-max Seat #1 is the button
Seat 1: Mahu2021 ($10.61 in chips) 
Seat 2: goldmine111 ($4.43 in chips) 
Seat 3: luckyviale ($5.64 in chips) 
Seat 4: lolb0t ($10 in chips) 
Seat 5: alexber1111 ($11.60 in chips) 
Seat 6: assombrirleciel ($13.69 in chips) 
goldmine111: posts small blind $0.05
luckyviale: posts big blind $0.10
*** HOLE CARDS ***
Dealt to Mahu2021 [2d 4s]
lolb0t: folds 
alexber1111: raises $0.12 to $0.22
assombrirleciel: folds 
Mahu2021: folds 
goldmine111: folds 
luckyviale: calls $0.12
*** FLOP *** [Kh 6c Qc]
luckyviale: checks 
alexber1111: checks 
*** TURN *** [Kh 6c Qc] [3d]
luckyviale: bets $0.47
alexber1111: calls $0.47
*** RIVER *** [Kh 6c Qc 3d] [As]
luckyviale: checks 
alexber1111: checks 
*** SHOW DOWN ***
luckyviale: shows [8s 9h] (high card Ace)
alexber1111: shows [Jh Jc] (a pair of Jacks)
alexber1111 collected $1.37 from pot
*** SUMMARY ***
Total pot $1.43 | Rake $0.06 
Board [Kh 6c Qc 3d As]
Seat 1: Mahu2021 (button) folded before Flop (didn't bet)
Seat 2: goldmine111 (small blind) folded before Flop
Seat 3: luckyviale (big blind) showed [8s 9h] and lost with high card Ace
Seat 4: lolb0t folded before Flop (didn't bet)
Seat 5: alexber1111 showed [Jh Jc] and won ($1.37) with a pair of Jacks
Seat 6: assombrirleciel folded before Flop (didn't bet)



PokerStars Zoom Hand #254379169205:  Hold'em No Limit ($0.05/$0.10) - 2025/01/15 10:13:02 CET [2025/01/15 4:13:02 ET]
Table 'Aludra' 6-max Seat #1 is the button
Seat 1: IVERNMAN ($14.63 in chips) 
Seat 2: Mahu2021 ($10.61 in chips) 
Seat 3: you_fold_7 ($3.25 in chips) 
Seat 4: Sheppetamen ($10 in chips) 
Seat 5: Jinzoo1 ($10.53 in chips) 
Seat 6: Ritter00 ($3.84 in chips) 
Mahu2021: posts small blind $0.05
you_fold_7: posts big blind $0.10
*** HOLE CARDS ***
Dealt to Mahu2021 [Qs 3d]
Sheppetamen: folds 
Jinzoo1: folds 
Ritter00: raises $0.15 to $0.25
IVERNMAN: folds 
Mahu2021: folds 
you_fold_7: folds 
Uncalled bet ($0.15) returned to Ritter00
Ritter00 collected $0.25 from pot
Ritter00: doesn't show hand 
*** SUMMARY ***
Total pot $0.25 | Rake $0 
Seat 1: IVERNMAN (button) folded before Flop (didn't bet)
Seat 2: Mahu2021 (small blind) folded before Flop
Seat 3: you_fold_7 (big blind) folded before Flop
Seat 4: Sheppetamen folded before Flop (didn't bet)
Seat 5: Jinzoo1 folded before Flop (didn't bet)
Seat 6: Ritter00 collected ($0.25)



PokerStars Zoom Hand #254379169552:  Hold'em No Limit ($0.05/$0.10) - 2025/01/15 10:13:06 CET [2025/01/15 4:13:06 ET]
Table 'Aludra' 6-max Seat #1 is the button
Seat 1: Karaflas1 ($10.35 in chips) 
Seat 2: Extecoetter25 ($24.05 in chips) 
Seat 3: Mahu2021 ($10.56 in chips) 
Seat 4: lolb0t ($10.10 in chips) 
Seat 5: Vima-MTL ($4.60 in chips) 
Seat 6: fkdupshit ($10.04 in chips) 
Extecoetter25: posts small blind $0.05
Mahu2021: posts big blind $0.10
*** HOLE CARDS ***
Dealt to Mahu2021 [5s 8c]
lolb0t: folds 
Vima-MTL: folds 
fkdupshit: raises $0.15 to $0.25
Karaflas1: folds 
Extecoetter25: folds 
Mahu2021: folds 
Uncalled bet ($0.15) returned to fkdupshit
fkdupshit collected $0.25 from pot
fkdupshit: doesn't show hand 
*** SUMMARY ***
Total pot $0.25 | Rake $0 
Seat 1: Karaflas1 (button) folded before Flop (didn't bet)
Seat 2: Extecoetter25 (small blind) folded before Flop
Seat 3: Mahu2021 (big blind) folded before Flop
Seat 4: lolb0t folded before Flop (didn't bet)
Seat 5: Vima-MTL folded before Flop (didn't bet)
Seat 6: fkdupshit collected ($0.25)



PokerStars Zoom Hand #254379168180:  Hold'em No Limit ($0.05/$0.10) - 2025/01/15 10:12:51 CET [2025/01/15 4:12:51 ET]
Table 'Aludra' 6-max Seat #1 is the button
Seat 1: IVERNMAN ($10.99 in chips) 
Seat 2: assombrirleciel ($13.69 in chips) 
Seat 3: Vadim91_blr ($14.38 in chips) 
Seat 4: Mahu2021 ($10.61 in chips) 
Seat 5: Kalluffsen ($9.18 in chips) 
Seat 6: Vima-MTL ($5.18 in chips) 
assombrirleciel: posts small blind $0.05
Vadim91_blr: posts big blind $0.10
*** HOLE CARDS ***
Dealt to Mahu2021 [7h 6d]
Mahu2021: folds 
Kalluffsen: raises $0.15 to $0.25
Vima-MTL: folds 
IVERNMAN: folds 
assombrirleciel: folds 
Vadim91_blr: calls $0.15
*** FLOP *** [9c Tc 9s]
Vadim91_blr: checks 
Kalluffsen: checks 
*** TURN *** [9c Tc 9s] [3s]
Vadim91_blr: checks 
Kalluffsen: checks 
*** RIVER *** [9c Tc 9s 3s] [Kh]
Vadim91_blr: checks 
Kalluffsen: bets $0.27
Vadim91_blr: folds 
Uncalled bet ($0.27) returned to Kalluffsen
Kalluffsen collected $0.53 from pot
Kalluffsen: doesn't show hand 
*** SUMMARY ***
Total pot $0.55 | Rake $0.02 
Board [9c Tc 9s 3s Kh]
Seat 1: IVERNMAN (button) folded before Flop (didn't bet)
Seat 2: assombrirleciel (small blind) folded before Flop
Seat 3: Vadim91_blr (big blind) folded on the River
Seat 4: Mahu2021 folded before Flop (didn't bet)
Seat 5: Kalluffsen collected ($0.53)
Seat 6: Vima-MTL folded before Flop (didn't bet)



PokerStars Zoom Hand #254379170744:  Hold'em No Limit ($0.05/$0.10) - 2025/01/15 10:13:19 CET [2025/01/15 4:13:19 ET]
Table 'Aludra' 6-max Seat #1 is the button
Seat 1: Extecoetter25 ($24 in chips) 
Seat 2: IVERNMAN ($14.63 in chips) 
Seat 3: Karaflas1 ($10.35 in chips) 
Seat 4: Mentozs ($7.56 in chips) 
Seat 5: JustAltF4 ($21.09 in chips) 
Seat 6: Mahu2021 ($10.46 in chips) 
IVERNMAN: posts small blind $0.05
Karaflas1: posts big blind $0.10
*** HOLE CARDS ***
Dealt to Mahu2021 [Ac Ah]
Mentozs: folds 
JustAltF4: raises $0.20 to $0.30
Mahu2021: raises $10.16 to $10.46 and is all-in
Extecoetter25: folds 
IVERNMAN: folds 
Karaflas1: folds 
JustAltF4: folds 
Uncalled bet ($10.16) returned to Mahu2021
Mahu2021 collected $0.75 from pot
Mahu2021: doesn't show hand 
*** SUMMARY ***
Total pot $0.75 | Rake $0 
Seat 1: Extecoetter25 (button) folded before Flop (didn't bet)
Seat 2: IVERNMAN (small blind) folded before Flop
Seat 3: Karaflas1 (big blind) folded before Flop
Seat 4: Mentozs folded before Flop (didn't bet)
Seat 5: JustAltF4 folded before Flop
Seat 6: Mahu2021 collected ($0.75)



PokerStars Zoom Hand #254379170355:  Hold'em No Limit ($0.05/$0.10) - 2025/01/15 10:13:15 CET [2025/01/15 4:13:15 ET]
Table 'Aludra' 6-max Seat #1 is the button
Seat 1: Mahu2021 ($10.46 in chips) 
Seat 2: Vadim91_blr ($17.01 in chips) 
Seat 3: EMH55 ($11.79 in chips) 
Seat 4: IVERNMAN ($14.63 in chips) 
Seat 5: Nike‘2583 ($3.27 in chips) 
Seat 6: goldmine111 ($4.16 in chips) 
Vadim91_blr: posts small blind $0.05
EMH55: posts big blind $0.10
*** HOLE CARDS ***
Dealt to Mahu2021 [Ts 3d]
IVERNMAN: folds 
Nike‘2583 is disconnected 
Nike‘2583 has timed out while disconnected
Nike‘2583: folds 
goldmine111: folds 
Mahu2021: folds 
Vadim91_blr: raises $0.10 to $0.20
EMH55: calls $0.10
*** FLOP *** [6h Td As]
Vadim91_blr: checks 
EMH55: checks 
*** TURN *** [6h Td As] [9d]
Vadim91_blr: checks 
EMH55: checks 
*** RIVER *** [6h Td As 9d] [Qd]
Vadim91_blr: checks 
EMH55: bets $0.20
Vadim91_blr: folds 
Uncalled bet ($0.20) returned to EMH55
EMH55 collected $0.38 from pot
EMH55: doesn't show hand 
*** SUMMARY ***
Total pot $0.40 | Rake $0.02 
Board [6h Td As 9d Qd]
Seat 1: Mahu2021 (button) folded before Flop (didn't bet)
Seat 2: Vadim91_blr (small blind) folded on the River
Seat 3: EMH55 (big blind) collected ($0.38)
Seat 4: IVERNMAN folded before Flop (didn't bet)
Seat 5: Nike‘2583 folded before Flop (didn't bet)
Seat 6: goldmine111 folded before Flop (didn't bet)



PokerStars Zoom Hand #254379173167:  Hold'em No Limit ($0.05/$0.10) - 2025/01/15 10:13:46 CET [2025/01/15 4:13:46 ET]
Table 'Aludra' 6-max Seat #1 is the button
Seat 1: Gobi000 ($10.43 in chips) 
Seat 2: lolb0t ($10.05 in chips) 
Seat 3: IVERNMAN ($14.73 in chips) 
Seat 4: Vadim91_blr ($10.88 in chips) 
Seat 5: Mahu2021 ($10.91 in chips) 
Seat 6: ThomasGoldberg ($9.32 in chips) 
lolb0t: posts small blind $0.05
IVERNMAN: posts big blind $0.10
*** HOLE CARDS ***
Dealt to Mahu2021 [6d Ts]
Vadim91_blr: raises $0.10 to $0.20
Mahu2021: folds 
ThomasGoldberg: folds 
Gobi000: folds 
lolb0t: folds 
IVERNMAN: folds 
Uncalled bet ($0.10) returned to Vadim91_blr
Vadim91_blr collected $0.25 from pot
Vadim91_blr: doesn't show hand 
*** SUMMARY ***
Total pot $0.25 | Rake $0 
Seat 1: Gobi000 (button) folded before Flop (didn't bet)
Seat 2: lolb0t (small blind) folded before Flop
Seat 3: IVERNMAN (big blind) folded before Flop
Seat 4: Vadim91_blr collected ($0.25)
Seat 5: Mahu2021 folded before Flop (didn't bet)
Seat 6: ThomasGoldberg folded before Flop (didn't bet)



PokerStars Zoom Hand #254379173640:  Hold'em No Limit ($0.05/$0.10) - 2025/01/15 10:13:51 CET [2025/01/15 4:13:51 ET]
Table 'Aludra' 6-max Seat #1 is the button
Seat 1: IVERNMAN ($10.84 in chips) 
Seat 2: smoky fish 90 ($43.38 in chips) 
Seat 3: Mariposaback ($12.18 in chips) 
Seat 4: alexber1111 ($10 in chips) 
Seat 5: Mahu2021 ($10.91 in chips) 
Seat 6: dkno77 ($12.71 in chips) 
smoky fish 90: posts small blind $0.05
Mariposaback: posts big blind $0.10
*** HOLE CARDS ***
Dealt to Mahu2021 [3h 2s]
alexber1111: raises $0.12 to $0.22
Mahu2021: folds 
dkno77: folds 
IVERNMAN: folds 
smoky fish 90: folds 
Mariposaback: folds 
Uncalled bet ($0.12) returned to alexber1111
alexber1111 collected $0.25 from pot
alexber1111: doesn't show hand 
*** SUMMARY ***
Total pot $0.25 | Rake $0 
Seat 1: IVERNMAN (button) folded before Flop (didn't bet)
Seat 2: smoky fish 90 (small blind) folded before Flop
Seat 3: Mariposaback (big blind) folded before Flop
Seat 4: alexber1111 collected ($0.25)
Seat 5: Mahu2021 folded before Flop (didn't bet)
Seat 6: dkno77 folded before Flop (didn't bet)



PokerStars Zoom Hand #254379166830:  Hold'em No Limit ($0.05/$0.10) - 2025/01/15 10:12:36 CET [2025/01/15 4:12:36 ET]
Table 'Aludra' 6-max Seat #1 is the button
Seat 1: alexber1111 ($11.60 in chips) 
Seat 2: Ganbarimasyou ($24.77 in chips) 
Seat 3: COSINU$ ($8.90 in chips) 
Seat 4: Extecoetter25 ($11.57 in chips) 
Seat 5: Mahu2021 ($10.61 in chips) 
Seat 6: Karaflas1 ($11.36 in chips) 
Ganbarimasyou: posts small blind $0.05
COSINU$: posts big blind $0.10
*** HOLE CARDS ***
Dealt to Mahu2021 [2d 9c]
Extecoetter25: folds 
Mahu2021: folds 
Karaflas1: folds 
alexber1111: folds 
Ganbarimasyou: raises $0.20 to $0.30
COSINU$: raises $0.20 to $0.50
Ganbarimasyou: raises $1 to $1.50
COSINU$: calls $1
*** FLOP *** [Kd 6s 6h]
Ganbarimasyou: bets $0.71
COSINU$: folds 
Uncalled bet ($0.71) returned to Ganbarimasyou
Ganbarimasyou collected $2.86 from pot
Ganbarimasyou: doesn't show hand 
*** SUMMARY ***
Total pot $3 | Rake $0.14 
Board [Kd 6s 6h]
Seat 1: alexber1111 (button) folded before Flop (didn't bet)
Seat 2: Ganbarimasyou (small blind) collected ($2.86)
Seat 3: COSINU$ (big blind) folded on the Flop
Seat 4: Extecoetter25 folded before Flop (didn't bet)
Seat 5: Mahu2021 folded before Flop (didn't bet)
Seat 6: Karaflas1 folded before Flop (didn't bet)



PokerStars Zoom Hand #254379176442:  Hold'em No Limit ($0.05/$0.10) - 2025/01/15 10:14:23 CET [2025/01/15 4:14:23 ET]
Table 'Aludra' 6-max Seat #1 is the button
Seat 1: DanBzrQQQQ ($11.16 in chips) 
Seat 2: Kalluffsen ($9.51 in chips) 
Seat 3: Gobi000 ($10.38 in chips) 
Seat 4: Arturasmaz ($10.75 in chips) 
Seat 5: buenaure ($17.57 in chips) 
Seat 6: Mahu2021 ($10.76 in chips) 
Kalluffsen: posts small blind $0.05
Gobi000: posts big blind $0.10
*** HOLE CARDS ***
Dealt to Mahu2021 [7d 7c]
Arturasmaz: folds 
buenaure: folds 
Mahu2021: raises $0.20 to $0.30
DanBzrQQQQ: folds 
Kalluffsen: folds 
Gobi000: folds 
Uncalled bet ($0.20) returned to Mahu2021
Mahu2021 collected $0.25 from pot
Mahu2021: doesn't show hand 
*** SUMMARY ***
Total pot $0.25 | Rake $0 
Seat 1: DanBzrQQQQ (button) folded before Flop (didn't bet)
Seat 2: Kalluffsen (small blind) folded before Flop
Seat 3: Gobi000 (big blind) folded before Flop
Seat 4: Arturasmaz folded before Flop (didn't bet)
Seat 5: buenaure folded before Flop (didn't bet)
Seat 6: Mahu2021 collected ($0.25)



PokerStars Zoom Hand #254379174002:  Hold'em No Limit ($0.05/$0.10) - 2025/01/15 10:13:55 CET [2025/01/15 4:13:55 ET]
Table 'Aludra' 6-max Seat #1 is the button
Seat 1: lolb0t ($10 in chips) 
Seat 2: Victormafs ($9.38 in chips) 
Seat 3: Mahu2021 ($10.91 in chips) 
Seat 4: Extecoetter25 ($11.57 in chips) 
Seat 5: Vadim91_blr ($16.81 in chips) 
Seat 6: cheekycharlie ($18.62 in chips) 
Victormafs: posts small blind $0.05
Mahu2021: posts big blind $0.10
*** HOLE CARDS ***
Dealt to Mahu2021 [Ah 6s]
Extecoetter25: folds 
Vadim91_blr: folds 
cheekycharlie: raises $0.20 to $0.30
lolb0t has timed out while disconnected
lolb0t: folds 
Victormafs: calls $0.25
Mahu2021: folds 
*** FLOP *** [Ad Jd 6c]
Victormafs: checks 
cheekycharlie: bets $0.34
Victormafs: calls $0.34
*** TURN *** [Ad Jd 6c] [7s]
Victormafs: checks 
cheekycharlie: bets $0.86
Victormafs: folds 
Uncalled bet ($0.86) returned to cheekycharlie
cheekycharlie collected $1.32 from pot
cheekycharlie: doesn't show hand 
*** SUMMARY ***
Total pot $1.38 | Rake $0.06 
Board [Ad Jd 6c 7s]
Seat 1: lolb0t (button) folded before Flop (didn't bet)
Seat 2: Victormafs (small blind) folded on the Turn
Seat 3: Mahu2021 (big blind) folded before Flop
Seat 4: Extecoetter25 folded before Flop (didn't bet)
Seat 5: Vadim91_blr folded before Flop (didn't bet)
Seat 6: cheekycharlie collected ($1.32)



PokerStars Zoom Hand #254379177708:  Hold'em No Limit ($0.05/$0.10) - 2025/01/15 10:14:37 CET [2025/01/15 4:14:37 ET]
Table 'Aludra' 6-max Seat #1 is the button
Seat 1: Mahu2021 ($10.91 in chips) 
Seat 2: Extecoetter25 ($24.32 in chips) 
Seat 3: garimegane ($10.15 in chips) 
Seat 4: Mariposaback ($10.42 in chips) 
Seat 5: ciceron86 ($10 in chips) 
Seat 6: Ganbarimasyou ($26.13 in chips) 
Extecoetter25: posts small blind $0.05
garimegane: posts big blind $0.10
*** HOLE CARDS ***
Dealt to Mahu2021 [8d Ks]
Mariposaback: folds 
ciceron86: folds 
Ganbarimasyou: raises $0.13 to $0.23
Mahu2021: calls $0.23
Extecoetter25: folds 
garimegane: folds 
*** FLOP *** [4h 3h As]
Ganbarimasyou: checks 
Mahu2021: bets $0.30
Ganbarimasyou: calls $0.30
*** TURN *** [4h 3h As] [5h]
Ganbarimasyou: checks 
Mahu2021: checks 
*** RIVER *** [4h 3h As 5h] [Js]
Ganbarimasyou: bets $1.45
Mahu2021: folds 
Uncalled bet ($1.45) returned to Ganbarimasyou
Ganbarimasyou collected $1.16 from pot
Ganbarimasyou: doesn't show hand 
*** SUMMARY ***
Total pot $1.21 | Rake $0.05 
Board [4h 3h As 5h Js]
Seat 1: Mahu2021 (button) folded on the River
Seat 2: Extecoetter25 (small blind) folded before Flop
Seat 3: garimegane (big blind) folded before Flop
Seat 4: Mariposaback folded before Flop (didn't bet)
Seat 5: ciceron86 folded before Flop (didn't bet)
Seat 6: Ganbarimasyou collected ($1.16)



PokerStars Zoom Hand #254379175368:  Hold'em No Limit ($0.05/$0.10) - 2025/01/15 10:14:11 CET [2025/01/15 4:14:11 ET]
Table 'Aludra' 6-max Seat #1 is the button
Seat 1: shovelka ($46.63 in chips) 
Seat 2: Mahu2021 ($10.81 in chips) 
Seat 3: dkno77 ($12.66 in chips) 
Seat 4: DoggoD790 ($1.93 in chips) 
Seat 5: IVERNMAN ($10.79 in chips) 
Seat 6: Karaflas1 ($11.26 in chips) 
Mahu2021: posts small blind $0.05
dkno77: posts big blind $0.10
*** HOLE CARDS ***
Dealt to Mahu2021 [6d 3s]
DoggoD790: calls $0.10
IVERNMAN: folds 
Karaflas1 has timed out
Karaflas1: folds 
shovelka: raises $0.35 to $0.45
Mahu2021: folds 
dkno77: folds 
DoggoD790: calls $0.35
*** FLOP *** [9d 7c Th]
DoggoD790: bets $0.10
shovelka: calls $0.10
*** TURN *** [9d 7c Th] [Jh]
DoggoD790: checks 
shovelka: bets $0.30
DoggoD790: folds 
Uncalled bet ($0.30) returned to shovelka
shovelka collected $1.19 from pot
shovelka: doesn't show hand 
*** SUMMARY ***
Total pot $1.25 | Rake $0.06 
Board [9d 7c Th Jh]
Seat 1: shovelka (button) collected ($1.19)
Seat 2: Mahu2021 (small blind) folded before Flop
Seat 3: dkno77 (big blind) folded before Flop
Seat 4: DoggoD790 folded on the Turn
Seat 5: IVERNMAN folded before Flop (didn't bet)
Seat 6: Karaflas1 folded before Flop (didn't bet)



PokerStars Zoom Hand #254379175990:  Hold'em No Limit ($0.05/$0.10) - 2025/01/15 10:14:17 CET [2025/01/15 4:14:17 ET]
Table 'Aludra' 6-max Seat #1 is the button
Seat 1: assombrirleciel ($13.39 in chips) 
Seat 2: Ritter00 ($3.84 in chips) 
Seat 3: Vadim91_blr ($14.08 in chips) 
Seat 4: Mahu2021 ($10.76 in chips) 
Seat 5: smoky fish 90 ($40.31 in chips) 
Seat 6: Love Beckham ($11.22 in chips) 
Ritter00: posts small blind $0.05
Vadim91_blr: posts big blind $0.10
*** HOLE CARDS ***
Dealt to Mahu2021 [Ts 2s]
Mahu2021: folds 
smoky fish 90: raises $0.10 to $0.20
Love Beckham: calls $0.20
assombrirleciel: folds 
Ritter00: folds 
Vadim91_blr: calls $0.10
*** FLOP *** [Ac 9s Ks]
Vadim91_blr: checks 
smoky fish 90: checks 
Love Beckham: checks 
*** TURN *** [Ac 9s Ks] [8h]
Vadim91_blr: checks 
smoky fish 90: checks 
Love Beckham: checks 
*** RIVER *** [Ac 9s Ks 8h] [Ad]
Vadim91_blr: bets $0.20
smoky fish 90: calls $0.20
Love Beckham: folds 
*** SHOW DOWN ***
Vadim91_blr: shows [Kh Qd] (two pair, Aces and Kings)
smoky fish 90: mucks hand 
Vadim91_blr collected $1 from pot
*** SUMMARY ***
Total pot $1.05 | Rake $0.05 
Board [Ac 9s Ks 8h Ad]
Seat 1: assombrirleciel (button) folded before Flop (didn't bet)
Seat 2: Ritter00 (small blind) folded before Flop
Seat 3: Vadim91_blr (big blind) showed [Kh Qd] and won ($1) with two pair, Aces and Kings
Seat 4: Mahu2021 folded before Flop (didn't bet)
Seat 5: smoky fish 90 mucked [Jc Js]
Seat 6: Love Beckham folded on the River



PokerStars Zoom Hand #254379180564:  Hold'em No Limit ($0.05/$0.10) - 2025/01/15 10:15:08 CET [2025/01/15 4:15:08 ET]
Table 'Aludra' 6-max Seat #1 is the button
Seat 1: ciceron86 ($13.23 in chips) 
Seat 2: Mahu2021 ($10.38 in chips) 
Seat 3: Karaflas1 ($20.94 in chips) 
Seat 4: Extecoetter25 ($26.12 in chips) 
Seat 5: Vadim91_blr ($16.66 in chips) 
Seat 6: Vima-MTL ($5.18 in chips) 
Mahu2021: posts small blind $0.05
Karaflas1: posts big blind $0.10
*** HOLE CARDS ***
Dealt to Mahu2021 [5d 7s]
Extecoetter25: folds 
Vadim91_blr: folds 
Vima-MTL: folds 
ciceron86: folds 
Mahu2021: folds 
Uncalled bet ($0.05) returned to Karaflas1
Karaflas1 collected $0.10 from pot
Karaflas1: doesn't show hand 
*** SUMMARY ***
Total pot $0.10 | Rake $0 
Seat 1: ciceron86 (button) folded before Flop (didn't bet)
Seat 2: Mahu2021 (small blind) folded before Flop
Seat 3: Karaflas1 (big blind) collected ($0.10)
Seat 4: Extecoetter25 folded before Flop (didn't bet)
Seat 5: Vadim91_blr folded before Flop (didn't bet)
Seat 6: Vima-MTL folded before Flop (didn't bet)



PokerStars Zoom Hand #254379181290:  Hold'em No Limit ($0.05/$0.10) - 2025/01/15 10:15:17 CET [2025/01/15 4:15:17 ET]
Table 'Aludra' 6-max Seat #1 is the button
Seat 1: KidMamba ($15.91 in chips) 
Seat 2: Extecoetter25 ($24.27 in chips) 
Seat 3: Ganbarimasyou ($10 in chips) 
Seat 4: Mahu2021 ($10.33 in chips) 
Seat 5: IVERNMAN ($14.58 in chips) 
Seat 6: dkno77 ($12.51 in chips) 
Extecoetter25: posts small blind $0.05
Ganbarimasyou: posts big blind $0.10
*** HOLE CARDS ***
Dealt to Mahu2021 [Js 8h]
Mahu2021: folds 
IVERNMAN: folds 
dkno77: folds 
KidMamba: folds 
Extecoetter25: folds 
Uncalled bet ($0.05) returned to Ganbarimasyou
Ganbarimasyou collected $0.10 from pot
Ganbarimasyou: doesn't show hand 
*** SUMMARY ***
Total pot $0.10 | Rake $0 
Seat 1: KidMamba (button) folded before Flop (didn't bet)
Seat 2: Extecoetter25 (small blind) folded before Flop
Seat 3: Ganbarimasyou (big blind) collected ($0.10)
Seat 4: Mahu2021 folded before Flop (didn't bet)
Seat 5: IVERNMAN folded before Flop (didn't bet)
Seat 6: dkno77 folded before Flop (didn't bet)



PokerStars Zoom Hand #254379181653:  Hold'em No Limit ($0.05/$0.10) - 2025/01/15 10:15:21 CET [2025/01/15 4:15:21 ET]
Table 'Aludra' 6-max Seat #1 is the button
Seat 1: Mahu2021 ($10.33 in chips) 
Seat 2: assombrirleciel ($10 in chips) 
Seat 3: Karaflas1 ($10 in chips) 
Seat 4: hummbold ($10 in chips) 
Seat 5: Ganbarimasyou ($10.10 in chips) 
Seat 6: Mentozs ($5.96 in chips) 
assombrirleciel: posts small blind $0.05
Karaflas1: posts big blind $0.10
*** HOLE CARDS ***
Dealt to Mahu2021 [Js 2d]
hummbold has timed out
hummbold: folds 
Ganbarimasyou: folds 
Mentozs: folds 
Mahu2021: folds 
assombrirleciel: raises $0.14 to $0.24
Karaflas1: folds 
Uncalled bet ($0.14) returned to assombrirleciel
assombrirleciel collected $0.20 from pot
assombrirleciel: doesn't show hand 
*** SUMMARY ***
Total pot $0.20 | Rake $0 
Seat 1: Mahu2021 (button) folded before Flop (didn't bet)
Seat 2: assombrirleciel (small blind) collected ($0.20)
Seat 3: Karaflas1 (big blind) folded before Flop
Seat 4: hummbold folded before Flop (didn't bet)
Seat 5: Ganbarimasyou folded before Flop (didn't bet)
Seat 6: Mentozs folded before Flop (didn't bet)



PokerStars Zoom Hand #254379180928:  Hold'em No Limit ($0.05/$0.10) - 2025/01/15 10:15:13 CET [2025/01/15 4:15:13 ET]
Table 'Aludra' 6-max Seat #1 is the button
Seat 1: Prfct Insdr ($8.01 in chips) 
Seat 2: lolb0t ($10 in chips) 
Seat 3: EMH55 ($11.77 in chips) 
Seat 4: Gobi000 ($10.83 in chips) 
Seat 5: Mahu2021 ($10.33 in chips) 
Seat 6: taka736 ($10 in chips) 
lolb0t: posts small blind $0.05
EMH55: posts big blind $0.10
*** HOLE CARDS ***
Dealt to Mahu2021 [Qc 7c]
Gobi000: raises $0.15 to $0.25
Mahu2021: folds 
taka736: folds 
Prfct Insdr: folds 
lolb0t: folds 
EMH55: calls $0.15
*** FLOP *** [2h 5h 8s]
EMH55: checks 
Gobi000: bets $0.13
EMH55: calls $0.13
*** TURN *** [2h 5h 8s] [Th]
EMH55: checks 
Gobi000: checks 
*** RIVER *** [2h 5h 8s Th] [3c]
EMH55: checks 
Gobi000: bets $0.39
EMH55: calls $0.39
*** SHOW DOWN ***
Gobi000: shows [Kd 8d] (a pair of Eights)
EMH55: shows [Td Js] (a pair of Tens)
EMH55 collected $1.50 from pot
*** SUMMARY ***
Total pot $1.59 | Rake $0.09 
Board [2h 5h 8s Th 3c]
Seat 1: Prfct Insdr (button) folded before Flop (didn't bet)
Seat 2: lolb0t (small blind) folded before Flop
Seat 3: EMH55 (big blind) showed [Td Js] and won ($1.50) with a pair of Tens
Seat 4: Gobi000 showed [Kd 8d] and lost with a pair of Eights
Seat 5: Mahu2021 folded before Flop (didn't bet)
Seat 6: taka736 folded before Flop (didn't bet)



PokerStars Zoom Hand #254379182296:  Hold'em No Limit ($0.05/$0.10) - 2025/01/15 10:15:28 CET [2025/01/15 4:15:28 ET]
Table 'Aludra' 6-max Seat #1 is the button
Seat 1: 00O-2Z ($10.25 in chips) 
Seat 2: alexber1111 ($12.54 in chips) 
Seat 3: ciceron86 ($10 in chips) 
Seat 4: IVERNMAN ($14.58 in chips) 
Seat 5: EMH55 ($8.65 in chips) 
Seat 6: Mahu2021 ($10.33 in chips) 
alexber1111: posts small blind $0.05
ciceron86: posts big blind $0.10
*** HOLE CARDS ***
Dealt to Mahu2021 [7d 5d]
IVERNMAN: raises $0.10 to $0.20
EMH55: calls $0.20
Mahu2021: calls $0.20
00O-2Z: folds 
alexber1111: folds 
ciceron86: folds 
*** FLOP *** [9h 8s 9s]
IVERNMAN: checks 
EMH55: checks 
Mahu2021: checks 
*** TURN *** [9h 8s 9s] [4s]
IVERNMAN: checks 
EMH55: checks 
Mahu2021: checks 
*** RIVER *** [9h 8s 9s 4s] [3c]
IVERNMAN: checks 
EMH55: checks 
Mahu2021: checks 
*** SHOW DOWN ***
IVERNMAN: shows [Ac 2c] (a pair of Nines)
EMH55: shows [Ad Jd] (a pair of Nines - Ace+Jack kicker)
Mahu2021: mucks hand 
EMH55 collected $0.71 from pot
*** SUMMARY ***
Total pot $0.75 | Rake $0.04 
Board [9h 8s 9s 4s 3c]
Seat 1: 00O-2Z (button) folded before Flop (didn't bet)
Seat 2: alexber1111 (small blind) folded before Flop
Seat 3: ciceron86 (big blind) folded before Flop
Seat 4: IVERNMAN showed [Ac 2c] and lost with a pair of Nines
Seat 5: EMH55 showed [Ad Jd] and won ($0.71) with a pair of Nines
Seat 6: Mahu2021 mucked [7d 5d]



PokerStars Zoom Hand #254379187104:  Hold'em No Limit ($0.05/$0.10) - 2025/01/15 10:16:21 CET [2025/01/15 4:16:21 ET]
Table 'Aludra' 6-max Seat #1 is the button
Seat 1: dkno77 ($12.26 in chips) 
Seat 2: franz Z750 ($10.72 in chips) 
Seat 3: Mahu2021 ($10.13 in chips) 
Seat 4: EMH55 ($9.16 in chips) 
Seat 5: taka736 ($10 in chips) 
Seat 6: IVERNMAN ($10.08 in chips) 
franz Z750: posts small blind $0.05
Mahu2021: posts big blind $0.10
*** HOLE CARDS ***
Dealt to Mahu2021 [2s Kh]
EMH55: folds 
taka736: folds 
IVERNMAN: folds 
dkno77: folds 
franz Z750: raises $0.20 to $0.30
Mahu2021: calls $0.20
*** FLOP *** [Ts 9s Td]
franz Z750: checks 
Mahu2021: checks 
*** TURN *** [Ts 9s Td] [Tc]
franz Z750: bets $0.14
Mahu2021: folds 
Uncalled bet ($0.14) returned to franz Z750
franz Z750 collected $0.56 from pot
franz Z750: doesn't show hand 
*** SUMMARY ***
Total pot $0.60 | Rake $0.04 
Board [Ts 9s Td Tc]
Seat 1: dkno77 (button) folded before Flop (didn't bet)
Seat 2: franz Z750 (small blind) collected ($0.56)
Seat 3: Mahu2021 (big blind) folded on the Turn
Seat 4: EMH55 folded before Flop (didn't bet)
Seat 5: taka736 folded before Flop (didn't bet)
Seat 6: IVERNMAN folded before Flop (didn't bet)



PokerStars Zoom Hand #254379190665:  Hold'em No Limit ($0.05/$0.10) - 2025/01/15 10:17:01 CET [2025/01/15 4:17:01 ET]
Table 'Aludra' 6-max Seat #1 is the button
Seat 1: Mahu2021 ($9.78 in chips) 
Seat 2: A.DOD4 ($10.18 in chips) 
Seat 3: Vadim91_blr ($12.11 in chips) 
Seat 4: lolb0t ($10.15 in chips) 
Seat 5: taka736 ($10 in chips) 
Seat 6: IVERNMAN ($14.28 in chips) 
A.DOD4: posts small blind $0.05
Vadim91_blr: posts big blind $0.10
*** HOLE CARDS ***
Dealt to Mahu2021 [2d 7s]
lolb0t: folds 
taka736: folds 
IVERNMAN: raises $0.20 to $0.30
Mahu2021: folds 
A.DOD4: folds 
Vadim91_blr: folds 
Uncalled bet ($0.20) returned to IVERNMAN
IVERNMAN collected $0.25 from pot
IVERNMAN: doesn't show hand 
*** SUMMARY ***
Total pot $0.25 | Rake $0 
Seat 1: Mahu2021 (button) folded before Flop (didn't bet)
Seat 2: A.DOD4 (small blind) folded before Flop
Seat 3: Vadim91_blr (big blind) folded before Flop
Seat 4: lolb0t folded before Flop (didn't bet)
Seat 5: taka736 folded before Flop (didn't bet)
Seat 6: IVERNMAN collected ($0.25)



PokerStars Zoom Hand #254379191976:  Hold'em No Limit ($0.05/$0.10) - 2025/01/15 10:17:16 CET [2025/01/15 4:17:16 ET]
Table 'Aludra' 6-max Seat #1 is the button
Seat 1: ciceron86 ($10.19 in chips) 
Seat 2: assombrirleciel ($10 in chips) 
Seat 3: Gobi000 ($19.28 in chips) 
Seat 4: A.DOD4 ($10.13 in chips) 
Seat 5: Extecoetter25 ($26.97 in chips) 
Seat 6: Mahu2021 ($9.68 in chips) 
assombrirleciel: posts small blind $0.05
Gobi000: posts big blind $0.10
*** HOLE CARDS ***
Dealt to Mahu2021 [8c 7h]
A.DOD4: raises $0.18 to $0.28
Extecoetter25: folds 
Mahu2021: folds 
ciceron86: folds 
assombrirleciel: folds 
Gobi000: folds 
Uncalled bet ($0.18) returned to A.DOD4
A.DOD4 collected $0.25 from pot
A.DOD4: doesn't show hand 
*** SUMMARY ***
Total pot $0.25 | Rake $0 
Seat 1: ciceron86 (button) folded before Flop (didn't bet)
Seat 2: assombrirleciel (small blind) folded before Flop
Seat 3: Gobi000 (big blind) folded before Flop
Seat 4: A.DOD4 collected ($0.25)
Seat 5: Extecoetter25 folded before Flop (didn't bet)
Seat 6: Mahu2021 folded before Flop (didn't bet)



PokerStars Zoom Hand #254379192444:  Hold'em No Limit ($0.05/$0.10) - 2025/01/15 10:17:21 CET [2025/01/15 4:17:21 ET]
Table 'Aludra' 6-max Seat #1 is the button
Seat 1: Karaflas1 ($20.94 in chips) 
Seat 2: Mahu2021 ($9.68 in chips) 
Seat 3: Alejandro85s ($10.47 in chips) 
Seat 4: assombrirleciel ($10 in chips) 
Seat 5: IVERNMAN ($10.71 in chips) 
Seat 6: TomysT8 ($16.19 in chips) 
Mahu2021: posts small blind $0.05
Alejandro85s: posts big blind $0.10
*** HOLE CARDS ***
Dealt to Mahu2021 [6d Qs]
assombrirleciel: folds 
IVERNMAN: folds 
TomysT8: folds 
Karaflas1: folds 
Mahu2021: folds 
Uncalled bet ($0.05) returned to Alejandro85s
Alejandro85s collected $0.10 from pot
Alejandro85s: doesn't show hand 
*** SUMMARY ***
Total pot $0.10 | Rake $0 
Seat 1: Karaflas1 (button) folded before Flop (didn't bet)
Seat 2: Mahu2021 (small blind) folded before Flop
Seat 3: Alejandro85s (big blind) collected ($0.10)
Seat 4: assombrirleciel folded before Flop (didn't bet)
Seat 5: IVERNMAN folded before Flop (didn't bet)
Seat 6: TomysT8 folded before Flop (didn't bet)



PokerStars Zoom Hand #254379189792:  Hold'em No Limit ($0.05/$0.10) - 2025/01/15 10:16:51 CET [2025/01/15 4:16:51 ET]
Table 'Aludra' 6-max Seat #1 is the button
Seat 1: Ritter00 ($6.04 in chips) 
Seat 2: alexber1111 ($11.19 in chips) 
Seat 3: scotterspotters ($21.80 in chips) 
Seat 4: Vadim91_blr ($16.41 in chips) 
Seat 5: Mahu2021 ($9.83 in chips) 
Seat 6: Jinzoo1 ($13.28 in chips) 
alexber1111: posts small blind $0.05
scotterspotters: posts big blind $0.10
*** HOLE CARDS ***
Dealt to Mahu2021 [4c 5s]
Vadim91_blr: folds 
Mahu2021: folds 
Jinzoo1: raises $0.10 to $0.20
Ritter00: raises $0.55 to $0.75
alexber1111: raises $1.15 to $1.90
scotterspotters: folds 
Jinzoo1: folds 
Ritter00: raises $4.14 to $6.04 and is all-in
alexber1111: calls $4.14
*** FLOP *** [Kc Kd Qc]
*** TURN *** [Kc Kd Qc] [9c]
*** RIVER *** [Kc Kd Qc 9c] [Js]
*** SHOW DOWN ***
alexber1111: shows [Ad Ac] (two pair, Aces and Kings)
Ritter00: shows [Jh Jd] (a full house, Jacks full of Kings)
Ritter00 collected $11.82 from pot
*** SUMMARY ***
Total pot $12.38 | Rake $0.56 
Board [Kc Kd Qc 9c Js]
Seat 1: Ritter00 (button) showed [Jh Jd] and won ($11.82) with a full house, Jacks full of Kings
Seat 2: alexber1111 (small blind) showed [Ad Ac] and lost with two pair, Aces and Kings
Seat 3: scotterspotters (big blind) folded before Flop
Seat 4: Vadim91_blr folded before Flop (didn't bet)
Seat 5: Mahu2021 folded before Flop (didn't bet)
Seat 6: Jinzoo1 folded before Flop



PokerStars Zoom Hand #254379191389:  Hold'em No Limit ($0.05/$0.10) - 2025/01/15 10:17:09 CET [2025/01/15 4:17:09 ET]
Table 'Aludra' 6-max Seat #1 is the button
Seat 1: Arturasmaz ($12.29 in chips) 
Seat 2: fkdupshit ($11.01 in chips) 
Seat 3: Mahu2021 ($9.78 in chips) 
Seat 4: Jinzoo1 ($13.08 in chips) 
Seat 5: assombrirleciel ($10 in chips) 
Seat 6: ciceron86 ($10.19 in chips) 
fkdupshit: posts small blind $0.05
Mahu2021: posts big blind $0.10
*** HOLE CARDS ***
Dealt to Mahu2021 [Th 4c]
Jinzoo1: folds 
assombrirleciel: folds 
ciceron86: folds 
Arturasmaz: raises $0.10 to $0.20
fkdupshit: calls $0.15
Mahu2021: folds 
*** FLOP *** [4h 4d Ks]
fkdupshit: checks 
Arturasmaz: checks 
*** TURN *** [4h 4d Ks] [Js]
fkdupshit: bets $0.10
Arturasmaz: raises $0.40 to $0.50
fkdupshit: folds 
Uncalled bet ($0.40) returned to Arturasmaz
Arturasmaz collected $0.67 from pot
Arturasmaz: doesn't show hand 
*** SUMMARY ***
Total pot $0.70 | Rake $0.03 
Board [4h 4d Ks Js]
Seat 1: Arturasmaz (button) collected ($0.67)
Seat 2: fkdupshit (small blind) folded on the Turn
Seat 3: Mahu2021 (big blind) folded before Flop
Seat 4: Jinzoo1 folded before Flop (didn't bet)
Seat 5: assombrirleciel folded before Flop (didn't bet)
Seat 6: ciceron86 folded before Flop (didn't bet)



PokerStars Zoom Hand #254379190228:  Hold'em No Limit ($0.05/$0.10) - 2025/01/15 10:16:56 CET [2025/01/15 4:16:56 ET]
Table 'Aludra' 6-max Seat #1 is the button
Seat 1: Vima-MTL ($3.60 in chips) 
Seat 2: Mahu2021 ($9.83 in chips) 
Seat 3: Gobi000 ($10 in chips) 
Seat 4: Vadim91_blr ($12.11 in chips) 
Seat 5: cheekycharlie ($19.15 in chips) 
Seat 6: EMH55 ($12.35 in chips) 
Mahu2021: posts small blind $0.05
Gobi000: posts big blind $0.10
*** HOLE CARDS ***
Dealt to Mahu2021 [6h Js]
Vadim91_blr: folds 
cheekycharlie: raises $0.20 to $0.30
EMH55: calls $0.30
Vima-MTL: folds 
Mahu2021: folds 
Gobi000: folds 
*** FLOP *** [9s 5d Qs]
cheekycharlie: bets $0.36
EMH55: calls $0.36
*** TURN *** [9s 5d Qs] [8d]
cheekycharlie: bets $0.90
EMH55: calls $0.90
*** RIVER *** [9s 5d Qs 8d] [2s]
cheekycharlie: checks 
EMH55: bets $1.56
cheekycharlie: folds 
Uncalled bet ($1.56) returned to EMH55
EMH55 collected $3.08 from pot
EMH55: doesn't show hand 
*** SUMMARY ***
Total pot $3.27 | Rake $0.19 
Board [9s 5d Qs 8d 2s]
Seat 1: Vima-MTL (button) folded before Flop (didn't bet)
Seat 2: Mahu2021 (small blind) folded before Flop
Seat 3: Gobi000 (big blind) folded before Flop
Seat 4: Vadim91_blr folded before Flop (didn't bet)
Seat 5: cheekycharlie folded on the River
Seat 6: EMH55 collected ($3.08)



PokerStars Zoom Hand #254379192807:  Hold'em No Limit ($0.05/$0.10) - 2025/01/15 10:17:25 CET [2025/01/15 4:17:25 ET]
Table 'Aludra' 6-max Seat #1 is the button
Seat 1: Extecoetter25 ($24.47 in chips) 
Seat 2: taka736 ($10 in chips) 
Seat 3: Jinzoo1 ($13.03 in chips) 
Seat 4: assombrirleciel ($10 in chips) 
Seat 5: Mahu2021 ($9.63 in chips) 
Seat 6: ciceron86 ($10 in chips) 
taka736: posts small blind $0.05
Jinzoo1: posts big blind $0.10
*** HOLE CARDS ***
Dealt to Mahu2021 [Qc Ac]
assombrirleciel: folds 
Mahu2021: raises $0.20 to $0.30
ciceron86: folds 
Extecoetter25: folds 
taka736: raises $1.05 to $1.35
Jinzoo1: folds 
Mahu2021: calls $1.05
*** FLOP *** [Ad 9s 6c]
taka736: bets $0.53
Mahu2021: raises $3.73 to $4.26
taka736: folds 
Uncalled bet ($3.73) returned to Mahu2021
Mahu2021 collected $3.69 from pot
Mahu2021: doesn't show hand 
*** SUMMARY ***
Total pot $3.86 | Rake $0.17 
Board [Ad 9s 6c]
Seat 1: Extecoetter25 (button) folded before Flop (didn't bet)
Seat 2: taka736 (small blind) folded on the Flop
Seat 3: Jinzoo1 (big blind) folded before Flop
Seat 4: assombrirleciel folded before Flop (didn't bet)
Seat 5: Mahu2021 collected ($3.69)
Seat 6: ciceron86 folded before Flop (didn't bet)



PokerStars Zoom Hand #254379195933:  Hold'em No Limit ($0.05/$0.10) - 2025/01/15 10:18:00 CET [2025/01/15 4:18:00 ET]
Table 'Aludra' 6-max Seat #1 is the button
Seat 1: taka736 ($10 in chips) 
Seat 2: alexber1111 ($10 in chips) 
Seat 3: Prfct Insdr ($9.44 in chips) 
Seat 4: Sheppetamen ($10 in chips) 
Seat 5: you_fold_7 ($22.82 in chips) 
Seat 6: Mahu2021 ($11.44 in chips) 
alexber1111: posts small blind $0.05
Prfct Insdr: posts big blind $0.10
*** HOLE CARDS ***
Dealt to Mahu2021 [Jd 2d]
Sheppetamen: folds 
you_fold_7: folds 
Mahu2021: folds 
taka736: folds 
alexber1111: raises $0.20 to $0.30
Prfct Insdr: folds 
Uncalled bet ($0.20) returned to alexber1111
alexber1111 collected $0.20 from pot
alexber1111: doesn't show hand 
*** SUMMARY ***
Total pot $0.20 | Rake $0 
Seat 1: taka736 (button) folded before Flop (didn't bet)
Seat 2: alexber1111 (small blind) collected ($0.20)
Seat 3: Prfct Insdr (big blind) folded before Flop
Seat 4: Sheppetamen folded before Flop (didn't bet)
Seat 5: you_fold_7 folded before Flop (didn't bet)
Seat 6: Mahu2021 folded before Flop (didn't bet)



PokerStars Zoom Hand #254379196385:  Hold'em No Limit ($0.05/$0.10) - 2025/01/15 10:18:05 CET [2025/01/15 4:18:05 ET]
Table 'Aludra' 6-max Seat #1 is the button
Seat 1: Mahu2021 ($11.44 in chips) 
Seat 2: ciceron86 ($10.23 in chips) 
Seat 3: Karaflas1 ($28.68 in chips) 
Seat 4: assombrirleciel ($18.12 in chips) 
Seat 5: stedy_eddie ($9.78 in chips) 
Seat 6: taka736 ($10 in chips) 
ciceron86: posts small blind $0.05
Karaflas1: posts big blind $0.10
*** HOLE CARDS ***
Dealt to Mahu2021 [2c Ts]
assombrirleciel: folds 
stedy_eddie: raises $0.20 to $0.30
taka736: folds 
Mahu2021: folds 
ciceron86: folds 
Karaflas1: folds 
Uncalled bet ($0.20) returned to stedy_eddie
stedy_eddie collected $0.25 from pot
stedy_eddie: doesn't show hand 
*** SUMMARY ***
Total pot $0.25 | Rake $0 
Seat 1: Mahu2021 (button) folded before Flop (didn't bet)
Seat 2: ciceron86 (small blind) folded before Flop
Seat 3: Karaflas1 (big blind) folded before Flop
Seat 4: assombrirleciel folded before Flop (didn't bet)
Seat 5: stedy_eddie collected ($0.25)
Seat 6: taka736 folded before Flop (didn't bet)



PokerStars Zoom Hand #254379196859:  Hold'em No Limit ($0.05/$0.10) - 2025/01/15 10:18:10 CET [2025/01/15 4:18:10 ET]
Table 'Aludra' 6-max Seat #1 is the button
Seat 1: smoky fish 90 ($30.80 in chips) 
Seat 2: Gobi000 ($10 in chips) 
Seat 3: Mahu2021 ($11.44 in chips) 
Seat 4: TomysT8 ($16.09 in chips) 
Seat 5: you_fold_7 ($22.82 in chips) 
Seat 6: Ganbarimasyou ($10.26 in chips) 
Gobi000: posts small blind $0.05
Mahu2021: posts big blind $0.10
*** HOLE CARDS ***
Dealt to Mahu2021 [Kd 4s]
TomysT8: folds 
you_fold_7: folds 
Ganbarimasyou: folds 
smoky fish 90: folds 
Gobi000: raises $0.20 to $0.30
Mahu2021: calls $0.20
*** FLOP *** [Ks 5s 2c]
Gobi000: checks 
Mahu2021: bets $0.57
Gobi000: folds 
Uncalled bet ($0.57) returned to Mahu2021
Mahu2021 collected $0.57 from pot
Mahu2021: doesn't show hand 
*** SUMMARY ***
Total pot $0.60 | Rake $0.03 
Board [Ks 5s 2c]
Seat 1: smoky fish 90 (button) folded before Flop (didn't bet)
Seat 2: Gobi000 (small blind) folded on the Flop
Seat 3: Mahu2021 (big blind) collected ($0.57)
Seat 4: TomysT8 folded before Flop (didn't bet)
Seat 5: you_fold_7 folded before Flop (didn't bet)
Seat 6: Ganbarimasyou folded before Flop (didn't bet)



PokerStars Zoom Hand #254379200932:  Hold'em No Limit ($0.05/$0.10) - 2025/01/15 10:18:55 CET [2025/01/15 4:18:55 ET]
Table 'Aludra' 6-max Seat #1 is the button
Seat 1: IVERNMAN ($10.52 in chips) 
Seat 2: scotterspotters ($20.15 in chips) 
Seat 3: Greytree666 ($10.34 in chips) 
Seat 4: Mahu2021 ($11.71 in chips) 
Seat 5: buenaure ($21.50 in chips) 
Seat 6: you_fold_7 ($22.77 in chips) 
scotterspotters: posts small blind $0.05
Greytree666: posts big blind $0.10
*** HOLE CARDS ***
Dealt to Mahu2021 [5s 2d]
Mahu2021: folds 
buenaure: folds 
you_fold_7: raises $0.20 to $0.30
IVERNMAN: folds 
scotterspotters: folds 
Greytree666: folds 
Uncalled bet ($0.20) returned to you_fold_7
you_fold_7 collected $0.25 from pot
you_fold_7: doesn't show hand 
*** SUMMARY ***
Total pot $0.25 | Rake $0 
Seat 1: IVERNMAN (button) folded before Flop (didn't bet)
Seat 2: scotterspotters (small blind) folded before Flop
Seat 3: Greytree666 (big blind) folded before Flop
Seat 4: Mahu2021 folded before Flop (didn't bet)
Seat 5: buenaure folded before Flop (didn't bet)
Seat 6: you_fold_7 collected ($0.25)



PokerStars Zoom Hand #254379201682:  Hold'em No Limit ($0.05/$0.10) - 2025/01/15 10:19:03 CET [2025/01/15 4:19:03 ET]
Table 'Aludra' 6-max Seat #1 is the button
Seat 1: A.DOD4 ($10.94 in chips) 
Seat 2: Mahu2021 ($11.71 in chips) 
Seat 3: alexber1111 ($10.66 in chips) 
Seat 4: ThomasGoldberg ($9.73 in chips) 
Seat 5: Karaflas1 ($10.50 in chips) 
Seat 6: Vadim91_blr ($16.01 in chips) 
Mahu2021: posts small blind $0.05
alexber1111: posts big blind $0.10
*** HOLE CARDS ***
Dealt to Mahu2021 [3d 4h]
ThomasGoldberg: folds 
Karaflas1: folds 
Vadim91_blr: folds 
A.DOD4: folds 
Mahu2021: folds 
Uncalled bet ($0.05) returned to alexber1111
alexber1111 collected $0.10 from pot
alexber1111: doesn't show hand 
*** SUMMARY ***
Total pot $0.10 | Rake $0 
Seat 1: A.DOD4 (button) folded before Flop (didn't bet)
Seat 2: Mahu2021 (small blind) folded before Flop
Seat 3: alexber1111 (big blind) collected ($0.10)
Seat 4: ThomasGoldberg folded before Flop (didn't bet)
Seat 5: Karaflas1 folded before Flop (didn't bet)
Seat 6: Vadim91_blr folded before Flop (didn't bet)



PokerStars Zoom Hand #254379201394:  Hold'em No Limit ($0.05/$0.10) - 2025/01/15 10:19:00 CET [2025/01/15 4:19:00 ET]
Table 'Aludra' 6-max Seat #1 is the button
Seat 1: 00O-2Z ($10.63 in chips) 
Seat 2: IVERNMAN ($10.52 in chips) 
Seat 3: COSINU$ ($6.05 in chips) 
Seat 4: Mahu2021 ($11.71 in chips) 
Seat 5: TomysT8 ($16.19 in chips) 
Seat 6: taka736 ($10 in chips) 
IVERNMAN: posts small blind $0.05
COSINU$: posts big blind $0.10
*** HOLE CARDS ***
Dealt to Mahu2021 [Ts 7s]
Mahu2021: folds 
TomysT8: folds 
taka736: raises $0.13 to $0.23
00O-2Z: folds 
IVERNMAN: calls $0.18
COSINU$: folds 
*** FLOP *** [Qd 5c 6c]
IVERNMAN: checks 
taka736: checks 
*** TURN *** [Qd 5c 6c] [7d]
IVERNMAN: checks 
taka736: checks 
*** RIVER *** [Qd 5c 6c 7d] [5h]
IVERNMAN: bets $0.17
taka736: folds 
Uncalled bet ($0.17) returned to IVERNMAN
IVERNMAN collected $0.53 from pot
IVERNMAN: doesn't show hand 
*** SUMMARY ***
Total pot $0.56 | Rake $0.03 
Board [Qd 5c 6c 7d 5h]
Seat 1: 00O-2Z (button) folded before Flop (didn't bet)
Seat 2: IVERNMAN (small blind) collected ($0.53)
Seat 3: COSINU$ (big blind) folded before Flop
Seat 4: Mahu2021 folded before Flop (didn't bet)
Seat 5: TomysT8 folded before Flop (didn't bet)
Seat 6: taka736 folded on the River



PokerStars Zoom Hand #254379202108:  Hold'em No Limit ($0.05/$0.10) - 2025/01/15 10:19:08 CET [2025/01/15 4:19:08 ET]
Table 'Aludra' 6-max Seat #1 is the button
Seat 1: DanBzrQQQQ ($14.47 in chips) 
Seat 2: Victormafs ($9.89 in chips) 
Seat 3: Ganbarimasyou ($10.21 in chips) 
Seat 4: assombrirleciel ($10 in chips) 
Seat 5: Mahu2021 ($11.66 in chips) 
Seat 6: ThomasGoldberg ($9.73 in chips) 
Victormafs: posts small blind $0.05
Ganbarimasyou: posts big blind $0.10
*** HOLE CARDS ***
Dealt to Mahu2021 [7s 6d]
assombrirleciel: folds 
Mahu2021: folds 
ThomasGoldberg: folds 
DanBzrQQQQ: raises $0.13 to $0.23
Victormafs: calls $0.18
Ganbarimasyou: folds 
*** FLOP *** [Qs 8d 2s]
Victormafs: checks 
DanBzrQQQQ: bets $0.17
Victormafs: calls $0.17
*** TURN *** [Qs 8d 2s] [7d]
Victormafs: checks 
DanBzrQQQQ: checks 
*** RIVER *** [Qs 8d 2s 7d] [Jh]
Victormafs: checks 
DanBzrQQQQ: bets $1.80
Victormafs: calls $1.80
*** SHOW DOWN ***
DanBzrQQQQ: shows [Tc 9c] (a straight, Eight to Queen)
Victormafs: mucks hand 
DanBzrQQQQ collected $4.30 from pot
*** SUMMARY ***
Total pot $4.50 | Rake $0.20 
Board [Qs 8d 2s 7d Jh]
Seat 1: DanBzrQQQQ (button) showed [Tc 9c] and won ($4.30) with a straight, Eight to Queen
Seat 2: Victormafs (small blind) mucked [Jc Ts]
Seat 3: Ganbarimasyou (big blind) folded before Flop
Seat 4: assombrirleciel folded before Flop (didn't bet)
Seat 5: Mahu2021 folded before Flop (didn't bet)
Seat 6: ThomasGoldberg folded before Flop (didn't bet)



PokerStars Zoom Hand #254379202514:  Hold'em No Limit ($0.05/$0.10) - 2025/01/15 10:19:13 CET [2025/01/15 4:19:13 ET]
Table 'Aludra' 6-max Seat #1 is the button
Seat 1: Mahu2021 ($11.66 in chips) 
Seat 2: garimegane ($10 in chips) 
Seat 3: dkno77 ($12.46 in chips) 
Seat 4: COSINU$ ($5.95 in chips) 
Seat 5: fkdupshit ($10.61 in chips) 
Seat 6: assombrirleciel ($10 in chips) 
garimegane: posts small blind $0.05
dkno77: posts big blind $0.10
*** HOLE CARDS ***
Dealt to Mahu2021 [Ac Th]
COSINU$: folds 
fkdupshit: folds 
assombrirleciel: raises $0.14 to $0.24
Mahu2021: calls $0.24
garimegane: folds 
dkno77: folds 
*** FLOP *** [Ts Jh Qh]
assombrirleciel: bets $0.50
Mahu2021: calls $0.50
*** TURN *** [Ts Jh Qh] [3h]
assombrirleciel: bets $1.20
Mahu2021: calls $1.20
*** RIVER *** [Ts Jh Qh 3h] [9s]
assombrirleciel: checks 
Mahu2021: bets $9.72 and is all-in
assombrirleciel: folds 
Uncalled bet ($9.72) returned to Mahu2021
Mahu2021 collected $3.85 from pot
Mahu2021: doesn't show hand 
*** SUMMARY ***
Total pot $4.03 | Rake $0.18 
Board [Ts Jh Qh 3h 9s]
Seat 1: Mahu2021 (button) collected ($3.85)
Seat 2: garimegane (small blind) folded before Flop
Seat 3: dkno77 (big blind) folded before Flop
Seat 4: COSINU$ folded before Flop (didn't bet)
Seat 5: fkdupshit folded before Flop (didn't bet)
Seat 6: assombrirleciel folded on the River



