PokerStars Zoom Hand #253870464616:  Hold'em No Limit ($0.05/$0.10) - 2024/12/15 20:58:39 CET [2024/12/15 14:58:39 ET]
Table 'Aludra' 6-max Seat #1 is the button
Seat 1: VieraNeto ($15.89 in chips) 
Seat 2: thebuilder86 ($14.86 in chips) 
Seat 3: Mahu2021 ($10 in chips) 
Seat 4: aki52857 ($8.36 in chips) 
Seat 5: Joypill ($24.15 in chips) 
Seat 6: osakei1024 ($4.75 in chips) 
thebuilder86: posts small blind $0.05
Mahu2021: posts big blind $0.10
*** HOLE CARDS ***
Dealt to Mahu2021 [Qs 8h]
aki52857: folds 
Joypill: folds 
osakei1024: folds 
VieraNeto: folds 
thebuilder86: folds 
Uncalled bet ($0.05) returned to Mahu2021
Mahu2021 collected $0.10 from pot
Mahu2021: doesn't show hand 
*** SUMMARY ***
Total pot $0.10 | Rake $0 
Seat 1: VieraNeto (button) folded before Flop (didn't bet)
Seat 2: thebuilder86 (small blind) folded before Flop
Seat 3: Mahu2021 (big blind) collected ($0.10)
Seat 4: aki52857 folded before Flop (didn't bet)
Seat 5: Joypill folded before Flop (didn't bet)
Seat 6: osakei1024 folded before Flop (didn't bet)



PokerStars Zoom Hand #253870467205:  Hold'em No Limit ($0.05/$0.10) - 2024/12/15 20:58:52 CET [2024/12/15 14:58:52 ET]
Table 'Aludra' 6-max Seat #1 is the button
Seat 1: naldao45 ($15.05 in chips) 
Seat 2: Mahu2021 ($10.05 in chips) 
Seat 3: oyuka1988 ($4.99 in chips) 
Seat 4: GSFoolish ($8.38 in chips) 
Seat 5: hong0627 ($10.26 in chips) 
Seat 6: Gal4krond ($21.71 in chips) 
Mahu2021: posts small blind $0.05
oyuka1988: posts big blind $0.10
*** HOLE CARDS ***
Dealt to Mahu2021 [6c 8c]
GSFoolish: folds 
hong0627: folds 
Gal4krond: raises $0.12 to $0.22
naldao45: folds 
Mahu2021: folds 
oyuka1988: folds 
Uncalled bet ($0.12) returned to Gal4krond
Gal4krond collected $0.25 from pot
Gal4krond: doesn't show hand 
*** SUMMARY ***
Total pot $0.25 | Rake $0 
Seat 1: naldao45 (button) folded before Flop (didn't bet)
Seat 2: Mahu2021 (small blind) folded before Flop
Seat 3: oyuka1988 (big blind) folded before Flop
Seat 4: GSFoolish folded before Flop (didn't bet)
Seat 5: hong0627 folded before Flop (didn't bet)
Seat 6: Gal4krond collected ($0.25)



PokerStars Zoom Hand #253870468411:  Hold'em No Limit ($0.05/$0.10) - 2024/12/15 20:58:58 CET [2024/12/15 14:58:58 ET]
Table 'Aludra' 6-max Seat #1 is the button
Seat 1: Mahu2021 ($10 in chips) 
Seat 2: 92Sammygo ($18.10 in chips) 
Seat 3: PokerLesson77 ($9 in chips) 
Seat 4: ksd23 ($24.47 in chips) 
Seat 5: Bur1k ($5 in chips) 
Seat 6: pokking876 ($12.34 in chips) 
92Sammygo: posts small blind $0.05
PokerLesson77: posts big blind $0.10
*** HOLE CARDS ***
Dealt to Mahu2021 [9s 6h]
ksd23: raises $0.15 to $0.25
Bur1k: folds 
pokking876: folds 
Mahu2021: folds 
92Sammygo: folds 
PokerLesson77: folds 
Uncalled bet ($0.15) returned to ksd23
ksd23 collected $0.25 from pot
ksd23: doesn't show hand 
*** SUMMARY ***
Total pot $0.25 | Rake $0 
Seat 1: Mahu2021 (button) folded before Flop (didn't bet)
Seat 2: 92Sammygo (small blind) folded before Flop
Seat 3: PokerLesson77 (big blind) folded before Flop
Seat 4: ksd23 collected ($0.25)
Seat 5: Bur1k folded before Flop (didn't bet)
Seat 6: pokking876 folded before Flop (didn't bet)



PokerStars Zoom Hand #253870469656:  Hold'em No Limit ($0.05/$0.10) - 2024/12/15 20:59:04 CET [2024/12/15 14:59:04 ET]
Table 'Aludra' 6-max Seat #1 is the button
Seat 1: elChipLead3r ($10.81 in chips) 
Seat 2: oyuka1988 ($4.89 in chips) 
Seat 3: osakei1024 ($4.55 in chips) 
Seat 4: Mr Jim 77 ($8.75 in chips) 
Seat 5: Mahu2021 ($10 in chips) 
Seat 6: barryedmunds ($22.17 in chips) 
oyuka1988: posts small blind $0.05
osakei1024: posts big blind $0.10
*** HOLE CARDS ***
Dealt to Mahu2021 [Ah 6d]
Mr Jim 77: folds 
Mahu2021: folds 
barryedmunds: folds 
elChipLead3r: folds 
oyuka1988: raises $0.20 to $0.30
osakei1024: raises $0.50 to $0.80
oyuka1988: raises $4.09 to $4.89 and is all-in
osakei1024: calls $3.75 and is all-in
Uncalled bet ($0.34) returned to oyuka1988
*** FLOP *** [3h 5h 8h]
*** TURN *** [3h 5h 8h] [7c]
*** RIVER *** [3h 5h 8h 7c] [2d]
*** SHOW DOWN ***
oyuka1988: shows [Tc Td] (a pair of Tens)
osakei1024: shows [As Ad] (a pair of Aces)
osakei1024 collected $8.69 from pot
*** SUMMARY ***
Total pot $9.10 | Rake $0.41 
Board [3h 5h 8h 7c 2d]
Seat 1: elChipLead3r (button) folded before Flop (didn't bet)
Seat 2: oyuka1988 (small blind) showed [Tc Td] and lost with a pair of Tens
Seat 3: osakei1024 (big blind) showed [As Ad] and won ($8.69) with a pair of Aces
Seat 4: Mr Jim 77 folded before Flop (didn't bet)
Seat 5: Mahu2021 folded before Flop (didn't bet)
Seat 6: barryedmunds folded before Flop (didn't bet)



PokerStars Zoom Hand #253870477212:  Hold'em No Limit ($0.05/$0.10) - 2024/12/15 20:59:42 CET [2024/12/15 14:59:42 ET]
Table 'Aludra' 6-max Seat #1 is the button
Seat 1: hempju1ce ($16.03 in chips) 
Seat 2: JacDs ($11.99 in chips) 
Seat 3: Kuri85 ($17.12 in chips) 
Seat 4: Mahu2021 ($9.85 in chips) 
Seat 5: Lentwood ($11.05 in chips) 
Seat 6: Bodil2020 ($10.31 in chips) 
JacDs: posts small blind $0.05
Kuri85: posts big blind $0.10
*** HOLE CARDS ***
Dealt to Mahu2021 [7h Ts]
Mahu2021: folds 
Lentwood: folds 
Bodil2020: folds 
hempju1ce: folds 
JacDs: folds 
Uncalled bet ($0.05) returned to Kuri85
Kuri85 collected $0.10 from pot
Kuri85: doesn't show hand 
*** SUMMARY ***
Total pot $0.10 | Rake $0 
Seat 1: hempju1ce (button) folded before Flop (didn't bet)
Seat 2: JacDs (small blind) folded before Flop
Seat 3: Kuri85 (big blind) collected ($0.10)
Seat 4: Mahu2021 folded before Flop (didn't bet)
Seat 5: Lentwood folded before Flop (didn't bet)
Seat 6: Bodil2020 folded before Flop (didn't bet)



PokerStars Zoom Hand #253870478124:  Hold'em No Limit ($0.05/$0.10) - 2024/12/15 20:59:46 CET [2024/12/15 14:59:46 ET]
Table 'Aludra' 6-max Seat #1 is the button
Seat 1: hong0627 ($11.80 in chips) 
Seat 2: 00O-2Z ($11.36 in chips) 
Seat 3: Mahu2021 ($9.85 in chips) 
Seat 4: Lentwood ($11.05 in chips) 
Seat 5: iPlay4staX ($11.58 in chips) 
Seat 6: carmazen ($10.31 in chips) 
00O-2Z: posts small blind $0.05
Mahu2021: posts big blind $0.10
*** HOLE CARDS ***
Dealt to Mahu2021 [6h 7s]
Lentwood: folds 
iPlay4staX: folds 
carmazen: folds 
hong0627: folds 
00O-2Z: folds 
Uncalled bet ($0.05) returned to Mahu2021
Mahu2021 collected $0.10 from pot
Mahu2021: doesn't show hand 
*** SUMMARY ***
Total pot $0.10 | Rake $0 
Seat 1: hong0627 (button) folded before Flop (didn't bet)
Seat 2: 00O-2Z (small blind) folded before Flop
Seat 3: Mahu2021 (big blind) collected ($0.10)
Seat 4: Lentwood folded before Flop (didn't bet)
Seat 5: iPlay4staX folded before Flop (didn't bet)
Seat 6: carmazen folded before Flop (didn't bet)



PokerStars Zoom Hand #253870470614:  Hold'em No Limit ($0.05/$0.10) - 2024/12/15 20:59:09 CET [2024/12/15 14:59:09 ET]
Table 'Aludra' 6-max Seat #1 is the button
Seat 1: witos72 ($9.60 in chips) 
Seat 2: Pilgan ($28.11 in chips) 
Seat 3: hong0627 ($11.48 in chips) 
Seat 4: DonkeyKong1960 ($15.30 in chips) 
Seat 5: MVPA1 ($12.85 in chips) 
Seat 6: Mahu2021 ($10 in chips) 
Pilgan: posts small blind $0.05
hong0627: posts big blind $0.10
*** HOLE CARDS ***
Dealt to Mahu2021 [4d 5s]
DonkeyKong1960: folds 
MVPA1: folds 
Mahu2021: folds 
witos72: raises $0.15 to $0.25
Pilgan: calls $0.20
hong0627: calls $0.15
*** FLOP *** [Qc 3c As]
Pilgan: checks 
hong0627: checks 
witos72: checks 
*** TURN *** [Qc 3c As] [9s]
Pilgan: bets $0.36
hong0627: folds 
witos72: calls $0.36
*** RIVER *** [Qc 3c As 9s] [2d]
Pilgan: checks 
witos72: checks 
*** SHOW DOWN ***
Pilgan: shows [Tc 9c] (a pair of Nines)
witos72: shows [Ac 4s] (a pair of Aces)
witos72 collected $1.40 from pot
*** SUMMARY ***
Total pot $1.47 | Rake $0.07 
Board [Qc 3c As 9s 2d]
Seat 1: witos72 (button) showed [Ac 4s] and won ($1.40) with a pair of Aces
Seat 2: Pilgan (small blind) showed [Tc 9c] and lost with a pair of Nines
Seat 3: hong0627 (big blind) folded on the Turn
Seat 4: DonkeyKong1960 folded before Flop (didn't bet)
Seat 5: MVPA1 folded before Flop (didn't bet)
Seat 6: Mahu2021 folded before Flop (didn't bet)



PokerStars Zoom Hand #253870480289:  Hold'em No Limit ($0.05/$0.10) - 2024/12/15 20:59:56 CET [2024/12/15 14:59:56 ET]
Table 'Aludra' 6-max Seat #1 is the button
Seat 1: MVM77788 ($9.90 in chips) 
Seat 2: elChipLead3r ($10.71 in chips) 
Seat 3: 00O-2Z ($11.31 in chips) 
Seat 4: naldao45 ($15.68 in chips) 
Seat 5: Bruno CP796 ($3.30 in chips) 
Seat 6: Mahu2021 ($9.90 in chips) 
elChipLead3r: posts small blind $0.05
00O-2Z: posts big blind $0.10
*** HOLE CARDS ***
Dealt to Mahu2021 [7s Td]
naldao45: folds 
Bruno CP796: folds 
Mahu2021: folds 
MVM77788: folds 
elChipLead3r: folds 
Uncalled bet ($0.05) returned to 00O-2Z
00O-2Z collected $0.10 from pot
00O-2Z: doesn't show hand 
*** SUMMARY ***
Total pot $0.10 | Rake $0 
Seat 1: MVM77788 (button) folded before Flop (didn't bet)
Seat 2: elChipLead3r (small blind) folded before Flop
Seat 3: 00O-2Z (big blind) collected ($0.10)
Seat 4: naldao45 folded before Flop (didn't bet)
Seat 5: Bruno CP796 folded before Flop (didn't bet)
Seat 6: Mahu2021 folded before Flop (didn't bet)



PokerStars Zoom Hand #253870471431:  Hold'em No Limit ($0.05/$0.10) - 2024/12/15 20:59:13 CET [2024/12/15 14:59:13 ET]
Table 'Aludra' 6-max Seat #1 is the button
Seat 1: Luka 192014 ($12.84 in chips) 
Seat 2: elChipLead3r ($10.21 in chips) 
Seat 3: Mahu2021 ($10 in chips) 
Seat 4: carmazen ($10.26 in chips) 
Seat 5: DaJunnis ($9.40 in chips) 
Seat 6: kris#fernan ($5.31 in chips) 
elChipLead3r: posts small blind $0.05
Mahu2021: posts big blind $0.10
*** HOLE CARDS ***
Dealt to Mahu2021 [5h 5c]
carmazen: folds 
DaJunnis: calls $0.10
kris#fernan: calls $0.10
Luka 192014: raises $0.10 to $0.20
elChipLead3r: calls $0.15
Mahu2021: folds 
DaJunnis: calls $0.10
kris#fernan: calls $0.10
*** FLOP *** [Qc 3d Td]
elChipLead3r: checks 
DaJunnis: checks 
kris#fernan: bets $0.43
Luka 192014: calls $0.43
elChipLead3r: calls $0.43
DaJunnis: folds 
*** TURN *** [Qc 3d Td] [4s]
elChipLead3r: checks 
kris#fernan: bets $1.05
Luka 192014: folds 
elChipLead3r: folds 
Uncalled bet ($1.05) returned to kris#fernan
kris#fernan collected $2.09 from pot
kris#fernan: doesn't show hand 
*** SUMMARY ***
Total pot $2.19 | Rake $0.10 
Board [Qc 3d Td 4s]
Seat 1: Luka 192014 (button) folded on the Turn
Seat 2: elChipLead3r (small blind) folded on the Turn
Seat 3: Mahu2021 (big blind) folded before Flop
Seat 4: carmazen folded before Flop (didn't bet)
Seat 5: DaJunnis folded on the Flop
Seat 6: kris#fernan collected ($2.09)



PokerStars Zoom Hand #253870476476:  Hold'em No Limit ($0.05/$0.10) - 2024/12/15 20:59:39 CET [2024/12/15 14:59:39 ET]
Table 'Aludra' 6-max Seat #1 is the button
Seat 1: oyuka1988 ($0.34 in chips) 
Seat 2: HakuBD ($14.22 in chips) 
Seat 3: elpapichicoo ($10 in chips) 
Seat 4: Mahu2021 ($9.85 in chips) 
Seat 5: osakei1024 ($8.69 in chips) 
Seat 6: epazeli ($10.61 in chips) 
HakuBD: posts small blind $0.05
elpapichicoo: posts big blind $0.10
*** HOLE CARDS ***
Dealt to Mahu2021 [Js 5h]
Mahu2021: folds 
osakei1024: folds 
epazeli: raises $0.20 to $0.30
oyuka1988: calls $0.30
HakuBD: raises $1.20 to $1.50
elpapichicoo: folds 
epazeli: folds 
oyuka1988: calls $0.04 and is all-in
Uncalled bet ($1.16) returned to HakuBD
*** FLOP *** [4c 6s Qh]
*** TURN *** [4c 6s Qh] [Th]
*** RIVER *** [4c 6s Qh Th] [7h]
*** SHOW DOWN ***
HakuBD: shows [Kd Qd] (a pair of Queens)
oyuka1988: shows [Tc 9c] (a pair of Tens)
HakuBD collected $1.03 from pot
*** SUMMARY ***
Total pot $1.08 | Rake $0.05 
Board [4c 6s Qh Th 7h]
Seat 1: oyuka1988 (button) showed [Tc 9c] and lost with a pair of Tens
Seat 2: HakuBD (small blind) showed [Kd Qd] and won ($1.03) with a pair of Queens
Seat 3: elpapichicoo (big blind) folded before Flop
Seat 4: Mahu2021 folded before Flop (didn't bet)
Seat 5: osakei1024 folded before Flop (didn't bet)
Seat 6: epazeli folded before Flop



PokerStars Zoom Hand #253870473813:  Hold'em No Limit ($0.05/$0.10) - 2024/12/15 20:59:25 CET [2024/12/15 14:59:25 ET]
Table 'Aludra' 6-max Seat #1 is the button
Seat 1: 92Sammygo ($10.40 in chips) 
Seat 2: Mahu2021 ($9.90 in chips) 
Seat 3: Bodil2020 ($11.24 in chips) 
Seat 4: Joypill ($24.42 in chips) 
Seat 5: Dbentleyy ($13.37 in chips) 
Seat 6: Magoya8 ($17.40 in chips) 
Mahu2021: posts small blind $0.05
Bodil2020: posts big blind $0.10
*** HOLE CARDS ***
Dealt to Mahu2021 [Td 8c]
Joypill: folds 
Dbentleyy: folds 
Magoya8: raises $0.15 to $0.25
92Sammygo: folds 
Mahu2021: folds 
Bodil2020: calls $0.15
*** FLOP *** [Qd 4d 2s]
Bodil2020: checks 
Magoya8: bets $0.27
Bodil2020: calls $0.27
*** TURN *** [Qd 4d 2s] [7h]
Bodil2020: checks 
Magoya8: checks 
*** RIVER *** [Qd 4d 2s 7h] [7c]
Bodil2020: checks 
Magoya8: checks 
*** SHOW DOWN ***
Bodil2020: shows [Qc Kd] (two pair, Queens and Sevens)
Magoya8: mucks hand 
Bodil2020 collected $1.04 from pot
*** SUMMARY ***
Total pot $1.09 | Rake $0.05 
Board [Qd 4d 2s 7h 7c]
Seat 1: 92Sammygo (button) folded before Flop (didn't bet)
Seat 2: Mahu2021 (small blind) folded before Flop
Seat 3: Bodil2020 (big blind) showed [Qc Kd] and won ($1.04) with two pair, Queens and Sevens
Seat 4: Joypill folded before Flop (didn't bet)
Seat 5: Dbentleyy folded before Flop (didn't bet)
Seat 6: Magoya8 mucked [Ad Jc]



PokerStars Zoom Hand #253870481054:  Hold'em No Limit ($0.05/$0.10) - 2024/12/15 20:59:59 CET [2024/12/15 14:59:59 ET]
Table 'Aludra' 6-max Seat #1 is the button
Seat 1: PokerLesson77 ($8.75 in chips) 
Seat 2: MVM77788 ($9.90 in chips) 
Seat 3: 92Sammygo ($10.18 in chips) 
Seat 4: Kuri85 ($17.17 in chips) 
Seat 5: Mahu2021 ($9.90 in chips) 
Seat 6: DonkeyKong1960 ($10 in chips) 
MVM77788: posts small blind $0.05
92Sammygo: posts big blind $0.10
*** HOLE CARDS ***
Dealt to Mahu2021 [2s 8c]
Kuri85: calls $0.10
Mahu2021: folds 
DonkeyKong1960: folds 
PokerLesson77: raises $0.23 to $0.33
MVM77788: folds 
92Sammygo: folds 
Kuri85: calls $0.23
*** FLOP *** [6d Kc Jc]
Kuri85: checks 
PokerLesson77: bets $0.27
Kuri85: calls $0.27
*** TURN *** [6d Kc Jc] [Qh]
Kuri85: checks 
PokerLesson77: bets $0.45
Kuri85: calls $0.45
*** RIVER *** [6d Kc Jc Qh] [Qs]
Kuri85: checks 
PokerLesson77: checks 
*** SHOW DOWN ***
Kuri85: shows [Th Kd] (two pair, Kings and Queens)
PokerLesson77: shows [Jh Ks] (two pair, Kings and Queens)
Kuri85 collected $1.08 from pot
PokerLesson77 collected $1.07 from pot
*** SUMMARY ***
Total pot $2.25 | Rake $0.10 
Board [6d Kc Jc Qh Qs]
Seat 1: PokerLesson77 (button) showed [Jh Ks] and won ($1.07) with two pair, Kings and Queens
Seat 2: MVM77788 (small blind) folded before Flop
Seat 3: 92Sammygo (big blind) folded before Flop
Seat 4: Kuri85 showed [Th Kd] and won ($1.08) with two pair, Kings and Queens
Seat 5: Mahu2021 folded before Flop (didn't bet)
Seat 6: DonkeyKong1960 folded before Flop (didn't bet)



PokerStars Zoom Hand #253870481688:  Hold'em No Limit ($0.05/$0.10) - 2024/12/15 21:00:02 CET [2024/12/15 15:00:02 ET]
Table 'Aludra' 6-max Seat #1 is the button
Seat 1: Evianous ($6.51 in chips) 
Seat 2: Mahu2021 ($9.90 in chips) 
Seat 3: Vicktorio ($10 in chips) 
Seat 4: perry623 ($11.25 in chips) 
Seat 5: epazeli ($10.31 in chips) 
Seat 6: nelwood ($12.83 in chips) 
Mahu2021: posts small blind $0.05
Vicktorio: posts big blind $0.10
*** HOLE CARDS ***
Dealt to Mahu2021 [Ad 8s]
perry623: folds 
epazeli: folds 
nelwood: raises $0.10 to $0.20
Evianous: calls $0.20
Mahu2021: calls $0.15
Vicktorio: folds 
*** FLOP *** [8h Jc 2d]
Mahu2021: bets $0.20
nelwood: calls $0.20
Evianous: raises $1.17 to $1.37
Mahu2021: folds 
nelwood: folds 
Uncalled bet ($1.17) returned to Evianous
Evianous collected $1.22 from pot
Evianous: doesn't show hand 
*** SUMMARY ***
Total pot $1.30 | Rake $0.08 
Board [8h Jc 2d]
Seat 1: Evianous (button) collected ($1.22)
Seat 2: Mahu2021 (small blind) folded on the Flop
Seat 3: Vicktorio (big blind) folded before Flop
Seat 4: perry623 folded before Flop (didn't bet)
Seat 5: epazeli folded before Flop (didn't bet)
Seat 6: nelwood folded on the Flop



PokerStars Zoom Hand #253870475452:  Hold'em No Limit ($0.05/$0.10) - 2024/12/15 20:59:33 CET [2024/12/15 14:59:33 ET]
Table 'Aludra' 6-max Seat #1 is the button
Seat 1: Mahu2021 ($9.85 in chips) 
Seat 2: pokking876 ($18.40 in chips) 
Seat 3: Joypill ($24.42 in chips) 
Seat 4: elpapichicoo ($10 in chips) 
Seat 5: b_kov ($15.27 in chips) 
Seat 6: PokerLesson77 ($8.85 in chips) 
pokking876: posts small blind $0.05
Joypill: posts big blind $0.10
*** HOLE CARDS ***
Dealt to Mahu2021 [6c Th]
elpapichicoo: folds 
b_kov: raises $0.15 to $0.25
PokerLesson77: folds 
Mahu2021: folds 
pokking876: calls $0.20
Joypill: folds 
*** FLOP *** [Ts 9d 8s]
pokking876: checks 
b_kov: bets $0.43
pokking876: calls $0.43
*** TURN *** [Ts 9d 8s] [7c]
pokking876: checks 
b_kov: bets $1.74
pokking876: calls $1.74
*** RIVER *** [Ts 9d 8s 7c] [8d]
pokking876: bets $15.98 and is all-in
b_kov: calls $12.85 and is all-in
Uncalled bet ($3.13) returned to pokking876
*** SHOW DOWN ***
pokking876: shows [7d 7s] (a full house, Sevens full of Eights)
b_kov: shows [Js Jh] (a straight, Seven to Jack)
pokking876 collected $29.26 from pot
*** SUMMARY ***
Total pot $30.64 | Rake $1.38 
Board [Ts 9d 8s 7c 8d]
Seat 1: Mahu2021 (button) folded before Flop (didn't bet)
Seat 2: pokking876 (small blind) showed [7d 7s] and won ($29.26) with a full house, Sevens full of Eights
Seat 3: Joypill (big blind) folded before Flop
Seat 4: elpapichicoo folded before Flop (didn't bet)
Seat 5: b_kov showed [Js Jh] and lost with a straight, Seven to Jack
Seat 6: PokerLesson77 folded before Flop (didn't bet)



PokerStars Zoom Hand #253870490342:  Hold'em No Limit ($0.05/$0.10) - 2024/12/15 21:00:44 CET [2024/12/15 15:00:44 ET]
Table 'Aludra' 6-max Seat #1 is the button
Seat 1: Magoya8 ($14.92 in chips) 
Seat 2: Bodil2020 ($10.18 in chips) 
Seat 3: Luka 192014 ($11.91 in chips) 
Seat 4: magoooo12 ($22.05 in chips) 
Seat 5: Evianous ($10 in chips) 
Seat 6: Mahu2021 ($9.50 in chips) 
Bodil2020: posts small blind $0.05
Luka 192014: posts big blind $0.10
*** HOLE CARDS ***
Dealt to Mahu2021 [Qs 6c]
magoooo12: folds 
Evianous: folds 
Mahu2021: folds 
Magoya8: folds 
Bodil2020: folds 
Uncalled bet ($0.05) returned to Luka 192014
Luka 192014 collected $0.10 from pot
Luka 192014: doesn't show hand 
*** SUMMARY ***
Total pot $0.10 | Rake $0 
Seat 1: Magoya8 (button) folded before Flop (didn't bet)
Seat 2: Bodil2020 (small blind) folded before Flop
Seat 3: Luka 192014 (big blind) collected ($0.10)
Seat 4: magoooo12 folded before Flop (didn't bet)
Seat 5: Evianous folded before Flop (didn't bet)
Seat 6: Mahu2021 folded before Flop (didn't bet)



PokerStars Zoom Hand #253870491065:  Hold'em No Limit ($0.05/$0.10) - 2024/12/15 21:00:47 CET [2024/12/15 15:00:47 ET]
Table 'Aludra' 6-max Seat #1 is the button
Seat 1: DonkeyKong1960 ($10 in chips) 
Seat 2: Sortes1yngel ($12.78 in chips) 
Seat 3: Mahu2021 ($9.50 in chips) 
Seat 4: HC Dorn ($5.74 in chips) 
Seat 5: 1857Dan ($21.54 in chips) 
Seat 6: Olsen43 ($17.81 in chips) 
Sortes1yngel: posts small blind $0.05
Mahu2021: posts big blind $0.10
*** HOLE CARDS ***
Dealt to Mahu2021 [3c 9d]
HC Dorn: raises $0.10 to $0.20
1857Dan: folds 
Olsen43: raises $17.61 to $17.81 and is all-in
DonkeyKong1960: folds 
Sortes1yngel: folds 
Mahu2021: folds 
HC Dorn: folds 
Uncalled bet ($17.61) returned to Olsen43
Olsen43 collected $0.55 from pot
Olsen43: doesn't show hand 
*** SUMMARY ***
Total pot $0.55 | Rake $0 
Seat 1: DonkeyKong1960 (button) folded before Flop (didn't bet)
Seat 2: Sortes1yngel (small blind) folded before Flop
Seat 3: Mahu2021 (big blind) folded before Flop
Seat 4: HC Dorn folded before Flop
Seat 5: 1857Dan folded before Flop (didn't bet)
Seat 6: Olsen43 collected ($0.55)



PokerStars Zoom Hand #253870493672:  Hold'em No Limit ($0.05/$0.10) - 2024/12/15 21:00:58 CET [2024/12/15 15:00:58 ET]
Table 'Aludra' 6-max Seat #1 is the button
Seat 1: Epaonni ($15.66 in chips) 
Seat 2: Mahu2021 ($9.40 in chips) 
Seat 3: elChipLead3r ($10 in chips) 
Seat 4: JacDs ($36.54 in chips) 
Seat 5: Gal4krond ($22.22 in chips) 
Seat 6: Sortes1yngel ($12.73 in chips) 
Mahu2021: posts small blind $0.05
elChipLead3r: posts big blind $0.10
*** HOLE CARDS ***
Dealt to Mahu2021 [3c Qs]
JacDs: folds 
Gal4krond: raises $0.12 to $0.22
Sortes1yngel: folds 
Epaonni: folds 
Mahu2021: folds 
elChipLead3r: folds 
Uncalled bet ($0.12) returned to Gal4krond
Gal4krond collected $0.25 from pot
Gal4krond: doesn't show hand 
*** SUMMARY ***
Total pot $0.25 | Rake $0 
Seat 1: Epaonni (button) folded before Flop (didn't bet)
Seat 2: Mahu2021 (small blind) folded before Flop
Seat 3: elChipLead3r (big blind) folded before Flop
Seat 4: JacDs folded before Flop (didn't bet)
Seat 5: Gal4krond collected ($0.25)
Seat 6: Sortes1yngel folded before Flop (didn't bet)



PokerStars Zoom Hand #253870494490:  Hold'em No Limit ($0.05/$0.10) - 2024/12/15 21:01:01 CET [2024/12/15 15:01:01 ET]
Table 'Aludra' 6-max Seat #1 is the button
Seat 1: iPlay4staX ($10.05 in chips) 
Seat 2: 1857Dan ($21.44 in chips) 
Seat 3: Jhanr ($10 in chips) 
Seat 4: Mahu2021 ($9.35 in chips) 
Seat 5: michaltoja ($10.52 in chips) 
Seat 6: Evianous ($9.95 in chips) 
1857Dan: posts small blind $0.05
Jhanr: posts big blind $0.10
*** HOLE CARDS ***
Dealt to Mahu2021 [9s 7c]
Mahu2021: folds 
michaltoja: folds 
Evianous: raises $0.20 to $0.30
iPlay4staX: folds 
1857Dan: folds 
Jhanr: folds 
Uncalled bet ($0.20) returned to Evianous
Evianous collected $0.25 from pot
Evianous: doesn't show hand 
*** SUMMARY ***
Total pot $0.25 | Rake $0 
Seat 1: iPlay4staX (button) folded before Flop (didn't bet)
Seat 2: 1857Dan (small blind) folded before Flop
Seat 3: Jhanr (big blind) folded before Flop
Seat 4: Mahu2021 folded before Flop (didn't bet)
Seat 5: michaltoja folded before Flop (didn't bet)
Seat 6: Evianous collected ($0.25)



PokerStars Zoom Hand #253870496581:  Hold'em No Limit ($0.05/$0.10) - 2024/12/15 21:01:10 CET [2024/12/15 15:01:10 ET]
Table 'Aludra' 6-max Seat #1 is the button
Seat 1: Mahu2021 ($9.35 in chips) 
Seat 2: iPlay4staX ($11.78 in chips) 
Seat 3: Gal4krond ($10 in chips) 
Seat 4: Magoya8 ($14.87 in chips) 
Seat 5: Contr@Reloj ($10.18 in chips) 
Seat 6: michaltoja ($10 in chips) 
iPlay4staX: posts small blind $0.05
Gal4krond: posts big blind $0.10
*** HOLE CARDS ***
Dealt to Mahu2021 [Qs Th]
Magoya8: folds 
Contr@Reloj: folds 
michaltoja: folds 
Mahu2021: raises $0.20 to $0.30
iPlay4staX: folds 
Gal4krond: folds 
Uncalled bet ($0.20) returned to Mahu2021
Mahu2021 collected $0.25 from pot
Mahu2021: doesn't show hand 
*** SUMMARY ***
Total pot $0.25 | Rake $0 
Seat 1: Mahu2021 (button) collected ($0.25)
Seat 2: iPlay4staX (small blind) folded before Flop
Seat 3: Gal4krond (big blind) folded before Flop
Seat 4: Magoya8 folded before Flop (didn't bet)
Seat 5: Contr@Reloj folded before Flop (didn't bet)
Seat 6: michaltoja folded before Flop (didn't bet)



PokerStars Zoom Hand #253870495554:  Hold'em No Limit ($0.05/$0.10) - 2024/12/15 21:01:06 CET [2024/12/15 15:01:06 ET]
Table 'Aludra' 6-max Seat #1 is the button
Seat 1: Jhanr ($9.62 in chips) 
Seat 2: kris#fernan ($6.91 in chips) 
Seat 3: ksd23 ($24.45 in chips) 
Seat 4: JacDs ($36.54 in chips) 
Seat 5: Mahu2021 ($9.35 in chips) 
Seat 6: carmazen ($10.16 in chips) 
kris#fernan: posts small blind $0.05
ksd23: posts big blind $0.10
*** HOLE CARDS ***
Dealt to Mahu2021 [Td 6h]
JacDs: folds 
Mahu2021: folds 
carmazen: folds 
Jhanr: folds 
kris#fernan: calls $0.05
ksd23: checks 
*** FLOP *** [7s Qd Qc]
kris#fernan: bets $0.10
ksd23: folds 
Uncalled bet ($0.10) returned to kris#fernan
kris#fernan collected $0.19 from pot
kris#fernan: doesn't show hand 
*** SUMMARY ***
Total pot $0.20 | Rake $0.01 
Board [7s Qd Qc]
Seat 1: Jhanr (button) folded before Flop (didn't bet)
Seat 2: kris#fernan (small blind) collected ($0.19)
Seat 3: ksd23 (big blind) folded on the Flop
Seat 4: JacDs folded before Flop (didn't bet)
Seat 5: Mahu2021 folded before Flop (didn't bet)
Seat 6: carmazen folded before Flop (didn't bet)



PokerStars Zoom Hand #253870488573:  Hold'em No Limit ($0.05/$0.10) - 2024/12/15 21:00:36 CET [2024/12/15 15:00:36 ET]
Table 'Aludra' 6-max Seat #1 is the button
Seat 1: Mahu2021 ($9.50 in chips) 
Seat 2: perry623 ($11.57 in chips) 
Seat 3: hong0627 ($10 in chips) 
Seat 4: LC Conte ($5.93 in chips) 
Seat 5: elpapichicoo ($10 in chips) 
Seat 6: MasterVBM ($4.20 in chips) 
perry623: posts small blind $0.05
hong0627: posts big blind $0.10
*** HOLE CARDS ***
Dealt to Mahu2021 [Ks 8h]
LC Conte: folds 
elpapichicoo: folds 
MasterVBM: calls $0.10
Mahu2021: folds 
perry623: folds 
hong0627: raises $0.40 to $0.50
MasterVBM has timed out
MasterVBM: folds 
Uncalled bet ($0.40) returned to hong0627
hong0627 collected $0.25 from pot
hong0627: doesn't show hand 
*** SUMMARY ***
Total pot $0.25 | Rake $0 
Seat 1: Mahu2021 (button) folded before Flop (didn't bet)
Seat 2: perry623 (small blind) folded before Flop
Seat 3: hong0627 (big blind) collected ($0.25)
Seat 4: LC Conte folded before Flop (didn't bet)
Seat 5: elpapichicoo folded before Flop (didn't bet)
Seat 6: MasterVBM folded before Flop



PokerStars Zoom Hand #253870489441:  Hold'em No Limit ($0.05/$0.10) - 2024/12/15 21:00:40 CET [2024/12/15 15:00:40 ET]
Table 'Aludra' 6-max Seat #1 is the button
Seat 1: Bodil2020 ($10.16 in chips) 
Seat 2: michaltoja ($10 in chips) 
Seat 3: Lenardic100 ($11.34 in chips) 
Seat 4: magoooo12 ($22.05 in chips) 
Seat 5: Mahu2021 ($9.50 in chips) 
Seat 6: Gal4krond ($15.67 in chips) 
michaltoja: posts small blind $0.05
Lenardic100: posts big blind $0.10
*** HOLE CARDS ***
Dealt to Mahu2021 [7c 6s]
magoooo12: folds 
Mahu2021: folds 
Gal4krond: folds 
Bodil2020: raises $0.13 to $0.23
michaltoja: folds 
Lenardic100: calls $0.13
*** FLOP *** [Qd Js 3s]
Lenardic100: checks 
Bodil2020: bets $0.28
Lenardic100: calls $0.28
*** TURN *** [Qd Js 3s] [Ks]
Lenardic100: checks 
Bodil2020: bets $0.77
Lenardic100: raises $0.93 to $1.70
Bodil2020: calls $0.93
*** RIVER *** [Qd Js 3s Ks] [Qh]
Lenardic100: bets $1
Bodil2020: calls $1
*** SHOW DOWN ***
Lenardic100: shows [8s 5s] (a flush, King high)
Bodil2020: mucks hand 
Lenardic100 collected $6.18 from pot
*** SUMMARY ***
Total pot $6.47 | Rake $0.29 
Board [Qd Js 3s Ks Qh]
Seat 1: Bodil2020 (button) mucked [Td Ac]
Seat 2: michaltoja (small blind) folded before Flop
Seat 3: Lenardic100 (big blind) showed [8s 5s] and won ($6.18) with a flush, King high
Seat 4: magoooo12 folded before Flop (didn't bet)
Seat 5: Mahu2021 folded before Flop (didn't bet)
Seat 6: Gal4krond folded before Flop (didn't bet)



PokerStars Zoom Hand #253870499680:  Hold'em No Limit ($0.05/$0.10) - 2024/12/15 21:01:22 CET [2024/12/15 15:01:22 ET]
Table 'Aludra' 6-max Seat #1 is the button
Seat 1: hong0627 ($10.93 in chips) 
Seat 2: Bur1k ($5.48 in chips) 
Seat 3: Mahu2021 ($9.50 in chips) 
Seat 4: micdik ($13.25 in chips) 
Seat 5: KBwsop ($15.57 in chips) 
Seat 6: aziz100777 ($14.30 in chips) 
Bur1k: posts small blind $0.05
Mahu2021: posts big blind $0.10
*** HOLE CARDS ***
Dealt to Mahu2021 [4c Ad]
micdik: folds 
KBwsop: folds 
aziz100777: folds 
hong0627: folds 
Bur1k: raises $0.15 to $0.25
Mahu2021: calls $0.15
*** FLOP *** [6c 3s 8d]
Bur1k: checks 
Mahu2021: bets $0.20
Bur1k: folds 
Uncalled bet ($0.20) returned to Mahu2021
Mahu2021 collected $0.48 from pot
Mahu2021: doesn't show hand 
*** SUMMARY ***
Total pot $0.50 | Rake $0.02 
Board [6c 3s 8d]
Seat 1: hong0627 (button) folded before Flop (didn't bet)
Seat 2: Bur1k (small blind) folded on the Flop
Seat 3: Mahu2021 (big blind) collected ($0.48)
Seat 4: micdik folded before Flop (didn't bet)
Seat 5: KBwsop folded before Flop (didn't bet)
Seat 6: aziz100777 folded before Flop (didn't bet)



PokerStars Zoom Hand #253870511654:  Hold'em No Limit ($0.05/$0.10) - 2024/12/15 21:02:04 CET [2024/12/15 15:02:04 ET]
Table 'Aludra' 6-max Seat #1 is the button
Seat 1: Pilgan ($41.02 in chips) 
Seat 2: Sortes1yngel ($12.63 in chips) 
Seat 3: Looseandfun ($9.79 in chips) 
Seat 4: Mahu2021 ($9.73 in chips) 
Seat 5: elChipLead3r ($12.26 in chips) 
Seat 6: micdik ($12.90 in chips) 
Sortes1yngel: posts small blind $0.05
Looseandfun: posts big blind $0.10
*** HOLE CARDS ***
Dealt to Mahu2021 [8s 5c]
Mahu2021: folds 
elChipLead3r: folds 
micdik: folds 
Pilgan: folds 
Sortes1yngel: folds 
Uncalled bet ($0.05) returned to Looseandfun
Looseandfun collected $0.10 from pot
Looseandfun: doesn't show hand 
*** SUMMARY ***
Total pot $0.10 | Rake $0 
Seat 1: Pilgan (button) folded before Flop (didn't bet)
Seat 2: Sortes1yngel (small blind) folded before Flop
Seat 3: Looseandfun (big blind) collected ($0.10)
Seat 4: Mahu2021 folded before Flop (didn't bet)
Seat 5: elChipLead3r folded before Flop (didn't bet)
Seat 6: micdik folded before Flop (didn't bet)



PokerStars Zoom Hand #253870512776:  Hold'em No Limit ($0.05/$0.10) - 2024/12/15 21:02:09 CET [2024/12/15 15:02:09 ET]
Table 'Aludra' 6-max Seat #1 is the button
Seat 1: micdik ($12.90 in chips) 
Seat 2: Mahu2021 ($9.73 in chips) 
Seat 3: ciceron86 ($10 in chips) 
Seat 4: Dimon_55_77 ($11.37 in chips) 
Seat 5: osakei1024 ($4.99 in chips) 
Seat 6: witos72 ($10 in chips) 
Mahu2021: posts small blind $0.05
ciceron86: posts big blind $0.10
*** HOLE CARDS ***
Dealt to Mahu2021 [2h 6d]
Dimon_55_77: folds 
osakei1024: raises $0.10 to $0.20
witos72: folds 
micdik: folds 
Mahu2021: folds 
ciceron86: folds 
Uncalled bet ($0.10) returned to osakei1024
osakei1024 collected $0.25 from pot
osakei1024: doesn't show hand 
*** SUMMARY ***
Total pot $0.25 | Rake $0 
Seat 1: micdik (button) folded before Flop (didn't bet)
Seat 2: Mahu2021 (small blind) folded before Flop
Seat 3: ciceron86 (big blind) folded before Flop
Seat 4: Dimon_55_77 folded before Flop (didn't bet)
Seat 5: osakei1024 collected ($0.25)
Seat 6: witos72 folded before Flop (didn't bet)



PokerStars Zoom Hand #253870510097:  Hold'em No Limit ($0.05/$0.10) - 2024/12/15 21:01:59 CET [2024/12/15 15:01:59 ET]
Table 'Aludra' 6-max Seat #1 is the button
Seat 1: hong0627 ($11.25 in chips) 
Seat 2: Dimon_55_77 ($11.42 in chips) 
Seat 3: witos72 ($10 in chips) 
Seat 4: epazeli ($10.48 in chips) 
Seat 5: T.D.L.D.K ($10.10 in chips) 
Seat 6: Mahu2021 ($9.73 in chips) 
Dimon_55_77: posts small blind $0.05
witos72: posts big blind $0.10
*** HOLE CARDS ***
Dealt to Mahu2021 [2c 8c]
epazeli: raises $0.20 to $0.30
T.D.L.D.K: calls $0.30
Mahu2021: folds 
hong0627: folds 
Dimon_55_77: folds 
witos72: folds 
*** FLOP *** [4s 7s 5c]
epazeli: bets $0.40
T.D.L.D.K: calls $0.40
*** TURN *** [4s 7s 5c] [2d]
epazeli: bets $0.74
T.D.L.D.K: raises $1.06 to $1.80
epazeli: folds 
Uncalled bet ($1.06) returned to T.D.L.D.K
T.D.L.D.K collected $2.89 from pot
T.D.L.D.K: doesn't show hand 
*** SUMMARY ***
Total pot $3.03 | Rake $0.14 
Board [4s 7s 5c 2d]
Seat 1: hong0627 (button) folded before Flop (didn't bet)
Seat 2: Dimon_55_77 (small blind) folded before Flop
Seat 3: witos72 (big blind) folded before Flop
Seat 4: epazeli folded on the Turn
Seat 5: T.D.L.D.K collected ($2.89)
Seat 6: Mahu2021 folded before Flop (didn't bet)



PokerStars Zoom Hand #253870514603:  Hold'em No Limit ($0.05/$0.10) - 2024/12/15 21:02:14 CET [2024/12/15 15:02:14 ET]
Table 'Aludra' 6-max Seat #1 is the button
Seat 1: Mahu2021 ($9.68 in chips) 
Seat 2: Jhanr ($9.85 in chips) 
Seat 3: DonkeyKong1960 ($10.30 in chips) 
Seat 4: Trabala655 ($21.76 in chips) 
Seat 5: Pilgan ($41.02 in chips) 
Seat 6: elChipLead3r ($10.15 in chips) 
Jhanr: posts small blind $0.05
DonkeyKong1960: posts big blind $0.10
*** HOLE CARDS ***
Dealt to Mahu2021 [4s 2s]
Trabala655: folds 
Pilgan: folds 
elChipLead3r: folds 
Mahu2021: folds 
Jhanr: raises $0.20 to $0.30
DonkeyKong1960: calls $0.20
*** FLOP *** [6h 6s Kd]
Jhanr: bets $0.19
DonkeyKong1960: calls $0.19
*** TURN *** [6h 6s Kd] [Th]
Jhanr: bets $0.50
DonkeyKong1960: calls $0.50
*** RIVER *** [6h 6s Kd Th] [8c]
Jhanr: checks 
DonkeyKong1960: bets $1.70
Jhanr: folds 
Uncalled bet ($1.70) returned to DonkeyKong1960
DonkeyKong1960 collected $1.89 from pot
DonkeyKong1960: doesn't show hand 
*** SUMMARY ***
Total pot $1.98 | Rake $0.09 
Board [6h 6s Kd Th 8c]
Seat 1: Mahu2021 (button) folded before Flop (didn't bet)
Seat 2: Jhanr (small blind) folded on the River
Seat 3: DonkeyKong1960 (big blind) collected ($1.89)
Seat 4: Trabala655 folded before Flop (didn't bet)
Seat 5: Pilgan folded before Flop (didn't bet)
Seat 6: elChipLead3r folded before Flop (didn't bet)



PokerStars Zoom Hand #253870518956:  Hold'em No Limit ($0.05/$0.10) - 2024/12/15 21:02:28 CET [2024/12/15 15:02:28 ET]
Table 'Aludra' 6-max Seat #1 is the button
Seat 1: micdik ($12.85 in chips) 
Seat 2: royacht ($10.53 in chips) 
Seat 3: HakuBD ($14.56 in chips) 
Seat 4: Sortes1yngel ($12.58 in chips) 
Seat 5: Cofster100 ($24.47 in chips) 
Seat 6: Mahu2021 ($9.68 in chips) 
royacht: posts small blind $0.05
HakuBD: posts big blind $0.10
*** HOLE CARDS ***
Dealt to Mahu2021 [Ad 9s]
Sortes1yngel: folds 
Cofster100: folds 
Mahu2021: raises $0.10 to $0.20
micdik: folds 
royacht: folds 
HakuBD: calls $0.10
*** FLOP *** [As Tc 6h]
HakuBD: checks 
Mahu2021: bets $0.20
HakuBD: calls $0.20
*** TURN *** [As Tc 6h] [4d]
HakuBD: checks 
Mahu2021: bets $0.20
HakuBD: raises $0.48 to $0.68
Mahu2021: calls $0.48
*** RIVER *** [As Tc 6h 4d] [Jh]
HakuBD: checks 
Mahu2021: checks 
*** SHOW DOWN ***
HakuBD: shows [Ah Qd] (a pair of Aces)
Mahu2021: mucks hand 
HakuBD collected $2.11 from pot
*** SUMMARY ***
Total pot $2.21 | Rake $0.10 
Board [As Tc 6h 4d Jh]
Seat 1: micdik (button) folded before Flop (didn't bet)
Seat 2: royacht (small blind) folded before Flop
Seat 3: HakuBD (big blind) showed [Ah Qd] and won ($2.11) with a pair of Aces
Seat 4: Sortes1yngel folded before Flop (didn't bet)
Seat 5: Cofster100 folded before Flop (didn't bet)
Seat 6: Mahu2021 mucked [Ad 9s]



PokerStars Zoom Hand #253870530279:  Hold'em No Limit ($0.05/$0.10) - 2024/12/15 21:03:04 CET [2024/12/15 15:03:04 ET]
Table 'Aludra' 6-max Seat #1 is the button
Seat 1: HakuBD ($15.59 in chips) 
Seat 2: Bodil2020 ($11.54 in chips) 
Seat 3: Mahu2021 ($8.60 in chips) 
Seat 4: VieraNeto ($15.31 in chips) 
Seat 5: witos72 ($9.75 in chips) 
Seat 6: ciceron86 ($10.10 in chips) 
Bodil2020: posts small blind $0.05
Mahu2021: posts big blind $0.10
*** HOLE CARDS ***
Dealt to Mahu2021 [Ks 2h]
VieraNeto: folds 
witos72: folds 
ciceron86: raises $0.15 to $0.25
HakuBD: folds 
Bodil2020: folds 
Mahu2021: folds 
Uncalled bet ($0.15) returned to ciceron86
ciceron86 collected $0.25 from pot
ciceron86: doesn't show hand 
*** SUMMARY ***
Total pot $0.25 | Rake $0 
Seat 1: HakuBD (button) folded before Flop (didn't bet)
Seat 2: Bodil2020 (small blind) folded before Flop
Seat 3: Mahu2021 (big blind) folded before Flop
Seat 4: VieraNeto folded before Flop (didn't bet)
Seat 5: witos72 folded before Flop (didn't bet)
Seat 6: ciceron86 collected ($0.25)



PokerStars Zoom Hand #253870516382:  Hold'em No Limit ($0.05/$0.10) - 2024/12/15 21:02:20 CET [2024/12/15 15:02:20 ET]
Table 'Aludra' 6-max Seat #1 is the button
Seat 1: redmonkey98 ($11.81 in chips) 
Seat 2: KBwsop ($15.34 in chips) 
Seat 3: michaltoja ($12.14 in chips) 
Seat 4: Sortes1yngel ($12.58 in chips) 
Seat 5: Mahu2021 ($9.68 in chips) 
Seat 6: GANGRENA78 ($10 in chips) 
KBwsop: posts small blind $0.05
michaltoja: posts big blind $0.10
*** HOLE CARDS ***
Dealt to Mahu2021 [5c 5s]
Sortes1yngel: folds 
Mahu2021: folds 
GANGRENA78: folds 
redmonkey98: raises $0.10 to $0.20
KBwsop: calls $0.15
michaltoja: calls $0.10
*** FLOP *** [Ts 2h 8h]
KBwsop: bets $0.10
michaltoja: calls $0.10
redmonkey98: calls $0.10
*** TURN *** [Ts 2h 8h] [Jc]
KBwsop: bets $0.10
michaltoja: calls $0.10
redmonkey98: calls $0.10
*** RIVER *** [Ts 2h 8h Jc] [Qc]
KBwsop: checks 
michaltoja: bets $0.57
redmonkey98: calls $0.57
KBwsop: folds 
*** SHOW DOWN ***
michaltoja: shows [8c 9c] (a straight, Eight to Queen)
redmonkey98: shows [8s 9s] (a straight, Eight to Queen)
michaltoja collected $1.12 from pot
redmonkey98 collected $1.11 from pot
*** SUMMARY ***
Total pot $2.34 | Rake $0.11 
Board [Ts 2h 8h Jc Qc]
Seat 1: redmonkey98 (button) showed [8s 9s] and won ($1.11) with a straight, Eight to Queen
Seat 2: KBwsop (small blind) folded on the River
Seat 3: michaltoja (big blind) showed [8c 9c] and won ($1.12) with a straight, Eight to Queen
Seat 4: Sortes1yngel folded before Flop (didn't bet)
Seat 5: Mahu2021 folded before Flop (didn't bet)
Seat 6: GANGRENA78 folded before Flop (didn't bet)



PokerStars Zoom Hand #253871034002:  Hold'em No Limit ($0.05/$0.10) - 2024/12/15 21:03:16 CET [2024/12/15 15:03:16 ET]
Table 'Aludra' 6-max Seat #1 is the button
Seat 1: griffin19947 ($12.87 in chips) 
Seat 2: Mahu2021 ($8.50 in chips) 
Seat 3: Trabala655 ($22.90 in chips) 
Seat 4: osakei1024 ($4.94 in chips) 
Seat 5: pokking876 ($27.54 in chips) 
Seat 6: carmazen ($11.06 in chips) 
Mahu2021: posts small blind $0.05
Trabala655: posts big blind $0.10
*** HOLE CARDS ***
Dealt to Mahu2021 [9d Jc]
osakei1024: folds 
pokking876: folds 
carmazen: folds 
griffin19947: calls $0.10
Mahu2021: calls $0.05
Trabala655: checks 
*** FLOP *** [8h Ad 6s]
Mahu2021: checks 
Trabala655: bets $0.29
griffin19947: calls $0.29
Mahu2021: folds 
*** TURN *** [8h Ad 6s] [2s]
Trabala655: checks 
griffin19947: bets $0.42
Trabala655: folds 
Uncalled bet ($0.42) returned to griffin19947
griffin19947 collected $0.84 from pot
griffin19947: doesn't show hand 
*** SUMMARY ***
Total pot $0.88 | Rake $0.04 
Board [8h Ad 6s 2s]
Seat 1: griffin19947 (button) collected ($0.84)
Seat 2: Mahu2021 (small blind) folded on the Flop
Seat 3: Trabala655 (big blind) folded on the Turn
Seat 4: osakei1024 folded before Flop (didn't bet)
Seat 5: pokking876 folded before Flop (didn't bet)
Seat 6: carmazen folded before Flop (didn't bet)



PokerStars Zoom Hand #253871043409:  Hold'em No Limit ($0.05/$0.10) - 2024/12/15 21:03:43 CET [2024/12/15 15:03:43 ET]
Table 'Aludra' 6-max Seat #1 is the button
Seat 1: Mahu2021 ($8.40 in chips) 
Seat 2: perry623 ($2.60 in chips) 
Seat 3: Vicktorio ($12.58 in chips) 
Seat 4: 2sword4 ($11.11 in chips) 
Seat 5: Looseandfun ($9.79 in chips) 
Seat 6: cpt.vnpp ($11.49 in chips) 
perry623: posts small blind $0.05
Vicktorio: posts big blind $0.10
*** HOLE CARDS ***
Dealt to Mahu2021 [8h 6s]
2sword4: folds 
Looseandfun: folds 
cpt.vnpp: folds 
Mahu2021: folds 
perry623: folds 
Uncalled bet ($0.05) returned to Vicktorio
Vicktorio collected $0.10 from pot
Vicktorio: doesn't show hand 
*** SUMMARY ***
Total pot $0.10 | Rake $0 
Seat 1: Mahu2021 (button) folded before Flop (didn't bet)
Seat 2: perry623 (small blind) folded before Flop
Seat 3: Vicktorio (big blind) collected ($0.10)
Seat 4: 2sword4 folded before Flop (didn't bet)
Seat 5: Looseandfun folded before Flop (didn't bet)
Seat 6: cpt.vnpp folded before Flop (didn't bet)



PokerStars Zoom Hand #253871042010:  Hold'em No Limit ($0.05/$0.10) - 2024/12/15 21:03:39 CET [2024/12/15 15:03:39 ET]
Table 'Aludra' 6-max Seat #1 is the button
Seat 1: pokking876 ($27.49 in chips) 
Seat 2: DonkeyKong1960 ($10.90 in chips) 
Seat 3: 92Sammygo ($11.24 in chips) 
Seat 4: Vårtbitarn ($3.66 in chips) 
Seat 5: Mahu2021 ($8.40 in chips) 
Seat 6: Vicktorio ($12.58 in chips) 
DonkeyKong1960: posts small blind $0.05
92Sammygo: posts big blind $0.10
*** HOLE CARDS ***
Dealt to Mahu2021 [3h 6s]
Vårtbitarn: raises $0.25 to $0.35
Mahu2021: folds 
Vicktorio: folds 
pokking876: folds 
DonkeyKong1960: folds 
92Sammygo: folds 
Uncalled bet ($0.25) returned to Vårtbitarn
Vårtbitarn collected $0.25 from pot
Vårtbitarn: doesn't show hand 
*** SUMMARY ***
Total pot $0.25 | Rake $0 
Seat 1: pokking876 (button) folded before Flop (didn't bet)
Seat 2: DonkeyKong1960 (small blind) folded before Flop
Seat 3: 92Sammygo (big blind) folded before Flop
Seat 4: Vårtbitarn collected ($0.25)
Seat 5: Mahu2021 folded before Flop (didn't bet)
Seat 6: Vicktorio folded before Flop (didn't bet)



PokerStars Zoom Hand #253871032800:  Hold'em No Limit ($0.05/$0.10) - 2024/12/15 21:03:12 CET [2024/12/15 15:03:12 ET]
Table 'Aludra' 6-max Seat #1 is the button
Seat 1: mAAverick33 ($14.10 in chips) 
Seat 2: City Blinders ($7.25 in chips) 
Seat 3: Mr Jim 77 ($8.62 in chips) 
Seat 4: Mahu2021 ($8.50 in chips) 
Seat 5: MAITE 8899 ($23.17 in chips) 
Seat 6: HC Dorn ($3.79 in chips) 
City Blinders: posts small blind $0.05
Mr Jim 77: posts big blind $0.10
*** HOLE CARDS ***
Dealt to Mahu2021 [Kh 3d]
Mahu2021: folds 
MAITE 8899: raises $0.10 to $0.20
HC Dorn: folds 
mAAverick33: folds 
City Blinders: calls $0.15
Mr Jim 77: calls $0.10
*** FLOP *** [5s Ac 8d]
City Blinders: checks 
Mr Jim 77: checks 
MAITE 8899: checks 
*** TURN *** [5s Ac 8d] [4s]
City Blinders: checks 
Mr Jim 77: checks 
MAITE 8899: checks 
*** RIVER *** [5s Ac 8d 4s] [2s]
City Blinders: checks 
Mr Jim 77: checks 
MAITE 8899: checks 
*** SHOW DOWN ***
City Blinders: shows [Js Qd] (high card Ace)
Mr Jim 77: mucks hand 
MAITE 8899: shows [Td Ts] (a pair of Tens)
MAITE 8899 collected $0.57 from pot
*** SUMMARY ***
Total pot $0.60 | Rake $0.03 
Board [5s Ac 8d 4s 2s]
Seat 1: mAAverick33 (button) folded before Flop (didn't bet)
Seat 2: City Blinders (small blind) showed [Js Qd] and lost with high card Ace
Seat 3: Mr Jim 77 (big blind) mucked [Th 9c]
Seat 4: Mahu2021 folded before Flop (didn't bet)
Seat 5: MAITE 8899 showed [Td Ts] and won ($0.57) with a pair of Tens
Seat 6: HC Dorn folded before Flop (didn't bet)



PokerStars Zoom Hand #253871045258:  Hold'em No Limit ($0.05/$0.10) - 2024/12/15 21:03:46 CET [2024/12/15 15:03:46 ET]
Table 'Aludra' 6-max Seat #1 is the button
Seat 1: michaltoja ($12.29 in chips) 
Seat 2: PokerLesson77 ($7.70 in chips) 
Seat 3: redmonkey98 ($11.95 in chips) 
Seat 4: mAAverick33 ($17.79 in chips) 
Seat 5: Bur1k ($5.18 in chips) 
Seat 6: Mahu2021 ($8.40 in chips) 
PokerLesson77: posts small blind $0.05
redmonkey98: posts big blind $0.10
*** HOLE CARDS ***
Dealt to Mahu2021 [Qh 4h]
mAAverick33: raises $0.10 to $0.20
Bur1k: folds 
Mahu2021: folds 
michaltoja: folds 
PokerLesson77: folds 
redmonkey98: folds 
Uncalled bet ($0.10) returned to mAAverick33
mAAverick33 collected $0.25 from pot
mAAverick33: doesn't show hand 
*** SUMMARY ***
Total pot $0.25 | Rake $0 
Seat 1: michaltoja (button) folded before Flop (didn't bet)
Seat 2: PokerLesson77 (small blind) folded before Flop
Seat 3: redmonkey98 (big blind) folded before Flop
Seat 4: mAAverick33 collected ($0.25)
Seat 5: Bur1k folded before Flop (didn't bet)
Seat 6: Mahu2021 folded before Flop (didn't bet)



PokerStars Zoom Hand #253871052153:  Hold'em No Limit ($0.05/$0.10) - 2024/12/15 21:04:07 CET [2024/12/15 15:04:07 ET]
Table 'Aludra' 6-max Seat #1 is the button
Seat 1: pankotskiy74 ($5.73 in chips) 
Seat 2: LC Conte ($5.76 in chips) 
Seat 3: harleythamarlin ($10 in chips) 
Seat 4: Mahu2021 ($8.40 in chips) 
Seat 5: epazeli ($9.85 in chips) 
Seat 6: Bur1k ($5.74 in chips) 
LC Conte: posts small blind $0.05
harleythamarlin: posts big blind $0.10
*** HOLE CARDS ***
Dealt to Mahu2021 [4c 9c]
Mahu2021: folds 
epazeli: folds 
Bur1k: raises $0.15 to $0.25
pankotskiy74: folds 
LC Conte: folds 
harleythamarlin: folds 
Uncalled bet ($0.15) returned to Bur1k
Bur1k collected $0.25 from pot
Bur1k: doesn't show hand 
*** SUMMARY ***
Total pot $0.25 | Rake $0 
Seat 1: pankotskiy74 (button) folded before Flop (didn't bet)
Seat 2: LC Conte (small blind) folded before Flop
Seat 3: harleythamarlin (big blind) folded before Flop
Seat 4: Mahu2021 folded before Flop (didn't bet)
Seat 5: epazeli folded before Flop (didn't bet)
Seat 6: Bur1k collected ($0.25)



PokerStars Zoom Hand #253871054324:  Hold'em No Limit ($0.05/$0.10) - 2024/12/15 21:04:13 CET [2024/12/15 15:04:13 ET]
Table 'Aludra' 6-max Seat #1 is the button
Seat 1: ciceron86 ($10 in chips) 
Seat 2: OliTheGoalie84 ($11.86 in chips) 
Seat 3: Mahu2021 ($8.40 in chips) 
Seat 4: KOCETO_1992 ($10.83 in chips) 
Seat 5: 00O-2Z ($10.33 in chips) 
Seat 6: Vårtbitarn ($3.66 in chips) 
OliTheGoalie84: posts small blind $0.05
Mahu2021: posts big blind $0.10
*** HOLE CARDS ***
Dealt to Mahu2021 [8s 8d]
KOCETO_1992: folds 
00O-2Z: folds 
Vårtbitarn: raises $0.20 to $0.30
ciceron86: folds 
OliTheGoalie84: folds 
Mahu2021: calls $0.20
*** FLOP *** [Td 6d Ad]
Mahu2021: checks 
Vårtbitarn: bets $0.62
Mahu2021: folds 
Uncalled bet ($0.62) returned to Vårtbitarn
Vårtbitarn collected $0.62 from pot
Vårtbitarn: doesn't show hand 
*** SUMMARY ***
Total pot $0.65 | Rake $0.03 
Board [Td 6d Ad]
Seat 1: ciceron86 (button) folded before Flop (didn't bet)
Seat 2: OliTheGoalie84 (small blind) folded before Flop
Seat 3: Mahu2021 (big blind) folded on the Flop
Seat 4: KOCETO_1992 folded before Flop (didn't bet)
Seat 5: 00O-2Z folded before Flop (didn't bet)
Seat 6: Vårtbitarn collected ($0.62)



PokerStars Zoom Hand #253871063322:  Hold'em No Limit ($0.05/$0.10) - 2024/12/15 21:04:37 CET [2024/12/15 15:04:37 ET]
Table 'Aludra' 6-max Seat #1 is the button
Seat 1: redmonkey98 ($14.04 in chips) 
Seat 2: Mahu2021 ($8.10 in chips) 
Seat 3: witos72 ($10.08 in chips) 
Seat 4: Aufschlag ($14.32 in chips) 
Seat 5: Bur1k ($5.89 in chips) 
Seat 6: magoooo12 ($20.86 in chips) 
Mahu2021: posts small blind $0.05
witos72: posts big blind $0.10
*** HOLE CARDS ***
Dealt to Mahu2021 [Js Qc]
Aufschlag: folds 
Bur1k: folds 
magoooo12: folds 
redmonkey98: raises $0.13 to $0.23
Mahu2021: calls $0.18
witos72: folds 
*** FLOP *** [3h 8h 2d]
Mahu2021: checks 
redmonkey98: checks 
*** TURN *** [3h 8h 2d] [6c]
Mahu2021: checks 
redmonkey98: checks 
*** RIVER *** [3h 8h 2d 6c] [6d]
Mahu2021: checks 
redmonkey98: bets $0.10
Mahu2021: folds 
Uncalled bet ($0.10) returned to redmonkey98
redmonkey98 collected $0.53 from pot
redmonkey98: doesn't show hand 
*** SUMMARY ***
Total pot $0.56 | Rake $0.03 
Board [3h 8h 2d 6c 6d]
Seat 1: redmonkey98 (button) collected ($0.53)
Seat 2: Mahu2021 (small blind) folded on the River
Seat 3: witos72 (big blind) folded before Flop
Seat 4: Aufschlag folded before Flop (didn't bet)
Seat 5: Bur1k folded before Flop (didn't bet)
Seat 6: magoooo12 folded before Flop (didn't bet)



PokerStars Zoom Hand #253871079777:  Hold'em No Limit ($0.05/$0.10) - 2024/12/15 21:05:21 CET [2024/12/15 15:05:21 ET]
Table 'Aludra' 6-max Seat #1 is the button
Seat 1: T.D.L.D.K ($12.93 in chips) 
Seat 2: LC Conte ($5.93 in chips) 
Seat 3: Mahu2021 ($7.87 in chips) 
Seat 4: iagoNTC ($10 in chips) 
Seat 5: ciceron86 ($10 in chips) 
Seat 6: cpt.vnpp ($12.83 in chips) 
LC Conte: posts small blind $0.05
Mahu2021: posts big blind $0.10
*** HOLE CARDS ***
Dealt to Mahu2021 [8d 4h]
iagoNTC: folds 
ciceron86: folds 
cpt.vnpp: folds 
T.D.L.D.K: folds 
LC Conte: raises $0.20 to $0.30
Mahu2021: folds 
Uncalled bet ($0.20) returned to LC Conte
LC Conte collected $0.20 from pot
LC Conte: doesn't show hand 
*** SUMMARY ***
Total pot $0.20 | Rake $0 
Seat 1: T.D.L.D.K (button) folded before Flop (didn't bet)
Seat 2: LC Conte (small blind) collected ($0.20)
Seat 3: Mahu2021 (big blind) folded before Flop
Seat 4: iagoNTC folded before Flop (didn't bet)
Seat 5: ciceron86 folded before Flop (didn't bet)
Seat 6: cpt.vnpp folded before Flop (didn't bet)



PokerStars Zoom Hand #253871086677:  Hold'em No Limit ($0.05/$0.10) - 2024/12/15 21:05:40 CET [2024/12/15 15:05:40 ET]
Table 'Aludra' 6-max Seat #1 is the button
Seat 1: Mahu2021 ($7.72 in chips) 
Seat 2: cpt.vnpp ($10 in chips) 
Seat 3: pokking876 ($12.02 in chips) 
Seat 4: Gal4krond ($24.09 in chips) 
Seat 5: naldao45 ($19.73 in chips) 
Seat 6: Jhanr ($9.88 in chips) 
cpt.vnpp: posts small blind $0.05
pokking876: posts big blind $0.10
*** HOLE CARDS ***
Dealt to Mahu2021 [5d Ks]
Gal4krond: raises $0.12 to $0.22
naldao45: folds 
Jhanr: folds 
Mahu2021: folds 
cpt.vnpp: folds 
pokking876: folds 
Uncalled bet ($0.12) returned to Gal4krond
Gal4krond collected $0.25 from pot
Gal4krond: doesn't show hand 
*** SUMMARY ***
Total pot $0.25 | Rake $0 
Seat 1: Mahu2021 (button) folded before Flop (didn't bet)
Seat 2: cpt.vnpp (small blind) folded before Flop
Seat 3: pokking876 (big blind) folded before Flop
Seat 4: Gal4krond collected ($0.25)
Seat 5: naldao45 folded before Flop (didn't bet)
Seat 6: Jhanr folded before Flop (didn't bet)



PokerStars Zoom Hand #253871076843:  Hold'em No Limit ($0.05/$0.10) - 2024/12/15 21:05:13 CET [2024/12/15 15:05:13 ET]
Table 'Aludra' 6-max Seat #1 is the button
Seat 1: RenoRosco ($11.72 in chips) 
Seat 2: iPlay4staX ($10 in chips) 
Seat 3: witos72 ($9.93 in chips) 
Seat 4: Epaonni ($15.75 in chips) 
Seat 5: Mahu2021 ($7.87 in chips) 
Seat 6: oyuka1988 ($12.06 in chips) 
iPlay4staX: posts small blind $0.05
witos72: posts big blind $0.10
*** HOLE CARDS ***
Dealt to Mahu2021 [3d Qh]
Epaonni: raises $0.12 to $0.22
Mahu2021: folds 
oyuka1988: folds 
RenoRosco: calls $0.22
iPlay4staX: folds 
witos72: folds 
*** FLOP *** [4d 2d 6c]
Epaonni: checks 
RenoRosco: bets $0.20
Epaonni: folds 
Uncalled bet ($0.20) returned to RenoRosco
RenoRosco collected $0.55 from pot
RenoRosco: doesn't show hand 
*** SUMMARY ***
Total pot $0.59 | Rake $0.04 
Board [4d 2d 6c]
Seat 1: RenoRosco (button) collected ($0.55)
Seat 2: iPlay4staX (small blind) folded before Flop
Seat 3: witos72 (big blind) folded before Flop
Seat 4: Epaonni folded on the Flop
Seat 5: Mahu2021 folded before Flop (didn't bet)
Seat 6: oyuka1988 folded before Flop (didn't bet)



PokerStars Zoom Hand #253871092026:  Hold'em No Limit ($0.05/$0.10) - 2024/12/15 21:05:54 CET [2024/12/15 15:05:54 ET]
Table 'Aludra' 6-max Seat #1 is the button
Seat 1: Gal4krond ($24.24 in chips) 
Seat 2: DonkeyKong1960 ($11.03 in chips) 
Seat 3: Aufschlag ($10 in chips) 
Seat 4: hong0627 ($11.84 in chips) 
Seat 5: Mahu2021 ($7.72 in chips) 
Seat 6: witos72 ($9.50 in chips) 
DonkeyKong1960: posts small blind $0.05
Aufschlag: posts big blind $0.10
*** HOLE CARDS ***
Dealt to Mahu2021 [Qc 9s]
hong0627: folds 
Mahu2021: folds 
witos72: folds 
Gal4krond: folds 
DonkeyKong1960: folds 
Uncalled bet ($0.05) returned to Aufschlag
Aufschlag collected $0.10 from pot
Aufschlag: doesn't show hand 
*** SUMMARY ***
Total pot $0.10 | Rake $0 
Seat 1: Gal4krond (button) folded before Flop (didn't bet)
Seat 2: DonkeyKong1960 (small blind) folded before Flop
Seat 3: Aufschlag (big blind) collected ($0.10)
Seat 4: hong0627 folded before Flop (didn't bet)
Seat 5: Mahu2021 folded before Flop (didn't bet)
Seat 6: witos72 folded before Flop (didn't bet)



PokerStars Zoom Hand #253871078318:  Hold'em No Limit ($0.05/$0.10) - 2024/12/15 21:05:17 CET [2024/12/15 15:05:17 ET]
Table 'Aludra' 6-max Seat #1 is the button
Seat 1: Mahu2021 ($7.87 in chips) 
Seat 2: Gal4krond ($16.72 in chips) 
Seat 3: Dimon_55_77 ($11.99 in chips) 
Seat 4: cpt.vnpp ($12.83 in chips) 
Seat 5: DaJunnis ($4.67 in chips) 
Seat 6: Bur1k ($5.79 in chips) 
Gal4krond: posts small blind $0.05
Dimon_55_77: posts big blind $0.10
*** HOLE CARDS ***
Dealt to Mahu2021 [Kd 3c]
cpt.vnpp: folds 
DaJunnis: calls $0.10
Bur1k: folds 
Mahu2021: folds 
Gal4krond: folds 
Dimon_55_77: checks 
*** FLOP *** [7h 8c 6d]
Dimon_55_77: checks 
DaJunnis: bets $0.10
Dimon_55_77: calls $0.10
*** TURN *** [7h 8c 6d] [Js]
Dimon_55_77: checks 
DaJunnis: bets $0.10
Dimon_55_77: calls $0.10
*** RIVER *** [7h 8c 6d Js] [3s]
Dimon_55_77: checks 
DaJunnis: bets $0.62
Dimon_55_77: folds 
Uncalled bet ($0.62) returned to DaJunnis
DaJunnis collected $0.61 from pot
DaJunnis: doesn't show hand 
*** SUMMARY ***
Total pot $0.65 | Rake $0.04 
Board [7h 8c 6d Js 3s]
Seat 1: Mahu2021 (button) folded before Flop (didn't bet)
Seat 2: Gal4krond (small blind) folded before Flop
Seat 3: Dimon_55_77 (big blind) folded on the River
Seat 4: cpt.vnpp folded before Flop (didn't bet)
Seat 5: DaJunnis collected ($0.61)
Seat 6: Bur1k folded before Flop (didn't bet)



PokerStars Zoom Hand #253871088284:  Hold'em No Limit ($0.05/$0.10) - 2024/12/15 21:05:45 CET [2024/12/15 15:05:45 ET]
Table 'Aludra' 6-max Seat #1 is the button
Seat 1: MVPA1 ($15.64 in chips) 
Seat 2: mensebes ($11.90 in chips) 
Seat 3: michaltoja ($10.25 in chips) 
Seat 4: witos72 ($9.50 in chips) 
Seat 5: ksd23 ($23.53 in chips) 
Seat 6: Mahu2021 ($7.72 in chips) 
mensebes: posts small blind $0.05
michaltoja: posts big blind $0.10
*** HOLE CARDS ***
Dealt to Mahu2021 [Jc 5c]
witos72: folds 
ksd23: raises $0.15 to $0.25
Mahu2021: folds 
MVPA1: folds 
mensebes: calls $0.20
michaltoja: folds 
*** FLOP *** [Ks 8s Th]
mensebes: bets $0.57
ksd23: calls $0.57
*** TURN *** [Ks 8s Th] [8h]
mensebes: bets $0.83
ksd23: calls $0.83
*** RIVER *** [Ks 8s Th 8h] [5s]
mensebes: checks 
ksd23: checks 
*** SHOW DOWN ***
mensebes: shows [8c Tc] (a full house, Eights full of Tens)
ksd23: mucks hand 
mensebes collected $3.21 from pot
*** SUMMARY ***
Total pot $3.40 | Rake $0.19 
Board [Ks 8s Th 8h 5s]
Seat 1: MVPA1 (button) folded before Flop (didn't bet)
Seat 2: mensebes (small blind) showed [8c Tc] and won ($3.21) with a full house, Eights full of Tens
Seat 3: michaltoja (big blind) folded before Flop
Seat 4: witos72 folded before Flop (didn't bet)
Seat 5: ksd23 mucked [Qc Kc]
Seat 6: Mahu2021 folded before Flop (didn't bet)



PokerStars Zoom Hand #253871074482:  Hold'em No Limit ($0.05/$0.10) - 2024/12/15 21:05:07 CET [2024/12/15 15:05:07 ET]
Table 'Aludra' 6-max Seat #1 is the button
Seat 1: MasterVBM ($5.55 in chips) 
Seat 2: hempju1ce ($14.14 in chips) 
Seat 3: 92Sammygo ($11.94 in chips) 
Seat 4: Mahu2021 ($7.87 in chips) 
Seat 5: Mr Jim 77 ($7.92 in chips) 
Seat 6: pankotskiy74 ($5.73 in chips) 
hempju1ce: posts small blind $0.05
92Sammygo: posts big blind $0.10
*** HOLE CARDS ***
Dealt to Mahu2021 [4d 7d]
Mahu2021: folds 
Mr Jim 77: folds 
pankotskiy74: folds 
MasterVBM: calls $0.10
hempju1ce: folds 
92Sammygo: checks 
*** FLOP *** [Qs 3s 9s]
92Sammygo: checks 
MasterVBM: checks 
*** TURN *** [Qs 3s 9s] [Td]
92Sammygo: checks 
MasterVBM: checks 
*** RIVER *** [Qs 3s 9s Td] [6h]
92Sammygo: checks 
MasterVBM: checks 
*** SHOW DOWN ***
92Sammygo: shows [Jd Th] (a pair of Tens)
MasterVBM: mucks hand 
92Sammygo collected $0.24 from pot
*** SUMMARY ***
Total pot $0.25 | Rake $0.01 
Board [Qs 3s 9s Td 6h]
Seat 1: MasterVBM (button) mucked [5d 5c]
Seat 2: hempju1ce (small blind) folded before Flop
Seat 3: 92Sammygo (big blind) showed [Jd Th] and won ($0.24) with a pair of Tens
Seat 4: Mahu2021 folded before Flop (didn't bet)
Seat 5: Mr Jim 77 folded before Flop (didn't bet)
Seat 6: pankotskiy74 folded before Flop (didn't bet)



PokerStars Zoom Hand #253871093836:  Hold'em No Limit ($0.05/$0.10) - 2024/12/15 21:05:59 CET [2024/12/15 15:05:59 ET]
Table 'Aludra' 6-max Seat #1 is the button
Seat 1: Dymetadrine ($8.09 in chips) 
Seat 2: hong0627 ($11.84 in chips) 
Seat 3: Bruno CP796 ($3.17 in chips) 
Seat 4: cubaapl ($14.79 in chips) 
Seat 5: iagoNTC ($10.17 in chips) 
Seat 6: Mahu2021 ($7.72 in chips) 
hong0627: posts small blind $0.05
Bruno CP796: posts big blind $0.10
*** HOLE CARDS ***
Dealt to Mahu2021 [9d 9h]
cubaapl: raises $0.10 to $0.20
iagoNTC: folds 
Mahu2021: calls $0.20
Dymetadrine: folds 
hong0627: folds 
Bruno CP796: raises $1 to $1.20
cubaapl: folds 
Mahu2021: folds 
Uncalled bet ($1) returned to Bruno CP796
Bruno CP796 collected $0.65 from pot
Bruno CP796: doesn't show hand 
*** SUMMARY ***
Total pot $0.65 | Rake $0 
Seat 1: Dymetadrine (button) folded before Flop (didn't bet)
Seat 2: hong0627 (small blind) folded before Flop
Seat 3: Bruno CP796 (big blind) collected ($0.65)
Seat 4: cubaapl folded before Flop
Seat 5: iagoNTC folded before Flop (didn't bet)
Seat 6: Mahu2021 folded before Flop



PokerStars Zoom Hand #253871102302:  Hold'em No Limit ($0.05/$0.10) - 2024/12/15 21:06:22 CET [2024/12/15 15:06:22 ET]
Table 'Aludra' 6-max Seat #1 is the button
Seat 1: wujaszek ($7.77 in chips) 
Seat 2: Mahu2021 ($7.52 in chips) 
Seat 3: wesleysilva2022 ($5 in chips) 
Seat 4: Trabala655 ($19.85 in chips) 
Seat 5: PokerLesson77 ($3.41 in chips) 
Seat 6: iPlay4staX ($10 in chips) 
Mahu2021: posts small blind $0.05
wesleysilva2022: posts big blind $0.10
*** HOLE CARDS ***
Dealt to Mahu2021 [Th Ah]
Trabala655: folds 
PokerLesson77: folds 
iPlay4staX: folds 
wujaszek: folds 
Mahu2021: raises $0.20 to $0.30
wesleysilva2022: calls $0.20
*** FLOP *** [Qc 8d 4d]
Mahu2021: checks 
wesleysilva2022: checks 
*** TURN *** [Qc 8d 4d] [Jh]
Mahu2021: checks 
wesleysilva2022: checks 
*** RIVER *** [Qc 8d 4d Jh] [6s]
Mahu2021: bets $0.30
wesleysilva2022: raises $0.30 to $0.60
Mahu2021: folds 
Uncalled bet ($0.30) returned to wesleysilva2022
wesleysilva2022 collected $1.15 from pot
wesleysilva2022: doesn't show hand 
*** SUMMARY ***
Total pot $1.20 | Rake $0.05 
Board [Qc 8d 4d Jh 6s]
Seat 1: wujaszek (button) folded before Flop (didn't bet)
Seat 2: Mahu2021 (small blind) folded on the River
Seat 3: wesleysilva2022 (big blind) collected ($1.15)
Seat 4: Trabala655 folded before Flop (didn't bet)
Seat 5: PokerLesson77 folded before Flop (didn't bet)
Seat 6: iPlay4staX folded before Flop (didn't bet)



PokerStars Zoom Hand #253871084497:  Hold'em No Limit ($0.05/$0.10) - 2024/12/15 21:05:34 CET [2024/12/15 15:05:34 ET]
Table 'Aludra' 6-max Seat #1 is the button
Seat 1: JacDs ($13.53 in chips) 
Seat 2: Mahu2021 ($7.77 in chips) 
Seat 3: osakei1024 ($4.59 in chips) 
Seat 4: 00O-2Z ($10.18 in chips) 
Seat 5: iagoNTC ($12.78 in chips) 
Seat 6: DonkeyKong1960 ($10.41 in chips) 
Mahu2021: posts small blind $0.05
osakei1024: posts big blind $0.10
*** HOLE CARDS ***
Dealt to Mahu2021 [7d 2h]
00O-2Z: folds 
iagoNTC: folds 
DonkeyKong1960: folds 
JacDs: raises $0.15 to $0.25
Mahu2021: folds 
osakei1024: calls $0.15
*** FLOP *** [3c 2s Kc]
osakei1024: checks 
JacDs: bets $0.13
osakei1024: calls $0.13
*** TURN *** [3c 2s Kc] [Ts]
osakei1024: checks 
JacDs: checks 
*** RIVER *** [3c 2s Kc Ts] [Kh]
osakei1024: checks 
JacDs: bets $0.10
osakei1024: calls $0.10
*** SHOW DOWN ***
JacDs: shows [Js Tc] (two pair, Kings and Tens)
osakei1024: mucks hand 
JacDs collected $0.96 from pot
*** SUMMARY ***
Total pot $1.01 | Rake $0.05 
Board [3c 2s Kc Ts Kh]
Seat 1: JacDs (button) showed [Js Tc] and won ($0.96) with two pair, Kings and Tens
Seat 2: Mahu2021 (small blind) folded before Flop
Seat 3: osakei1024 (big blind) mucked [3s 6s]
Seat 4: 00O-2Z folded before Flop (didn't bet)
Seat 5: iagoNTC folded before Flop (didn't bet)
Seat 6: DonkeyKong1960 folded before Flop (didn't bet)



PokerStars Zoom Hand #253871110607:  Hold'em No Limit ($0.05/$0.10) - 2024/12/15 21:06:45 CET [2024/12/15 15:06:45 ET]
Table 'Aludra' 6-max Seat #1 is the button
Seat 1: Gal4krond ($10.44 in chips) 
Seat 2: hoppy93210 ($15.51 in chips) 
Seat 3: Mahu2021 ($6.92 in chips) 
Seat 4: hempju1ce ($13.69 in chips) 
Seat 5: PokerLesson77 ($9.87 in chips) 
Seat 6: Aufschlag ($10 in chips) 
hoppy93210: posts small blind $0.05
Mahu2021: posts big blind $0.10
*** HOLE CARDS ***
Dealt to Mahu2021 [Qc Qh]
hempju1ce: folds 
PokerLesson77: raises $0.23 to $0.33
Aufschlag: folds 
Gal4krond: folds 
hoppy93210: folds 
Mahu2021: raises $6.59 to $6.92 and is all-in
PokerLesson77: calls $6.59
*** FLOP *** [Jh 5h 7h]
*** TURN *** [Jh 5h 7h] [Qd]
*** RIVER *** [Jh 5h 7h Qd] [6s]
*** SHOW DOWN ***
Mahu2021: shows [Qc Qh] (three of a kind, Queens)
PokerLesson77: shows [7s 7c] (three of a kind, Sevens)
Mahu2021 cashed out the hand for $10.53 | Cash Out Fee $0.21
*** SUMMARY ***
Total pot $13.89 | Rake $0.63 
Board [Jh 5h 7h Qd 6s]
Seat 1: Gal4krond (button) folded before Flop (didn't bet)
Seat 2: hoppy93210 (small blind) folded before Flop
Seat 3: Mahu2021 (big blind) showed [Qc Qh] and won ($13.26) with three of a kind, Queens (pot not awarded as player cashed out)
Seat 4: hempju1ce folded before Flop (didn't bet)
Seat 5: PokerLesson77 showed [7s 7c] and lost with three of a kind, Sevens
Seat 6: Aufschlag folded before Flop (didn't bet)



PokerStars Zoom Hand #253871090535:  Hold'em No Limit ($0.05/$0.10) - 2024/12/15 21:05:50 CET [2024/12/15 15:05:50 ET]
Table 'Aludra' 6-max Seat #1 is the button
Seat 1: Kuri85 ($16.01 in chips) 
Seat 2: Magoya8 ($16.76 in chips) 
Seat 3: MVPA1 ($15.64 in chips) 
Seat 4: Mahu2021 ($7.72 in chips) 
Seat 5: 2sword4 ($10.26 in chips) 
Seat 6: cubaapl ($14.79 in chips) 
Magoya8: posts small blind $0.05
MVPA1: posts big blind $0.10
*** HOLE CARDS ***
Dealt to Mahu2021 [Ts 6h]
Mahu2021: folds 
2sword4: raises $0.15 to $0.25
cubaapl: folds 
Kuri85: calls $0.25
Magoya8: folds 
MVPA1: calls $0.15
*** FLOP *** [7h 7c 4h]
MVPA1: checks 
2sword4: checks 
Kuri85: bets $0.38
MVPA1: calls $0.38
2sword4: folds 
*** TURN *** [7h 7c 4h] [8d]
MVPA1: checks 
Kuri85: bets $0.75
MVPA1: calls $0.75
*** RIVER *** [7h 7c 4h 8d] [9s]
MVPA1: checks 
Kuri85: checks 
*** SHOW DOWN ***
MVPA1: shows [9h Kh] (two pair, Nines and Sevens)
Kuri85: mucks hand 
MVPA1 collected $2.92 from pot
*** SUMMARY ***
Total pot $3.06 | Rake $0.14 
Board [7h 7c 4h 8d 9s]
Seat 1: Kuri85 (button) mucked [8h Ah]
Seat 2: Magoya8 (small blind) folded before Flop
Seat 3: MVPA1 (big blind) showed [9h Kh] and won ($2.92) with two pair, Nines and Sevens
Seat 4: Mahu2021 folded before Flop (didn't bet)
Seat 5: 2sword4 folded on the Flop
Seat 6: cubaapl folded before Flop (didn't bet)



PokerStars Zoom Hand #253871120564:  Hold'em No Limit ($0.05/$0.10) - 2024/12/15 21:07:11 CET [2024/12/15 15:07:11 ET]
Table 'Aludra' 6-max Seat #1 is the button
Seat 1: doccian ($19.54 in chips) 
Seat 2: Bodil2020 ($13.95 in chips) 
Seat 3: mensebes ($13.71 in chips) 
Seat 4: Jhanr ($12.80 in chips) 
Seat 5: Mahu2021 ($10.53 in chips) 
Seat 6: perry623 ($9.90 in chips) 
Bodil2020: posts small blind $0.05
mensebes: posts big blind $0.10
*** HOLE CARDS ***
Dealt to Mahu2021 [Qc As]
Jhanr: folds 
Mahu2021: raises $0.20 to $0.30
perry623: raises $0.75 to $1.05
doccian: folds 
Bodil2020: folds 
mensebes: folds 
Mahu2021: folds 
Uncalled bet ($0.75) returned to perry623
perry623 collected $0.75 from pot
perry623: doesn't show hand 
*** SUMMARY ***
Total pot $0.75 | Rake $0 
Seat 1: doccian (button) folded before Flop (didn't bet)
Seat 2: Bodil2020 (small blind) folded before Flop
Seat 3: mensebes (big blind) folded before Flop
Seat 4: Jhanr folded before Flop (didn't bet)
Seat 5: Mahu2021 folded before Flop
Seat 6: perry623 collected ($0.75)



PokerStars Zoom Hand #253871127393:  Hold'em No Limit ($0.05/$0.10) - 2024/12/15 21:07:30 CET [2024/12/15 15:07:30 ET]
Table 'Aludra' 6-max Seat #1 is the button
Seat 1: hong0627 ($11.97 in chips) 
Seat 2: MasterVBM ($6.01 in chips) 
Seat 3: harleythamarlin ($10.82 in chips) 
Seat 4: Mahu2021 ($10.23 in chips) 
Seat 5: 92Sammygo ($13.87 in chips) 
Seat 6: lefo21x ($34.16 in chips) 
MasterVBM: posts small blind $0.05
harleythamarlin: posts big blind $0.10
*** HOLE CARDS ***
Dealt to Mahu2021 [Ah Kh]
Mahu2021: raises $0.20 to $0.30
92Sammygo: folds 
lefo21x: folds 
hong0627: folds 
MasterVBM: folds 
harleythamarlin: folds 
Uncalled bet ($0.20) returned to Mahu2021
Mahu2021 collected $0.25 from pot
Mahu2021: doesn't show hand 
*** SUMMARY ***
Total pot $0.25 | Rake $0 
Seat 1: hong0627 (button) folded before Flop (didn't bet)
Seat 2: MasterVBM (small blind) folded before Flop
Seat 3: harleythamarlin (big blind) folded before Flop
Seat 4: Mahu2021 collected ($0.25)
Seat 5: 92Sammygo folded before Flop (didn't bet)
Seat 6: lefo21x folded before Flop (didn't bet)



PokerStars Zoom Hand #253871131130:  Hold'em No Limit ($0.05/$0.10) - 2024/12/15 21:07:39 CET [2024/12/15 15:07:39 ET]
Table 'Aludra' 6-max Seat #1 is the button
Seat 1: bacardi39 ($3.80 in chips) 
Seat 2: naldao45 ($19.13 in chips) 
Seat 3: MasterVBM ($4.54 in chips) 
Seat 4: Mahu2021 ($10.38 in chips) 
Seat 5: Mackmyra600 ($12.17 in chips) 
Seat 6: Jhanr ($12.65 in chips) 
naldao45: posts small blind $0.05
MasterVBM: posts big blind $0.10
*** HOLE CARDS ***
Dealt to Mahu2021 [7s Td]
Mahu2021: folds 
Mackmyra600: folds 
Jhanr: folds 
bacardi39: folds 
naldao45: folds 
Uncalled bet ($0.05) returned to MasterVBM
MasterVBM collected $0.10 from pot
MasterVBM: doesn't show hand 
*** SUMMARY ***
Total pot $0.10 | Rake $0 
Seat 1: bacardi39 (button) folded before Flop (didn't bet)
Seat 2: naldao45 (small blind) folded before Flop
Seat 3: MasterVBM (big blind) collected ($0.10)
Seat 4: Mahu2021 folded before Flop (didn't bet)
Seat 5: Mackmyra600 folded before Flop (didn't bet)
Seat 6: Jhanr folded before Flop (didn't bet)



PokerStars Zoom Hand #253871125820:  Hold'em No Limit ($0.05/$0.10) - 2024/12/15 21:07:26 CET [2024/12/15 15:07:26 ET]
Table 'Aludra' 6-max Seat #1 is the button
Seat 1: Mahu2021 ($10.23 in chips) 
Seat 2: RedTerror161 ($12.57 in chips) 
Seat 3: Vicktorio ($12.53 in chips) 
Seat 4: oyuka1988 ($8.71 in chips) 
Seat 5: naldao45 ($19.13 in chips) 
Seat 6: iPlay4staX ($10 in chips) 
RedTerror161: posts small blind $0.05
Vicktorio: posts big blind $0.10
*** HOLE CARDS ***
Dealt to Mahu2021 [5s 2h]
oyuka1988: folds 
naldao45: folds 
iPlay4staX: raises $0.10 to $0.20
Mahu2021: folds 
RedTerror161: folds 
Vicktorio: calls $0.10
*** FLOP *** [8h Ac Qc]
Vicktorio: checks 
iPlay4staX: bets $0.31
Vicktorio: calls $0.31
*** TURN *** [8h Ac Qc] [9s]
Vicktorio: checks 
iPlay4staX: bets $1.03
Vicktorio: calls $1.03
*** RIVER *** [8h Ac Qc 9s] [Tc]
Vicktorio: bets $1
iPlay4staX: calls $1
*** SHOW DOWN ***
Vicktorio: shows [Ah Ts] (two pair, Aces and Tens)
iPlay4staX: shows [8c 8s] (three of a kind, Eights)
iPlay4staX collected $4.90 from pot
*** SUMMARY ***
Total pot $5.13 | Rake $0.23 
Board [8h Ac Qc 9s Tc]
Seat 1: Mahu2021 (button) folded before Flop (didn't bet)
Seat 2: RedTerror161 (small blind) folded before Flop
Seat 3: Vicktorio (big blind) showed [Ah Ts] and lost with two pair, Aces and Tens
Seat 4: oyuka1988 folded before Flop (didn't bet)
Seat 5: naldao45 folded before Flop (didn't bet)
Seat 6: iPlay4staX showed [8c 8s] and won ($4.90) with three of a kind, Eights



PokerStars Zoom Hand #253871132647:  Hold'em No Limit ($0.05/$0.10) - 2024/12/15 21:07:44 CET [2024/12/15 15:07:44 ET]
Table 'Aludra' 6-max Seat #1 is the button
Seat 1: Jhanr ($12.65 in chips) 
Seat 2: Scorpionem ($11.50 in chips) 
Seat 3: Mahu2021 ($10.38 in chips) 
Seat 4: mAAverick33 ($13.46 in chips) 
Seat 5: JacDs ($11.11 in chips) 
Seat 6: pokking876 ($24.91 in chips) 
Scorpionem: posts small blind $0.05
Mahu2021: posts big blind $0.10
*** HOLE CARDS ***
Dealt to Mahu2021 [5c As]
mAAverick33: folds 
JacDs: raises $0.15 to $0.25
pokking876: raises $0.55 to $0.80
Jhanr: folds 
Scorpionem: folds 
Mahu2021: folds 
JacDs: folds 
Uncalled bet ($0.55) returned to pokking876
pokking876 collected $0.65 from pot
pokking876: doesn't show hand 
*** SUMMARY ***
Total pot $0.65 | Rake $0 
Seat 1: Jhanr (button) folded before Flop (didn't bet)
Seat 2: Scorpionem (small blind) folded before Flop
Seat 3: Mahu2021 (big blind) folded before Flop
Seat 4: mAAverick33 folded before Flop (didn't bet)
Seat 5: JacDs folded before Flop
Seat 6: pokking876 collected ($0.65)



PokerStars Zoom Hand #253871140472:  Hold'em No Limit ($0.05/$0.10) - 2024/12/15 21:08:05 CET [2024/12/15 15:08:05 ET]
Table 'Aludra' 6-max Seat #1 is the button
Seat 1: naldao45 ($18.98 in chips) 
Seat 2: Mahu2021 ($10.28 in chips) 
Seat 3: alpharfn ($5.74 in chips) 
Seat 4: DonkeyKong1960 ($10.58 in chips) 
Seat 5: Luka 192014 ($13.95 in chips) 
Seat 6: KBwsop ($11.32 in chips) 
Mahu2021: posts small blind $0.05
alpharfn: posts big blind $0.10
*** HOLE CARDS ***
Dealt to Mahu2021 [Jd 9s]
DonkeyKong1960: folds 
Luka 192014: raises $0.20 to $0.30
KBwsop: folds 
naldao45: folds 
Mahu2021: folds 
alpharfn: folds 
Uncalled bet ($0.20) returned to Luka 192014
Luka 192014 collected $0.25 from pot
Luka 192014: doesn't show hand 
*** SUMMARY ***
Total pot $0.25 | Rake $0 
Seat 1: naldao45 (button) folded before Flop (didn't bet)
Seat 2: Mahu2021 (small blind) folded before Flop
Seat 3: alpharfn (big blind) folded before Flop
Seat 4: DonkeyKong1960 folded before Flop (didn't bet)
Seat 5: Luka 192014 collected ($0.25)
Seat 6: KBwsop folded before Flop (didn't bet)



PokerStars Zoom Hand #253871143420:  Hold'em No Limit ($0.05/$0.10) - 2024/12/15 21:08:13 CET [2024/12/15 15:08:13 ET]
Table 'Aludra' 6-max Seat #1 is the button
Seat 1: JacDs ($10 in chips) 
Seat 2: perry623 ($9.96 in chips) 
Seat 3: DonkeyKong1960 ($10.45 in chips) 
Seat 4: Aufschlag ($10 in chips) 
Seat 5: Gal4krond ($24.14 in chips) 
Seat 6: Mahu2021 ($10.23 in chips) 
perry623: posts small blind $0.05
DonkeyKong1960: posts big blind $0.10
*** HOLE CARDS ***
Dealt to Mahu2021 [6d 5h]
Aufschlag: folds 
Gal4krond: folds 
Mahu2021: folds 
JacDs: raises $0.15 to $0.25
perry623: folds 
DonkeyKong1960: folds 
Uncalled bet ($0.15) returned to JacDs
JacDs collected $0.25 from pot
JacDs: doesn't show hand 
*** SUMMARY ***
Total pot $0.25 | Rake $0 
Seat 1: JacDs (button) collected ($0.25)
Seat 2: perry623 (small blind) folded before Flop
Seat 3: DonkeyKong1960 (big blind) folded before Flop
Seat 4: Aufschlag folded before Flop (didn't bet)
Seat 5: Gal4krond folded before Flop (didn't bet)
Seat 6: Mahu2021 folded before Flop (didn't bet)



PokerStars Zoom Hand #253871145007:  Hold'em No Limit ($0.05/$0.10) - 2024/12/15 21:08:17 CET [2024/12/15 15:08:17 ET]
Table 'Aludra' 6-max Seat #1 is the button
Seat 1: ksd23 ($22.34 in chips) 
Seat 2: Bruno CP796 ($2.99 in chips) 
Seat 3: Luka 192014 ($14.10 in chips) 
Seat 4: pokking876 ($12.33 in chips) 
Seat 5: GSFoolish ($7.56 in chips) 
Seat 6: Mahu2021 ($10.23 in chips) 
Bruno CP796: posts small blind $0.05
Luka 192014: posts big blind $0.10
*** HOLE CARDS ***
Dealt to Mahu2021 [2c 5s]
pokking876: folds 
GSFoolish: folds 
Mahu2021: folds 
ksd23: folds 
Bruno CP796: raises $2.89 to $2.99 and is all-in
Luka 192014: folds 
Uncalled bet ($2.89) returned to Bruno CP796
Bruno CP796 collected $0.20 from pot
Bruno CP796: doesn't show hand 
*** SUMMARY ***
Total pot $0.20 | Rake $0 
Seat 1: ksd23 (button) folded before Flop (didn't bet)
Seat 2: Bruno CP796 (small blind) collected ($0.20)
Seat 3: Luka 192014 (big blind) folded before Flop
Seat 4: pokking876 folded before Flop (didn't bet)
Seat 5: GSFoolish folded before Flop (didn't bet)
Seat 6: Mahu2021 folded before Flop (didn't bet)



PokerStars Zoom Hand #253871141916:  Hold'em No Limit ($0.05/$0.10) - 2024/12/15 21:08:09 CET [2024/12/15 15:08:09 ET]
Table 'Aludra' 6-max Seat #1 is the button
Seat 1: Mahu2021 ($10.23 in chips) 
Seat 2: Bur1k ($5 in chips) 
Seat 3: thorindorf ($12.32 in chips) 
Seat 4: Gal4krond ($24.14 in chips) 
Seat 5: T.D.L.D.K ($13.95 in chips) 
Seat 6: Jhanr ($12.50 in chips) 
Bur1k: posts small blind $0.05
thorindorf: posts big blind $0.10
*** HOLE CARDS ***
Dealt to Mahu2021 [6d 2d]
Gal4krond: folds 
T.D.L.D.K: raises $0.15 to $0.25
Jhanr: folds 
Mahu2021: folds 
Bur1k: folds 
thorindorf: folds 
Uncalled bet ($0.15) returned to T.D.L.D.K
T.D.L.D.K collected $0.25 from pot
T.D.L.D.K: doesn't show hand 
*** SUMMARY ***
Total pot $0.25 | Rake $0 
Seat 1: Mahu2021 (button) folded before Flop (didn't bet)
Seat 2: Bur1k (small blind) folded before Flop
Seat 3: thorindorf (big blind) folded before Flop
Seat 4: Gal4krond folded before Flop (didn't bet)
Seat 5: T.D.L.D.K collected ($0.25)
Seat 6: Jhanr folded before Flop (didn't bet)



PokerStars Zoom Hand #253871148709:  Hold'em No Limit ($0.05/$0.10) - 2024/12/15 21:08:27 CET [2024/12/15 15:08:27 ET]
Table 'Aludra' 6-max Seat #1 is the button
Seat 1: DonkeyKong1960 ($10.29 in chips) 
Seat 2: PokerLesson77 ($3.62 in chips) 
Seat 3: mduq1 ($13.17 in chips) 
Seat 4: Mahu2021 ($10.23 in chips) 
Seat 5: Rubbernicks ($10 in chips) 
Seat 6: hong0627 ($13.51 in chips) 
PokerLesson77: posts small blind $0.05
mduq1: posts big blind $0.10
*** HOLE CARDS ***
Dealt to Mahu2021 [Qs 2h]
Mahu2021: folds 
Rubbernicks: folds 
hong0627: folds 
DonkeyKong1960: raises $0.20 to $0.30
PokerLesson77: folds 
mduq1: folds 
Uncalled bet ($0.20) returned to DonkeyKong1960
DonkeyKong1960 collected $0.25 from pot
DonkeyKong1960: doesn't show hand 
*** SUMMARY ***
Total pot $0.25 | Rake $0 
Seat 1: DonkeyKong1960 (button) collected ($0.25)
Seat 2: PokerLesson77 (small blind) folded before Flop
Seat 3: mduq1 (big blind) folded before Flop
Seat 4: Mahu2021 folded before Flop (didn't bet)
Seat 5: Rubbernicks folded before Flop (didn't bet)
Seat 6: hong0627 folded before Flop (didn't bet)



PokerStars Zoom Hand #253871150700:  Hold'em No Limit ($0.05/$0.10) - 2024/12/15 21:08:32 CET [2024/12/15 15:08:32 ET]
Table 'Aludra' 6-max Seat #1 is the button
Seat 1: royacht ($10.31 in chips) 
Seat 2: Mahu2021 ($10.23 in chips) 
Seat 3: GSFoolish ($7.51 in chips) 
Seat 4: SKAlmaty_86 ($7.53 in chips) 
Seat 5: Dimon_55_77 ($11.35 in chips) 
Seat 6: daily228 ($10 in chips) 
Mahu2021: posts small blind $0.05
GSFoolish: posts big blind $0.10
*** HOLE CARDS ***
Dealt to Mahu2021 [2d Jh]
SKAlmaty_86: folds 
Dimon_55_77: folds 
daily228: raises $0.13 to $0.23
royacht: folds 
Mahu2021: folds 
GSFoolish: folds 
Uncalled bet ($0.13) returned to daily228
daily228 collected $0.25 from pot
daily228: doesn't show hand 
*** SUMMARY ***
Total pot $0.25 | Rake $0 
Seat 1: royacht (button) folded before Flop (didn't bet)
Seat 2: Mahu2021 (small blind) folded before Flop
Seat 3: GSFoolish (big blind) folded before Flop
Seat 4: SKAlmaty_86 folded before Flop (didn't bet)
Seat 5: Dimon_55_77 folded before Flop (didn't bet)
Seat 6: daily228 collected ($0.25)



PokerStars Zoom Hand #253871146443:  Hold'em No Limit ($0.05/$0.10) - 2024/12/15 21:08:21 CET [2024/12/15 15:08:21 ET]
Table 'Aludra' 6-max Seat #1 is the button
Seat 1: 00O-2Z ($10.76 in chips) 
Seat 2: wujaszek ($7.92 in chips) 
Seat 3: michaltoja ($10.10 in chips) 
Seat 4: cpt.vnpp ($14.44 in chips) 
Seat 5: Mahu2021 ($10.23 in chips) 
Seat 6: argyenfant ($8.26 in chips) 
wujaszek: posts small blind $0.05
michaltoja: posts big blind $0.10
*** HOLE CARDS ***
Dealt to Mahu2021 [4s 2d]
cpt.vnpp: folds 
Mahu2021: folds 
argyenfant: calls $0.10
00O-2Z: folds 
wujaszek: folds 
michaltoja: checks 
*** FLOP *** [5c 8c Qc]
michaltoja: checks 
argyenfant: bets $0.24
michaltoja: folds 
Uncalled bet ($0.24) returned to argyenfant
argyenfant collected $0.24 from pot
argyenfant: doesn't show hand 
*** SUMMARY ***
Total pot $0.25 | Rake $0.01 
Board [5c 8c Qc]
Seat 1: 00O-2Z (button) folded before Flop (didn't bet)
Seat 2: wujaszek (small blind) folded before Flop
Seat 3: michaltoja (big blind) folded on the Flop
Seat 4: cpt.vnpp folded before Flop (didn't bet)
Seat 5: Mahu2021 folded before Flop (didn't bet)
Seat 6: argyenfant collected ($0.24)



PokerStars Zoom Hand #253871153231:  Hold'em No Limit ($0.05/$0.10) - 2024/12/15 21:08:39 CET [2024/12/15 15:08:39 ET]
Table 'Aludra' 6-max Seat #1 is the button
Seat 1: osakei1024 ($5.33 in chips) 
Seat 2: JacDs ($39.19 in chips) 
Seat 3: Mahu2021 ($10.18 in chips) 
Seat 4: iPlay4staX ($12.36 in chips) 
Seat 5: mensebes ($14.39 in chips) 
Seat 6: DonkeyKong1960 ($10.44 in chips) 
JacDs: posts small blind $0.05
Mahu2021: posts big blind $0.10
*** HOLE CARDS ***
Dealt to Mahu2021 [9d Qd]
iPlay4staX: raises $0.10 to $0.20
mensebes: folds 
DonkeyKong1960: folds 
osakei1024: folds 
JacDs: folds 
Mahu2021: calls $0.10
*** FLOP *** [7d 5d 7s]
Mahu2021: checks 
iPlay4staX: bets $0.31
Mahu2021: calls $0.31
*** TURN *** [7d 5d 7s] [Ah]
Mahu2021: checks 
iPlay4staX: bets $0.73
Mahu2021: calls $0.73
*** RIVER *** [7d 5d 7s Ah] [3c]
Mahu2021: checks 
iPlay4staX: bets $1.74
Mahu2021: folds 
Uncalled bet ($1.74) returned to iPlay4staX
iPlay4staX collected $2.42 from pot
iPlay4staX: doesn't show hand 
*** SUMMARY ***
Total pot $2.53 | Rake $0.11 
Board [7d 5d 7s Ah 3c]
Seat 1: osakei1024 (button) folded before Flop (didn't bet)
Seat 2: JacDs (small blind) folded before Flop
Seat 3: Mahu2021 (big blind) folded on the River
Seat 4: iPlay4staX collected ($2.42)
Seat 5: mensebes folded before Flop (didn't bet)
Seat 6: DonkeyKong1960 folded before Flop (didn't bet)



PokerStars Zoom Hand #253871169604:  Hold'em No Limit ($0.05/$0.10) - 2024/12/15 21:09:23 CET [2024/12/15 15:09:23 ET]
Table 'Aludra' 6-max Seat #1 is the button
Seat 1: Mahu2021 ($8.94 in chips) 
Seat 2: kaabrum ($9.39 in chips) 
Seat 3: spajk68 ($8.75 in chips) 
Seat 4: Rubbernicks ($10 in chips) 
Seat 5: ciceron86 ($10 in chips) 
Seat 6: mAAverick33 ($12.96 in chips) 
kaabrum: posts small blind $0.05
spajk68: posts big blind $0.10
*** HOLE CARDS ***
Dealt to Mahu2021 [9s 9d]
Rubbernicks: folds 
ciceron86: folds 
mAAverick33: folds 
Mahu2021: raises $0.20 to $0.30
kaabrum: folds 
spajk68: folds 
Uncalled bet ($0.20) returned to Mahu2021
Mahu2021 collected $0.25 from pot
Mahu2021: doesn't show hand 
*** SUMMARY ***
Total pot $0.25 | Rake $0 
Seat 1: Mahu2021 (button) collected ($0.25)
Seat 2: kaabrum (small blind) folded before Flop
Seat 3: spajk68 (big blind) folded before Flop
Seat 4: Rubbernicks folded before Flop (didn't bet)
Seat 5: ciceron86 folded before Flop (didn't bet)
Seat 6: mAAverick33 folded before Flop (didn't bet)



PokerStars Zoom Hand #253871167759:  Hold'em No Limit ($0.05/$0.10) - 2024/12/15 21:09:18 CET [2024/12/15 15:09:18 ET]
Table 'Aludra' 6-max Seat #1 is the button
Seat 1: oyuka1988 ($7.96 in chips) 
Seat 2: 2sword4 ($10.43 in chips) 
Seat 3: Vicktorio ($10.60 in chips) 
Seat 4: Mahu2021 ($8.94 in chips) 
Seat 5: osakei1024 ($4.51 in chips) 
Seat 6: iPlay4staX ($13.61 in chips) 
2sword4: posts small blind $0.05
Vicktorio: posts big blind $0.10
*** HOLE CARDS ***
Dealt to Mahu2021 [7c As]
Mahu2021: folds 
osakei1024: folds 
iPlay4staX: folds 
oyuka1988: folds 
2sword4: raises $0.20 to $0.30
Vicktorio: folds 
Uncalled bet ($0.20) returned to 2sword4
2sword4 collected $0.20 from pot
2sword4: doesn't show hand 
*** SUMMARY ***
Total pot $0.20 | Rake $0 
Seat 1: oyuka1988 (button) folded before Flop (didn't bet)
Seat 2: 2sword4 (small blind) collected ($0.20)
Seat 3: Vicktorio (big blind) folded before Flop
Seat 4: Mahu2021 folded before Flop (didn't bet)
Seat 5: osakei1024 folded before Flop (didn't bet)
Seat 6: iPlay4staX folded before Flop (didn't bet)



PokerStars Zoom Hand #253871173865:  Hold'em No Limit ($0.05/$0.10) - 2024/12/15 21:09:34 CET [2024/12/15 15:09:34 ET]
Table 'Aludra' 6-max Seat #1 is the button
Seat 1: 00O-2Z ($10 in chips) 
Seat 2: Joypill ($28.56 in chips) 
Seat 3: Kuri85 ($15.56 in chips) 
Seat 4: Evianous ($9.76 in chips) 
Seat 5: DonkeyKong1960 ($10.29 in chips) 
Seat 6: Mahu2021 ($9.09 in chips) 
Joypill: posts small blind $0.05
Kuri85: posts big blind $0.10
*** HOLE CARDS ***
Dealt to Mahu2021 [Js Kd]
Evianous: folds 
DonkeyKong1960: folds 
Mahu2021: raises $0.20 to $0.30
00O-2Z: folds 
Joypill: folds 
Kuri85: folds 
Uncalled bet ($0.20) returned to Mahu2021
Mahu2021 collected $0.25 from pot
Mahu2021: doesn't show hand 
*** SUMMARY ***
Total pot $0.25 | Rake $0 
Seat 1: 00O-2Z (button) folded before Flop (didn't bet)
Seat 2: Joypill (small blind) folded before Flop
Seat 3: Kuri85 (big blind) folded before Flop
Seat 4: Evianous folded before Flop (didn't bet)
Seat 5: DonkeyKong1960 folded before Flop (didn't bet)
Seat 6: Mahu2021 collected ($0.25)



PokerStars Zoom Hand #253871179354:  Hold'em No Limit ($0.05/$0.10) - 2024/12/15 21:09:49 CET [2024/12/15 15:09:49 ET]
Table 'Aludra' 6-max Seat #1 is the button
Seat 1: ciceron86 ($10 in chips) 
Seat 2: nelwood ($13.09 in chips) 
Seat 3: Mahu2021 ($9.24 in chips) 
Seat 4: michaltoja ($10.36 in chips) 
Seat 5: pokking876 ($12.23 in chips) 
Seat 6: witos72 ($9.85 in chips) 
nelwood: posts small blind $0.05
Mahu2021: posts big blind $0.10
*** HOLE CARDS ***
Dealt to Mahu2021 [5s 2s]
michaltoja: folds 
pokking876: folds 
witos72: folds 
ciceron86: folds 
nelwood: folds 
Uncalled bet ($0.05) returned to Mahu2021
Mahu2021 collected $0.10 from pot
Mahu2021: doesn't show hand 
*** SUMMARY ***
Total pot $0.10 | Rake $0 
Seat 1: ciceron86 (button) folded before Flop (didn't bet)
Seat 2: nelwood (small blind) folded before Flop
Seat 3: Mahu2021 (big blind) collected ($0.10)
Seat 4: michaltoja folded before Flop (didn't bet)
Seat 5: pokking876 folded before Flop (didn't bet)
Seat 6: witos72 folded before Flop (didn't bet)



PokerStars Zoom Hand #253871185054:  Hold'em No Limit ($0.05/$0.10) - 2024/12/15 21:10:04 CET [2024/12/15 15:10:04 ET]
Table 'Aludra' 6-max Seat #1 is the button
Seat 1: Liviusz34 ($5.38 in chips) 
Seat 2: barryedmunds ($11.89 in chips) 
Seat 3: DonkeyKong1960 ($10.29 in chips) 
Seat 4: Mahu2021 ($9.29 in chips) 
Seat 5: osakei1024 ($4.36 in chips) 
Seat 6: 92Sammygo ($11.16 in chips) 
barryedmunds: posts small blind $0.05
DonkeyKong1960: posts big blind $0.10
*** HOLE CARDS ***
Dealt to Mahu2021 [3d 6s]
Mahu2021: folds 
osakei1024: folds 
92Sammygo: folds 
Liviusz34: folds 
barryedmunds: folds 
Uncalled bet ($0.05) returned to DonkeyKong1960
DonkeyKong1960 collected $0.10 from pot
DonkeyKong1960: doesn't show hand 
*** SUMMARY ***
Total pot $0.10 | Rake $0 
Seat 1: Liviusz34 (button) folded before Flop (didn't bet)
Seat 2: barryedmunds (small blind) folded before Flop
Seat 3: DonkeyKong1960 (big blind) collected ($0.10)
Seat 4: Mahu2021 folded before Flop (didn't bet)
Seat 5: osakei1024 folded before Flop (didn't bet)
Seat 6: 92Sammygo folded before Flop (didn't bet)



PokerStars Zoom Hand #253871183145:  Hold'em No Limit ($0.05/$0.10) - 2024/12/15 21:09:59 CET [2024/12/15 15:09:59 ET]
Table 'Aludra' 6-max Seat #1 is the button
Seat 1: Bodil2020 ($10.30 in chips) 
Seat 2: 92Sammygo ($11.21 in chips) 
Seat 3: Joypill ($28.51 in chips) 
Seat 4: YerbaKlos ($14.26 in chips) 
Seat 5: Mahu2021 ($9.29 in chips) 
Seat 6: iPlay4staX ($10.10 in chips) 
92Sammygo: posts small blind $0.05
Joypill: posts big blind $0.10
*** HOLE CARDS ***
Dealt to Mahu2021 [2c 7s]
YerbaKlos: folds 
Mahu2021: folds 
iPlay4staX: raises $0.10 to $0.20
Bodil2020: folds 
92Sammygo: folds 
Joypill: folds 
Uncalled bet ($0.10) returned to iPlay4staX
iPlay4staX collected $0.25 from pot
iPlay4staX: doesn't show hand 
*** SUMMARY ***
Total pot $0.25 | Rake $0 
Seat 1: Bodil2020 (button) folded before Flop (didn't bet)
Seat 2: 92Sammygo (small blind) folded before Flop
Seat 3: Joypill (big blind) folded before Flop
Seat 4: YerbaKlos folded before Flop (didn't bet)
Seat 5: Mahu2021 folded before Flop (didn't bet)
Seat 6: iPlay4staX collected ($0.25)



PokerStars Zoom Hand #253871187696:  Hold'em No Limit ($0.05/$0.10) - 2024/12/15 21:10:11 CET [2024/12/15 15:10:11 ET]
Table 'Aludra' 6-max Seat #1 is the button
Seat 1: JacDs ($10.56 in chips) 
Seat 2: Mahu2021 ($9.29 in chips) 
Seat 3: hoppy93210 ($14.17 in chips) 
Seat 4: 00O-2Z ($10.15 in chips) 
Seat 5: kaabrum ($9.61 in chips) 
Seat 6: Contr@Reloj ($10.15 in chips) 
Mahu2021: posts small blind $0.05
hoppy93210: posts big blind $0.10
*** HOLE CARDS ***
Dealt to Mahu2021 [Kh 6h]
00O-2Z: folds 
kaabrum: folds 
Contr@Reloj: folds 
JacDs: folds 
Mahu2021: raises $0.10 to $0.20
hoppy93210: calls $0.10
*** FLOP *** [7d 2h 8c]
Mahu2021: checks 
hoppy93210: checks 
*** TURN *** [7d 2h 8c] [4s]
Mahu2021: checks 
hoppy93210: checks 
*** RIVER *** [7d 2h 8c 4s] [4h]
Mahu2021: checks 
hoppy93210: checks 
*** SHOW DOWN ***
Mahu2021: shows [Kh 6h] (a pair of Fours)
hoppy93210: shows [9s Ad] (a pair of Fours - Ace kicker)
hoppy93210 collected $0.38 from pot
*** SUMMARY ***
Total pot $0.40 | Rake $0.02 
Board [7d 2h 8c 4s 4h]
Seat 1: JacDs (button) folded before Flop (didn't bet)
Seat 2: Mahu2021 (small blind) showed [Kh 6h] and lost with a pair of Fours
Seat 3: hoppy93210 (big blind) showed [9s Ad] and won ($0.38) with a pair of Fours
Seat 4: 00O-2Z folded before Flop (didn't bet)
Seat 5: kaabrum folded before Flop (didn't bet)
Seat 6: Contr@Reloj folded before Flop (didn't bet)



PokerStars Zoom Hand #253871205609:  Hold'em No Limit ($0.05/$0.10) - 2024/12/15 21:10:59 CET [2024/12/15 15:10:59 ET]
Table 'Aludra' 6-max Seat #1 is the button
Seat 1: s1_KIDO ($15.83 in chips) 
Seat 2: 1857Dan ($10.54 in chips) 
Seat 3: Mahu2021 ($9.09 in chips) 
Seat 4: Dymetadrine ($7.09 in chips) 
Seat 5: osakei1024 ($4.32 in chips) 
Seat 6: Liviusz34 ($5.73 in chips) 
1857Dan: posts small blind $0.05
Mahu2021: posts big blind $0.10
*** HOLE CARDS ***
Dealt to Mahu2021 [Ad 3s]
Dymetadrine: raises $0.15 to $0.25
osakei1024: folds 
Liviusz34: folds 
s1_KIDO: folds 
1857Dan: folds 
Mahu2021: folds 
Uncalled bet ($0.15) returned to Dymetadrine
Dymetadrine collected $0.25 from pot
Dymetadrine: doesn't show hand 
*** SUMMARY ***
Total pot $0.25 | Rake $0 
Seat 1: s1_KIDO (button) folded before Flop (didn't bet)
Seat 2: 1857Dan (small blind) folded before Flop
Seat 3: Mahu2021 (big blind) folded before Flop
Seat 4: Dymetadrine collected ($0.25)
Seat 5: osakei1024 folded before Flop (didn't bet)
Seat 6: Liviusz34 folded before Flop (didn't bet)



PokerStars Zoom Hand #253871209620:  Hold'em No Limit ($0.05/$0.10) - 2024/12/15 21:11:10 CET [2024/12/15 15:11:10 ET]
Table 'Aludra' 6-max Seat #1 is the button
Seat 1: Mahu2021 ($8.99 in chips) 
Seat 2: hong0627 ($10 in chips) 
Seat 3: DaJunnis ($7.49 in chips) 
Seat 4: naldao45 ($34.36 in chips) 
Seat 5: ksd23 ($19.44 in chips) 
Seat 6: Jhanr ($9.62 in chips) 
hong0627: posts small blind $0.05
DaJunnis: posts big blind $0.10
*** HOLE CARDS ***
Dealt to Mahu2021 [Qs 3c]
naldao45: folds 
ksd23: folds 
Jhanr: folds 
Mahu2021: folds 
hong0627: folds 
Uncalled bet ($0.05) returned to DaJunnis
DaJunnis collected $0.10 from pot
DaJunnis: doesn't show hand 
*** SUMMARY ***
Total pot $0.10 | Rake $0 
Seat 1: Mahu2021 (button) folded before Flop (didn't bet)
Seat 2: hong0627 (small blind) folded before Flop
Seat 3: DaJunnis (big blind) collected ($0.10)
Seat 4: naldao45 folded before Flop (didn't bet)
Seat 5: ksd23 folded before Flop (didn't bet)
Seat 6: Jhanr folded before Flop (didn't bet)



PokerStars Zoom Hand #253871202147:  Hold'em No Limit ($0.05/$0.10) - 2024/12/15 21:10:50 CET [2024/12/15 15:10:50 ET]
Table 'Aludra' 6-max Seat #1 is the button
Seat 1: pankotskiy74 ($5.43 in chips) 
Seat 2: iagoNTC ($24.67 in chips) 
Seat 3: Bobbyoozle ($10 in chips) 
Seat 4: Mahu2021 ($9.09 in chips) 
Seat 5: wesleysilva2022 ($7.49 in chips) 
Seat 6: F1$H&CH1P$ ($9.58 in chips) 
iagoNTC: posts small blind $0.05
Bobbyoozle: posts big blind $0.10
*** HOLE CARDS ***
Dealt to Mahu2021 [5s 4d]
Mahu2021: folds 
wesleysilva2022: folds 
F1$H&CH1P$: raises $0.20 to $0.30
pankotskiy74: folds 
iagoNTC: calls $0.25
Bobbyoozle: folds 
*** FLOP *** [7c Ah Kc]
iagoNTC: checks 
F1$H&CH1P$: bets $0.22
iagoNTC: folds 
Uncalled bet ($0.22) returned to F1$H&CH1P$
F1$H&CH1P$ collected $0.67 from pot
F1$H&CH1P$: doesn't show hand 
*** SUMMARY ***
Total pot $0.70 | Rake $0.03 
Board [7c Ah Kc]
Seat 1: pankotskiy74 (button) folded before Flop (didn't bet)
Seat 2: iagoNTC (small blind) folded on the Flop
Seat 3: Bobbyoozle (big blind) folded before Flop
Seat 4: Mahu2021 folded before Flop (didn't bet)
Seat 5: wesleysilva2022 folded before Flop (didn't bet)
Seat 6: F1$H&CH1P$ collected ($0.67)



PokerStars Zoom Hand #253871211369:  Hold'em No Limit ($0.05/$0.10) - 2024/12/15 21:11:14 CET [2024/12/15 15:11:14 ET]
Table 'Aludra' 6-max Seat #1 is the button
Seat 1: Epaonni ($17.34 in chips) 
Seat 2: Mahu2021 ($8.99 in chips) 
Seat 3: michaltoja ($10.69 in chips) 
Seat 4: ciceron86 ($11.46 in chips) 
Seat 5: RenoRosco ($12.15 in chips) 
Seat 6: Dymetadrine ($7.24 in chips) 
Mahu2021: posts small blind $0.05
michaltoja: posts big blind $0.10
*** HOLE CARDS ***
Dealt to Mahu2021 [6s 6d]
ciceron86: folds 
RenoRosco: folds 
Dymetadrine: raises $0.15 to $0.25
Epaonni: calls $0.25
Mahu2021: calls $0.20
michaltoja: raises $1.25 to $1.50
Dymetadrine: folds 
Epaonni: folds 
Mahu2021: folds 
Uncalled bet ($1.25) returned to michaltoja
michaltoja collected $1 from pot
michaltoja: doesn't show hand 
*** SUMMARY ***
Total pot $1 | Rake $0 
Seat 1: Epaonni (button) folded before Flop
Seat 2: Mahu2021 (small blind) folded before Flop
Seat 3: michaltoja (big blind) collected ($1)
Seat 4: ciceron86 folded before Flop (didn't bet)
Seat 5: RenoRosco folded before Flop (didn't bet)
Seat 6: Dymetadrine folded before Flop



PokerStars Zoom Hand #253871225819:  Hold'em No Limit ($0.05/$0.10) - 2024/12/15 21:11:53 CET [2024/12/15 15:11:53 ET]
Table 'Aludra' 6-max Seat #1 is the button
Seat 1: kaabrum ($11.49 in chips) 
Seat 2: Gal4krond ($23.23 in chips) 
Seat 3: Kuri85 ($14.96 in chips) 
Seat 4: 1857Dan ($8.69 in chips) 
Seat 5: Mahu2021 ($8.74 in chips) 
Seat 6: Big2705 ($8.01 in chips) 
Gal4krond: posts small blind $0.05
Kuri85: posts big blind $0.10
*** HOLE CARDS ***
Dealt to Mahu2021 [Jc 9s]
1857Dan: folds 
Mahu2021: folds 
Big2705: raises $0.10 to $0.20
kaabrum: folds 
Gal4krond: folds 
Kuri85: folds 
Uncalled bet ($0.10) returned to Big2705
Big2705 collected $0.25 from pot
Big2705: doesn't show hand 
*** SUMMARY ***
Total pot $0.25 | Rake $0 
Seat 1: kaabrum (button) folded before Flop (didn't bet)
Seat 2: Gal4krond (small blind) folded before Flop
Seat 3: Kuri85 (big blind) folded before Flop
Seat 4: 1857Dan folded before Flop (didn't bet)
Seat 5: Mahu2021 folded before Flop (didn't bet)
Seat 6: Big2705 collected ($0.25)



PokerStars Zoom Hand #253871229098:  Hold'em No Limit ($0.05/$0.10) - 2024/12/15 21:12:02 CET [2024/12/15 15:12:02 ET]
Table 'Aludra' 6-max Seat #1 is the button
Seat 1: witos72 ($9.75 in chips) 
Seat 2: hong0627 ($17.17 in chips) 
Seat 3: barryedmunds ($10 in chips) 
Seat 4: Mahu2021 ($8.74 in chips) 
Seat 5: Bobbyoozle ($10.49 in chips) 
Seat 6: Contr@Reloj ($10 in chips) 
hong0627: posts small blind $0.05
barryedmunds: posts big blind $0.10
*** HOLE CARDS ***
Dealt to Mahu2021 [8c Jh]
Mahu2021: folds 
Bobbyoozle: folds 
Contr@Reloj: folds 
witos72: folds 
hong0627: folds 
Uncalled bet ($0.05) returned to barryedmunds
barryedmunds collected $0.10 from pot
barryedmunds: doesn't show hand 
*** SUMMARY ***
Total pot $0.10 | Rake $0 
Seat 1: witos72 (button) folded before Flop (didn't bet)
Seat 2: hong0627 (small blind) folded before Flop
Seat 3: barryedmunds (big blind) collected ($0.10)
Seat 4: Mahu2021 folded before Flop (didn't bet)
Seat 5: Bobbyoozle folded before Flop (didn't bet)
Seat 6: Contr@Reloj folded before Flop (didn't bet)



PokerStars Zoom Hand #253871222217:  Hold'em No Limit ($0.05/$0.10) - 2024/12/15 21:11:44 CET [2024/12/15 15:11:44 ET]
Table 'Aludra' 6-max Seat #1 is the button
Seat 1: Joypill ($10.37 in chips) 
Seat 2: YerbaKlos ($14.59 in chips) 
Seat 3: 00O-2Z ($10.15 in chips) 
Seat 4: Articcathartic ($10.34 in chips) 
Seat 5: Mr Jim 77 ($9.10 in chips) 
Seat 6: Mahu2021 ($8.74 in chips) 
YerbaKlos: posts small blind $0.05
00O-2Z: posts big blind $0.10
*** HOLE CARDS ***
Dealt to Mahu2021 [6c 8h]
Articcathartic: folds 
Mr Jim 77: folds 
Mahu2021: folds 
Joypill: folds 
YerbaKlos: calls $0.05
00O-2Z: raises $0.20 to $0.30
YerbaKlos: calls $0.20
*** FLOP *** [Js 7d 6s]
YerbaKlos: checks 
00O-2Z: checks 
*** TURN *** [Js 7d 6s] [9s]
YerbaKlos: checks 
00O-2Z: checks 
*** RIVER *** [Js 7d 6s 9s] [8d]
YerbaKlos: checks 
00O-2Z: checks 
*** SHOW DOWN ***
YerbaKlos: shows [Ks Qd] (high card King)
00O-2Z: shows [Ad 2d] (high card Ace)
00O-2Z collected $0.57 from pot
*** SUMMARY ***
Total pot $0.60 | Rake $0.03 
Board [Js 7d 6s 9s 8d]
Seat 1: Joypill (button) folded before Flop (didn't bet)
Seat 2: YerbaKlos (small blind) showed [Ks Qd] and lost with high card King
Seat 3: 00O-2Z (big blind) showed [Ad 2d] and won ($0.57) with high card Ace
Seat 4: Articcathartic folded before Flop (didn't bet)
Seat 5: Mr Jim 77 folded before Flop (didn't bet)
Seat 6: Mahu2021 folded before Flop (didn't bet)



PokerStars Zoom Hand #253871230626:  Hold'em No Limit ($0.05/$0.10) - 2024/12/15 21:12:06 CET [2024/12/15 15:12:06 ET]
Table 'Aludra' 6-max Seat #1 is the button
Seat 1: thorindorf ($27 in chips) 
Seat 2: Mahu2021 ($8.74 in chips) 
Seat 3: micdik ($10 in chips) 
Seat 4: lefo21x ($45.67 in chips) 
Seat 5: kaabrum ($11.49 in chips) 
Seat 6: ciceron86 ($11.46 in chips) 
Mahu2021: posts small blind $0.05
micdik: posts big blind $0.10
*** HOLE CARDS ***
Dealt to Mahu2021 [8d 9s]
lefo21x: folds 
kaabrum: folds 
ciceron86: raises $0.15 to $0.25
thorindorf: folds 
Mahu2021: folds 
micdik: calls $0.15
*** FLOP *** [Kd Th 4s]
micdik: checks 
ciceron86: bets $0.35
micdik: folds 
Uncalled bet ($0.35) returned to ciceron86
ciceron86 collected $0.53 from pot
ciceron86: doesn't show hand 
*** SUMMARY ***
Total pot $0.55 | Rake $0.02 
Board [Kd Th 4s]
Seat 1: thorindorf (button) folded before Flop (didn't bet)
Seat 2: Mahu2021 (small blind) folded before Flop
Seat 3: micdik (big blind) folded on the Flop
Seat 4: lefo21x folded before Flop (didn't bet)
Seat 5: kaabrum folded before Flop (didn't bet)
Seat 6: ciceron86 collected ($0.53)



PokerStars Zoom Hand #253871231959:  Hold'em No Limit ($0.05/$0.10) - 2024/12/15 21:12:10 CET [2024/12/15 15:12:10 ET]
Table 'Aludra' 6-max Seat #1 is the button
Seat 1: DonkeyKong1960 ($10.05 in chips) 
Seat 2: michaltoja ($11.44 in chips) 
Seat 3: Mahu2021 ($8.69 in chips) 
Seat 4: Evianous ($9.36 in chips) 
Seat 5: iPlay4staX ($10.10 in chips) 
Seat 6: thorindorf ($27 in chips) 
michaltoja: posts small blind $0.05
Mahu2021: posts big blind $0.10
*** HOLE CARDS ***
Dealt to Mahu2021 [Ad Qd]
Evianous: folds 
iPlay4staX: folds 
thorindorf: folds 
DonkeyKong1960: folds 
michaltoja: raises $0.20 to $0.30
Mahu2021: raises $0.60 to $0.90
michaltoja: folds 
Uncalled bet ($0.60) returned to Mahu2021
Mahu2021 collected $0.60 from pot
Mahu2021: doesn't show hand 
*** SUMMARY ***
Total pot $0.60 | Rake $0 
Seat 1: DonkeyKong1960 (button) folded before Flop (didn't bet)
Seat 2: michaltoja (small blind) folded before Flop
Seat 3: Mahu2021 (big blind) collected ($0.60)
Seat 4: Evianous folded before Flop (didn't bet)
Seat 5: iPlay4staX folded before Flop (didn't bet)
Seat 6: thorindorf folded before Flop (didn't bet)



PokerStars Zoom Hand #253871227670:  Hold'em No Limit ($0.05/$0.10) - 2024/12/15 21:11:58 CET [2024/12/15 15:11:58 ET]
Table 'Aludra' 6-max Seat #1 is the button
Seat 1: wesleysilva2022 ($7.18 in chips) 
Seat 2: iPlay4staX ($10.81 in chips) 
Seat 3: 1857Dan ($8.69 in chips) 
Seat 4: dundee is blue ($7.21 in chips) 
Seat 5: Mahu2021 ($8.74 in chips) 
Seat 6: Joypill ($10.32 in chips) 
iPlay4staX: posts small blind $0.05
1857Dan: posts big blind $0.10
*** HOLE CARDS ***
Dealt to Mahu2021 [5c 2d]
dundee is blue: calls $0.10
Mahu2021: folds 
Joypill: raises $0.15 to $0.25
wesleysilva2022: calls $0.25
iPlay4staX: folds 
1857Dan: folds 
dundee is blue: calls $0.15
*** FLOP *** [Th 9d 7h]
dundee is blue: checks 
Joypill: checks 
wesleysilva2022: checks 
*** TURN *** [Th 9d 7h] [5h]
dundee is blue: checks 
Joypill: checks 
wesleysilva2022: checks 
*** RIVER *** [Th 9d 7h 5h] [6c]
dundee is blue: checks 
Joypill: checks 
wesleysilva2022: checks 
*** SHOW DOWN ***
dundee is blue: shows [5d 4d] (a pair of Fives)
Joypill: shows [4s 5s] (a pair of Fives)
wesleysilva2022: mucks hand 
dundee is blue collected $0.43 from pot
Joypill collected $0.43 from pot
*** SUMMARY ***
Total pot $0.90 | Rake $0.04 
Board [Th 9d 7h 5h 6c]
Seat 1: wesleysilva2022 (button) mucked [Qs Ac]
Seat 2: iPlay4staX (small blind) folded before Flop
Seat 3: 1857Dan (big blind) folded before Flop
Seat 4: dundee is blue showed [5d 4d] and won ($0.43) with a pair of Fives
Seat 5: Mahu2021 folded before Flop (didn't bet)
Seat 6: Joypill showed [4s 5s] and won ($0.43) with a pair of Fives



PokerStars Zoom Hand #253871224273:  Hold'em No Limit ($0.05/$0.10) - 2024/12/15 21:11:49 CET [2024/12/15 15:11:49 ET]
Table 'Aludra' 6-max Seat #1 is the button
Seat 1: Mahu2021 ($8.74 in chips) 
Seat 2: royacht ($10.07 in chips) 
Seat 3: Bur1k ($5.28 in chips) 
Seat 4: Mackmyra600 ($11.85 in chips) 
Seat 5: ascensionIII ($9.99 in chips) 
Seat 6: Kuri85 ($14.96 in chips) 
royacht: posts small blind $0.05
Bur1k: posts big blind $0.10
*** HOLE CARDS ***
Dealt to Mahu2021 [2d Ac]
Mackmyra600: folds 
ascensionIII: raises $0.10 to $0.20
Kuri85: folds 
Mahu2021: folds 
royacht: calls $0.15
Bur1k: folds 
*** FLOP *** [Ks 3h As]
royacht: checks 
ascensionIII: bets $0.20
royacht: calls $0.20
*** TURN *** [Ks 3h As] [4s]
royacht: checks 
ascensionIII: checks 
*** RIVER *** [Ks 3h As 4s] [4h]
royacht: bets $0.20
ascensionIII: calls $0.20
*** SHOW DOWN ***
royacht: shows [Ah Qc] (two pair, Aces and Fours)
ascensionIII: mucks hand 
royacht collected $1.24 from pot
*** SUMMARY ***
Total pot $1.30 | Rake $0.06 
Board [Ks 3h As 4s 4h]
Seat 1: Mahu2021 (button) folded before Flop (didn't bet)
Seat 2: royacht (small blind) showed [Ah Qc] and won ($1.24) with two pair, Aces and Fours
Seat 3: Bur1k (big blind) folded before Flop
Seat 4: Mackmyra600 folded before Flop (didn't bet)
Seat 5: ascensionIII mucked [Kc 9s]
Seat 6: Kuri85 folded before Flop (didn't bet)



PokerStars Zoom Hand #253871241220:  Hold'em No Limit ($0.05/$0.10) - 2024/12/15 21:12:34 CET [2024/12/15 15:12:34 ET]
Table 'Aludra' 6-max Seat #1 is the button
Seat 1: Mahu2021 ($8.99 in chips) 
Seat 2: Contr@Reloj ($10.15 in chips) 
Seat 3: 92Sammygo ($13.22 in chips) 
Seat 4: oyuka1988 ($8.90 in chips) 
Seat 5: michaltoja ($11.14 in chips) 
Seat 6: cpt.vnpp ($10 in chips) 
Contr@Reloj: posts small blind $0.05
92Sammygo: posts big blind $0.10
*** HOLE CARDS ***
Dealt to Mahu2021 [6h 2d]
oyuka1988: folds 
michaltoja: folds 
cpt.vnpp: folds 
Mahu2021: folds 
Contr@Reloj: raises $0.20 to $0.30
92Sammygo: folds 
Uncalled bet ($0.20) returned to Contr@Reloj
Contr@Reloj collected $0.20 from pot
Contr@Reloj: doesn't show hand 
*** SUMMARY ***
Total pot $0.20 | Rake $0 
Seat 1: Mahu2021 (button) folded before Flop (didn't bet)
Seat 2: Contr@Reloj (small blind) collected ($0.20)
Seat 3: 92Sammygo (big blind) folded before Flop
Seat 4: oyuka1988 folded before Flop (didn't bet)
Seat 5: michaltoja folded before Flop (didn't bet)
Seat 6: cpt.vnpp folded before Flop (didn't bet)



PokerStars Zoom Hand #253871244655:  Hold'em No Limit ($0.05/$0.10) - 2024/12/15 21:12:43 CET [2024/12/15 15:12:43 ET]
Table 'Aludra' 6-max Seat #1 is the button
Seat 1: RenoRosco ($10 in chips) 
Seat 2: aziz100777 ($14.49 in chips) 
Seat 3: iagoNTC ($10 in chips) 
Seat 4: Joypill ($28.21 in chips) 
Seat 5: Mahu2021 ($8.99 in chips) 
Seat 6: JacDs ($20.18 in chips) 
aziz100777: posts small blind $0.05
iagoNTC: posts big blind $0.10
*** HOLE CARDS ***
Dealt to Mahu2021 [Qs Jd]
Joypill: folds 
Mahu2021: raises $0.20 to $0.30
JacDs: folds 
RenoRosco: folds 
aziz100777: calls $0.25
iagoNTC: folds 
*** FLOP *** [8d Kc Jc]
aziz100777: checks 
Mahu2021: bets $0.30
aziz100777: calls $0.30
*** TURN *** [8d Kc Jc] [4h]
aziz100777: checks 
Mahu2021: bets $0.30
aziz100777: raises $0.30 to $0.60
Mahu2021: calls $0.30
*** RIVER *** [8d Kc Jc 4h] [5s]
aziz100777: bets $1
Mahu2021: calls $1
*** SHOW DOWN ***
aziz100777: shows [Kh 6h] (a pair of Kings)
Mahu2021: mucks hand 
aziz100777 collected $4.30 from pot
*** SUMMARY ***
Total pot $4.50 | Rake $0.20 
Board [8d Kc Jc 4h 5s]
Seat 1: RenoRosco (button) folded before Flop (didn't bet)
Seat 2: aziz100777 (small blind) showed [Kh 6h] and won ($4.30) with a pair of Kings
Seat 3: iagoNTC (big blind) folded before Flop
Seat 4: Joypill folded before Flop (didn't bet)
Seat 5: Mahu2021 mucked [Qs Jd]
Seat 6: JacDs folded before Flop (didn't bet)



PokerStars Zoom Hand #253871258892:  Hold'em No Limit ($0.05/$0.10) - 2024/12/15 21:13:21 CET [2024/12/15 15:13:21 ET]
Table 'Aludra' 6-max Seat #1 is the button
Seat 1: naldao45 ($34.32 in chips) 
Seat 2: Mahu2021 ($6.79 in chips) 
Seat 3: ascensionIII ($9.92 in chips) 
Seat 4: daily228 ($10.25 in chips) 
Seat 5: Epaonni ($11.37 in chips) 
Seat 6: mAAverick33 ($12.65 in chips) 
Mahu2021: posts small blind $0.05
ascensionIII: posts big blind $0.10
*** HOLE CARDS ***
Dealt to Mahu2021 [8s Ks]
daily228: folds 
Epaonni: folds 
mAAverick33: folds 
naldao45: folds 
Mahu2021: raises $0.20 to $0.30
ascensionIII: folds 
Uncalled bet ($0.20) returned to Mahu2021
Mahu2021 collected $0.20 from pot
Mahu2021: doesn't show hand 
*** SUMMARY ***
Total pot $0.20 | Rake $0 
Seat 1: naldao45 (button) folded before Flop (didn't bet)
Seat 2: Mahu2021 (small blind) collected ($0.20)
Seat 3: ascensionIII (big blind) folded before Flop
Seat 4: daily228 folded before Flop (didn't bet)
Seat 5: Epaonni folded before Flop (didn't bet)
Seat 6: mAAverick33 folded before Flop (didn't bet)



PokerStars Zoom Hand #253871266141:  Hold'em No Limit ($0.05/$0.10) - 2024/12/15 21:13:40 CET [2024/12/15 15:13:40 ET]
Table 'Aludra' 6-max Seat #1 is the button
Seat 1: wujaszek ($7.58 in chips) 
Seat 2: Contr@Reloj ($10 in chips) 
Seat 3: Mahu2021 ($6.89 in chips) 
Seat 4: kaabrum ($10.49 in chips) 
Seat 5: witos72 ($9.73 in chips) 
Seat 6: epazeli ($7.95 in chips) 
Contr@Reloj: posts small blind $0.05
Mahu2021: posts big blind $0.10
*** HOLE CARDS ***
Dealt to Mahu2021 [5h As]
kaabrum: folds 
witos72: folds 
epazeli: folds 
wujaszek: raises $0.12 to $0.22
Contr@Reloj: folds 
Mahu2021: calls $0.12
*** FLOP *** [8c Kh 3d]
Mahu2021: checks 
wujaszek: bets $0.31
Mahu2021: folds 
Uncalled bet ($0.31) returned to wujaszek
wujaszek collected $0.47 from pot
wujaszek: doesn't show hand 
*** SUMMARY ***
Total pot $0.49 | Rake $0.02 
Board [8c Kh 3d]
Seat 1: wujaszek (button) collected ($0.47)
Seat 2: Contr@Reloj (small blind) folded before Flop
Seat 3: Mahu2021 (big blind) folded on the Flop
Seat 4: kaabrum folded before Flop (didn't bet)
Seat 5: witos72 folded before Flop (didn't bet)
Seat 6: epazeli folded before Flop (didn't bet)



PokerStars Zoom Hand #253871242602:  Hold'em No Limit ($0.05/$0.10) - 2024/12/15 21:12:38 CET [2024/12/15 15:12:38 ET]
Table 'Aludra' 6-max Seat #1 is the button
Seat 1: iPlay4staX ($11.98 in chips) 
Seat 2: Jhanr ($9.27 in chips) 
Seat 3: BrazK0 ($10 in chips) 
Seat 4: T.D.L.D.K ($12.30 in chips) 
Seat 5: dundee is blue ($7.39 in chips) 
Seat 6: Mahu2021 ($8.99 in chips) 
Jhanr: posts small blind $0.05
BrazK0: posts big blind $0.10
*** HOLE CARDS ***
Dealt to Mahu2021 [3s Ts]
T.D.L.D.K: folds 
dundee is blue: folds 
Mahu2021: folds 
iPlay4staX: raises $0.15 to $0.25
Jhanr: folds 
BrazK0: calls $0.15
*** FLOP *** [5c 4s 5d]
BrazK0: checks 
iPlay4staX: bets $0.27
BrazK0: calls $0.27
*** TURN *** [5c 4s 5d] [6d]
BrazK0: checks 
iPlay4staX: bets $0.52
BrazK0: calls $0.52
*** RIVER *** [5c 4s 5d 6d] [Ah]
BrazK0: checks 
iPlay4staX: checks 
*** SHOW DOWN ***
BrazK0: shows [As 6s] (two pair, Aces and Sixes)
iPlay4staX: mucks hand 
BrazK0 collected $2.01 from pot
*** SUMMARY ***
Total pot $2.13 | Rake $0.12 
Board [5c 4s 5d 6d Ah]
Seat 1: iPlay4staX (button) mucked [Kh Kc]
Seat 2: Jhanr (small blind) folded before Flop
Seat 3: BrazK0 (big blind) showed [As 6s] and won ($2.01) with two pair, Aces and Sixes
Seat 4: T.D.L.D.K folded before Flop (didn't bet)
Seat 5: dundee is blue folded before Flop (didn't bet)
Seat 6: Mahu2021 folded before Flop (didn't bet)



PokerStars Zoom Hand #253871264129:  Hold'em No Limit ($0.05/$0.10) - 2024/12/15 21:13:35 CET [2024/12/15 15:13:35 ET]
Table 'Aludra' 6-max Seat #1 is the button
Seat 1: Joypill ($10.55 in chips) 
Seat 2: epazeli ($8 in chips) 
Seat 3: 92Sammygo ($12.80 in chips) 
Seat 4: iagoNTC ($24.69 in chips) 
Seat 5: iPlay4staX ($10 in chips) 
Seat 6: Mahu2021 ($6.89 in chips) 
epazeli: posts small blind $0.05
92Sammygo: posts big blind $0.10
*** HOLE CARDS ***
Dealt to Mahu2021 [9d Kh]
iagoNTC: raises $0.10 to $0.20
iPlay4staX: folds 
Mahu2021: folds 
Joypill: calls $0.20
epazeli: folds 
92Sammygo: folds 
*** FLOP *** [3d 8d 5s]
iagoNTC: bets $0.17
Joypill: calls $0.17
*** TURN *** [3d 8d 5s] [Td]
iagoNTC: bets $0.64
Joypill: calls $0.64
*** RIVER *** [3d 8d 5s Td] [2c]
iagoNTC: checks 
Joypill: checks 
*** SHOW DOWN ***
iagoNTC: shows [As 9s] (high card Ace)
Joypill: shows [6d 6c] (a pair of Sixes)
Joypill collected $2.07 from pot
*** SUMMARY ***
Total pot $2.17 | Rake $0.10 
Board [3d 8d 5s Td 2c]
Seat 1: Joypill (button) showed [6d 6c] and won ($2.07) with a pair of Sixes
Seat 2: epazeli (small blind) folded before Flop
Seat 3: 92Sammygo (big blind) folded before Flop
Seat 4: iagoNTC showed [As 9s] and lost with high card Ace
Seat 5: iPlay4staX folded before Flop (didn't bet)
Seat 6: Mahu2021 folded before Flop (didn't bet)



PokerStars Zoom Hand #253871271641:  Hold'em No Limit ($0.05/$0.10) - 2024/12/15 21:13:56 CET [2024/12/15 15:13:56 ET]
Table 'Aludra' 6-max Seat #1 is the button
Seat 1: Mahu2021 ($6.67 in chips) 
Seat 2: iPlay4staX ($10 in chips) 
Seat 3: daily228 ($10.35 in chips) 
Seat 4: dundee is blue ($7.29 in chips) 
Seat 5: Evianous ($9.14 in chips) 
Seat 6: 92Sammygo ($10.57 in chips) 
iPlay4staX: posts small blind $0.05
daily228: posts big blind $0.10
*** HOLE CARDS ***
Dealt to Mahu2021 [6c 7c]
dundee is blue: folds 
Evianous: folds 
92Sammygo: raises $0.12 to $0.22
Mahu2021: calls $0.22
iPlay4staX: folds 
daily228: raises $0.98 to $1.20
92Sammygo: folds 
Mahu2021: folds 
Uncalled bet ($0.98) returned to daily228
daily228 collected $0.71 from pot
daily228: doesn't show hand 
*** SUMMARY ***
Total pot $0.71 | Rake $0 
Seat 1: Mahu2021 (button) folded before Flop
Seat 2: iPlay4staX (small blind) folded before Flop
Seat 3: daily228 (big blind) collected ($0.71)
Seat 4: dundee is blue folded before Flop (didn't bet)
Seat 5: Evianous folded before Flop (didn't bet)
Seat 6: 92Sammygo folded before Flop



PokerStars Zoom Hand #253871278013:  Hold'em No Limit ($0.05/$0.10) - 2024/12/15 21:14:13 CET [2024/12/15 15:14:13 ET]
Table 'Aludra' 6-max Seat #1 is the button
Seat 1: iagoNTC ($10.10 in chips) 
Seat 2: cinkelö ($14.02 in chips) 
Seat 3: s1_KIDO ($10.09 in chips) 
Seat 4: Dimon_55_77 ($10.05 in chips) 
Seat 5: Mahu2021 ($6.45 in chips) 
Seat 6: naldao45 ($34.22 in chips) 
cinkelö: posts small blind $0.05
s1_KIDO: posts big blind $0.10
*** HOLE CARDS ***
Dealt to Mahu2021 [Ad As]
Dimon_55_77: folds 
Mahu2021: raises $0.20 to $0.30
naldao45: folds 
iagoNTC: folds 
cinkelö: raises $0.70 to $1
s1_KIDO: folds 
Mahu2021: raises $5.45 to $6.45 and is all-in
cinkelö: calls $5.45
*** FLOP *** [8c 3c Qs]
*** TURN *** [8c 3c Qs] [8s]
*** RIVER *** [8c 3c Qs 8s] [Jd]
*** SHOW DOWN ***
cinkelö: shows [Ks Kh] (two pair, Kings and Eights)
Mahu2021: shows [Ad As] (two pair, Aces and Eights)
Mahu2021 cashed out the hand for $9.97 | Cash Out Fee $0.20
*** SUMMARY ***
Total pot $13 | Rake $0.58 
Board [8c 3c Qs 8s Jd]
Seat 1: iagoNTC (button) folded before Flop (didn't bet)
Seat 2: cinkelö (small blind) showed [Ks Kh] and lost with two pair, Kings and Eights
Seat 3: s1_KIDO (big blind) folded before Flop
Seat 4: Dimon_55_77 folded before Flop (didn't bet)
Seat 5: Mahu2021 showed [Ad As] and won ($12.42) with two pair, Aces and Eights (pot not awarded as player cashed out)
Seat 6: naldao45 folded before Flop (didn't bet)



PokerStars Zoom Hand #253871290377:  Hold'em No Limit ($0.05/$0.10) - 2024/12/15 21:14:45 CET [2024/12/15 15:14:45 ET]
Table 'Aludra' 6-max Seat #1 is the button
Seat 1: 1857Dan ($11.26 in chips) 
Seat 2: mAAverick33 ($25.01 in chips) 
Seat 3: Mahu2021 ($9.97 in chips) 
Seat 4: Epaonni ($11.37 in chips) 
Seat 5: BrazK0 ($10.67 in chips) 
Seat 6: epazeli ($7.80 in chips) 
mAAverick33: posts small blind $0.05
Mahu2021: posts big blind $0.10
*** HOLE CARDS ***
Dealt to Mahu2021 [8h 7d]
Epaonni: folds 
BrazK0: folds 
epazeli: raises $0.20 to $0.30
1857Dan: folds 
mAAverick33: folds 
Mahu2021: folds 
Uncalled bet ($0.20) returned to epazeli
epazeli collected $0.25 from pot
epazeli: doesn't show hand 
*** SUMMARY ***
Total pot $0.25 | Rake $0 
Seat 1: 1857Dan (button) folded before Flop (didn't bet)
Seat 2: mAAverick33 (small blind) folded before Flop
Seat 3: Mahu2021 (big blind) folded before Flop
Seat 4: Epaonni folded before Flop (didn't bet)
Seat 5: BrazK0 folded before Flop (didn't bet)
Seat 6: epazeli collected ($0.25)



PokerStars Zoom Hand #253871293310:  Hold'em No Limit ($0.05/$0.10) - 2024/12/15 21:14:53 CET [2024/12/15 15:14:53 ET]
Table 'Aludra' 6-max Seat #1 is the button
Seat 1: michaltoja ($11.73 in chips) 
Seat 2: Mahu2021 ($9.87 in chips) 
Seat 3: 1857Dan ($11.26 in chips) 
Seat 4: SKAlmaty_86 ($6.73 in chips) 
Seat 5: T.D.L.D.K ($12.05 in chips) 
Seat 6: BrazK0 ($10.67 in chips) 
Mahu2021: posts small blind $0.05
1857Dan: posts big blind $0.10
*** HOLE CARDS ***
Dealt to Mahu2021 [7c 7h]
SKAlmaty_86: folds 
T.D.L.D.K: raises $0.15 to $0.25
BrazK0: folds 
michaltoja: raises $0.50 to $0.75
Mahu2021: folds 
1857Dan: folds 
T.D.L.D.K: folds 
Uncalled bet ($0.50) returned to michaltoja
michaltoja collected $0.65 from pot
michaltoja: doesn't show hand 
*** SUMMARY ***
Total pot $0.65 | Rake $0 
Seat 1: michaltoja (button) collected ($0.65)
Seat 2: Mahu2021 (small blind) folded before Flop
Seat 3: 1857Dan (big blind) folded before Flop
Seat 4: SKAlmaty_86 folded before Flop (didn't bet)
Seat 5: T.D.L.D.K folded before Flop
Seat 6: BrazK0 folded before Flop (didn't bet)



PokerStars Zoom Hand #253871289001:  Hold'em No Limit ($0.05/$0.10) - 2024/12/15 21:14:42 CET [2024/12/15 15:14:42 ET]
Table 'Aludra' 6-max Seat #1 is the button
Seat 1: cinkelö ($10 in chips) 
Seat 2: iagoNTC ($11.94 in chips) 
Seat 3: pankotskiy74 ($4.21 in chips) 
Seat 4: Mahu2021 ($9.97 in chips) 
Seat 5: 92Sammygo ($12.99 in chips) 
Seat 6: mAAverick33 ($25.01 in chips) 
iagoNTC: posts small blind $0.05
pankotskiy74: posts big blind $0.10
*** HOLE CARDS ***
Dealt to Mahu2021 [9h 4d]
Mahu2021: folds 
92Sammygo: folds 
mAAverick33: folds 
cinkelö: raises $0.15 to $0.25
iagoNTC: folds 
pankotskiy74: calls $0.15
*** FLOP *** [Kh 2s Js]
pankotskiy74: checks 
cinkelö: bets $0.19
pankotskiy74: calls $0.19
*** TURN *** [Kh 2s Js] [8c]
pankotskiy74: checks 
cinkelö: checks 
*** RIVER *** [Kh 2s Js 8c] [7d]
pankotskiy74: checks 
cinkelö: checks 
*** SHOW DOWN ***
pankotskiy74: shows [Qs Jc] (a pair of Jacks)
cinkelö: mucks hand 
pankotskiy74 collected $0.89 from pot
*** SUMMARY ***
Total pot $0.93 | Rake $0.04 
Board [Kh 2s Js 8c 7d]
Seat 1: cinkelö (button) mucked [Ts Ac]
Seat 2: iagoNTC (small blind) folded before Flop
Seat 3: pankotskiy74 (big blind) showed [Qs Jc] and won ($0.89) with a pair of Jacks
Seat 4: Mahu2021 folded before Flop (didn't bet)
Seat 5: 92Sammygo folded before Flop (didn't bet)
Seat 6: mAAverick33 folded before Flop (didn't bet)



PokerStars Zoom Hand #253871300846:  Hold'em No Limit ($0.05/$0.10) - 2024/12/15 21:15:13 CET [2024/12/15 15:15:13 ET]
Table 'Aludra' 6-max Seat #1 is the button
Seat 1: SKAlmaty_86 ($5.99 in chips) 
Seat 2: Contr@Reloj ($10.37 in chips) 
Seat 3: naldao45 ($34.36 in chips) 
Seat 4: 1857Dan ($11.16 in chips) 
Seat 5: Imposium ($10 in chips) 
Seat 6: Mahu2021 ($9.82 in chips) 
Contr@Reloj: posts small blind $0.05
naldao45: posts big blind $0.10
*** HOLE CARDS ***
Dealt to Mahu2021 [Td Th]
1857Dan: raises $0.15 to $0.25
Imposium: folds 
Mahu2021: calls $0.25
SKAlmaty_86: folds 
Contr@Reloj: folds 
naldao45: folds 
*** FLOP *** [8c 6c 9h]
1857Dan: checks 
Mahu2021: bets $0.62
1857Dan: folds 
Uncalled bet ($0.62) returned to Mahu2021
Mahu2021 collected $0.62 from pot
Mahu2021: doesn't show hand 
*** SUMMARY ***
Total pot $0.65 | Rake $0.03 
Board [8c 6c 9h]
Seat 1: SKAlmaty_86 (button) folded before Flop (didn't bet)
Seat 2: Contr@Reloj (small blind) folded before Flop
Seat 3: naldao45 (big blind) folded before Flop
Seat 4: 1857Dan folded on the Flop
Seat 5: Imposium folded before Flop (didn't bet)
Seat 6: Mahu2021 collected ($0.62)



PokerStars Zoom Hand #253871307348:  Hold'em No Limit ($0.05/$0.10) - 2024/12/15 21:15:30 CET [2024/12/15 15:15:30 ET]
Table 'Aludra' 6-max Seat #1 is the button
Seat 1: Mahu2021 ($10.19 in chips) 
Seat 2: Gal4krond ($24.05 in chips) 
Seat 3: cpt.vnpp ($13.21 in chips) 
Seat 4: pankotskiy74 ($4.66 in chips) 
Seat 5: BrazK0 ($11.58 in chips) 
Seat 6: GSFoolish ($8.77 in chips) 
Gal4krond: posts small blind $0.05
cpt.vnpp: posts big blind $0.10
*** HOLE CARDS ***
Dealt to Mahu2021 [Td 6s]
pankotskiy74: folds 
BrazK0: folds 
GSFoolish: raises $0.10 to $0.20
Mahu2021: folds 
Gal4krond: folds 
cpt.vnpp: calls $0.10
*** FLOP *** [2d Ah 6c]
cpt.vnpp: checks 
GSFoolish: bets $0.22
cpt.vnpp: folds 
Uncalled bet ($0.22) returned to GSFoolish
GSFoolish collected $0.43 from pot
GSFoolish: doesn't show hand 
*** SUMMARY ***
Total pot $0.45 | Rake $0.02 
Board [2d Ah 6c]
Seat 1: Mahu2021 (button) folded before Flop (didn't bet)
Seat 2: Gal4krond (small blind) folded before Flop
Seat 3: cpt.vnpp (big blind) folded on the Flop
Seat 4: pankotskiy74 folded before Flop (didn't bet)
Seat 5: BrazK0 folded before Flop (didn't bet)
Seat 6: GSFoolish collected ($0.43)



PokerStars Zoom Hand #253871314350:  Hold'em No Limit ($0.05/$0.10) - 2024/12/15 21:15:48 CET [2024/12/15 15:15:48 ET]
Table 'Aludra' 6-max Seat #1 is the button
Seat 1: turquia000 ($10 in chips) 
Seat 2: rullorh ($10 in chips) 
Seat 3: Mahu2021 ($10.19 in chips) 
Seat 4: barryedmunds ($10.15 in chips) 
Seat 5: LC Conte ($10.82 in chips) 
Seat 6: witos72 ($10.44 in chips) 
rullorh: posts small blind $0.05
Mahu2021: posts big blind $0.10
*** HOLE CARDS ***
Dealt to Mahu2021 [Th 5d]
barryedmunds: folds 
LC Conte: folds 
witos72: folds 
turquia000: folds 
rullorh: folds 
Uncalled bet ($0.05) returned to Mahu2021
Mahu2021 collected $0.10 from pot
Mahu2021: doesn't show hand 
*** SUMMARY ***
Total pot $0.10 | Rake $0 
Seat 1: turquia000 (button) folded before Flop (didn't bet)
Seat 2: rullorh (small blind) folded before Flop
Seat 3: Mahu2021 (big blind) collected ($0.10)
Seat 4: barryedmunds folded before Flop (didn't bet)
Seat 5: LC Conte folded before Flop (didn't bet)
Seat 6: witos72 folded before Flop (didn't bet)



PokerStars Zoom Hand #253871309131:  Hold'em No Limit ($0.05/$0.10) - 2024/12/15 21:15:34 CET [2024/12/15 15:15:34 ET]
Table 'Aludra' 6-max Seat #1 is the button
Seat 1: cinkelö ($10 in chips) 
Seat 2: Imposium ($10 in chips) 
Seat 3: michaltoja ($12.13 in chips) 
Seat 4: BrazK0 ($11.58 in chips) 
Seat 5: 92Sammygo ($14.78 in chips) 
Seat 6: Mahu2021 ($10.19 in chips) 
Imposium: posts small blind $0.05
michaltoja: posts big blind $0.10
*** HOLE CARDS ***
Dealt to Mahu2021 [3s Js]
BrazK0: folds 
92Sammygo: raises $0.12 to $0.22
Mahu2021: folds 
cinkelö: folds 
Imposium: calls $0.17
michaltoja: folds 
*** FLOP *** [As Kh Jd]
Imposium: checks 
92Sammygo: bets $0.17
Imposium: folds 
Uncalled bet ($0.17) returned to 92Sammygo
92Sammygo collected $0.52 from pot
92Sammygo: doesn't show hand 
*** SUMMARY ***
Total pot $0.54 | Rake $0.02 
Board [As Kh Jd]
Seat 1: cinkelö (button) folded before Flop (didn't bet)
Seat 2: Imposium (small blind) folded on the Flop
Seat 3: michaltoja (big blind) folded before Flop
Seat 4: BrazK0 folded before Flop (didn't bet)
Seat 5: 92Sammygo collected ($0.52)
Seat 6: Mahu2021 folded before Flop (didn't bet)



PokerStars Zoom Hand #253871317792:  Hold'em No Limit ($0.05/$0.10) - 2024/12/15 21:15:57 CET [2024/12/15 15:15:57 ET]
Table 'Aludra' 6-max Seat #1 is the button
Seat 1: MVM77788 ($9.63 in chips) 
Seat 2: Mahu2021 ($10.24 in chips) 
Seat 3: kaabrum ($10.09 in chips) 
Seat 4: demetrioep ($4.74 in chips) 
Seat 5: rullorh ($10.35 in chips) 
Seat 6: osakei1024 ($3.89 in chips) 
Mahu2021: posts small blind $0.05
kaabrum: posts big blind $0.10
*** HOLE CARDS ***
Dealt to Mahu2021 [Ts 3c]
demetrioep: calls $0.10
rullorh: folds 
osakei1024: folds 
MVM77788: folds 
Mahu2021: folds 
kaabrum: checks 
*** FLOP *** [Qs 9s 9d]
kaabrum: checks 
demetrioep: bets $0.10
kaabrum: folds 
Uncalled bet ($0.10) returned to demetrioep
demetrioep collected $0.24 from pot
demetrioep: doesn't show hand 
*** SUMMARY ***
Total pot $0.25 | Rake $0.01 
Board [Qs 9s 9d]
Seat 1: MVM77788 (button) folded before Flop (didn't bet)
Seat 2: Mahu2021 (small blind) folded before Flop
Seat 3: kaabrum (big blind) folded on the Flop
Seat 4: demetrioep collected ($0.24)
Seat 5: rullorh folded before Flop (didn't bet)
Seat 6: osakei1024 folded before Flop (didn't bet)



PokerStars Zoom Hand #253871319250:  Hold'em No Limit ($0.05/$0.10) - 2024/12/15 21:16:01 CET [2024/12/15 15:16:01 ET]
Table 'Aludra' 6-max Seat #1 is the button
Seat 1: Lokixlife ($10 in chips) 
Seat 2: JacDs ($10.69 in chips) 
Seat 3: Pilgan ($42.60 in chips) 
Seat 4: MVM77788 ($9.63 in chips) 
Seat 5: Mahu2021 ($10.19 in chips) 
Seat 6: Dbentleyy ($11.78 in chips) 
JacDs: posts small blind $0.05
Pilgan: posts big blind $0.10
*** HOLE CARDS ***
Dealt to Mahu2021 [2d Qs]
MVM77788: folds 
Mahu2021: folds 
Dbentleyy: folds 
Lokixlife: folds 
JacDs: folds 
Uncalled bet ($0.05) returned to Pilgan
Pilgan collected $0.10 from pot
Pilgan: doesn't show hand 
*** SUMMARY ***
Total pot $0.10 | Rake $0 
Seat 1: Lokixlife (button) folded before Flop (didn't bet)
Seat 2: JacDs (small blind) folded before Flop
Seat 3: Pilgan (big blind) collected ($0.10)
Seat 4: MVM77788 folded before Flop (didn't bet)
Seat 5: Mahu2021 folded before Flop (didn't bet)
Seat 6: Dbentleyy folded before Flop (didn't bet)



PokerStars Zoom Hand #253871321125:  Hold'em No Limit ($0.05/$0.10) - 2024/12/15 21:16:06 CET [2024/12/15 15:16:06 ET]
Table 'Aludra' 6-max Seat #1 is the button
Seat 1: Mahu2021 ($10.19 in chips) 
Seat 2: Vicktorio ($10.05 in chips) 
Seat 3: Scorpionem ($10 in chips) 
Seat 4: JonathanIvey ($4.85 in chips) 
Seat 5: witos72 ($10.34 in chips) 
Seat 6: Imposium ($10 in chips) 
Vicktorio: posts small blind $0.05
Scorpionem: posts big blind $0.10
*** HOLE CARDS ***
Dealt to Mahu2021 [4h As]
JonathanIvey: folds 
witos72: folds 
Imposium: raises $0.20 to $0.30
Mahu2021: calls $0.30
Vicktorio: folds 
Scorpionem: folds 
*** FLOP *** [5s Kh 2d]
Imposium: bets $0.36
Mahu2021: calls $0.36
*** TURN *** [5s Kh 2d] [6s]
Imposium: bets $0.70
Mahu2021: folds 
Uncalled bet ($0.70) returned to Imposium
Imposium collected $1.40 from pot
Imposium: doesn't show hand 
*** SUMMARY ***
Total pot $1.47 | Rake $0.07 
Board [5s Kh 2d 6s]
Seat 1: Mahu2021 (button) folded on the Turn
Seat 2: Vicktorio (small blind) folded before Flop
Seat 3: Scorpionem (big blind) folded before Flop
Seat 4: JonathanIvey folded before Flop (didn't bet)
Seat 5: witos72 folded before Flop (didn't bet)
Seat 6: Imposium collected ($1.40)



PokerStars Zoom Hand #253871310817:  Hold'em No Limit ($0.05/$0.10) - 2024/12/15 21:15:39 CET [2024/12/15 15:15:39 ET]
Table 'Aludra' 6-max Seat #1 is the button
Seat 1: witos72 ($10.44 in chips) 
Seat 2: Bodil2020 ($10.05 in chips) 
Seat 3: jj2213 ($6.59 in chips) 
Seat 4: hoppy93210 ($13.76 in chips) 
Seat 5: Mahu2021 ($10.19 in chips) 
Seat 6: iagoNTC ($23.18 in chips) 
Bodil2020: posts small blind $0.05
jj2213: posts big blind $0.10
*** HOLE CARDS ***
Dealt to Mahu2021 [6c As]
hoppy93210: raises $0.10 to $0.20
Mahu2021: folds 
iagoNTC: folds 
witos72: folds 
Bodil2020: calls $0.15
jj2213: calls $0.10
*** FLOP *** [2c Js 4h]
Bodil2020: checks 
jj2213: bets $0.29
hoppy93210: folds 
Bodil2020: calls $0.29
*** TURN *** [2c Js 4h] [9s]
Bodil2020: checks 
jj2213: bets $1.13
Bodil2020: folds 
Uncalled bet ($1.13) returned to jj2213
jj2213 collected $1.13 from pot
jj2213: doesn't show hand 
*** SUMMARY ***
Total pot $1.18 | Rake $0.05 
Board [2c Js 4h 9s]
Seat 1: witos72 (button) folded before Flop (didn't bet)
Seat 2: Bodil2020 (small blind) folded on the Turn
Seat 3: jj2213 (big blind) collected ($1.13)
Seat 4: hoppy93210 folded on the Flop
Seat 5: Mahu2021 folded before Flop (didn't bet)
Seat 6: iagoNTC folded before Flop (didn't bet)



PokerStars Zoom Hand #253871328472:  Hold'em No Limit ($0.05/$0.10) - 2024/12/15 21:16:25 CET [2024/12/15 15:16:25 ET]
Table 'Aludra' 6-max Seat #1 is the button
Seat 1: T.D.L.D.K ($11.65 in chips) 
Seat 2: Pilgan ($42.65 in chips) 
Seat 3: mAAverick33 ($26.17 in chips) 
Seat 4: Mahu2021 ($9.53 in chips) 
Seat 5: BrazK0 ($11.85 in chips) 
Seat 6: spajk68 ($10.91 in chips) 
Pilgan: posts small blind $0.05
mAAverick33: posts big blind $0.10
*** HOLE CARDS ***
Dealt to Mahu2021 [Kh Qs]
Mahu2021: raises $0.20 to $0.30
BrazK0: folds 
spajk68: calls $0.30
T.D.L.D.K: folds 
Pilgan: folds 
mAAverick33: folds 
*** FLOP *** [8d Qd Ad]
Mahu2021: checks 
spajk68: checks 
*** TURN *** [8d Qd Ad] [4c]
Mahu2021: checks 
spajk68: checks 
*** RIVER *** [8d Qd Ad 4c] [6c]
Mahu2021: bets $0.30
spajk68: folds 
Uncalled bet ($0.30) returned to Mahu2021
Mahu2021 collected $0.72 from pot
Mahu2021: doesn't show hand 
*** SUMMARY ***
Total pot $0.75 | Rake $0.03 
Board [8d Qd Ad 4c 6c]
Seat 1: T.D.L.D.K (button) folded before Flop (didn't bet)
Seat 2: Pilgan (small blind) folded before Flop
Seat 3: mAAverick33 (big blind) folded before Flop
Seat 4: Mahu2021 collected ($0.72)
Seat 5: BrazK0 folded before Flop (didn't bet)
Seat 6: spajk68 folded on the River



PokerStars Zoom Hand #253871312359:  Hold'em No Limit ($0.05/$0.10) - 2024/12/15 21:15:43 CET [2024/12/15 15:15:43 ET]
Table 'Aludra' 6-max Seat #1 is the button
Seat 1: kaabrum ($10.14 in chips) 
Seat 2: fred7340 ($9.65 in chips) 
Seat 3: Gal4krond ($24 in chips) 
Seat 4: Mahu2021 ($10.19 in chips) 
Seat 5: Bur1k ($5.45 in chips) 
Seat 6: Mackmyra600 ($11.12 in chips) 
fred7340: posts small blind $0.05
Gal4krond: posts big blind $0.10
*** HOLE CARDS ***
Dealt to Mahu2021 [7d 4c]
Mahu2021: folds 
Bur1k: raises $0.20 to $0.30
Mackmyra600: calls $0.30
kaabrum: folds 
fred7340: calls $0.25
Gal4krond: folds 
*** FLOP *** [7s 3s Jd]
fred7340: checks 
Bur1k: checks 
Mackmyra600: checks 
*** TURN *** [7s 3s Jd] [2c]
fred7340: checks 
Bur1k: checks 
Mackmyra600: checks 
*** RIVER *** [7s 3s Jd 2c] [3c]
fred7340: checks 
Bur1k: bets $0.64
Mackmyra600: folds 
fred7340: folds 
Uncalled bet ($0.64) returned to Bur1k
Bur1k collected $0.96 from pot
Bur1k: doesn't show hand 
*** SUMMARY ***
Total pot $1 | Rake $0.04 
Board [7s 3s Jd 2c 3c]
Seat 1: kaabrum (button) folded before Flop (didn't bet)
Seat 2: fred7340 (small blind) folded on the River
Seat 3: Gal4krond (big blind) folded before Flop
Seat 4: Mahu2021 folded before Flop (didn't bet)
Seat 5: Bur1k collected ($0.96)
Seat 6: Mackmyra600 folded on the River



PokerStars Zoom Hand #253871341845:  Hold'em No Limit ($0.05/$0.10) - 2024/12/15 21:17:01 CET [2024/12/15 15:17:01 ET]
Table 'Aludra' 6-max Seat #1 is the button
Seat 1: kaabrum ($9.69 in chips) 
Seat 2: JonathanIvey ($4.15 in chips) 
Seat 3: Mahu2021 ($9.95 in chips) 
Seat 4: T.D.L.D.K ($11.55 in chips) 
Seat 5: Articcathartic ($9.95 in chips) 
Seat 6: dundee is blue ($6.76 in chips) 
JonathanIvey: posts small blind $0.05
Mahu2021: posts big blind $0.10
*** HOLE CARDS ***
Dealt to Mahu2021 [9h 3c]
T.D.L.D.K: folds 
Articcathartic: folds 
dundee is blue: folds 
kaabrum: folds 
JonathanIvey: folds 
Uncalled bet ($0.05) returned to Mahu2021
Mahu2021 collected $0.10 from pot
Mahu2021: doesn't show hand 
*** SUMMARY ***
Total pot $0.10 | Rake $0 
Seat 1: kaabrum (button) folded before Flop (didn't bet)
Seat 2: JonathanIvey (small blind) folded before Flop
Seat 3: Mahu2021 (big blind) collected ($0.10)
Seat 4: T.D.L.D.K folded before Flop (didn't bet)
Seat 5: Articcathartic folded before Flop (didn't bet)
Seat 6: dundee is blue folded before Flop (didn't bet)



PokerStars Zoom Hand #253871345364:  Hold'em No Limit ($0.05/$0.10) - 2024/12/15 21:17:10 CET [2024/12/15 15:17:10 ET]
Table 'Aludra' 6-max Seat #1 is the button
Seat 1: michaltoja ($10.43 in chips) 
Seat 2: Mahu2021 ($10 in chips) 
Seat 3: DonkeyKong1960 ($10 in chips) 
Seat 4: lefo21x ($30.47 in chips) 
Seat 5: Scorpionem ($10 in chips) 
Seat 6: sonisaab ($7.83 in chips) 
Mahu2021: posts small blind $0.05
DonkeyKong1960: posts big blind $0.10
*** HOLE CARDS ***
Dealt to Mahu2021 [2d Qd]
lefo21x: folds 
Scorpionem: folds 
sonisaab has timed out
sonisaab: folds 
michaltoja: folds 
Mahu2021: raises $0.20 to $0.30
DonkeyKong1960: folds 
Uncalled bet ($0.20) returned to Mahu2021
Mahu2021 collected $0.20 from pot
Mahu2021: doesn't show hand 
*** SUMMARY ***
Total pot $0.20 | Rake $0 
Seat 1: michaltoja (button) folded before Flop (didn't bet)
Seat 2: Mahu2021 (small blind) collected ($0.20)
Seat 3: DonkeyKong1960 (big blind) folded before Flop
Seat 4: lefo21x folded before Flop (didn't bet)
Seat 5: Scorpionem folded before Flop (didn't bet)
Seat 6: sonisaab folded before Flop (didn't bet)



PokerStars Zoom Hand #253871339941:  Hold'em No Limit ($0.05/$0.10) - 2024/12/15 21:16:56 CET [2024/12/15 15:16:56 ET]
Table 'Aludra' 6-max Seat #1 is the button
Seat 1: DaJunnis ($6.42 in chips) 
Seat 2: Lokixlife ($10.40 in chips) 
Seat 3: JacDs ($19.58 in chips) 
Seat 4: Imposium ($10.15 in chips) 
Seat 5: Mahu2021 ($9.95 in chips) 
Seat 6: royacht ($10.58 in chips) 
Lokixlife: posts small blind $0.05
JacDs: posts big blind $0.10
*** HOLE CARDS ***
Dealt to Mahu2021 [Jc Qs]
Imposium: folds 
Mahu2021: folds 
royacht: folds 
DaJunnis: calls $0.10
Lokixlife: folds 
JacDs: checks 
*** FLOP *** [5c 4d 4c]
JacDs: checks 
DaJunnis: checks 
*** TURN *** [5c 4d 4c] [Js]
JacDs: bets $0.18
DaJunnis: folds 
Uncalled bet ($0.18) returned to JacDs
JacDs collected $0.24 from pot
JacDs: doesn't show hand 
*** SUMMARY ***
Total pot $0.25 | Rake $0.01 
Board [5c 4d 4c Js]
Seat 1: DaJunnis (button) folded on the Turn
Seat 2: Lokixlife (small blind) folded before Flop
Seat 3: JacDs (big blind) collected ($0.24)
Seat 4: Imposium folded before Flop (didn't bet)
Seat 5: Mahu2021 folded before Flop (didn't bet)
Seat 6: royacht folded before Flop (didn't bet)



PokerStars Zoom Hand #253871364793:  Hold'em No Limit ($0.05/$0.10) - 2024/12/15 21:18:01 CET [2024/12/15 15:18:01 ET]
Table 'Aludra' 6-max Seat #1 is the button
Seat 1: KOCETO_1992 ($11.07 in chips) 
Seat 2: Bodil2020 ($12.19 in chips) 
Seat 3: 1857Dan ($11.41 in chips) 
Seat 4: dundee is blue ($5.59 in chips) 
Seat 5: RedTerror161 ($11.97 in chips) 
Seat 6: Mahu2021 ($9.75 in chips) 
Bodil2020: posts small blind $0.05
1857Dan: posts big blind $0.10
*** HOLE CARDS ***
Dealt to Mahu2021 [2s 3d]
dundee is blue: folds 
RedTerror161: folds 
Mahu2021: folds 
KOCETO_1992: folds 
Bodil2020: folds 
Uncalled bet ($0.05) returned to 1857Dan
1857Dan collected $0.10 from pot
1857Dan: doesn't show hand 
*** SUMMARY ***
Total pot $0.10 | Rake $0 
Seat 1: KOCETO_1992 (button) folded before Flop (didn't bet)
Seat 2: Bodil2020 (small blind) folded before Flop
Seat 3: 1857Dan (big blind) collected ($0.10)
Seat 4: dundee is blue folded before Flop (didn't bet)
Seat 5: RedTerror161 folded before Flop (didn't bet)
Seat 6: Mahu2021 folded before Flop (didn't bet)



PokerStars Zoom Hand #253871356611:  Hold'em No Limit ($0.05/$0.10) - 2024/12/15 21:17:40 CET [2024/12/15 15:17:40 ET]
Table 'Aludra' 6-max Seat #1 is the button
Seat 1: SyraXmaX ($10 in chips) 
Seat 2: AlexSantos1924 ($4.59 in chips) 
Seat 3: Joypill ($11.31 in chips) 
Seat 4: RH-DK126 ($7.81 in chips) 
Seat 5: Gal4krond ($24.49 in chips) 
Seat 6: Mahu2021 ($10.10 in chips) 
AlexSantos1924: posts small blind $0.05
Joypill: posts big blind $0.10
*** HOLE CARDS ***
Dealt to Mahu2021 [3d Ad]
RH-DK126: raises $0.25 to $0.35
Gal4krond: folds 
Mahu2021: calls $0.35
SyraXmaX: folds 
AlexSantos1924: raises $1.75 to $2.10
Joypill: folds 
RH-DK126: calls $1.75
Mahu2021: folds 
*** FLOP *** [5c Qd 4s]
AlexSantos1924: bets $2.49 and is all-in
RH-DK126: calls $2.49
*** TURN *** [5c Qd 4s] [5h]
*** RIVER *** [5c Qd 4s 5h] [4c]
*** SHOW DOWN ***
AlexSantos1924: shows [Kc Ac] (two pair, Fives and Fours)
RH-DK126: shows [Ts Th] (two pair, Tens and Fives)
RH-DK126 collected $9.20 from pot
*** SUMMARY ***
Total pot $9.63 | Rake $0.43 
Board [5c Qd 4s 5h 4c]
Seat 1: SyraXmaX (button) folded before Flop (didn't bet)
Seat 2: AlexSantos1924 (small blind) showed [Kc Ac] and lost with two pair, Fives and Fours
Seat 3: Joypill (big blind) folded before Flop
Seat 4: RH-DK126 showed [Ts Th] and won ($9.20) with two pair, Tens and Fives
Seat 5: Gal4krond folded before Flop (didn't bet)
Seat 6: Mahu2021 folded before Flop



PokerStars Zoom Hand #253871366590:  Hold'em No Limit ($0.05/$0.10) - 2024/12/15 21:18:06 CET [2024/12/15 15:18:06 ET]
Table 'Aludra' 6-max Seat #1 is the button
Seat 1: mAAverick33 ($16.23 in chips) 
Seat 2: rullorh ($10 in chips) 
Seat 3: Mahu2021 ($9.75 in chips) 
Seat 4: Gal4krond ($24.39 in chips) 
Seat 5: DaJunnis ($6.37 in chips) 
Seat 6: hong0627 ($12.54 in chips) 
rullorh: posts small blind $0.05
Mahu2021: posts big blind $0.10
*** HOLE CARDS ***
Dealt to Mahu2021 [Qc Js]
Gal4krond: folds 
DaJunnis: folds 
hong0627: folds 
mAAverick33: folds 
rullorh: raises $0.20 to $0.30
Mahu2021: calls $0.20
*** FLOP *** [As Ah 6h]
rullorh: bets $0.23
Mahu2021: calls $0.23
*** TURN *** [As Ah 6h] [5h]
rullorh: bets $0.40
Mahu2021: folds 
Uncalled bet ($0.40) returned to rullorh
rullorh collected $1.01 from pot
rullorh: doesn't show hand 
*** SUMMARY ***
Total pot $1.06 | Rake $0.05 
Board [As Ah 6h 5h]
Seat 1: mAAverick33 (button) folded before Flop (didn't bet)
Seat 2: rullorh (small blind) collected ($1.01)
Seat 3: Mahu2021 (big blind) folded on the Turn
Seat 4: Gal4krond folded before Flop (didn't bet)
Seat 5: DaJunnis folded before Flop (didn't bet)
Seat 6: hong0627 folded before Flop (didn't bet)



PokerStars Zoom Hand #253871373877:  Hold'em No Limit ($0.05/$0.10) - 2024/12/15 21:18:25 CET [2024/12/15 15:18:25 ET]
Table 'Aludra' 6-max Seat #1 is the button
Seat 1: barryedmunds ($7.40 in chips) 
Seat 2: Bur1k ($5.98 in chips) 
Seat 3: thorindorf ($9.85 in chips) 
Seat 4: Mahu2021 ($9.22 in chips) 
Seat 5: ciceron86 ($13.22 in chips) 
Seat 6: ksd23 ($20.62 in chips) 
Bur1k: posts small blind $0.05
thorindorf: posts big blind $0.10
*** HOLE CARDS ***
Dealt to Mahu2021 [Td As]
Mahu2021: raises $0.20 to $0.30
ciceron86: folds 
ksd23: folds 
barryedmunds: folds 
Bur1k: folds 
thorindorf: folds 
Uncalled bet ($0.20) returned to Mahu2021
Mahu2021 collected $0.25 from pot
Mahu2021: doesn't show hand 
*** SUMMARY ***
Total pot $0.25 | Rake $0 
Seat 1: barryedmunds (button) folded before Flop (didn't bet)
Seat 2: Bur1k (small blind) folded before Flop
Seat 3: thorindorf (big blind) folded before Flop
Seat 4: Mahu2021 collected ($0.25)
Seat 5: ciceron86 folded before Flop (didn't bet)
Seat 6: ksd23 folded before Flop (didn't bet)



PokerStars Zoom Hand #253871363812:  Hold'em No Limit ($0.05/$0.10) - 2024/12/15 21:17:59 CET [2024/12/15 15:17:59 ET]
Table 'Aludra' 6-max Seat #1 is the button
Seat 1: Mahu2021 ($9.75 in chips) 
Seat 2: Bobbyoozle ($9.27 in chips) 
Seat 3: ciceron86 ($12 in chips) 
Seat 4: 1857Dan ($11.41 in chips) 
Seat 5: Sijith78 ($4.75 in chips) 
Seat 6: cpt.vnpp ($10.43 in chips) 
Bobbyoozle: posts small blind $0.05
ciceron86: posts big blind $0.10
*** HOLE CARDS ***
Dealt to Mahu2021 [6h Kc]
1857Dan: folds 
Sijith78: calls $0.10
cpt.vnpp: folds 
Mahu2021: folds 
Bobbyoozle: calls $0.05
ciceron86: checks 
*** FLOP *** [Ts 5d 7h]
Bobbyoozle: bets $0.29
ciceron86: folds 
Sijith78: calls $0.29
*** TURN *** [Ts 5d 7h] [As]
Bobbyoozle: bets $0.84
Sijith78: calls $0.84
*** RIVER *** [Ts 5d 7h As] [Ks]
Bobbyoozle: bets $1.22
Sijith78: folds 
Uncalled bet ($1.22) returned to Bobbyoozle
Bobbyoozle collected $2.44 from pot
Bobbyoozle: doesn't show hand 
*** SUMMARY ***
Total pot $2.56 | Rake $0.12 
Board [Ts 5d 7h As Ks]
Seat 1: Mahu2021 (button) folded before Flop (didn't bet)
Seat 2: Bobbyoozle (small blind) collected ($2.44)
Seat 3: ciceron86 (big blind) folded on the Flop
Seat 4: 1857Dan folded before Flop (didn't bet)
Seat 5: Sijith78 folded on the River
Seat 6: cpt.vnpp folded before Flop (didn't bet)



PokerStars Zoom Hand #253871381128:  Hold'em No Limit ($0.05/$0.10) - 2024/12/15 21:18:45 CET [2024/12/15 15:18:45 ET]
Table 'Aludra' 6-max Seat #1 is the button
Seat 1: cinkelö ($10.40 in chips) 
Seat 2: Lokixlife ($10.25 in chips) 
Seat 3: SyraXmaX ($10 in chips) 
Seat 4: mAAverick33 ($16.08 in chips) 
Seat 5: Mahu2021 ($9.32 in chips) 
Seat 6: DonkeyKong1960 ($10 in chips) 
Lokixlife: posts small blind $0.05
SyraXmaX: posts big blind $0.10
*** HOLE CARDS ***
Dealt to Mahu2021 [2c 4h]
mAAverick33: folds 
Mahu2021: folds 
DonkeyKong1960: folds 
cinkelö: folds 
Lokixlife: folds 
Uncalled bet ($0.05) returned to SyraXmaX
SyraXmaX collected $0.10 from pot
SyraXmaX: doesn't show hand 
*** SUMMARY ***
Total pot $0.10 | Rake $0 
Seat 1: cinkelö (button) folded before Flop (didn't bet)
Seat 2: Lokixlife (small blind) folded before Flop
Seat 3: SyraXmaX (big blind) collected ($0.10)
Seat 4: mAAverick33 folded before Flop (didn't bet)
Seat 5: Mahu2021 folded before Flop (didn't bet)
Seat 6: DonkeyKong1960 folded before Flop (didn't bet)



PokerStars Zoom Hand #253871379759:  Hold'em No Limit ($0.05/$0.10) - 2024/12/15 21:18:41 CET [2024/12/15 15:18:41 ET]
Table 'Aludra' 6-max Seat #1 is the button
Seat 1: JacDs ($38.51 in chips) 
Seat 2: Mahu2021 ($9.37 in chips) 
Seat 3: hempju1ce ($17.84 in chips) 
Seat 4: usernl ($10 in chips) 
Seat 5: DonkeyKong1960 ($10 in chips) 
Seat 6: Gal4krond ($13.81 in chips) 
Mahu2021: posts small blind $0.05
hempju1ce: posts big blind $0.10
*** HOLE CARDS ***
Dealt to Mahu2021 [6s 8h]
usernl: raises $0.20 to $0.30
DonkeyKong1960: folds 
Gal4krond: folds 
JacDs: folds 
Mahu2021: folds 
hempju1ce: folds 
Uncalled bet ($0.20) returned to usernl
usernl collected $0.25 from pot
usernl: doesn't show hand 
*** SUMMARY ***
Total pot $0.25 | Rake $0 
Seat 1: JacDs (button) folded before Flop (didn't bet)
Seat 2: Mahu2021 (small blind) folded before Flop
Seat 3: hempju1ce (big blind) folded before Flop
Seat 4: usernl collected ($0.25)
Seat 5: DonkeyKong1960 folded before Flop (didn't bet)
Seat 6: Gal4krond folded before Flop (didn't bet)



PokerStars Zoom Hand #253871383742:  Hold'em No Limit ($0.05/$0.10) - 2024/12/15 21:18:52 CET [2024/12/15 15:18:52 ET]
Table 'Aludra' 6-max Seat #1 is the button
Seat 1: Nadya Toneva ($8.43 in chips) 
Seat 2: ciceron86 ($13.27 in chips) 
Seat 3: witos72 ($9.95 in chips) 
Seat 4: Mahu2021 ($9.32 in chips) 
Seat 5: JacDs ($38.51 in chips) 
Seat 6: Sijith78 ($3.52 in chips) 
ciceron86: posts small blind $0.05
witos72: posts big blind $0.10
*** HOLE CARDS ***
Dealt to Mahu2021 [3c 7c]
Mahu2021: folds 
JacDs: folds 
Sijith78: folds 
Nadya Toneva: folds 
ciceron86: folds 
Uncalled bet ($0.05) returned to witos72
witos72 collected $0.10 from pot
witos72: doesn't show hand 
*** SUMMARY ***
Total pot $0.10 | Rake $0 
Seat 1: Nadya Toneva (button) folded before Flop (didn't bet)
Seat 2: ciceron86 (small blind) folded before Flop
Seat 3: witos72 (big blind) collected ($0.10)
Seat 4: Mahu2021 folded before Flop (didn't bet)
Seat 5: JacDs folded before Flop (didn't bet)
Seat 6: Sijith78 folded before Flop (didn't bet)



PokerStars Zoom Hand #253871389938:  Hold'em No Limit ($0.05/$0.10) - 2024/12/15 21:19:08 CET [2024/12/15 15:19:08 ET]
Table 'Aludra' 6-max Seat #1 is the button
Seat 1: Dbentleyy ($17.84 in chips) 
Seat 2: Mahu2021 ($9.22 in chips) 
Seat 3: Lokixlife ($10.20 in chips) 
Seat 4: Bobbyoozle ($10.38 in chips) 
Seat 5: DonkeyKong1960 ($10 in chips) 
Seat 6: ciceron86 ($13.22 in chips) 
Mahu2021: posts small blind $0.05
Lokixlife: posts big blind $0.10
*** HOLE CARDS ***
Dealt to Mahu2021 [7c Jd]
Bobbyoozle: folds 
DonkeyKong1960: folds 
ciceron86: folds 
Dbentleyy: raises $0.12 to $0.22
Mahu2021: folds 
Lokixlife: folds 
Uncalled bet ($0.12) returned to Dbentleyy
Dbentleyy collected $0.25 from pot
Dbentleyy: doesn't show hand 
*** SUMMARY ***
Total pot $0.25 | Rake $0 
Seat 1: Dbentleyy (button) collected ($0.25)
Seat 2: Mahu2021 (small blind) folded before Flop
Seat 3: Lokixlife (big blind) folded before Flop
Seat 4: Bobbyoozle folded before Flop (didn't bet)
Seat 5: DonkeyKong1960 folded before Flop (didn't bet)
Seat 6: ciceron86 folded before Flop (didn't bet)



PokerStars Zoom Hand #253871391260:  Hold'em No Limit ($0.05/$0.10) - 2024/12/15 21:19:12 CET [2024/12/15 15:19:12 ET]
Table 'Aludra' 6-max Seat #1 is the button
Seat 1: SyraXmaX ($10.70 in chips) 
Seat 2: iPlay4staX ($11.25 in chips) 
Seat 3: BrazK0 ($12.78 in chips) 
Seat 4: Knorbinho ($10.36 in chips) 
Seat 5: Mahu2021 ($9.17 in chips) 
Seat 6: michaltoja ($11.68 in chips) 
iPlay4staX: posts small blind $0.05
BrazK0: posts big blind $0.10
*** HOLE CARDS ***
Dealt to Mahu2021 [4d 8d]
Knorbinho: folds 
Mahu2021: folds 
michaltoja: folds 
SyraXmaX: folds 
iPlay4staX: raises $0.10 to $0.20
BrazK0: folds 
Uncalled bet ($0.10) returned to iPlay4staX
iPlay4staX collected $0.20 from pot
iPlay4staX: doesn't show hand 
*** SUMMARY ***
Total pot $0.20 | Rake $0 
Seat 1: SyraXmaX (button) folded before Flop (didn't bet)
Seat 2: iPlay4staX (small blind) collected ($0.20)
Seat 3: BrazK0 (big blind) folded before Flop
Seat 4: Knorbinho folded before Flop (didn't bet)
Seat 5: Mahu2021 folded before Flop (didn't bet)
Seat 6: michaltoja folded before Flop (didn't bet)



PokerStars Zoom Hand #253871382405:  Hold'em No Limit ($0.05/$0.10) - 2024/12/15 21:18:48 CET [2024/12/15 15:18:48 ET]
Table 'Aludra' 6-max Seat #1 is the button
Seat 1: Mahu2021 ($9.32 in chips) 
Seat 2: RedTerror161 ($11.87 in chips) 
Seat 3: rullorh ($10.63 in chips) 
Seat 4: spajk68 ($11.13 in chips) 
Seat 5: RenoRosco ($10.09 in chips) 
Seat 6: cinkelö ($10.40 in chips) 
RedTerror161: posts small blind $0.05
rullorh: posts big blind $0.10
*** HOLE CARDS ***
Dealt to Mahu2021 [8h 3c]
spajk68: calls $0.10
RenoRosco: raises $0.25 to $0.35
cinkelö: folds 
Mahu2021: folds 
RedTerror161: folds 
rullorh: folds 
spajk68: calls $0.25
*** FLOP *** [8s 5d Jc]
spajk68: checks 
RenoRosco: bets $0.30
spajk68: folds 
Uncalled bet ($0.30) returned to RenoRosco
RenoRosco collected $0.80 from pot
RenoRosco: doesn't show hand 
*** SUMMARY ***
Total pot $0.85 | Rake $0.05 
Board [8s 5d Jc]
Seat 1: Mahu2021 (button) folded before Flop (didn't bet)
Seat 2: RedTerror161 (small blind) folded before Flop
Seat 3: rullorh (big blind) folded before Flop
Seat 4: spajk68 folded on the Flop
Seat 5: RenoRosco collected ($0.80)
Seat 6: cinkelö folded before Flop (didn't bet)



PokerStars Zoom Hand #253871392863:  Hold'em No Limit ($0.05/$0.10) - 2024/12/15 21:19:16 CET [2024/12/15 15:19:16 ET]
Table 'Aludra' 6-max Seat #1 is the button
Seat 1: epazeli ($3.60 in chips) 
Seat 2: Knorbinho ($6.93 in chips) 
Seat 3: lefo21x ($29.77 in chips) 
Seat 4: Dbentleyy ($13.24 in chips) 
Seat 5: kaabrum ($11.33 in chips) 
Seat 6: Mahu2021 ($9.17 in chips) 
Knorbinho: posts small blind $0.05
lefo21x: posts big blind $0.10
*** HOLE CARDS ***
Dealt to Mahu2021 [6h Qh]
Dbentleyy: folds 
kaabrum: folds 
Mahu2021: raises $0.20 to $0.30
epazeli: calls $0.30
Knorbinho: folds 
lefo21x: calls $0.20
*** FLOP *** [7s Ad 9h]
lefo21x: checks 
Mahu2021: checks 
epazeli: checks 
*** TURN *** [7s Ad 9h] [Kc]
lefo21x: checks 
Mahu2021: checks 
epazeli: checks 
*** RIVER *** [7s Ad 9h Kc] [Ac]
lefo21x: checks 
Mahu2021: checks 
epazeli: checks 
*** SHOW DOWN ***
lefo21x: shows [5h 5s] (two pair, Aces and Fives)
Mahu2021: mucks hand 
epazeli: shows [Kh Qs] (two pair, Aces and Kings)
epazeli collected $0.91 from pot
*** SUMMARY ***
Total pot $0.95 | Rake $0.04 
Board [7s Ad 9h Kc Ac]
Seat 1: epazeli (button) showed [Kh Qs] and won ($0.91) with two pair, Aces and Kings
Seat 2: Knorbinho (small blind) folded before Flop
Seat 3: lefo21x (big blind) showed [5h 5s] and lost with two pair, Aces and Fives
Seat 4: Dbentleyy folded before Flop (didn't bet)
Seat 5: kaabrum folded before Flop (didn't bet)
Seat 6: Mahu2021 mucked [6h Qh]



PokerStars Zoom Hand #253871384974:  Hold'em No Limit ($0.05/$0.10) - 2024/12/15 21:18:55 CET [2024/12/15 15:18:55 ET]
Table 'Aludra' 6-max Seat #1 is the button
Seat 1: usernl ($10.15 in chips) 
Seat 2: Imposium ($22.18 in chips) 
Seat 3: Mahu2021 ($9.32 in chips) 
Seat 4: iPlay4staX ($11.25 in chips) 
Seat 5: Lokixlife ($10 in chips) 
Seat 6: Vicktorio ($10.86 in chips) 
Imposium: posts small blind $0.05
Mahu2021: posts big blind $0.10
*** HOLE CARDS ***
Dealt to Mahu2021 [2h 7c]
iPlay4staX: folds 
Lokixlife: folds 
Vicktorio: raises $0.15 to $0.25
usernl: calls $0.25
Imposium: folds 
Mahu2021: folds 
*** FLOP *** [7d Qh Kh]
Vicktorio: bets $0.61
usernl: calls $0.61
*** TURN *** [7d Qh Kh] [Ts]
Vicktorio: checks 
usernl: bets $1.20
Vicktorio: calls $1.20
*** RIVER *** [7d Qh Kh Ts] [Kd]
Vicktorio: checks 
usernl: bets $4.08
Vicktorio: folds 
Uncalled bet ($4.08) returned to usernl
usernl collected $4.03 from pot
usernl: doesn't show hand 
*** SUMMARY ***
Total pot $4.27 | Rake $0.24 
Board [7d Qh Kh Ts Kd]
Seat 1: usernl (button) collected ($4.03)
Seat 2: Imposium (small blind) folded before Flop
Seat 3: Mahu2021 (big blind) folded before Flop
Seat 4: iPlay4staX folded before Flop (didn't bet)
Seat 5: Lokixlife folded before Flop (didn't bet)
Seat 6: Vicktorio folded on the River



PokerStars Zoom Hand #253871406079:  Hold'em No Limit ($0.05/$0.10) - 2024/12/15 21:19:52 CET [2024/12/15 15:19:52 ET]
Table 'Aludra' 6-max Seat #1 is the button
Seat 1: daily228 ($10.18 in chips) 
Seat 2: RedTerror161 ($11.10 in chips) 
Seat 3: som1990 ($10 in chips) 
Seat 4: pougia777 ($11.77 in chips) 
Seat 5: Dbentleyy ($17.99 in chips) 
Seat 6: Mahu2021 ($8.87 in chips) 
RedTerror161: posts small blind $0.05
som1990: posts big blind $0.10
*** HOLE CARDS ***
Dealt to Mahu2021 [7c 5h]
pougia777: folds 
Dbentleyy: raises $0.12 to $0.22
Mahu2021: folds 
daily228: folds 
RedTerror161: folds 
som1990: folds 
Uncalled bet ($0.12) returned to Dbentleyy
Dbentleyy collected $0.25 from pot
Dbentleyy: doesn't show hand 
*** SUMMARY ***
Total pot $0.25 | Rake $0 
Seat 1: daily228 (button) folded before Flop (didn't bet)
Seat 2: RedTerror161 (small blind) folded before Flop
Seat 3: som1990 (big blind) folded before Flop
Seat 4: pougia777 folded before Flop (didn't bet)
Seat 5: Dbentleyy collected ($0.25)
Seat 6: Mahu2021 folded before Flop (didn't bet)



PokerStars Zoom Hand #253871404364:  Hold'em No Limit ($0.05/$0.10) - 2024/12/15 21:19:47 CET [2024/12/15 15:19:47 ET]
Table 'Aludra' 6-max Seat #1 is the button
Seat 1: Jhanr ($13.08 in chips) 
Seat 2: rullorh ($11.31 in chips) 
Seat 3: michaltoja ($11.63 in chips) 
Seat 4: Mahu2021 ($8.87 in chips) 
Seat 5: Joypill ($29.97 in chips) 
Seat 6: iPlay4staX ($10.30 in chips) 
rullorh: posts small blind $0.05
michaltoja: posts big blind $0.10
*** HOLE CARDS ***
Dealt to Mahu2021 [Kd 4d]
Mahu2021: folds 
Joypill: folds 
iPlay4staX: raises $0.10 to $0.20
Jhanr: folds 
rullorh: folds 
michaltoja: folds 
Uncalled bet ($0.10) returned to iPlay4staX
iPlay4staX collected $0.25 from pot
iPlay4staX: doesn't show hand 
*** SUMMARY ***
Total pot $0.25 | Rake $0 
Seat 1: Jhanr (button) folded before Flop (didn't bet)
Seat 2: rullorh (small blind) folded before Flop
Seat 3: michaltoja (big blind) folded before Flop
Seat 4: Mahu2021 folded before Flop (didn't bet)
Seat 5: Joypill folded before Flop (didn't bet)
Seat 6: iPlay4staX collected ($0.25)



PokerStars Zoom Hand #253871407651:  Hold'em No Limit ($0.05/$0.10) - 2024/12/15 21:19:56 CET [2024/12/15 15:19:56 ET]
Table 'Aludra' 6-max Seat #1 is the button
Seat 1: nelwood ($2.03 in chips) 
Seat 2: Titsamach ($10.05 in chips) 
Seat 3: Mahu2021 ($8.87 in chips) 
Seat 4: MasterVBM ($1.71 in chips) 
Seat 5: pougia777 ($11.77 in chips) 
Seat 6: hoppy93210 ($13.73 in chips) 
Titsamach: posts small blind $0.05
Mahu2021: posts big blind $0.10
*** HOLE CARDS ***
Dealt to Mahu2021 [5d 4d]
MasterVBM: folds 
pougia777: folds 
hoppy93210: folds 
nelwood: folds 
Titsamach: raises $0.10 to $0.20
Mahu2021: calls $0.10
*** FLOP *** [8c Kc Ks]
Titsamach: checks 
Mahu2021: checks 
*** TURN *** [8c Kc Ks] [3h]
Titsamach: bets $0.13
Mahu2021: folds 
Uncalled bet ($0.13) returned to Titsamach
Titsamach collected $0.38 from pot
Titsamach: doesn't show hand 
*** SUMMARY ***
Total pot $0.40 | Rake $0.02 
Board [8c Kc Ks 3h]
Seat 1: nelwood (button) folded before Flop (didn't bet)
Seat 2: Titsamach (small blind) collected ($0.38)
Seat 3: Mahu2021 (big blind) folded on the Turn
Seat 4: MasterVBM folded before Flop (didn't bet)
Seat 5: pougia777 folded before Flop (didn't bet)
Seat 6: hoppy93210 folded before Flop (didn't bet)



PokerStars Zoom Hand #253871415957:  Hold'em No Limit ($0.05/$0.10) - 2024/12/15 21:20:18 CET [2024/12/15 15:20:18 ET]
Table 'Aludra' 6-max Seat #1 is the button
Seat 1: Imposium ($17.83 in chips) 
Seat 2: nbgd ($3.76 in chips) 
Seat 3: naldao45 ($38.61 in chips) 
Seat 4: DonkeyKong1960 ($10 in chips) 
Seat 5: Mahu2021 ($8.67 in chips) 
Seat 6: rullorh ($10.90 in chips) 
nbgd: posts small blind $0.05
naldao45: posts big blind $0.10
*** HOLE CARDS ***
Dealt to Mahu2021 [Td Js]
DonkeyKong1960: folds 
Mahu2021: folds 
rullorh: folds 
Imposium: folds 
nbgd: folds 
Uncalled bet ($0.05) returned to naldao45
naldao45 collected $0.10 from pot
naldao45: doesn't show hand 
*** SUMMARY ***
Total pot $0.10 | Rake $0 
Seat 1: Imposium (button) folded before Flop (didn't bet)
Seat 2: nbgd (small blind) folded before Flop
Seat 3: naldao45 (big blind) collected ($0.10)
Seat 4: DonkeyKong1960 folded before Flop (didn't bet)
Seat 5: Mahu2021 folded before Flop (didn't bet)
Seat 6: rullorh folded before Flop (didn't bet)



PokerStars Zoom Hand #253871417463:  Hold'em No Limit ($0.05/$0.10) - 2024/12/15 21:20:22 CET [2024/12/15 15:20:22 ET]
Table 'Aludra' 6-max Seat #1 is the button
Seat 1: cookcas ($20.55 in chips) 
Seat 2: Mahu2021 ($8.67 in chips) 
Seat 3: Jhanr ($10 in chips) 
Seat 4: drchilled ($10.50 in chips) 
Seat 5: osakei1024 ($4.96 in chips) 
Seat 6: mrfreaky1989 ($10 in chips) 
Mahu2021: posts small blind $0.05
Jhanr: posts big blind $0.10
*** HOLE CARDS ***
Dealt to Mahu2021 [6c 5c]
drchilled: folds 
osakei1024: folds 
mrfreaky1989: folds 
cookcas: folds 
Mahu2021: raises $0.20 to $0.30
Jhanr: folds 
Uncalled bet ($0.20) returned to Mahu2021
Mahu2021 collected $0.20 from pot
Mahu2021: doesn't show hand 
*** SUMMARY ***
Total pot $0.20 | Rake $0 
Seat 1: cookcas (button) folded before Flop (didn't bet)
Seat 2: Mahu2021 (small blind) collected ($0.20)
Seat 3: Jhanr (big blind) folded before Flop
Seat 4: drchilled folded before Flop (didn't bet)
Seat 5: osakei1024 folded before Flop (didn't bet)
Seat 6: mrfreaky1989 folded before Flop (didn't bet)



PokerStars Zoom Hand #253871421106:  Hold'em No Limit ($0.05/$0.10) - 2024/12/15 21:20:32 CET [2024/12/15 15:20:32 ET]
Table 'Aludra' 6-max Seat #1 is the button
Seat 1: Mahu2021 ($8.77 in chips) 
Seat 2: KOCETO_1992 ($11.17 in chips) 
Seat 3: turquia000 ($10.33 in chips) 
Seat 4: Imposium ($17.83 in chips) 
Seat 5: iPlay4staX ($10.60 in chips) 
Seat 6: vovan22-99 ($9.33 in chips) 
KOCETO_1992: posts small blind $0.05
turquia000: posts big blind $0.10
*** HOLE CARDS ***
Dealt to Mahu2021 [4d 3d]
Imposium: folds 
iPlay4staX: folds 
vovan22-99: folds 
Mahu2021: raises $0.20 to $0.30
KOCETO_1992: folds 
turquia000: folds 
Uncalled bet ($0.20) returned to Mahu2021
Mahu2021 collected $0.25 from pot
Mahu2021: doesn't show hand 
*** SUMMARY ***
Total pot $0.25 | Rake $0 
Seat 1: Mahu2021 (button) collected ($0.25)
Seat 2: KOCETO_1992 (small blind) folded before Flop
Seat 3: turquia000 (big blind) folded before Flop
Seat 4: Imposium folded before Flop (didn't bet)
Seat 5: iPlay4staX folded before Flop (didn't bet)
Seat 6: vovan22-99 folded before Flop (didn't bet)



PokerStars Zoom Hand #253871402136:  Hold'em No Limit ($0.05/$0.10) - 2024/12/15 21:19:41 CET [2024/12/15 15:19:41 ET]
Table 'Aludra' 6-max Seat #1 is the button
Seat 1: Mahu2021 ($8.87 in chips) 
Seat 2: lefo21x ($29.47 in chips) 
Seat 3: JacDs ($19.67 in chips) 
Seat 4: turquia000 ($13.24 in chips) 
Seat 5: Bur1k ($5.86 in chips) 
Seat 6: RenoRosco ($10.39 in chips) 
lefo21x: posts small blind $0.05
JacDs: posts big blind $0.10
*** HOLE CARDS ***
Dealt to Mahu2021 [Qh 6d]
turquia000: raises $0.15 to $0.25
Bur1k: folds 
RenoRosco: folds 
Mahu2021: folds 
lefo21x: folds 
JacDs: calls $0.15
*** FLOP *** [Kc 5s 5d]
JacDs: checks 
turquia000: bets $0.17
JacDs: folds 
Uncalled bet ($0.17) returned to turquia000
turquia000 collected $0.53 from pot
turquia000: doesn't show hand 
*** SUMMARY ***
Total pot $0.55 | Rake $0.02 
Board [Kc 5s 5d]
Seat 1: Mahu2021 (button) folded before Flop (didn't bet)
Seat 2: lefo21x (small blind) folded before Flop
Seat 3: JacDs (big blind) folded on the Flop
Seat 4: turquia000 collected ($0.53)
Seat 5: Bur1k folded before Flop (didn't bet)
Seat 6: RenoRosco folded before Flop (didn't bet)



PokerStars Zoom Hand #253871425693:  Hold'em No Limit ($0.05/$0.10) - 2024/12/15 21:20:44 CET [2024/12/15 15:20:44 ET]
Table 'Aludra' 6-max Seat #1 is the button
Seat 1: wujaszek ($8.20 in chips) 
Seat 2: turquia000 ($10.30 in chips) 
Seat 3: Szymes KrK ($9.19 in chips) 
Seat 4: T.D.L.D.K ($12.47 in chips) 
Seat 5: Bur1k ($5 in chips) 
Seat 6: Mahu2021 ($8.92 in chips) 
turquia000: posts small blind $0.05
Szymes KrK: posts big blind $0.10
*** HOLE CARDS ***
Dealt to Mahu2021 [8h Qs]
T.D.L.D.K: raises $0.15 to $0.25
Bur1k: folds 
Mahu2021: folds 
wujaszek: folds 
turquia000: folds 
Szymes KrK: folds 
Uncalled bet ($0.15) returned to T.D.L.D.K
T.D.L.D.K collected $0.25 from pot
T.D.L.D.K: doesn't show hand 
*** SUMMARY ***
Total pot $0.25 | Rake $0 
Seat 1: wujaszek (button) folded before Flop (didn't bet)
Seat 2: turquia000 (small blind) folded before Flop
Seat 3: Szymes KrK (big blind) folded before Flop
Seat 4: T.D.L.D.K collected ($0.25)
Seat 5: Bur1k folded before Flop (didn't bet)
Seat 6: Mahu2021 folded before Flop (didn't bet)



PokerStars Zoom Hand #253871427054:  Hold'em No Limit ($0.05/$0.10) - 2024/12/15 21:20:48 CET [2024/12/15 15:20:48 ET]
Table 'Aludra' 6-max Seat #1 is the button
Seat 1: hempju1ce ($14.01 in chips) 
Seat 2: F1$H&CH1P$ ($21.07 in chips) 
Seat 3: Mahu2021 ($8.92 in chips) 
Seat 4: Articcathartic ($9.79 in chips) 
Seat 5: michaltoja ($10 in chips) 
Seat 6: nbgd ($7.13 in chips) 
F1$H&CH1P$: posts small blind $0.05
Mahu2021: posts big blind $0.10
*** HOLE CARDS ***
Dealt to Mahu2021 [2d 2c]
Articcathartic: folds 
michaltoja: raises $0.10 to $0.20
nbgd: folds 
hempju1ce: folds 
F1$H&CH1P$: folds 
Mahu2021: calls $0.10
*** FLOP *** [6c 3s Ks]
Mahu2021: checks 
michaltoja: bets $0.12
Mahu2021: calls $0.12
*** TURN *** [6c 3s Ks] [4d]
Mahu2021: checks 
michaltoja: checks 
*** RIVER *** [6c 3s Ks 4d] [7s]
Mahu2021: bets $0.20
michaltoja: folds 
Uncalled bet ($0.20) returned to Mahu2021
Mahu2021 collected $0.66 from pot
Mahu2021: doesn't show hand 
*** SUMMARY ***
Total pot $0.69 | Rake $0.03 
Board [6c 3s Ks 4d 7s]
Seat 1: hempju1ce (button) folded before Flop (didn't bet)
Seat 2: F1$H&CH1P$ (small blind) folded before Flop
Seat 3: Mahu2021 (big blind) collected ($0.66)
Seat 4: Articcathartic folded before Flop (didn't bet)
Seat 5: michaltoja folded on the River
Seat 6: nbgd folded before Flop (didn't bet)



PokerStars Zoom Hand #253871438026:  Hold'em No Limit ($0.05/$0.10) - 2024/12/15 21:21:17 CET [2024/12/15 15:21:17 ET]
Table 'Aludra' 6-max Seat #1 is the button
Seat 1: MVM77788 ($9.90 in chips) 
Seat 2: SLChamp74 ($4.70 in chips) 
Seat 3: mrfreaky1989 ($10 in chips) 
Seat 4: Mahu2021 ($9.26 in chips) 
Seat 5: michaltoja ($12.11 in chips) 
Seat 6: ciceron86 ($10 in chips) 
SLChamp74: posts small blind $0.05
mrfreaky1989: posts big blind $0.10
*** HOLE CARDS ***
Dealt to Mahu2021 [Jc 7s]
Mahu2021: folds 
michaltoja: folds 
ciceron86: folds 
MVM77788: folds 
SLChamp74: folds 
Uncalled bet ($0.05) returned to mrfreaky1989
mrfreaky1989 collected $0.10 from pot
mrfreaky1989: doesn't show hand 
*** SUMMARY ***
Total pot $0.10 | Rake $0 
Seat 1: MVM77788 (button) folded before Flop (didn't bet)
Seat 2: SLChamp74 (small blind) folded before Flop
Seat 3: mrfreaky1989 (big blind) collected ($0.10)
Seat 4: Mahu2021 folded before Flop (didn't bet)
Seat 5: michaltoja folded before Flop (didn't bet)
Seat 6: ciceron86 folded before Flop (didn't bet)



PokerStars Zoom Hand #253871439526:  Hold'em No Limit ($0.05/$0.10) - 2024/12/15 21:21:21 CET [2024/12/15 15:21:21 ET]
Table 'Aludra' 6-max Seat #1 is the button
Seat 1: micdik ($4.27 in chips) 
Seat 2: Mahu2021 ($9.26 in chips) 
Seat 3: turquia000 ($10 in chips) 
Seat 4: 1857Dan ($11.56 in chips) 
Seat 5: alpharfn ($10.42 in chips) 
Seat 6: SyraXmaX ($10 in chips) 
Mahu2021: posts small blind $0.05
turquia000: posts big blind $0.10
*** HOLE CARDS ***
Dealt to Mahu2021 [6h 3h]
1857Dan: folds 
alpharfn: raises $0.20 to $0.30
SyraXmaX: folds 
micdik: calls $0.30
Mahu2021: folds 
turquia000: folds 
*** FLOP *** [Kd 4d 6d]
alpharfn: checks 
micdik: bets $0.36
alpharfn: folds 
Uncalled bet ($0.36) returned to micdik
micdik collected $0.72 from pot
micdik: doesn't show hand 
*** SUMMARY ***
Total pot $0.75 | Rake $0.03 
Board [Kd 4d 6d]
Seat 1: micdik (button) collected ($0.72)
Seat 2: Mahu2021 (small blind) folded before Flop
Seat 3: turquia000 (big blind) folded before Flop
Seat 4: 1857Dan folded before Flop (didn't bet)
Seat 5: alpharfn folded on the Flop
Seat 6: SyraXmaX folded before Flop (didn't bet)



PokerStars Zoom Hand #253871445604:  Hold'em No Limit ($0.05/$0.10) - 2024/12/15 21:21:38 CET [2024/12/15 15:21:38 ET]
Table 'Aludra' 6-max Seat #1 is the button
Seat 1: nbgd ($6.98 in chips) 
Seat 2: rullorh ($10.51 in chips) 
Seat 3: barryedmunds ($9.60 in chips) 
Seat 4: Mahu2021 ($9.21 in chips) 
Seat 5: Emiliqnski ($5.68 in chips) 
Seat 6: Szymes KrK ($7.74 in chips) 
rullorh: posts small blind $0.05
barryedmunds: posts big blind $0.10
*** HOLE CARDS ***
Dealt to Mahu2021 [Tc Qc]
Mahu2021: folds 
Emiliqnski: folds 
Szymes KrK: folds 
nbgd has timed out
nbgd: folds 
rullorh: folds 
Uncalled bet ($0.05) returned to barryedmunds
barryedmunds collected $0.10 from pot
barryedmunds: doesn't show hand 
*** SUMMARY ***
Total pot $0.10 | Rake $0 
Seat 1: nbgd (button) folded before Flop (didn't bet)
Seat 2: rullorh (small blind) folded before Flop
Seat 3: barryedmunds (big blind) collected ($0.10)
Seat 4: Mahu2021 folded before Flop (didn't bet)
Seat 5: Emiliqnski folded before Flop (didn't bet)
Seat 6: Szymes KrK folded before Flop (didn't bet)



PokerStars Zoom Hand #253871442061:  Hold'em No Limit ($0.05/$0.10) - 2024/12/15 21:21:28 CET [2024/12/15 15:21:28 ET]
Table 'Aludra' 6-max Seat #1 is the button
Seat 1: Mahu2021 ($9.21 in chips) 
Seat 2: Articcathartic ($18.62 in chips) 
Seat 3: iagoNTC ($12.79 in chips) 
Seat 4: Bur1k ($5.63 in chips) 
Seat 5: bacardi39 ($2.18 in chips) 
Seat 6: JacDs ($47.39 in chips) 
Articcathartic: posts small blind $0.05
iagoNTC: posts big blind $0.10
*** HOLE CARDS ***
Dealt to Mahu2021 [4s 6d]
Bur1k: folds 
bacardi39: folds 
JacDs: raises $0.15 to $0.25
Mahu2021: folds 
Articcathartic: folds 
iagoNTC: folds 
Uncalled bet ($0.15) returned to JacDs
JacDs collected $0.25 from pot
JacDs: doesn't show hand 
*** SUMMARY ***
Total pot $0.25 | Rake $0 
Seat 1: Mahu2021 (button) folded before Flop (didn't bet)
Seat 2: Articcathartic (small blind) folded before Flop
Seat 3: iagoNTC (big blind) folded before Flop
Seat 4: Bur1k folded before Flop (didn't bet)
Seat 5: bacardi39 folded before Flop (didn't bet)
Seat 6: JacDs collected ($0.25)



PokerStars Zoom Hand #253871444367:  Hold'em No Limit ($0.05/$0.10) - 2024/12/15 21:21:34 CET [2024/12/15 15:21:34 ET]
Table 'Aludra' 6-max Seat #1 is the button
Seat 1: rullorh ($10.33 in chips) 
Seat 2: turquia000 ($10 in chips) 
Seat 3: RenoRosco ($11.28 in chips) 
Seat 4: JonathanIvey ($1.66 in chips) 
Seat 5: Mahu2021 ($9.21 in chips) 
Seat 6: Pilgan ($39.55 in chips) 
turquia000: posts small blind $0.05
RenoRosco: posts big blind $0.10
*** HOLE CARDS ***
Dealt to Mahu2021 [3c 3d]
JonathanIvey: folds 
Mahu2021: folds 
Pilgan: raises $0.20 to $0.30
rullorh: folds 
turquia000: folds 
RenoRosco: folds 
Uncalled bet ($0.20) returned to Pilgan
Pilgan collected $0.25 from pot
Pilgan: doesn't show hand 
*** SUMMARY ***
Total pot $0.25 | Rake $0 
Seat 1: rullorh (button) folded before Flop (didn't bet)
Seat 2: turquia000 (small blind) folded before Flop
Seat 3: RenoRosco (big blind) folded before Flop
Seat 4: JonathanIvey folded before Flop (didn't bet)
Seat 5: Mahu2021 folded before Flop (didn't bet)
Seat 6: Pilgan collected ($0.25)



PokerStars Zoom Hand #253871447709:  Hold'em No Limit ($0.05/$0.10) - 2024/12/15 21:21:43 CET [2024/12/15 15:21:43 ET]
Table 'Aludra' 6-max Seat #1 is the button
Seat 1: Io Beto 2020 ($10.14 in chips) 
Seat 2: iPlay4staX ($11.60 in chips) 
Seat 3: Knorbinho ($6.18 in chips) 
Seat 4: Emiliqnski ($5.68 in chips) 
Seat 5: JonathanIvey ($1.66 in chips) 
Seat 6: Mahu2021 ($9.21 in chips) 
iPlay4staX: posts small blind $0.05
Knorbinho: posts big blind $0.10
*** HOLE CARDS ***
Dealt to Mahu2021 [Js 3h]
Emiliqnski: folds 
JonathanIvey: folds 
Mahu2021: folds 
Io Beto 2020: calls $0.10
iPlay4staX: folds 
Knorbinho: checks 
*** FLOP *** [Kh 4s 5c]
Knorbinho: checks 
Io Beto 2020: checks 
*** TURN *** [Kh 4s 5c] [4h]
Knorbinho: bets $0.12
Io Beto 2020: calls $0.12
*** RIVER *** [Kh 4s 5c 4h] [As]
Knorbinho: bets $0.20
Io Beto 2020: calls $0.20
*** SHOW DOWN ***
Knorbinho: shows [4d 8s] (three of a kind, Fours)
Io Beto 2020: mucks hand 
Knorbinho collected $0.84 from pot
*** SUMMARY ***
Total pot $0.89 | Rake $0.05 
Board [Kh 4s 5c 4h As]
Seat 1: Io Beto 2020 (button) mucked [Ks Qd]
Seat 2: iPlay4staX (small blind) folded before Flop
Seat 3: Knorbinho (big blind) showed [4d 8s] and won ($0.84) with three of a kind, Fours
Seat 4: Emiliqnski folded before Flop (didn't bet)
Seat 5: JonathanIvey folded before Flop (didn't bet)
Seat 6: Mahu2021 folded before Flop (didn't bet)



PokerStars Zoom Hand #253871449213:  Hold'em No Limit ($0.05/$0.10) - 2024/12/15 21:21:47 CET [2024/12/15 15:21:47 ET]
Table 'Aludra' 6-max Seat #1 is the button
Seat 1: 00O-2Z ($10.88 in chips) 
Seat 2: hong0627 ($14.78 in chips) 
Seat 3: Mahu2021 ($9.21 in chips) 
Seat 4: osakei1024 ($5.21 in chips) 
Seat 5: Vicktorio ($10.05 in chips) 
Seat 6: saiiizika ($10.64 in chips) 
hong0627: posts small blind $0.05
Mahu2021: posts big blind $0.10
*** HOLE CARDS ***
Dealt to Mahu2021 [3d Ad]
osakei1024: folds 
Vicktorio has timed out while disconnected
Vicktorio: folds 
saiiizika: folds 
00O-2Z: raises $0.10 to $0.20
hong0627: folds 
Mahu2021: calls $0.10
*** FLOP *** [6s 2s 8c]
Mahu2021: checks 
00O-2Z: checks 
*** TURN *** [6s 2s 8c] [2d]
Mahu2021: checks 
00O-2Z: checks 
*** RIVER *** [6s 2s 8c 2d] [6d]
Mahu2021: bets $0.20
00O-2Z: calls $0.20
*** SHOW DOWN ***
Mahu2021: shows [3d Ad] (two pair, Sixes and Deuces)
00O-2Z: shows [As 5d] (two pair, Sixes and Deuces)
Mahu2021 collected $0.41 from pot
00O-2Z collected $0.40 from pot
*** SUMMARY ***
Total pot $0.85 | Rake $0.04 
Board [6s 2s 8c 2d 6d]
Seat 1: 00O-2Z (button) showed [As 5d] and won ($0.40) with two pair, Sixes and Deuces
Seat 2: hong0627 (small blind) folded before Flop
Seat 3: Mahu2021 (big blind) showed [3d Ad] and won ($0.41) with two pair, Sixes and Deuces
Seat 4: osakei1024 folded before Flop (didn't bet)
Seat 5: Vicktorio folded before Flop (didn't bet)
Seat 6: saiiizika folded before Flop (didn't bet)



PokerStars Zoom Hand #253871464471:  Hold'em No Limit ($0.05/$0.10) - 2024/12/15 21:22:29 CET [2024/12/15 15:22:29 ET]
Table 'Aludra' 6-max Seat #1 is the button
Seat 1: Rey Fujimoto ($11.99 in chips) 
Seat 2: 00O-2Z ($10.88 in chips) 
Seat 3: nbgd ($6.98 in chips) 
Seat 4: Mahu2021 ($9.22 in chips) 
Seat 5: osakei1024 ($10.51 in chips) 
Seat 6: Epaonni ($24.30 in chips) 
00O-2Z: posts small blind $0.05
nbgd: posts big blind $0.10
*** HOLE CARDS ***
Dealt to Mahu2021 [4s 8s]
Mahu2021: folds 
osakei1024: folds 
Epaonni: folds 
Rey Fujimoto: folds 
00O-2Z: raises $0.10 to $0.20
nbgd: folds 
Uncalled bet ($0.10) returned to 00O-2Z
00O-2Z collected $0.20 from pot
00O-2Z: doesn't show hand 
*** SUMMARY ***
Total pot $0.20 | Rake $0 
Seat 1: Rey Fujimoto (button) folded before Flop (didn't bet)
Seat 2: 00O-2Z (small blind) collected ($0.20)
Seat 3: nbgd (big blind) folded before Flop
Seat 4: Mahu2021 folded before Flop (didn't bet)
Seat 5: osakei1024 folded before Flop (didn't bet)
Seat 6: Epaonni folded before Flop (didn't bet)



PokerStars Zoom Hand #253871466705:  Hold'em No Limit ($0.05/$0.10) - 2024/12/15 21:22:35 CET [2024/12/15 15:22:35 ET]
Table 'Aludra' 6-max Seat #1 is the button
Seat 1: osakei1024 ($5.03 in chips) 
Seat 2: Mahu2021 ($9.22 in chips) 
Seat 3: barryedmunds ($10 in chips) 
Seat 4: drchilled ($13.58 in chips) 
Seat 5: micdik ($7.31 in chips) 
Seat 6: s1_KIDO ($13.82 in chips) 
Mahu2021: posts small blind $0.05
barryedmunds: posts big blind $0.10
*** HOLE CARDS ***
Dealt to Mahu2021 [6h Kc]
drchilled: folds 
micdik: folds 
s1_KIDO: folds 
osakei1024: folds 
Mahu2021: folds 
Uncalled bet ($0.05) returned to barryedmunds
barryedmunds collected $0.10 from pot
barryedmunds: doesn't show hand 
*** SUMMARY ***
Total pot $0.10 | Rake $0 
Seat 1: osakei1024 (button) folded before Flop (didn't bet)
Seat 2: Mahu2021 (small blind) folded before Flop
Seat 3: barryedmunds (big blind) collected ($0.10)
Seat 4: drchilled folded before Flop (didn't bet)
Seat 5: micdik folded before Flop (didn't bet)
Seat 6: s1_KIDO folded before Flop (didn't bet)



PokerStars Zoom Hand #253871469110:  Hold'em No Limit ($0.05/$0.10) - 2024/12/15 21:22:41 CET [2024/12/15 15:22:41 ET]
Table 'Aludra' 6-max Seat #1 is the button
Seat 1: wujaszek ($8.67 in chips) 
Seat 2: grant8064 ($10 in chips) 
Seat 3: Jhanr ($14.22 in chips) 
Seat 4: ciceron86 ($13.84 in chips) 
Seat 5: michaltoja ($11.72 in chips) 
Seat 6: Mahu2021 ($9.17 in chips) 
grant8064: posts small blind $0.05
Jhanr: posts big blind $0.10
*** HOLE CARDS ***
Dealt to Mahu2021 [Kh Kd]
ciceron86: folds 
michaltoja: folds 
Mahu2021: raises $0.20 to $0.30
wujaszek: folds 
grant8064: calls $0.25
Jhanr: raises $0.90 to $1.20
Mahu2021: raises $7.97 to $9.17 and is all-in
grant8064: folds 
Jhanr: folds 
Uncalled bet ($7.97) returned to Mahu2021
Mahu2021 collected $2.70 from pot
Mahu2021: doesn't show hand 
*** SUMMARY ***
Total pot $2.70 | Rake $0 
Seat 1: wujaszek (button) folded before Flop (didn't bet)
Seat 2: grant8064 (small blind) folded before Flop
Seat 3: Jhanr (big blind) folded before Flop
Seat 4: ciceron86 folded before Flop (didn't bet)
Seat 5: michaltoja folded before Flop (didn't bet)
Seat 6: Mahu2021 collected ($2.70)



PokerStars Zoom Hand #253871467846:  Hold'em No Limit ($0.05/$0.10) - 2024/12/15 21:22:38 CET [2024/12/15 15:22:38 ET]
Table 'Aludra' 6-max Seat #1 is the button
Seat 1: Mahu2021 ($9.17 in chips) 
Seat 2: mAAverick33 ($26.40 in chips) 
Seat 3: SyraXmaX ($15.58 in chips) 
Seat 4: DonkeyKong1960 ($10.94 in chips) 
Seat 5: wujaszek ($8.67 in chips) 
Seat 6: Dbentleyy ($18.79 in chips) 
mAAverick33: posts small blind $0.05
SyraXmaX: posts big blind $0.10
*** HOLE CARDS ***
Dealt to Mahu2021 [Jc 4s]
DonkeyKong1960: folds 
wujaszek: folds 
Dbentleyy: raises $0.12 to $0.22
Mahu2021: folds 
mAAverick33: calls $0.17
SyraXmaX: calls $0.12
*** FLOP *** [Kh 6c 6h]
mAAverick33: checks 
SyraXmaX: checks 
Dbentleyy: checks 
*** TURN *** [Kh 6c 6h] [9h]
mAAverick33: checks 
SyraXmaX: checks 
Dbentleyy: bets $0.21
mAAverick33: folds 
SyraXmaX: folds 
Uncalled bet ($0.21) returned to Dbentleyy
Dbentleyy collected $0.63 from pot
Dbentleyy: doesn't show hand 
*** SUMMARY ***
Total pot $0.66 | Rake $0.03 
Board [Kh 6c 6h 9h]
Seat 1: Mahu2021 (button) folded before Flop (didn't bet)
Seat 2: mAAverick33 (small blind) folded on the Turn
Seat 3: SyraXmaX (big blind) folded on the Turn
Seat 4: DonkeyKong1960 folded before Flop (didn't bet)
Seat 5: wujaszek folded before Flop (didn't bet)
Seat 6: Dbentleyy collected ($0.63)



PokerStars Zoom Hand #253871480480:  Hold'em No Limit ($0.05/$0.10) - 2024/12/15 21:23:12 CET [2024/12/15 15:23:12 ET]
Table 'Aludra' 6-max Seat #1 is the button
Seat 1: dundee is blue ($5.08 in chips) 
Seat 2: Mahu2021 ($10.67 in chips) 
Seat 3: s1_KIDO ($13.92 in chips) 
Seat 4: mrfreaky1989 ($10.45 in chips) 
Seat 5: som1990 ($10 in chips) 
Seat 6: SyraXmaX ($10.35 in chips) 
Mahu2021: posts small blind $0.05
s1_KIDO: posts big blind $0.10
*** HOLE CARDS ***
Dealt to Mahu2021 [Ac Kc]
mrfreaky1989: folds 
som1990: folds 
SyraXmaX: folds 
dundee is blue: folds 
Mahu2021: raises $0.20 to $0.30
s1_KIDO: folds 
Uncalled bet ($0.20) returned to Mahu2021
Mahu2021 collected $0.20 from pot
Mahu2021: doesn't show hand 
*** SUMMARY ***
Total pot $0.20 | Rake $0 
Seat 1: dundee is blue (button) folded before Flop (didn't bet)
Seat 2: Mahu2021 (small blind) collected ($0.20)
Seat 3: s1_KIDO (big blind) folded before Flop
Seat 4: mrfreaky1989 folded before Flop (didn't bet)
Seat 5: som1990 folded before Flop (didn't bet)
Seat 6: SyraXmaX folded before Flop (didn't bet)



PokerStars Zoom Hand #253871484425:  Hold'em No Limit ($0.05/$0.10) - 2024/12/15 21:23:23 CET [2024/12/15 15:23:23 ET]
Table 'Aludra' 6-max Seat #1 is the button
Seat 1: 00O-2Z ($10.08 in chips) 
Seat 2: dundee is blue ($5.08 in chips) 
Seat 3: som1990 ($10 in chips) 
Seat 4: SyraXmaX ($10.02 in chips) 
Seat 5: Mahu2021 ($10.77 in chips) 
Seat 6: jj2213 ($8.16 in chips) 
dundee is blue: posts small blind $0.05
som1990: posts big blind $0.10
*** HOLE CARDS ***
Dealt to Mahu2021 [7d 5h]
SyraXmaX: folds 
Mahu2021: folds 
jj2213: folds 
00O-2Z: folds 
dundee is blue: folds 
Uncalled bet ($0.05) returned to som1990
som1990 collected $0.10 from pot
som1990: doesn't show hand 
*** SUMMARY ***
Total pot $0.10 | Rake $0 
Seat 1: 00O-2Z (button) folded before Flop (didn't bet)
Seat 2: dundee is blue (small blind) folded before Flop
Seat 3: som1990 (big blind) collected ($0.10)
Seat 4: SyraXmaX folded before Flop (didn't bet)
Seat 5: Mahu2021 folded before Flop (didn't bet)
Seat 6: jj2213 folded before Flop (didn't bet)



PokerStars Zoom Hand #253871485886:  Hold'em No Limit ($0.05/$0.10) - 2024/12/15 21:23:27 CET [2024/12/15 15:23:27 ET]
Table 'Aludra' 6-max Seat #1 is the button
Seat 1: SyraXmaX ($10.02 in chips) 
Seat 2: turquia000 ($10 in chips) 
Seat 3: Mahu2021 ($10.77 in chips) 
Seat 4: Bruno CP796 ($5.77 in chips) 
Seat 5: F1$H&CH1P$ ($21.60 in chips) 
Seat 6: iagoNTC ($10.03 in chips) 
turquia000: posts small blind $0.05
Mahu2021: posts big blind $0.10
*** HOLE CARDS ***
Dealt to Mahu2021 [Js 2d]
Bruno CP796: raises $0.27 to $0.37
F1$H&CH1P$: folds 
iagoNTC: folds 
SyraXmaX: folds 
turquia000: folds 
Mahu2021: folds 
Uncalled bet ($0.27) returned to Bruno CP796
Bruno CP796 collected $0.25 from pot
Bruno CP796: doesn't show hand 
*** SUMMARY ***
Total pot $0.25 | Rake $0 
Seat 1: SyraXmaX (button) folded before Flop (didn't bet)
Seat 2: turquia000 (small blind) folded before Flop
Seat 3: Mahu2021 (big blind) folded before Flop
Seat 4: Bruno CP796 collected ($0.25)
Seat 5: F1$H&CH1P$ folded before Flop (didn't bet)
Seat 6: iagoNTC folded before Flop (didn't bet)



PokerStars Zoom Hand #253871489122:  Hold'em No Limit ($0.05/$0.10) - 2024/12/15 21:23:36 CET [2024/12/15 15:23:36 ET]
Table 'Aludra' 6-max Seat #1 is the button
Seat 1: Rey Fujimoto ($11.74 in chips) 
Seat 2: iagoNTC ($10.03 in chips) 
Seat 3: mrfreaky1989 ($10.60 in chips) 
Seat 4: Jhanr ($10.63 in chips) 
Seat 5: rullorh ($20.24 in chips) 
Seat 6: Mahu2021 ($10.67 in chips) 
iagoNTC: posts small blind $0.05
mrfreaky1989: posts big blind $0.10
*** HOLE CARDS ***
Dealt to Mahu2021 [2c 7s]
Jhanr: folds 
rullorh: folds 
Mahu2021: folds 
Rey Fujimoto: raises $0.15 to $0.25
iagoNTC: folds 
mrfreaky1989: folds 
Uncalled bet ($0.15) returned to Rey Fujimoto
Rey Fujimoto collected $0.25 from pot
Rey Fujimoto: doesn't show hand 
*** SUMMARY ***
Total pot $0.25 | Rake $0 
Seat 1: Rey Fujimoto (button) collected ($0.25)
Seat 2: iagoNTC (small blind) folded before Flop
Seat 3: mrfreaky1989 (big blind) folded before Flop
Seat 4: Jhanr folded before Flop (didn't bet)
Seat 5: rullorh folded before Flop (didn't bet)
Seat 6: Mahu2021 folded before Flop (didn't bet)



PokerStars Zoom Hand #253871492094:  Hold'em No Limit ($0.05/$0.10) - 2024/12/15 21:23:44 CET [2024/12/15 15:23:44 ET]
Table 'Aludra' 6-max Seat #1 is the button
Seat 1: 1857Dan ($11.19 in chips) 
Seat 2: mrfreaky1989 ($10 in chips) 
Seat 3: Gal4krond ($13.33 in chips) 
Seat 4: Mahu2021 ($10.67 in chips) 
Seat 5: Bodil2020 ($12.09 in chips) 
Seat 6: Articcathartic ($18.58 in chips) 
mrfreaky1989: posts small blind $0.05
Gal4krond: posts big blind $0.10
*** HOLE CARDS ***
Dealt to Mahu2021 [Ks 4h]
Mahu2021: folds 
Bodil2020: folds 
Articcathartic: folds 
1857Dan: folds 
mrfreaky1989: folds 
Uncalled bet ($0.05) returned to Gal4krond
Gal4krond collected $0.10 from pot
Gal4krond: doesn't show hand 
*** SUMMARY ***
Total pot $0.10 | Rake $0 
Seat 1: 1857Dan (button) folded before Flop (didn't bet)
Seat 2: mrfreaky1989 (small blind) folded before Flop
Seat 3: Gal4krond (big blind) collected ($0.10)
Seat 4: Mahu2021 folded before Flop (didn't bet)
Seat 5: Bodil2020 folded before Flop (didn't bet)
Seat 6: Articcathartic folded before Flop (didn't bet)



PokerStars Zoom Hand #253871493640:  Hold'em No Limit ($0.05/$0.10) - 2024/12/15 21:23:48 CET [2024/12/15 15:23:48 ET]
Table 'Aludra' 6-max Seat #1 is the button
Seat 1: Mahu2021 ($10.67 in chips) 
Seat 2: RedTerror161 ($10.91 in chips) 
Seat 3: Joypill ($33.01 in chips) 
Seat 4: DonkeyKong1960 ($10.02 in chips) 
Seat 5: Rey Fujimoto ($11.89 in chips) 
Seat 6: Lokixlife ($10 in chips) 
RedTerror161: posts small blind $0.05
Joypill: posts big blind $0.10
*** HOLE CARDS ***
Dealt to Mahu2021 [Jc Kd]
DonkeyKong1960: folds 
Rey Fujimoto: folds 
Lokixlife: folds 
Mahu2021: raises $0.20 to $0.30
RedTerror161: folds 
Joypill: calls $0.20
*** FLOP *** [Ad Js Ks]
Joypill: checks 
Mahu2021: bets $0.62
Joypill: folds 
Uncalled bet ($0.62) returned to Mahu2021
Mahu2021 collected $0.62 from pot
Mahu2021: doesn't show hand 
*** SUMMARY ***
Total pot $0.65 | Rake $0.03 
Board [Ad Js Ks]
Seat 1: Mahu2021 (button) collected ($0.62)
Seat 2: RedTerror161 (small blind) folded before Flop
Seat 3: Joypill (big blind) folded on the Flop
Seat 4: DonkeyKong1960 folded before Flop (didn't bet)
Seat 5: Rey Fujimoto folded before Flop (didn't bet)
Seat 6: Lokixlife folded before Flop (didn't bet)



PokerStars Zoom Hand #253871490928:  Hold'em No Limit ($0.05/$0.10) - 2024/12/15 21:23:41 CET [2024/12/15 15:23:41 ET]
Table 'Aludra' 6-max Seat #1 is the button
Seat 1: rullorh ($20.24 in chips) 
Seat 2: usernl ($15.03 in chips) 
Seat 3: iagoNTC ($10 in chips) 
Seat 4: Contr@Reloj ($10 in chips) 
Seat 5: Mahu2021 ($10.67 in chips) 
Seat 6: Kadyr66 ($6.16 in chips) 
usernl: posts small blind $0.05
iagoNTC: posts big blind $0.10
*** HOLE CARDS ***
Dealt to Mahu2021 [6h Tc]
Contr@Reloj: raises $0.15 to $0.25
Mahu2021: folds 
Kadyr66: folds 
rullorh: raises $0.65 to $0.90
usernl: folds 
iagoNTC: folds 
Contr@Reloj: folds 
Uncalled bet ($0.65) returned to rullorh
rullorh collected $0.65 from pot
rullorh: doesn't show hand 
*** SUMMARY ***
Total pot $0.65 | Rake $0 
Seat 1: rullorh (button) collected ($0.65)
Seat 2: usernl (small blind) folded before Flop
Seat 3: iagoNTC (big blind) folded before Flop
Seat 4: Contr@Reloj folded before Flop
Seat 5: Mahu2021 folded before Flop (didn't bet)
Seat 6: Kadyr66 folded before Flop (didn't bet)



PokerStars Zoom Hand #253871504111:  Hold'em No Limit ($0.05/$0.10) - 2024/12/15 21:24:17 CET [2024/12/15 15:24:17 ET]
Table 'Aludra' 6-max Seat #1 is the button
Seat 1: Lokixlife ($10 in chips) 
Seat 2: SyraXmaX ($10.07 in chips) 
Seat 3: Mahu2021 ($10.99 in chips) 
Seat 4: Dbentleyy ($19.08 in chips) 
Seat 5: Articcathartic ($18.48 in chips) 
Seat 6: gpenggpenggpeng ($9.68 in chips) 
SyraXmaX: posts small blind $0.05
Mahu2021: posts big blind $0.10
*** HOLE CARDS ***
Dealt to Mahu2021 [7s 5s]
Dbentleyy: folds 
Articcathartic: folds 
gpenggpenggpeng: folds 
Lokixlife: folds 
SyraXmaX: folds 
Uncalled bet ($0.05) returned to Mahu2021
Mahu2021 collected $0.10 from pot
Mahu2021: doesn't show hand 
*** SUMMARY ***
Total pot $0.10 | Rake $0 
Seat 1: Lokixlife (button) folded before Flop (didn't bet)
Seat 2: SyraXmaX (small blind) folded before Flop
Seat 3: Mahu2021 (big blind) collected ($0.10)
Seat 4: Dbentleyy folded before Flop (didn't bet)
Seat 5: Articcathartic folded before Flop (didn't bet)
Seat 6: gpenggpenggpeng folded before Flop (didn't bet)



PokerStars Zoom Hand #253871501975:  Hold'em No Limit ($0.05/$0.10) - 2024/12/15 21:24:11 CET [2024/12/15 15:24:11 ET]
Table 'Aludra' 6-max Seat #1 is the button
Seat 1: bacardi39 ($1.42 in chips) 
Seat 2: ciceron86 ($14.24 in chips) 
Seat 3: MehdiFresh ($8.63 in chips) 
Seat 4: hempju1ce ($10.58 in chips) 
Seat 5: Mahu2021 ($10.99 in chips) 
Seat 6: hong0627 ($14.77 in chips) 
ciceron86: posts small blind $0.05
MehdiFresh: posts big blind $0.10
*** HOLE CARDS ***
Dealt to Mahu2021 [6s 7c]
hempju1ce: folds 
Mahu2021: folds 
hong0627: folds 
bacardi39: calls $0.10
ciceron86: raises $0.35 to $0.45
MehdiFresh: folds 
bacardi39: calls $0.35
*** FLOP *** [7s Qh Jc]
ciceron86: bets $0.24
bacardi39: raises $0.73 to $0.97 and is all-in
ciceron86: folds 
Uncalled bet ($0.73) returned to bacardi39
bacardi39 collected $1.39 from pot
bacardi39: doesn't show hand 
*** SUMMARY ***
Total pot $1.48 | Rake $0.09 
Board [7s Qh Jc]
Seat 1: bacardi39 (button) collected ($1.39)
Seat 2: ciceron86 (small blind) folded on the Flop
Seat 3: MehdiFresh (big blind) folded before Flop
Seat 4: hempju1ce folded before Flop (didn't bet)
Seat 5: Mahu2021 folded before Flop (didn't bet)
Seat 6: hong0627 folded before Flop (didn't bet)



PokerStars Zoom Hand #253871508761:  Hold'em No Limit ($0.05/$0.10) - 2024/12/15 21:24:30 CET [2024/12/15 15:24:30 ET]
Table 'Aludra' 6-max Seat #1 is the button
Seat 1: rullorh ($10.84 in chips) 
Seat 2: Mahu2021 ($11.04 in chips) 
Seat 3: Dbentleyy ($10 in chips) 
Seat 4: Jhanr ($10.48 in chips) 
Seat 5: DonkeyKong1960 ($10.05 in chips) 
Seat 6: Articcathartic ($10.28 in chips) 
Mahu2021: posts small blind $0.05
Dbentleyy: posts big blind $0.10
*** HOLE CARDS ***
Dealt to Mahu2021 [Jd Js]
Jhanr: folds 
DonkeyKong1960: folds 
Articcathartic: raises $0.15 to $0.25
rullorh: folds 
Mahu2021: raises $10.79 to $11.04 and is all-in
Dbentleyy: folds 
Articcathartic: folds 
Uncalled bet ($10.79) returned to Mahu2021
Mahu2021 collected $0.60 from pot
Mahu2021: doesn't show hand 
*** SUMMARY ***
Total pot $0.60 | Rake $0 
Seat 1: rullorh (button) folded before Flop (didn't bet)
Seat 2: Mahu2021 (small blind) collected ($0.60)
Seat 3: Dbentleyy (big blind) folded before Flop
Seat 4: Jhanr folded before Flop (didn't bet)
Seat 5: DonkeyKong1960 folded before Flop (didn't bet)
Seat 6: Articcathartic folded before Flop



