PokerStars Hand #244768599306: Tournament #3615955113, $0.92+$0.08 USD Hold'em No Limit - Level I (10/20) - 2023/07/12 13:26:31 CET [2023/07/12 7:26:31 ET]
Table '3615955113 1' 3-max Seat #1 is the button
Seat 1: kuringavds (500 in chips) 
Seat 2: Rocks5e (500 in chips) 
Seat 3: Mahu2021 (500 in chips) 
Rocks5e: posts small blind 10
Mahu2021: posts big blind 20
*** HOLE CARDS ***
Dealt to Mahu2021 [Qs Kc]
kuringavds: folds 
Rocks5e: calls 10
Mahu2021: raises 40 to 60
Rocks5e: calls 40
*** FLOP *** [4c Jh 5d]
Rocks5e: checks 
Mahu2021: checks 
*** TURN *** [4c Jh 5d] [6d]
Rocks5e: bets 60
Mahu2021: folds 
Uncalled bet (60) returned to Rocks5e
Rocks5e collected 120 from pot
Rocks5e: doesn't show hand 
*** SUMMARY ***
Total pot 120 | Rake 0 
Board [4c Jh 5d 6d]
Seat 1: kuringavds (button) folded before Flop (didn't bet)
Seat 2: Rocks5e (small blind) collected (120)
Seat 3: Mahu2021 (big blind) folded on the Turn



PokerStars Hand #244768602924: Tournament #3615955113, $0.92+$0.08 USD Hold'em No Limit - Level I (10/20) - 2023/07/12 13:26:54 CET [2023/07/12 7:26:54 ET]
Table '3615955113 1' 3-max Seat #2 is the button
Seat 1: kuringavds (500 in chips) 
Seat 2: Rocks5e (560 in chips) 
Seat 3: Mahu2021 (440 in chips) 
Mahu2021: posts small blind 10
kuringavds: posts big blind 20
*** HOLE CARDS ***
Dealt to Mahu2021 [3s Ts]
Rocks5e: calls 20
Mahu2021: calls 10
kuringavds: raises 40 to 60
Rocks5e: calls 40
Mahu2021: folds 
*** FLOP *** [Ah Ad 2h]
kuringavds: checks 
Rocks5e: checks 
*** TURN *** [Ah Ad 2h] [8d]
kuringavds: checks 
Rocks5e: checks 
*** RIVER *** [Ah Ad 2h 8d] [5d]
kuringavds: checks 
Rocks5e: checks 
*** SHOW DOWN ***
kuringavds: shows [Jd Qh] (a pair of Aces)
Rocks5e: shows [6d 5c] (two pair, Aces and Fives)
Rocks5e collected 140 from pot
*** SUMMARY ***
Total pot 140 | Rake 0 
Board [Ah Ad 2h 8d 5d]
Seat 1: kuringavds (big blind) showed [Jd Qh] and lost with a pair of Aces
Seat 2: Rocks5e (button) showed [6d 5c] and won (140) with two pair, Aces and Fives
Seat 3: Mahu2021 (small blind) folded before Flop



PokerStars Hand #244768607466: Tournament #3615955113, $0.92+$0.08 USD Hold'em No Limit - Level I (10/20) - 2023/07/12 13:27:22 CET [2023/07/12 7:27:22 ET]
Table '3615955113 1' 3-max Seat #3 is the button
Seat 1: kuringavds (440 in chips) 
Seat 2: Rocks5e (640 in chips) 
Seat 3: Mahu2021 (420 in chips) 
kuringavds: posts small blind 10
Rocks5e: posts big blind 20
*** HOLE CARDS ***
Dealt to Mahu2021 [Kd 8s]
Mahu2021: calls 20
kuringavds: calls 10
Rocks5e: checks 
*** FLOP *** [6h Qd Jh]
kuringavds: bets 60
Rocks5e: folds 
Mahu2021: folds 
Uncalled bet (60) returned to kuringavds
kuringavds collected 60 from pot
*** SUMMARY ***
Total pot 60 | Rake 0 
Board [6h Qd Jh]
Seat 1: kuringavds (small blind) collected (60)
Seat 2: Rocks5e (big blind) folded on the Flop
Seat 3: Mahu2021 (button) folded on the Flop



PokerStars Hand #244768610815: Tournament #3615955113, $0.92+$0.08 USD Hold'em No Limit - Level I (10/20) - 2023/07/12 13:27:43 CET [2023/07/12 7:27:43 ET]
Table '3615955113 1' 3-max Seat #1 is the button
Seat 1: kuringavds (480 in chips) 
Seat 2: Rocks5e (620 in chips) 
Seat 3: Mahu2021 (400 in chips) 
Rocks5e: posts small blind 10
Mahu2021: posts big blind 20
*** HOLE CARDS ***
Dealt to Mahu2021 [2s Jh]
kuringavds: raises 60 to 80
Rocks5e: folds 
Mahu2021: folds 
Uncalled bet (60) returned to kuringavds
kuringavds collected 50 from pot
*** SUMMARY ***
Total pot 50 | Rake 0 
Seat 1: kuringavds (button) collected (50)
Seat 2: Rocks5e (small blind) folded before Flop
Seat 3: Mahu2021 (big blind) folded before Flop



PokerStars Hand #244768612541: Tournament #3615955113, $0.92+$0.08 USD Hold'em No Limit - Level I (10/20) - 2023/07/12 13:27:53 CET [2023/07/12 7:27:53 ET]
Table '3615955113 1' 3-max Seat #2 is the button
Seat 1: kuringavds (510 in chips) 
Seat 2: Rocks5e (610 in chips) 
Seat 3: Mahu2021 (380 in chips) 
Mahu2021: posts small blind 10
kuringavds: posts big blind 20
*** HOLE CARDS ***
Dealt to Mahu2021 [3s 5d]
Rocks5e: calls 20
Mahu2021: folds 
kuringavds: checks 
*** FLOP *** [Kd 5s 8c]
kuringavds: bets 490 and is all-in
Rocks5e: folds 
Uncalled bet (490) returned to kuringavds
kuringavds collected 50 from pot
*** SUMMARY ***
Total pot 50 | Rake 0 
Board [Kd 5s 8c]
Seat 1: kuringavds (big blind) collected (50)
Seat 2: Rocks5e (button) folded on the Flop
Seat 3: Mahu2021 (small blind) folded before Flop



PokerStars Hand #244768615848: Tournament #3615955113, $0.92+$0.08 USD Hold'em No Limit - Level I (10/20) - 2023/07/12 13:28:13 CET [2023/07/12 7:28:13 ET]
Table '3615955113 1' 3-max Seat #3 is the button
Seat 1: kuringavds (540 in chips) 
Seat 2: Rocks5e (590 in chips) 
Seat 3: Mahu2021 (370 in chips) 
kuringavds: posts small blind 10
Rocks5e: posts big blind 20
*** HOLE CARDS ***
Dealt to Mahu2021 [Kd As]
Mahu2021: raises 40 to 60
kuringavds: calls 50
Rocks5e: calls 40
*** FLOP *** [6s 2d Jc]
kuringavds: checks 
Rocks5e: checks 
Mahu2021: checks 
*** TURN *** [6s 2d Jc] [Ac]
kuringavds: checks 
Rocks5e: checks 
Mahu2021: bets 180
kuringavds: folds 
Rocks5e: folds 
Uncalled bet (180) returned to Mahu2021
Mahu2021 collected 180 from pot
Mahu2021: doesn't show hand 
*** SUMMARY ***
Total pot 180 | Rake 0 
Board [6s 2d Jc Ac]
Seat 1: kuringavds (small blind) folded on the Turn
Seat 2: Rocks5e (big blind) folded on the Turn
Seat 3: Mahu2021 (button) collected (180)



PokerStars Hand #244768622061: Tournament #3615955113, $0.92+$0.08 USD Hold'em No Limit - Level II (15/30) - 2023/07/12 13:28:51 CET [2023/07/12 7:28:51 ET]
Table '3615955113 1' 3-max Seat #1 is the button
Seat 1: kuringavds (480 in chips) 
Seat 2: Rocks5e (530 in chips) 
Seat 3: Mahu2021 (490 in chips) 
Rocks5e: posts small blind 15
Mahu2021: posts big blind 30
*** HOLE CARDS ***
Dealt to Mahu2021 [Th 3c]
kuringavds: folds 
Rocks5e: folds 
Uncalled bet (15) returned to Mahu2021
Mahu2021 collected 30 from pot
Mahu2021: doesn't show hand 
*** SUMMARY ***
Total pot 30 | Rake 0 
Seat 1: kuringavds (button) folded before Flop (didn't bet)
Seat 2: Rocks5e (small blind) folded before Flop
Seat 3: Mahu2021 (big blind) collected (30)



PokerStars Hand #244768623262: Tournament #3615955113, $0.92+$0.08 USD Hold'em No Limit - Level II (15/30) - 2023/07/12 13:28:58 CET [2023/07/12 7:28:58 ET]
Table '3615955113 1' 3-max Seat #2 is the button
Seat 1: kuringavds (480 in chips) 
Seat 2: Rocks5e (515 in chips) 
Seat 3: Mahu2021 (505 in chips) 
Mahu2021: posts small blind 15
kuringavds: posts big blind 30
*** HOLE CARDS ***
Dealt to Mahu2021 [5d 7h]
Rocks5e: raises 30 to 60
Mahu2021: folds 
kuringavds: raises 30 to 90
Rocks5e: calls 30
*** FLOP *** [9s 6h 4s]
kuringavds: bets 390 and is all-in
Rocks5e: calls 390
*** TURN *** [9s 6h 4s] [3c]
*** RIVER *** [9s 6h 4s 3c] [5c]
*** SHOW DOWN ***
kuringavds: shows [7c 8s] (a straight, Five to Nine)
Rocks5e: shows [Tc Qc] (high card Queen)
kuringavds collected 975 from pot
*** SUMMARY ***
Total pot 975 | Rake 0 
Board [9s 6h 4s 3c 5c]
Seat 1: kuringavds (big blind) showed [7c 8s] and won (975) with a straight, Five to Nine
Seat 2: Rocks5e (button) showed [Tc Qc] and lost with high card Queen
Seat 3: Mahu2021 (small blind) folded before Flop



PokerStars Hand #244768628017: Tournament #3615955113, $0.92+$0.08 USD Hold'em No Limit - Level II (15/30) - 2023/07/12 13:29:27 CET [2023/07/12 7:29:27 ET]
Table '3615955113 1' 3-max Seat #3 is the button
Seat 1: kuringavds (975 in chips) 
Seat 2: Rocks5e (35 in chips) 
Seat 3: Mahu2021 (490 in chips) 
kuringavds: posts small blind 15
Rocks5e: posts big blind 30
*** HOLE CARDS ***
Dealt to Mahu2021 [6h Jh]
Mahu2021: calls 30
kuringavds: folds 
Rocks5e: checks 
*** FLOP *** [7h 9d Jc]
Rocks5e: bets 5 and is all-in
Mahu2021: calls 5
*** TURN *** [7h 9d Jc] [4d]
*** RIVER *** [7h 9d Jc 4d] [5c]
*** SHOW DOWN ***
Rocks5e: shows [9s 2c] (a pair of Nines)
Mahu2021: shows [6h Jh] (a pair of Jacks)
Mahu2021 collected 85 from pot
Rocks5e finished the tournament in 3rd place
*** SUMMARY ***
Total pot 85 | Rake 0 
Board [7h 9d Jc 4d 5c]
Seat 1: kuringavds (small blind) folded before Flop
Seat 2: Rocks5e (big blind) showed [9s 2c] and lost with a pair of Nines
Seat 3: Mahu2021 (button) showed [6h Jh] and won (85) with a pair of Jacks



PokerStars Hand #244768633779: Tournament #3615955113, $0.92+$0.08 USD Hold'em No Limit - Level II (15/30) - 2023/07/12 13:30:02 CET [2023/07/12 7:30:02 ET]
Table '3615955113 1' 3-max Seat #1 is the button
Seat 1: kuringavds (960 in chips) 
Seat 3: Mahu2021 (540 in chips) 
kuringavds: posts small blind 15
Mahu2021: posts big blind 30
*** HOLE CARDS ***
Dealt to Mahu2021 [Tc 2s]
kuringavds: calls 15
Mahu2021: checks 
*** FLOP *** [8s Qh Td]
Mahu2021: bets 30
kuringavds: folds 
Uncalled bet (30) returned to Mahu2021
Mahu2021 collected 60 from pot
Mahu2021: doesn't show hand 
*** SUMMARY ***
Total pot 60 | Rake 0 
Board [8s Qh Td]
Seat 1: kuringavds (button) (small blind) folded on the Flop
Seat 3: Mahu2021 (big blind) collected (60)



PokerStars Hand #244768636620: Tournament #3615955113, $0.92+$0.08 USD Hold'em No Limit - Level II (15/30) - 2023/07/12 13:30:19 CET [2023/07/12 7:30:19 ET]
Table '3615955113 1' 3-max Seat #3 is the button
Seat 1: kuringavds (930 in chips) 
Seat 3: Mahu2021 (570 in chips) 
Mahu2021: posts small blind 15
kuringavds: posts big blind 30
*** HOLE CARDS ***
Dealt to Mahu2021 [4h 6s]
Mahu2021: calls 15
kuringavds: raises 30 to 60
Mahu2021: calls 30
*** FLOP *** [5s Tc 7d]
kuringavds: bets 90
Mahu2021: calls 90
*** TURN *** [5s Tc 7d] [8s]
kuringavds: bets 780 and is all-in
Mahu2021: calls 420 and is all-in
Uncalled bet (360) returned to kuringavds
*** RIVER *** [5s Tc 7d 8s] [6d]
*** SHOW DOWN ***
kuringavds: shows [Ts Kd] (a pair of Tens)
Mahu2021: shows [4h 6s] (a straight, Four to Eight)
Mahu2021 collected 1140 from pot
*** SUMMARY ***
Total pot 1140 | Rake 0 
Board [5s Tc 7d 8s 6d]
Seat 1: kuringavds (big blind) showed [Ts Kd] and lost with a pair of Tens
Seat 3: Mahu2021 (button) (small blind) showed [4h 6s] and won (1140) with a straight, Four to Eight



PokerStars Hand #244768643468: Tournament #3615955113, $0.92+$0.08 USD Hold'em No Limit - Level III (20/40) - 2023/07/12 13:31:01 CET [2023/07/12 7:31:01 ET]
Table '3615955113 1' 3-max Seat #1 is the button
Seat 1: kuringavds (360 in chips) 
Seat 3: Mahu2021 (1140 in chips) 
kuringavds: posts small blind 20
Mahu2021: posts big blind 40
*** HOLE CARDS ***
Dealt to Mahu2021 [Qs 3d]
kuringavds: raises 320 to 360 and is all-in
Mahu2021: folds 
Uncalled bet (320) returned to kuringavds
kuringavds collected 80 from pot
*** SUMMARY ***
Total pot 80 | Rake 0 
Seat 1: kuringavds (button) (small blind) collected (80)
Seat 3: Mahu2021 (big blind) folded before Flop



PokerStars Hand #244768645104: Tournament #3615955113, $0.92+$0.08 USD Hold'em No Limit - Level III (20/40) - 2023/07/12 13:31:11 CET [2023/07/12 7:31:11 ET]
Table '3615955113 1' 3-max Seat #3 is the button
Seat 1: kuringavds (400 in chips) 
Seat 3: Mahu2021 (1100 in chips) 
Mahu2021: posts small blind 20
kuringavds: posts big blind 40
*** HOLE CARDS ***
Dealt to Mahu2021 [Kc Jh]
Mahu2021: calls 20
kuringavds: raises 360 to 400 and is all-in
Mahu2021: calls 360
*** FLOP *** [7d 2h 4c]
*** TURN *** [7d 2h 4c] [8s]
*** RIVER *** [7d 2h 4c 8s] [9h]
*** SHOW DOWN ***
kuringavds: shows [9d 6d] (a pair of Nines)
Mahu2021: shows [Kc Jh] (high card King)
kuringavds collected 800 from pot
*** SUMMARY ***
Total pot 800 | Rake 0 
Board [7d 2h 4c 8s 9h]
Seat 1: kuringavds (big blind) showed [9d 6d] and won (800) with a pair of Nines
Seat 3: Mahu2021 (button) (small blind) showed [Kc Jh] and lost with high card King



PokerStars Hand #244768648048: Tournament #3615955113, $0.92+$0.08 USD Hold'em No Limit - Level III (20/40) - 2023/07/12 13:31:29 CET [2023/07/12 7:31:29 ET]
Table '3615955113 1' 3-max Seat #1 is the button
Seat 1: kuringavds (800 in chips) 
Seat 3: Mahu2021 (700 in chips) 
kuringavds: posts small blind 20
Mahu2021: posts big blind 40
*** HOLE CARDS ***
Dealt to Mahu2021 [2d Ad]
kuringavds: folds 
Uncalled bet (20) returned to Mahu2021
Mahu2021 collected 40 from pot
Mahu2021: doesn't show hand 
*** SUMMARY ***
Total pot 40 | Rake 0 
Seat 1: kuringavds (button) (small blind) folded before Flop
Seat 3: Mahu2021 (big blind) collected (40)



PokerStars Hand #244768648841: Tournament #3615955113, $0.92+$0.08 USD Hold'em No Limit - Level III (20/40) - 2023/07/12 13:31:34 CET [2023/07/12 7:31:34 ET]
Table '3615955113 1' 3-max Seat #3 is the button
Seat 1: kuringavds (780 in chips) 
Seat 3: Mahu2021 (720 in chips) 
Mahu2021: posts small blind 20
kuringavds: posts big blind 40
*** HOLE CARDS ***
Dealt to Mahu2021 [Qs Js]
Mahu2021: raises 40 to 80
kuringavds: folds 
Uncalled bet (40) returned to Mahu2021
Mahu2021 collected 80 from pot
Mahu2021: doesn't show hand 
*** SUMMARY ***
Total pot 80 | Rake 0 
Seat 1: kuringavds (big blind) folded before Flop
Seat 3: Mahu2021 (button) (small blind) collected (80)



PokerStars Hand #244768650162: Tournament #3615955113, $0.92+$0.08 USD Hold'em No Limit - Level III (20/40) - 2023/07/12 13:31:42 CET [2023/07/12 7:31:42 ET]
Table '3615955113 1' 3-max Seat #1 is the button
Seat 1: kuringavds (740 in chips) 
Seat 3: Mahu2021 (760 in chips) 
kuringavds: posts small blind 20
Mahu2021: posts big blind 40
*** HOLE CARDS ***
Dealt to Mahu2021 [8h 4s]
kuringavds: calls 20
Mahu2021: checks 
*** FLOP *** [4c Tc Qh]
Mahu2021: checks 
kuringavds: bets 120
Mahu2021: folds 
Uncalled bet (120) returned to kuringavds
kuringavds collected 80 from pot
*** SUMMARY ***
Total pot 80 | Rake 0 
Board [4c Tc Qh]
Seat 1: kuringavds (button) (small blind) collected (80)
Seat 3: Mahu2021 (big blind) folded on the Flop



PokerStars Hand #244768652778: Tournament #3615955113, $0.92+$0.08 USD Hold'em No Limit - Level III (20/40) - 2023/07/12 13:31:58 CET [2023/07/12 7:31:58 ET]
Table '3615955113 1' 3-max Seat #3 is the button
Seat 1: kuringavds (780 in chips) 
Seat 3: Mahu2021 (720 in chips) 
Mahu2021: posts small blind 20
kuringavds: posts big blind 40
*** HOLE CARDS ***
Dealt to Mahu2021 [Qc Kc]
Mahu2021: raises 40 to 80
kuringavds: folds 
Uncalled bet (40) returned to Mahu2021
Mahu2021 collected 80 from pot
Mahu2021: doesn't show hand 
*** SUMMARY ***
Total pot 80 | Rake 0 
Seat 1: kuringavds (big blind) folded before Flop
Seat 3: Mahu2021 (button) (small blind) collected (80)



PokerStars Hand #244768654290: Tournament #3615955113, $0.92+$0.08 USD Hold'em No Limit - Level III (20/40) - 2023/07/12 13:32:07 CET [2023/07/12 7:32:07 ET]
Table '3615955113 1' 3-max Seat #1 is the button
Seat 1: kuringavds (740 in chips) 
Seat 3: Mahu2021 (760 in chips) 
kuringavds: posts small blind 20
Mahu2021: posts big blind 40
*** HOLE CARDS ***
Dealt to Mahu2021 [As 4c]
kuringavds: folds 
Uncalled bet (20) returned to Mahu2021
Mahu2021 collected 40 from pot
Mahu2021: doesn't show hand 
*** SUMMARY ***
Total pot 40 | Rake 0 
Seat 1: kuringavds (button) (small blind) folded before Flop
Seat 3: Mahu2021 (big blind) collected (40)



PokerStars Hand #244768655777: Tournament #3615955113, $0.92+$0.08 USD Hold'em No Limit - Level III (20/40) - 2023/07/12 13:32:16 CET [2023/07/12 7:32:16 ET]
Table '3615955113 1' 3-max Seat #3 is the button
Seat 1: kuringavds (720 in chips) 
Seat 3: Mahu2021 (780 in chips) 
Mahu2021: posts small blind 20
kuringavds: posts big blind 40
*** HOLE CARDS ***
Dealt to Mahu2021 [9c 7d]
Mahu2021: calls 20
kuringavds: raises 680 to 720 and is all-in
Mahu2021: folds 
Uncalled bet (680) returned to kuringavds
kuringavds collected 80 from pot
*** SUMMARY ***
Total pot 80 | Rake 0 
Seat 1: kuringavds (big blind) collected (80)
Seat 3: Mahu2021 (button) (small blind) folded before Flop



PokerStars Hand #244768657632: Tournament #3615955113, $0.92+$0.08 USD Hold'em No Limit - Level III (20/40) - 2023/07/12 13:32:27 CET [2023/07/12 7:32:27 ET]
Table '3615955113 1' 3-max Seat #1 is the button
Seat 1: kuringavds (760 in chips) 
Seat 3: Mahu2021 (740 in chips) 
kuringavds: posts small blind 20
Mahu2021: posts big blind 40
*** HOLE CARDS ***
Dealt to Mahu2021 [2c 5c]
kuringavds: calls 20
Mahu2021: checks 
*** FLOP *** [Qd 5s 4c]
Mahu2021: checks 
kuringavds: checks 
*** TURN *** [Qd 5s 4c] [6d]
Mahu2021: checks 
kuringavds: checks 
*** RIVER *** [Qd 5s 4c 6d] [Ts]
Mahu2021: checks 
kuringavds: checks 
*** SHOW DOWN ***
Mahu2021: shows [2c 5c] (a pair of Fives)
kuringavds: mucks hand 
Mahu2021 collected 80 from pot
*** SUMMARY ***
Total pot 80 | Rake 0 
Board [Qd 5s 4c 6d Ts]
Seat 1: kuringavds (button) (small blind) mucked [8s Kd]
Seat 3: Mahu2021 (big blind) showed [2c 5c] and won (80) with a pair of Fives



PokerStars Hand #244768661421: Tournament #3615955113, $0.92+$0.08 USD Hold'em No Limit - Level IV (30/60) - 2023/07/12 13:32:50 CET [2023/07/12 7:32:50 ET]
Table '3615955113 1' 3-max Seat #3 is the button
Seat 1: kuringavds (720 in chips) 
Seat 3: Mahu2021 (780 in chips) 
Mahu2021: posts small blind 30
kuringavds: posts big blind 60
*** HOLE CARDS ***
Dealt to Mahu2021 [8d Ah]
Mahu2021: raises 60 to 120
kuringavds: folds 
Uncalled bet (60) returned to Mahu2021
Mahu2021 collected 120 from pot
Mahu2021: doesn't show hand 
*** SUMMARY ***
Total pot 120 | Rake 0 
Seat 1: kuringavds (big blind) folded before Flop
Seat 3: Mahu2021 (button) (small blind) collected (120)



PokerStars Hand #244768662447: Tournament #3615955113, $0.92+$0.08 USD Hold'em No Limit - Level IV (30/60) - 2023/07/12 13:32:56 CET [2023/07/12 7:32:56 ET]
Table '3615955113 1' 3-max Seat #1 is the button
Seat 1: kuringavds (660 in chips) 
Seat 3: Mahu2021 (840 in chips) 
kuringavds: posts small blind 30
Mahu2021: posts big blind 60
*** HOLE CARDS ***
Dealt to Mahu2021 [5c Qc]
kuringavds: folds 
Uncalled bet (30) returned to Mahu2021
Mahu2021 collected 60 from pot
Mahu2021: doesn't show hand 
*** SUMMARY ***
Total pot 60 | Rake 0 
Seat 1: kuringavds (button) (small blind) folded before Flop
Seat 3: Mahu2021 (big blind) collected (60)



PokerStars Hand #244768663264: Tournament #3615955113, $0.92+$0.08 USD Hold'em No Limit - Level IV (30/60) - 2023/07/12 13:33:01 CET [2023/07/12 7:33:01 ET]
Table '3615955113 1' 3-max Seat #3 is the button
Seat 1: kuringavds (630 in chips) 
Seat 3: Mahu2021 (870 in chips) 
Mahu2021: posts small blind 30
kuringavds: posts big blind 60
*** HOLE CARDS ***
Dealt to Mahu2021 [2d 6s]
Mahu2021: calls 30
kuringavds: raises 570 to 630 and is all-in
Mahu2021: folds 
Uncalled bet (570) returned to kuringavds
kuringavds collected 120 from pot
*** SUMMARY ***
Total pot 120 | Rake 0 
Seat 1: kuringavds (big blind) collected (120)
Seat 3: Mahu2021 (button) (small blind) folded before Flop



PokerStars Hand #244768664722: Tournament #3615955113, $0.92+$0.08 USD Hold'em No Limit - Level IV (30/60) - 2023/07/12 13:33:10 CET [2023/07/12 7:33:10 ET]
Table '3615955113 1' 3-max Seat #1 is the button
Seat 1: kuringavds (690 in chips) 
Seat 3: Mahu2021 (810 in chips) 
kuringavds: posts small blind 30
Mahu2021: posts big blind 60
*** HOLE CARDS ***
Dealt to Mahu2021 [Ac 8h]
kuringavds: raises 60 to 120
Mahu2021: calls 60
*** FLOP *** [6s 6c Jh]
Mahu2021: checks 
kuringavds: checks 
*** TURN *** [6s 6c Jh] [Qh]
Mahu2021: checks 
kuringavds: bets 570 and is all-in
Mahu2021: folds 
Uncalled bet (570) returned to kuringavds
kuringavds collected 240 from pot
*** SUMMARY ***
Total pot 240 | Rake 0 
Board [6s 6c Jh Qh]
Seat 1: kuringavds (button) (small blind) collected (240)
Seat 3: Mahu2021 (big blind) folded on the Turn



PokerStars Hand #244768667926: Tournament #3615955113, $0.92+$0.08 USD Hold'em No Limit - Level IV (30/60) - 2023/07/12 13:33:29 CET [2023/07/12 7:33:29 ET]
Table '3615955113 1' 3-max Seat #3 is the button
Seat 1: kuringavds (810 in chips) 
Seat 3: Mahu2021 (690 in chips) 
Mahu2021: posts small blind 30
kuringavds: posts big blind 60
*** HOLE CARDS ***
Dealt to Mahu2021 [8h Qh]
Mahu2021: raises 60 to 120
kuringavds: folds 
Uncalled bet (60) returned to Mahu2021
Mahu2021 collected 120 from pot
Mahu2021: doesn't show hand 
*** SUMMARY ***
Total pot 120 | Rake 0 
Seat 1: kuringavds (big blind) folded before Flop
Seat 3: Mahu2021 (button) (small blind) collected (120)



PokerStars Hand #244768669037: Tournament #3615955113, $0.92+$0.08 USD Hold'em No Limit - Level IV (30/60) - 2023/07/12 13:33:36 CET [2023/07/12 7:33:36 ET]
Table '3615955113 1' 3-max Seat #1 is the button
Seat 1: kuringavds (750 in chips) 
Seat 3: Mahu2021 (750 in chips) 
kuringavds: posts small blind 30
Mahu2021: posts big blind 60
*** HOLE CARDS ***
Dealt to Mahu2021 [Kd 5h]
kuringavds: folds 
Uncalled bet (30) returned to Mahu2021
Mahu2021 collected 60 from pot
Mahu2021: doesn't show hand 
*** SUMMARY ***
Total pot 60 | Rake 0 
Seat 1: kuringavds (button) (small blind) folded before Flop
Seat 3: Mahu2021 (big blind) collected (60)



PokerStars Hand #244768669834: Tournament #3615955113, $0.92+$0.08 USD Hold'em No Limit - Level IV (30/60) - 2023/07/12 13:33:41 CET [2023/07/12 7:33:41 ET]
Table '3615955113 1' 3-max Seat #3 is the button
Seat 1: kuringavds (720 in chips) 
Seat 3: Mahu2021 (780 in chips) 
Mahu2021: posts small blind 30
kuringavds: posts big blind 60
*** HOLE CARDS ***
Dealt to Mahu2021 [9c 5d]
Mahu2021: folds 
Uncalled bet (30) returned to kuringavds
kuringavds collected 60 from pot
*** SUMMARY ***
Total pot 60 | Rake 0 
Seat 1: kuringavds (big blind) collected (60)
Seat 3: Mahu2021 (button) (small blind) folded before Flop



PokerStars Hand #244768670815: Tournament #3615955113, $0.92+$0.08 USD Hold'em No Limit - Level IV (30/60) - 2023/07/12 13:33:47 CET [2023/07/12 7:33:47 ET]
Table '3615955113 1' 3-max Seat #1 is the button
Seat 1: kuringavds (750 in chips) 
Seat 3: Mahu2021 (750 in chips) 
kuringavds: posts small blind 30
Mahu2021: posts big blind 60
*** HOLE CARDS ***
Dealt to Mahu2021 [Kc Kd]
kuringavds: raises 690 to 750 and is all-in
Mahu2021: calls 690 and is all-in
*** FLOP *** [Th 7c 2d]
*** TURN *** [Th 7c 2d] [3s]
*** RIVER *** [Th 7c 2d 3s] [7s]
*** SHOW DOWN ***
Mahu2021: shows [Kc Kd] (two pair, Kings and Sevens)
kuringavds: shows [Kh Jh] (a pair of Sevens)
Mahu2021 collected 1500 from pot
kuringavds finished the tournament in 2nd place
Mahu2021 wins the tournament and receives $2.00 - congratulations!
*** SUMMARY ***
Total pot 1500 | Rake 0 
Board [Th 7c 2d 3s 7s]
Seat 1: kuringavds (button) (small blind) showed [Kh Jh] and lost with a pair of Sevens
Seat 3: Mahu2021 (big blind) showed [Kc Kd] and won (1500) with two pair, Kings and Sevens



