PokerStars Hand #249469877783: Tournament #3730021951, $1.84+$0.16 USD Hold'em No Limit - Level I (10/20) - 2024/03/17 15:23:43 CET [2024/03/17 10:23:43 ET]
Table '3730021951 1' 3-max Seat #1 is the button
Seat 1: Mahu2021 (500 in chips) 
Seat 2: tigerek73 (500 in chips) 
Seat 3: altay64 (500 in chips) 
tigerek73: posts small blind 10
altay64: posts big blind 20
*** HOLE CARDS ***
Dealt to Mahu2021 [2s 8s]
Mahu2021: folds 
tigerek73: raises 30 to 50
altay64: calls 30
*** FLOP *** [Jh 5h Td]
tigerek73: bets 34
altay64: calls 34
*** TURN *** [Jh 5h Td] [5d]
tigerek73: checks 
altay64: bets 84
tigerek73: calls 84
*** RIVER *** [Jh 5h Td 5d] [7h]
tigerek73: checks 
altay64: checks 
*** SHOW DOWN ***
tigerek73: shows [9h 9c] (two pair, Nines and Fives)
altay64: mucks hand 
tigerek73 collected 336 from pot
*** SUMMARY ***
Total pot 336 | Rake 0 
Board [Jh 5h Td 5d 7h]
Seat 1: Mahu2021 (button) folded before Flop (didn't bet)
Seat 2: tigerek73 (small blind) showed [9h 9c] and won (336) with two pair, Nines and Fives
Seat 3: altay64 (big blind) mucked [9d Kh]



PokerStars Hand #249469883685: Tournament #3730021951, $1.84+$0.16 USD Hold'em No Limit - Level I (10/20) - 2024/03/17 15:24:08 CET [2024/03/17 10:24:08 ET]
Table '3730021951 1' 3-max Seat #2 is the button
Seat 1: Mahu2021 (500 in chips) 
Seat 2: tigerek73 (668 in chips) 
Seat 3: altay64 (332 in chips) 
altay64: posts small blind 10
Mahu2021: posts big blind 20
*** HOLE CARDS ***
Dealt to Mahu2021 [Kh 6c]
tigerek73: folds 
altay64: calls 10
Mahu2021: checks 
*** FLOP *** [3h 3c Ah]
altay64: checks 
Mahu2021: bets 20
altay64: folds 
Uncalled bet (20) returned to Mahu2021
Mahu2021 collected 40 from pot
Mahu2021: doesn't show hand 
*** SUMMARY ***
Total pot 40 | Rake 0 
Board [3h 3c Ah]
Seat 1: Mahu2021 (big blind) collected (40)
Seat 2: tigerek73 (button) folded before Flop (didn't bet)
Seat 3: altay64 (small blind) folded on the Flop



PokerStars Hand #249469886238: Tournament #3730021951, $1.84+$0.16 USD Hold'em No Limit - Level I (10/20) - 2024/03/17 15:24:18 CET [2024/03/17 10:24:18 ET]
Table '3730021951 1' 3-max Seat #3 is the button
Seat 1: Mahu2021 (520 in chips) 
Seat 2: tigerek73 (668 in chips) 
Seat 3: altay64 (312 in chips) 
Mahu2021: posts small blind 10
tigerek73: posts big blind 20
*** HOLE CARDS ***
Dealt to Mahu2021 [As 3h]
altay64: calls 20
Mahu2021: calls 10
tigerek73: checks 
*** FLOP *** [Jd Ah Qs]
Mahu2021: bets 20
tigerek73: folds 
altay64: calls 20
*** TURN *** [Jd Ah Qs] [6h]
Mahu2021: bets 20
altay64: calls 20
*** RIVER *** [Jd Ah Qs 6h] [Tc]
Mahu2021: bets 20
altay64: raises 90 to 110
Mahu2021: folds 
Uncalled bet (90) returned to altay64
altay64 collected 180 from pot
altay64: doesn't show hand 
*** SUMMARY ***
Total pot 180 | Rake 0 
Board [Jd Ah Qs 6h Tc]
Seat 1: Mahu2021 (small blind) folded on the River
Seat 2: tigerek73 (big blind) folded on the Flop
Seat 3: altay64 (button) collected (180)



PokerStars Hand #249469891311: Tournament #3730021951, $1.84+$0.16 USD Hold'em No Limit - Level I (10/20) - 2024/03/17 15:24:39 CET [2024/03/17 10:24:39 ET]
Table '3730021951 1' 3-max Seat #1 is the button
Seat 1: Mahu2021 (440 in chips) 
Seat 2: tigerek73 (648 in chips) 
Seat 3: altay64 (412 in chips) 
tigerek73: posts small blind 10
altay64: posts big blind 20
*** HOLE CARDS ***
Dealt to Mahu2021 [Kd 7d]
Mahu2021: calls 20
tigerek73: calls 10
altay64: checks 
*** FLOP *** [6s 7h 5s]
tigerek73: checks 
altay64: bets 60
Mahu2021: calls 60
tigerek73: folds 
*** TURN *** [6s 7h 5s] [6d]
altay64: bets 90
Mahu2021: calls 90
*** RIVER *** [6s 7h 5s 6d] [3d]
altay64: checks 
Mahu2021: checks 
*** SHOW DOWN ***
altay64: shows [2s 3s] (two pair, Sixes and Threes)
Mahu2021: shows [Kd 7d] (two pair, Sevens and Sixes)
Mahu2021 collected 360 from pot
*** SUMMARY ***
Total pot 360 | Rake 0 
Board [6s 7h 5s 6d 3d]
Seat 1: Mahu2021 (button) showed [Kd 7d] and won (360) with two pair, Sevens and Sixes
Seat 2: tigerek73 (small blind) folded on the Flop
Seat 3: altay64 (big blind) showed [2s 3s] and lost with two pair, Sixes and Threes



PokerStars Hand #249469897587: Tournament #3730021951, $1.84+$0.16 USD Hold'em No Limit - Level I (10/20) - 2024/03/17 15:25:04 CET [2024/03/17 10:25:04 ET]
Table '3730021951 1' 3-max Seat #2 is the button
Seat 1: Mahu2021 (630 in chips) 
Seat 2: tigerek73 (628 in chips) 
Seat 3: altay64 (242 in chips) 
altay64: posts small blind 10
Mahu2021: posts big blind 20
*** HOLE CARDS ***
Dealt to Mahu2021 [Jh Jc]
tigerek73: folds 
altay64: calls 10
Mahu2021: raises 610 to 630 and is all-in
altay64: folds 
Uncalled bet (610) returned to Mahu2021
Mahu2021 collected 40 from pot
Mahu2021: doesn't show hand 
*** SUMMARY ***
Total pot 40 | Rake 0 
Seat 1: Mahu2021 (big blind) collected (40)
Seat 2: tigerek73 (button) folded before Flop (didn't bet)
Seat 3: altay64 (small blind) folded before Flop



PokerStars Hand #249469899521: Tournament #3730021951, $1.84+$0.16 USD Hold'em No Limit - Level I (10/20) - 2024/03/17 15:25:12 CET [2024/03/17 10:25:12 ET]
Table '3730021951 1' 3-max Seat #3 is the button
Seat 1: Mahu2021 (650 in chips) 
Seat 2: tigerek73 (628 in chips) 
Seat 3: altay64 (222 in chips) 
Mahu2021: posts small blind 10
tigerek73: posts big blind 20
*** HOLE CARDS ***
Dealt to Mahu2021 [6d 6h]
altay64: folds 
Mahu2021: calls 10
tigerek73: raises 60 to 80
Mahu2021: folds 
Uncalled bet (60) returned to tigerek73
tigerek73 collected 40 from pot
tigerek73: doesn't show hand 
*** SUMMARY ***
Total pot 40 | Rake 0 
Seat 1: Mahu2021 (small blind) folded before Flop
Seat 2: tigerek73 (big blind) collected (40)
Seat 3: altay64 (button) folded before Flop (didn't bet)



PokerStars Hand #249469903780: Tournament #3730021951, $1.84+$0.16 USD Hold'em No Limit - Level I (10/20) - 2024/03/17 15:25:30 CET [2024/03/17 10:25:30 ET]
Table '3730021951 1' 3-max Seat #1 is the button
Seat 1: Mahu2021 (630 in chips) 
Seat 2: tigerek73 (648 in chips) 
Seat 3: altay64 (222 in chips) 
tigerek73: posts small blind 10
altay64: posts big blind 20
*** HOLE CARDS ***
Dealt to Mahu2021 [4h 9h]
Mahu2021: folds 
tigerek73: folds 
Uncalled bet (10) returned to altay64
altay64 collected 20 from pot
altay64: doesn't show hand 
*** SUMMARY ***
Total pot 20 | Rake 0 
Seat 1: Mahu2021 (button) folded before Flop (didn't bet)
Seat 2: tigerek73 (small blind) folded before Flop
Seat 3: altay64 (big blind) collected (20)



PokerStars Hand #249469905163: Tournament #3730021951, $1.84+$0.16 USD Hold'em No Limit - Level I (10/20) - 2024/03/17 15:25:35 CET [2024/03/17 10:25:35 ET]
Table '3730021951 1' 3-max Seat #2 is the button
Seat 1: Mahu2021 (630 in chips) 
Seat 2: tigerek73 (638 in chips) 
Seat 3: altay64 (232 in chips) 
altay64: posts small blind 10
Mahu2021: posts big blind 20
*** HOLE CARDS ***
Dealt to Mahu2021 [Qc Th]
tigerek73: raises 20 to 40
altay64: folds 
Mahu2021: calls 20
*** FLOP *** [8c Jd Kc]
Mahu2021: checks 
tigerek73: bets 50
Mahu2021: calls 50
*** TURN *** [8c Jd Kc] [7h]
Mahu2021: checks 
tigerek73: checks 
*** RIVER *** [8c Jd Kc 7h] [7s]
Mahu2021: checks 
tigerek73: bets 65
Mahu2021: folds 
Uncalled bet (65) returned to tigerek73
tigerek73 collected 190 from pot
tigerek73: doesn't show hand 
*** SUMMARY ***
Total pot 190 | Rake 0 
Board [8c Jd Kc 7h 7s]
Seat 1: Mahu2021 (big blind) folded on the River
Seat 2: tigerek73 (button) collected (190)
Seat 3: altay64 (small blind) folded before Flop



PokerStars Hand #249469910965: Tournament #3730021951, $1.84+$0.16 USD Hold'em No Limit - Level I (10/20) - 2024/03/17 15:25:59 CET [2024/03/17 10:25:59 ET]
Table '3730021951 1' 3-max Seat #3 is the button
Seat 1: Mahu2021 (540 in chips) 
Seat 2: tigerek73 (738 in chips) 
Seat 3: altay64 (222 in chips) 
Mahu2021: posts small blind 10
tigerek73: posts big blind 20
*** HOLE CARDS ***
Dealt to Mahu2021 [As 4s]
altay64: raises 202 to 222 and is all-in
Mahu2021: folds 
tigerek73: folds 
Uncalled bet (202) returned to altay64
altay64 collected 50 from pot
altay64: doesn't show hand 
*** SUMMARY ***
Total pot 50 | Rake 0 
Seat 1: Mahu2021 (small blind) folded before Flop
Seat 2: tigerek73 (big blind) folded before Flop
Seat 3: altay64 (button) collected (50)



PokerStars Hand #249469912758: Tournament #3730021951, $1.84+$0.16 USD Hold'em No Limit - Level I (10/20) - 2024/03/17 15:26:07 CET [2024/03/17 10:26:07 ET]
Table '3730021951 1' 3-max Seat #1 is the button
Seat 1: Mahu2021 (530 in chips) 
Seat 2: tigerek73 (718 in chips) 
Seat 3: altay64 (252 in chips) 
tigerek73: posts small blind 10
altay64: posts big blind 20
*** HOLE CARDS ***
Dealt to Mahu2021 [8c Qc]
Mahu2021: calls 20
tigerek73: raises 80 to 100
altay64: folds 
Mahu2021: folds 
Uncalled bet (80) returned to tigerek73
tigerek73 collected 60 from pot
tigerek73: doesn't show hand 
*** SUMMARY ***
Total pot 60 | Rake 0 
Seat 1: Mahu2021 (button) folded before Flop
Seat 2: tigerek73 (small blind) collected (60)
Seat 3: altay64 (big blind) folded before Flop



PokerStars Hand #249469916560: Tournament #3730021951, $1.84+$0.16 USD Hold'em No Limit - Level I (10/20) - 2024/03/17 15:26:22 CET [2024/03/17 10:26:22 ET]
Table '3730021951 1' 3-max Seat #2 is the button
Seat 1: Mahu2021 (510 in chips) 
Seat 2: tigerek73 (758 in chips) 
Seat 3: altay64 (232 in chips) 
altay64: posts small blind 10
Mahu2021: posts big blind 20
*** HOLE CARDS ***
Dealt to Mahu2021 [Kd 4s]
tigerek73: folds 
altay64: folds 
Uncalled bet (10) returned to Mahu2021
Mahu2021 collected 20 from pot
Mahu2021: doesn't show hand 
*** SUMMARY ***
Total pot 20 | Rake 0 
Seat 1: Mahu2021 (big blind) collected (20)
Seat 2: tigerek73 (button) folded before Flop (didn't bet)
Seat 3: altay64 (small blind) folded before Flop



PokerStars Hand #249469917864: Tournament #3730021951, $1.84+$0.16 USD Hold'em No Limit - Level I (10/20) - 2024/03/17 15:26:27 CET [2024/03/17 10:26:27 ET]
Table '3730021951 1' 3-max Seat #3 is the button
Seat 1: Mahu2021 (520 in chips) 
Seat 2: tigerek73 (758 in chips) 
Seat 3: altay64 (222 in chips) 
Mahu2021: posts small blind 10
tigerek73: posts big blind 20
*** HOLE CARDS ***
Dealt to Mahu2021 [9d 3c]
altay64: raises 202 to 222 and is all-in
Mahu2021: folds 
tigerek73: calls 202
*** FLOP *** [5d 4h Jh]
*** TURN *** [5d 4h Jh] [Jd]
*** RIVER *** [5d 4h Jh Jd] [2c]
*** SHOW DOWN ***
tigerek73: shows [As 4c] (two pair, Jacks and Fours)
altay64: shows [9h 9s] (two pair, Jacks and Nines)
altay64 collected 454 from pot
*** SUMMARY ***
Total pot 454 | Rake 0 
Board [5d 4h Jh Jd 2c]
Seat 1: Mahu2021 (small blind) folded before Flop
Seat 2: tigerek73 (big blind) showed [As 4c] and lost with two pair, Jacks and Fours
Seat 3: altay64 (button) showed [9h 9s] and won (454) with two pair, Jacks and Nines



PokerStars Hand #249469922897: Tournament #3730021951, $1.84+$0.16 USD Hold'em No Limit - Level II (15/30) - 2024/03/17 15:26:48 CET [2024/03/17 10:26:48 ET]
Table '3730021951 1' 3-max Seat #1 is the button
Seat 1: Mahu2021 (510 in chips) 
Seat 2: tigerek73 (536 in chips) 
Seat 3: altay64 (454 in chips) 
tigerek73: posts small blind 15
altay64: posts big blind 30
*** HOLE CARDS ***
Dealt to Mahu2021 [Ad Th]
Mahu2021: raises 30 to 60
tigerek73: folds 
altay64: folds 
Uncalled bet (30) returned to Mahu2021
Mahu2021 collected 75 from pot
Mahu2021: doesn't show hand 
*** SUMMARY ***
Total pot 75 | Rake 0 
Seat 1: Mahu2021 (button) collected (75)
Seat 2: tigerek73 (small blind) folded before Flop
Seat 3: altay64 (big blind) folded before Flop



PokerStars Hand #249469924762: Tournament #3730021951, $1.84+$0.16 USD Hold'em No Limit - Level II (15/30) - 2024/03/17 15:26:56 CET [2024/03/17 10:26:56 ET]
Table '3730021951 1' 3-max Seat #2 is the button
Seat 1: Mahu2021 (555 in chips) 
Seat 2: tigerek73 (521 in chips) 
Seat 3: altay64 (424 in chips) 
altay64: posts small blind 15
Mahu2021: posts big blind 30
*** HOLE CARDS ***
Dealt to Mahu2021 [3c Ks]
tigerek73: folds 
altay64: folds 
Uncalled bet (15) returned to Mahu2021
Mahu2021 collected 30 from pot
Mahu2021: doesn't show hand 
*** SUMMARY ***
Total pot 30 | Rake 0 
Seat 1: Mahu2021 (big blind) collected (30)
Seat 2: tigerek73 (button) folded before Flop (didn't bet)
Seat 3: altay64 (small blind) folded before Flop



PokerStars Hand #249469926097: Tournament #3730021951, $1.84+$0.16 USD Hold'em No Limit - Level II (15/30) - 2024/03/17 15:27:01 CET [2024/03/17 10:27:01 ET]
Table '3730021951 1' 3-max Seat #3 is the button
Seat 1: Mahu2021 (570 in chips) 
Seat 2: tigerek73 (521 in chips) 
Seat 3: altay64 (409 in chips) 
Mahu2021: posts small blind 15
tigerek73: posts big blind 30
*** HOLE CARDS ***
Dealt to Mahu2021 [5h 4d]
altay64: folds 
Mahu2021: calls 15
tigerek73: checks 
*** FLOP *** [4h Ks Tc]
Mahu2021: checks 
tigerek73: checks 
*** TURN *** [4h Ks Tc] [Ad]
Mahu2021: bets 30
tigerek73: folds 
Uncalled bet (30) returned to Mahu2021
Mahu2021 collected 60 from pot
Mahu2021: doesn't show hand 
*** SUMMARY ***
Total pot 60 | Rake 0 
Board [4h Ks Tc Ad]
Seat 1: Mahu2021 (small blind) collected (60)
Seat 2: tigerek73 (big blind) folded on the Turn
Seat 3: altay64 (button) folded before Flop (didn't bet)



PokerStars Hand #249469931017: Tournament #3730021951, $1.84+$0.16 USD Hold'em No Limit - Level II (15/30) - 2024/03/17 15:27:21 CET [2024/03/17 10:27:21 ET]
Table '3730021951 1' 3-max Seat #1 is the button
Seat 1: Mahu2021 (600 in chips) 
Seat 2: tigerek73 (491 in chips) 
Seat 3: altay64 (409 in chips) 
tigerek73: posts small blind 15
altay64: posts big blind 30
*** HOLE CARDS ***
Dealt to Mahu2021 [2s Ts]
Mahu2021: folds 
tigerek73: folds 
Uncalled bet (15) returned to altay64
altay64 collected 30 from pot
altay64: doesn't show hand 
*** SUMMARY ***
Total pot 30 | Rake 0 
Seat 1: Mahu2021 (button) folded before Flop (didn't bet)
Seat 2: tigerek73 (small blind) folded before Flop
Seat 3: altay64 (big blind) collected (30)



PokerStars Hand #249469932520: Tournament #3730021951, $1.84+$0.16 USD Hold'em No Limit - Level II (15/30) - 2024/03/17 15:27:27 CET [2024/03/17 10:27:27 ET]
Table '3730021951 1' 3-max Seat #2 is the button
Seat 1: Mahu2021 (600 in chips) 
Seat 2: tigerek73 (476 in chips) 
Seat 3: altay64 (424 in chips) 
altay64: posts small blind 15
Mahu2021: posts big blind 30
*** HOLE CARDS ***
Dealt to Mahu2021 [3s Ac]
tigerek73: raises 30 to 60
altay64: folds 
Mahu2021: calls 30
*** FLOP *** [Qc Td 9d]
Mahu2021: checks 
tigerek73: bets 74
Mahu2021: folds 
Uncalled bet (74) returned to tigerek73
tigerek73 collected 135 from pot
tigerek73: doesn't show hand 
*** SUMMARY ***
Total pot 135 | Rake 0 
Board [Qc Td 9d]
Seat 1: Mahu2021 (big blind) folded on the Flop
Seat 2: tigerek73 (button) collected (135)
Seat 3: altay64 (small blind) folded before Flop



PokerStars Hand #249469935196: Tournament #3730021951, $1.84+$0.16 USD Hold'em No Limit - Level II (15/30) - 2024/03/17 15:27:38 CET [2024/03/17 10:27:38 ET]
Table '3730021951 1' 3-max Seat #3 is the button
Seat 1: Mahu2021 (540 in chips) 
Seat 2: tigerek73 (551 in chips) 
Seat 3: altay64 (409 in chips) 
Mahu2021: posts small blind 15
tigerek73: posts big blind 30
*** HOLE CARDS ***
Dealt to Mahu2021 [8s 5s]
altay64: raises 60 to 90
Mahu2021: folds 
tigerek73: raises 461 to 551 and is all-in
altay64: calls 319 and is all-in
Uncalled bet (142) returned to tigerek73
*** FLOP *** [Jc 2d 8c]
*** TURN *** [Jc 2d 8c] [6d]
*** RIVER *** [Jc 2d 8c 6d] [Qc]
*** SHOW DOWN ***
tigerek73: shows [4c 4s] (a pair of Fours)
altay64: shows [7c Kh] (high card King)
tigerek73 collected 833 from pot
altay64 finished the tournament in 3rd place
*** SUMMARY ***
Total pot 833 | Rake 0 
Board [Jc 2d 8c 6d Qc]
Seat 1: Mahu2021 (small blind) folded before Flop
Seat 2: tigerek73 (big blind) showed [4c 4s] and won (833) with a pair of Fours
Seat 3: altay64 (button) showed [7c Kh] and lost with high card King



PokerStars Hand #249469943035: Tournament #3730021951, $1.84+$0.16 USD Hold'em No Limit - Level II (15/30) - 2024/03/17 15:28:10 CET [2024/03/17 10:28:10 ET]
Table '3730021951 1' 3-max Seat #2 is the button
Seat 1: Mahu2021 (525 in chips) 
Seat 2: tigerek73 (975 in chips) 
tigerek73: posts small blind 15
Mahu2021: posts big blind 30
*** HOLE CARDS ***
Dealt to Mahu2021 [5d Ah]
tigerek73: raises 945 to 975 and is all-in
Mahu2021: folds 
Uncalled bet (945) returned to tigerek73
tigerek73 collected 60 from pot
tigerek73: doesn't show hand 
*** SUMMARY ***
Total pot 60 | Rake 0 
Seat 1: Mahu2021 (big blind) folded before Flop
Seat 2: tigerek73 (button) (small blind) collected (60)



PokerStars Hand #249469944598: Tournament #3730021951, $1.84+$0.16 USD Hold'em No Limit - Level II (15/30) - 2024/03/17 15:28:17 CET [2024/03/17 10:28:17 ET]
Table '3730021951 1' 3-max Seat #1 is the button
Seat 1: Mahu2021 (495 in chips) 
Seat 2: tigerek73 (1005 in chips) 
Mahu2021: posts small blind 15
tigerek73: posts big blind 30
*** HOLE CARDS ***
Dealt to Mahu2021 [Js 2d]
Mahu2021: folds 
Uncalled bet (15) returned to tigerek73
tigerek73 collected 30 from pot
tigerek73: doesn't show hand 
*** SUMMARY ***
Total pot 30 | Rake 0 
Seat 1: Mahu2021 (button) (small blind) folded before Flop
Seat 2: tigerek73 (big blind) collected (30)



PokerStars Hand #249469945625: Tournament #3730021951, $1.84+$0.16 USD Hold'em No Limit - Level II (15/30) - 2024/03/17 15:28:21 CET [2024/03/17 10:28:21 ET]
Table '3730021951 1' 3-max Seat #2 is the button
Seat 1: Mahu2021 (480 in chips) 
Seat 2: tigerek73 (1020 in chips) 
tigerek73: posts small blind 15
Mahu2021: posts big blind 30
*** HOLE CARDS ***
Dealt to Mahu2021 [Jd 8d]
tigerek73: calls 15
Mahu2021: checks 
*** FLOP *** [Kh 8s Th]
Mahu2021: checks 
tigerek73: checks 
*** TURN *** [Kh 8s Th] [9h]
Mahu2021: checks 
tigerek73: checks 
*** RIVER *** [Kh 8s Th 9h] [Ac]
Mahu2021: bets 60
tigerek73: folds 
Uncalled bet (60) returned to Mahu2021
Mahu2021 collected 60 from pot
Mahu2021: doesn't show hand 
*** SUMMARY ***
Total pot 60 | Rake 0 
Board [Kh 8s Th 9h Ac]
Seat 1: Mahu2021 (big blind) collected (60)
Seat 2: tigerek73 (button) (small blind) folded on the River



PokerStars Hand #249469949070: Tournament #3730021951, $1.84+$0.16 USD Hold'em No Limit - Level II (15/30) - 2024/03/17 15:28:35 CET [2024/03/17 10:28:35 ET]
Table '3730021951 1' 3-max Seat #1 is the button
Seat 1: Mahu2021 (510 in chips) 
Seat 2: tigerek73 (990 in chips) 
Mahu2021: posts small blind 15
tigerek73: posts big blind 30
*** HOLE CARDS ***
Dealt to Mahu2021 [8h 2d]
Mahu2021: folds 
Uncalled bet (15) returned to tigerek73
tigerek73 collected 30 from pot
tigerek73: doesn't show hand 
*** SUMMARY ***
Total pot 30 | Rake 0 
Seat 1: Mahu2021 (button) (small blind) folded before Flop
Seat 2: tigerek73 (big blind) collected (30)



PokerStars Hand #249469950131: Tournament #3730021951, $1.84+$0.16 USD Hold'em No Limit - Level II (15/30) - 2024/03/17 15:28:40 CET [2024/03/17 10:28:40 ET]
Table '3730021951 1' 3-max Seat #2 is the button
Seat 1: Mahu2021 (495 in chips) 
Seat 2: tigerek73 (1005 in chips) 
tigerek73: posts small blind 15
Mahu2021: posts big blind 30
*** HOLE CARDS ***
Dealt to Mahu2021 [As Jd]
tigerek73: raises 975 to 1005 and is all-in
Mahu2021: calls 465 and is all-in
Uncalled bet (510) returned to tigerek73
*** FLOP *** [2c Tc 3h]
*** TURN *** [2c Tc 3h] [4h]
*** RIVER *** [2c Tc 3h 4h] [7d]
*** SHOW DOWN ***
Mahu2021: shows [As Jd] (high card Ace)
tigerek73: shows [2d 2h] (three of a kind, Deuces)
tigerek73 collected 990 from pot
Mahu2021 finished the tournament in 2nd place
tigerek73 wins the tournament and receives $6.00 - congratulations!
*** SUMMARY ***
Total pot 990 | Rake 0 
Board [2c Tc 3h 4h 7d]
Seat 1: Mahu2021 (big blind) showed [As Jd] and lost with high card Ace
Seat 2: tigerek73 (button) (small blind) showed [2d 2h] and won (990) with three of a kind, Deuces



