PokerStars Zoom Hand #254688451274:  Hold'em No Limit ($0.05/$0.10) - 2025/02/03 17:39:08 CET [2025/02/03 11:39:08 ET]
Table 'Aludra' 6-max Seat #1 is the button
Seat 1: masi1951 ($6.12 in chips) 
Seat 2: padrecico ($10 in chips) 
Seat 3: Mahu2021 ($10 in chips) 
Seat 4: ZerON_888 ($10.05 in chips) 
Seat 5: Danielitoosk ($11.61 in chips) 
Seat 6: sanruaro ($21.72 in chips) 
padrecico: posts small blind $0.05
Mahu2021: posts big blind $0.10
*** HOLE CARDS ***
Dealt to Mahu2021 [3d Th]
ZerON_888: folds 
Danielitoosk: folds 
sanruaro: raises $0.15 to $0.25
masi1951: folds 
padrecico: folds 
Mahu2021: folds 
Uncalled bet ($0.15) returned to sanruaro
sanruaro collected $0.25 from pot
sanruaro: doesn't show hand 
*** SUMMARY ***
Total pot $0.25 | Rake $0 
Seat 1: masi1951 (button) folded before Flop (didn't bet)
Seat 2: padrecico (small blind) folded before Flop
Seat 3: Mahu2021 (big blind) folded before Flop
Seat 4: ZerON_888 folded before Flop (didn't bet)
Seat 5: Danielitoosk folded before Flop (didn't bet)
Seat 6: sanruaro collected ($0.25)



PokerStars Zoom Hand #254688455025:  Hold'em No Limit ($0.05/$0.10) - 2025/02/03 17:39:24 CET [2025/02/03 11:39:24 ET]
Table 'Aludra' 6-max Seat #1 is the button
Seat 1: pro888888 ($12.12 in chips) 
Seat 2: Mahu2021 ($9.90 in chips) 
Seat 3: vuotee ($14.60 in chips) 
Seat 4: J_Sweatshirt ($23.34 in chips) 
Seat 5: padrecico ($10 in chips) 
Seat 6: youngmin5034 ($12.88 in chips) 
Mahu2021: posts small blind $0.05
vuotee: posts big blind $0.10
*** HOLE CARDS ***
Dealt to Mahu2021 [Qs Js]
J_Sweatshirt: folds 
padrecico: folds 
youngmin5034: raises $0.15 to $0.25
pro888888: folds 
Mahu2021: calls $0.20
vuotee: folds 
*** FLOP *** [9c Qh 4s]
Mahu2021: checks 
youngmin5034: bets $0.33
Mahu2021: calls $0.33
*** TURN *** [9c Qh 4s] [Jd]
Mahu2021: checks 
youngmin5034: checks 
*** RIVER *** [9c Qh 4s Jd] [5s]
Mahu2021: bets $1.20
youngmin5034: folds 
Uncalled bet ($1.20) returned to Mahu2021
Mahu2021 collected $1.20 from pot
Mahu2021: doesn't show hand 
*** SUMMARY ***
Total pot $1.26 | Rake $0.06 
Board [9c Qh 4s Jd 5s]
Seat 1: pro888888 (button) folded before Flop (didn't bet)
Seat 2: Mahu2021 (small blind) collected ($1.20)
Seat 3: vuotee (big blind) folded before Flop
Seat 4: J_Sweatshirt folded before Flop (didn't bet)
Seat 5: padrecico folded before Flop (didn't bet)
Seat 6: youngmin5034 folded on the River



PokerStars Zoom Hand #254688460570:  Hold'em No Limit ($0.05/$0.10) - 2025/02/03 17:39:48 CET [2025/02/03 11:39:48 ET]
Table 'Aludra' 6-max Seat #1 is the button
Seat 1: Mahu2021 ($10.52 in chips) 
Seat 2: Arg3ntum1337 ($11.86 in chips) 
Seat 3: esesaz ($11.69 in chips) 
Seat 4: sapaterodoido ($7.93 in chips) 
Seat 5: youngmin5034 ($10 in chips) 
Seat 6: szef93 ($10.40 in chips) 
Arg3ntum1337: posts small blind $0.05
esesaz: posts big blind $0.10
*** HOLE CARDS ***
Dealt to Mahu2021 [Kd 8h]
sapaterodoido: folds 
youngmin5034: folds 
szef93: folds 
Mahu2021: raises $0.20 to $0.30
Arg3ntum1337: folds 
esesaz: raises $0.40 to $0.70
Mahu2021: folds 
Uncalled bet ($0.40) returned to esesaz
esesaz collected $0.65 from pot
esesaz: doesn't show hand 
*** SUMMARY ***
Total pot $0.65 | Rake $0 
Seat 1: Mahu2021 (button) folded before Flop
Seat 2: Arg3ntum1337 (small blind) folded before Flop
Seat 3: esesaz (big blind) collected ($0.65)
Seat 4: sapaterodoido folded before Flop (didn't bet)
Seat 5: youngmin5034 folded before Flop (didn't bet)
Seat 6: szef93 folded before Flop (didn't bet)



PokerStars Zoom Hand #254688467332:  Hold'em No Limit ($0.05/$0.10) - 2025/02/03 17:40:19 CET [2025/02/03 11:40:19 ET]
Table 'Aludra' 6-max Seat #1 is the button
Seat 1: Claudios122 ($25.95 in chips) 
Seat 2: MG_BEAST/666 ($42.55 in chips) 
Seat 3: vovo4kapooh ($10.58 in chips) 
Seat 4: Mahu2021 ($10.22 in chips) 
Seat 5: Contr@Reloj ($10 in chips) 
Seat 6: Panda_Pooh_od ($10.49 in chips) 
MG_BEAST/666: posts small blind $0.05
vovo4kapooh: posts big blind $0.10
*** HOLE CARDS ***
Dealt to Mahu2021 [Kh Qc]
Mahu2021: raises $0.14 to $0.24
Contr@Reloj: folds 
Panda_Pooh_od: folds 
Claudios122: folds 
MG_BEAST/666: folds 
vovo4kapooh: folds 
Uncalled bet ($0.14) returned to Mahu2021
Mahu2021 collected $0.25 from pot
Mahu2021: doesn't show hand 
*** SUMMARY ***
Total pot $0.25 | Rake $0 
Seat 1: Claudios122 (button) folded before Flop (didn't bet)
Seat 2: MG_BEAST/666 (small blind) folded before Flop
Seat 3: vovo4kapooh (big blind) folded before Flop
Seat 4: Mahu2021 collected ($0.25)
Seat 5: Contr@Reloj folded before Flop (didn't bet)
Seat 6: Panda_Pooh_od folded before Flop (didn't bet)



PokerStars Zoom Hand #254688466407:  Hold'em No Limit ($0.05/$0.10) - 2025/02/03 17:40:15 CET [2025/02/03 11:40:15 ET]
Table 'Aludra' 6-max Seat #1 is the button
Seat 1: D.shadoww ($12.51 in chips) 
Seat 2: CockneySpara ($11.19 in chips) 
Seat 3: baddyby ($10 in chips) 
Seat 4: beatelonn ($10.65 in chips) 
Seat 5: looser00091 ($11.70 in chips) 
Seat 6: Mahu2021 ($10.22 in chips) 
CockneySpara: posts small blind $0.05
baddyby: posts big blind $0.10
*** HOLE CARDS ***
Dealt to Mahu2021 [5h 3c]
beatelonn is disconnected 
beatelonn has timed out while disconnected
beatelonn: folds 
looser00091: folds 
Mahu2021: folds 
D.shadoww: folds 
CockneySpara: calls $0.05
baddyby: checks 
*** FLOP *** [Ac 3s Qc]
CockneySpara: bets $0.10
baddyby: folds 
Uncalled bet ($0.10) returned to CockneySpara
CockneySpara collected $0.19 from pot
CockneySpara: doesn't show hand 
*** SUMMARY ***
Total pot $0.20 | Rake $0.01 
Board [Ac 3s Qc]
Seat 1: D.shadoww (button) folded before Flop (didn't bet)
Seat 2: CockneySpara (small blind) collected ($0.19)
Seat 3: baddyby (big blind) folded on the Flop
Seat 4: beatelonn folded before Flop (didn't bet)
Seat 5: looser00091 folded before Flop (didn't bet)
Seat 6: Mahu2021 folded before Flop (didn't bet)



PokerStars Zoom Hand #254688465441:  Hold'em No Limit ($0.05/$0.10) - 2025/02/03 17:40:10 CET [2025/02/03 11:40:10 ET]
Table 'Aludra' 6-max Seat #1 is the button
Seat 1: kvnmn ($6.56 in chips) 
Seat 2: nerd90481 ($12.46 in chips) 
Seat 3: Pokkermastaa ($10.40 in chips) 
Seat 4: ParamonQQ ($13.95 in chips) 
Seat 5: Mahu2021 ($10.22 in chips) 
Seat 6: lEternamente ($10.53 in chips) 
nerd90481: posts small blind $0.05
Pokkermastaa: posts big blind $0.10
*** HOLE CARDS ***
Dealt to Mahu2021 [3d Kh]
ParamonQQ: folds 
Mahu2021: folds 
lEternamente: folds 
kvnmn: folds 
nerd90481: calls $0.05
Pokkermastaa: checks 
*** FLOP *** [9c 7s Kc]
nerd90481: bets $0.10
Pokkermastaa: calls $0.10
*** TURN *** [9c 7s Kc] [3s]
nerd90481: bets $0.10
Pokkermastaa: calls $0.10
*** RIVER *** [9c 7s Kc 3s] [2d]
nerd90481: bets $0.10
Pokkermastaa: calls $0.10
*** SHOW DOWN ***
nerd90481: shows [Jc Kd] (a pair of Kings)
Pokkermastaa: mucks hand 
nerd90481 collected $0.76 from pot
*** SUMMARY ***
Total pot $0.80 | Rake $0.04 
Board [9c 7s Kc 3s 2d]
Seat 1: kvnmn (button) folded before Flop (didn't bet)
Seat 2: nerd90481 (small blind) showed [Jc Kd] and won ($0.76) with a pair of Kings
Seat 3: Pokkermastaa (big blind) mucked [7d Jd]
Seat 4: ParamonQQ folded before Flop (didn't bet)
Seat 5: Mahu2021 folded before Flop (didn't bet)
Seat 6: lEternamente folded before Flop (didn't bet)



PokerStars Zoom Hand #254688470558:  Hold'em No Limit ($0.05/$0.10) - 2025/02/03 17:40:33 CET [2025/02/03 11:40:33 ET]
Table 'Aludra' 6-max Seat #1 is the button
Seat 1: vovo4kapooh ($10.48 in chips) 
Seat 2: Blast4Sure ($12.68 in chips) 
Seat 3: Mahu2021 ($10.37 in chips) 
Seat 4: chepesextape ($5.96 in chips) 
Seat 5: ZerON_888 ($16.91 in chips) 
Seat 6: kvnmn ($6.46 in chips) 
Blast4Sure: posts small blind $0.05
Mahu2021: posts big blind $0.10
*** HOLE CARDS ***
Dealt to Mahu2021 [Td Ah]
chepesextape: raises $0.10 to $0.20
ZerON_888: folds 
kvnmn: folds 
vovo4kapooh: folds 
Blast4Sure: folds 
Mahu2021: calls $0.10
*** FLOP *** [9d As 5h]
Mahu2021: checks 
chepesextape: bets $0.22
Mahu2021: calls $0.22
*** TURN *** [9d As 5h] [7d]
Mahu2021: checks 
chepesextape: checks 
*** RIVER *** [9d As 5h 7d] [6d]
Mahu2021: bets $0.85
chepesextape: folds 
Uncalled bet ($0.85) returned to Mahu2021
Mahu2021 collected $0.85 from pot
Mahu2021: doesn't show hand 
*** SUMMARY ***
Total pot $0.89 | Rake $0.04 
Board [9d As 5h 7d 6d]
Seat 1: vovo4kapooh (button) folded before Flop (didn't bet)
Seat 2: Blast4Sure (small blind) folded before Flop
Seat 3: Mahu2021 (big blind) collected ($0.85)
Seat 4: chepesextape folded on the River
Seat 5: ZerON_888 folded before Flop (didn't bet)
Seat 6: kvnmn folded before Flop (didn't bet)



PokerStars Zoom Hand #254688480662:  Hold'em No Limit ($0.05/$0.10) - 2025/02/03 17:41:17 CET [2025/02/03 11:41:17 ET]
Table 'Aludra' 6-max Seat #1 is the button
Seat 1: Whytek_Bear ($26.25 in chips) 
Seat 2: Mahu2021 ($10.80 in chips) 
Seat 3: chepesextape ($5.54 in chips) 
Seat 4: youngmin5034 ($15.03 in chips) 
Seat 5: AceWise ($10 in chips) 
Seat 6: thanson17 ($5.23 in chips) 
Mahu2021: posts small blind $0.05
chepesextape: posts big blind $0.10
*** HOLE CARDS ***
Dealt to Mahu2021 [4s Ts]
youngmin5034: folds 
AceWise: folds 
thanson17: folds 
Whytek_Bear: folds 
Mahu2021: folds 
Uncalled bet ($0.05) returned to chepesextape
chepesextape collected $0.10 from pot
chepesextape: doesn't show hand 
*** SUMMARY ***
Total pot $0.10 | Rake $0 
Seat 1: Whytek_Bear (button) folded before Flop (didn't bet)
Seat 2: Mahu2021 (small blind) folded before Flop
Seat 3: chepesextape (big blind) collected ($0.10)
Seat 4: youngmin5034 folded before Flop (didn't bet)
Seat 5: AceWise folded before Flop (didn't bet)
Seat 6: thanson17 folded before Flop (didn't bet)



PokerStars Zoom Hand #254688481546:  Hold'em No Limit ($0.05/$0.10) - 2025/02/03 17:41:21 CET [2025/02/03 11:41:21 ET]
Table 'Aludra' 6-max Seat #1 is the button
Seat 1: Mahu2021 ($10.75 in chips) 
Seat 2: Tony the gas ($9.22 in chips) 
Seat 3: fullclock ($7.19 in chips) 
Seat 4: pamonhao ($20.03 in chips) 
Seat 5: padrecico ($10.15 in chips) 
Seat 6: Julian125 ($14.75 in chips) 
Tony the gas: posts small blind $0.05
fullclock: posts big blind $0.10
*** HOLE CARDS ***
Dealt to Mahu2021 [Js Qh]
pamonhao: folds 
padrecico: folds 
Julian125: folds 
Mahu2021: raises $0.20 to $0.30
Tony the gas: folds 
fullclock: raises $0.65 to $0.95
Mahu2021: calls $0.65
*** FLOP *** [3s 4h 7c]
fullclock: bets $6.24 and is all-in
Mahu2021: folds 
Uncalled bet ($6.24) returned to fullclock
fullclock collected $1.86 from pot
fullclock: doesn't show hand 
*** SUMMARY ***
Total pot $1.95 | Rake $0.09 
Board [3s 4h 7c]
Seat 1: Mahu2021 (button) folded on the Flop
Seat 2: Tony the gas (small blind) folded before Flop
Seat 3: fullclock (big blind) collected ($1.86)
Seat 4: pamonhao folded before Flop (didn't bet)
Seat 5: padrecico folded before Flop (didn't bet)
Seat 6: Julian125 folded before Flop (didn't bet)



PokerStars Zoom Hand #254688489156:  Hold'em No Limit ($0.05/$0.10) - 2025/02/03 17:41:54 CET [2025/02/03 11:41:54 ET]
Table 'Aludra' 6-max Seat #1 is the button
Seat 1: looser00091 ($11.11 in chips) 
Seat 2: bvb999 ($11.18 in chips) 
Seat 3: Mahu2021 ($9.80 in chips) 
Seat 4: fullclock ($8.10 in chips) 
Seat 5: Whytek_Bear ($12.06 in chips) 
Seat 6: Donika635 ($22.44 in chips) 
bvb999: posts small blind $0.05
Mahu2021: posts big blind $0.10
*** HOLE CARDS ***
Dealt to Mahu2021 [6s Td]
fullclock: folds 
Whytek_Bear: folds 
Donika635: raises $0.20 to $0.30
looser00091: folds 
bvb999: folds 
Mahu2021: folds 
Uncalled bet ($0.20) returned to Donika635
Donika635 collected $0.25 from pot
Donika635: doesn't show hand 
*** SUMMARY ***
Total pot $0.25 | Rake $0 
Seat 1: looser00091 (button) folded before Flop (didn't bet)
Seat 2: bvb999 (small blind) folded before Flop
Seat 3: Mahu2021 (big blind) folded before Flop
Seat 4: fullclock folded before Flop (didn't bet)
Seat 5: Whytek_Bear folded before Flop (didn't bet)
Seat 6: Donika635 collected ($0.25)



PokerStars Zoom Hand #254688492367:  Hold'em No Limit ($0.05/$0.10) - 2025/02/03 17:42:08 CET [2025/02/03 11:42:08 ET]
Table 'Aludra' 6-max Seat #1 is the button
Seat 1: sanruaro ($21.52 in chips) 
Seat 2: Mahu2021 ($9.70 in chips) 
Seat 3: vyaan65 ($27.87 in chips) 
Seat 4: dragonlanc32 ($11.32 in chips) 
Seat 5: hiding.by ($12.22 in chips) 
Seat 6: Coach1989 ($11.63 in chips) 
Mahu2021: posts small blind $0.05
vyaan65: posts big blind $0.10
*** HOLE CARDS ***
Dealt to Mahu2021 [7d Qc]
dragonlanc32: folds 
hiding.by: folds 
Coach1989: raises $0.10 to $0.20
sanruaro: folds 
Mahu2021: folds 
vyaan65: folds 
Uncalled bet ($0.10) returned to Coach1989
Coach1989 collected $0.25 from pot
Coach1989: doesn't show hand 
*** SUMMARY ***
Total pot $0.25 | Rake $0 
Seat 1: sanruaro (button) folded before Flop (didn't bet)
Seat 2: Mahu2021 (small blind) folded before Flop
Seat 3: vyaan65 (big blind) folded before Flop
Seat 4: dragonlanc32 folded before Flop (didn't bet)
Seat 5: hiding.by folded before Flop (didn't bet)
Seat 6: Coach1989 collected ($0.25)



PokerStars Zoom Hand #254688504987:  Hold'em No Limit ($0.05/$0.10) - 2025/02/03 17:43:03 CET [2025/02/03 11:43:03 ET]
Table 'Aludra' 6-max Seat #1 is the button
Seat 1: anderetsu ($10.42 in chips) 
Seat 2: greu1943 ($9.30 in chips) 
Seat 3: kgeri10 ($2.70 in chips) 
Seat 4: pamonhao ($7.85 in chips) 
Seat 5: Mahu2021 ($9.41 in chips) 
Seat 6: AceWise ($31.95 in chips) 
greu1943: posts small blind $0.05
kgeri10: posts big blind $0.10
*** HOLE CARDS ***
Dealt to Mahu2021 [Jd 3h]
pamonhao: folds 
Mahu2021: folds 
AceWise: folds 
anderetsu: folds 
greu1943: folds 
Uncalled bet ($0.05) returned to kgeri10
kgeri10 collected $0.10 from pot
kgeri10: doesn't show hand 
*** SUMMARY ***
Total pot $0.10 | Rake $0 
Seat 1: anderetsu (button) folded before Flop (didn't bet)
Seat 2: greu1943 (small blind) folded before Flop
Seat 3: kgeri10 (big blind) collected ($0.10)
Seat 4: pamonhao folded before Flop (didn't bet)
Seat 5: Mahu2021 folded before Flop (didn't bet)
Seat 6: AceWise folded before Flop (didn't bet)



PokerStars Zoom Hand #254688505908:  Hold'em No Limit ($0.05/$0.10) - 2025/02/03 17:43:07 CET [2025/02/03 11:43:07 ET]
Table 'Aludra' 6-max Seat #1 is the button
Seat 1: Mahu2021 ($9.41 in chips) 
Seat 2: szef93 ($13.01 in chips) 
Seat 3: Blast4Sure ($12.02 in chips) 
Seat 4: Yash1ch ($5.12 in chips) 
Seat 5: godgift1980 ($15.54 in chips) 
Seat 6: youngmin5034 ($10 in chips) 
szef93: posts small blind $0.05
Blast4Sure: posts big blind $0.10
*** HOLE CARDS ***
Dealt to Mahu2021 [Qc 3d]
Yash1ch: folds 
godgift1980: folds 
youngmin5034: folds 
Mahu2021: folds 
szef93: folds 
Uncalled bet ($0.05) returned to Blast4Sure
Blast4Sure collected $0.10 from pot
Blast4Sure: doesn't show hand 
*** SUMMARY ***
Total pot $0.10 | Rake $0 
Seat 1: Mahu2021 (button) folded before Flop (didn't bet)
Seat 2: szef93 (small blind) folded before Flop
Seat 3: Blast4Sure (big blind) collected ($0.10)
Seat 4: Yash1ch folded before Flop (didn't bet)
Seat 5: godgift1980 folded before Flop (didn't bet)
Seat 6: youngmin5034 folded before Flop (didn't bet)



PokerStars Zoom Hand #254688493336:  Hold'em No Limit ($0.05/$0.10) - 2025/02/03 17:42:12 CET [2025/02/03 11:42:12 ET]
Table 'Aludra' 6-max Seat #1 is the button
Seat 1: EduardoFilg ($17.40 in chips) 
Seat 2: nerd90481 ($11.97 in chips) 
Seat 3: lediodon ($8.98 in chips) 
Seat 4: sanruaro ($21.52 in chips) 
Seat 5: Whytek_Bear ($10 in chips) 
Seat 6: Mahu2021 ($9.65 in chips) 
nerd90481: posts small blind $0.05
lediodon: posts big blind $0.10
*** HOLE CARDS ***
Dealt to Mahu2021 [Qs As]
sanruaro: folds 
Whytek_Bear has timed out
Whytek_Bear: folds 
Mahu2021: raises $0.14 to $0.24
EduardoFilg: calls $0.24
nerd90481: folds 
lediodon: calls $0.14
*** FLOP *** [Td Kc 3h]
lediodon: checks 
Mahu2021: checks 
EduardoFilg: checks 
*** TURN *** [Td Kc 3h] [6s]
lediodon: checks 
Mahu2021: checks 
EduardoFilg: bets $1
lediodon: raises $2.74 to $3.74
Mahu2021: folds 
EduardoFilg: folds 
Uncalled bet ($2.74) returned to lediodon
lediodon collected $2.65 from pot
lediodon: doesn't show hand 
*** SUMMARY ***
Total pot $2.77 | Rake $0.12 
Board [Td Kc 3h 6s]
Seat 1: EduardoFilg (button) folded on the Turn
Seat 2: nerd90481 (small blind) folded before Flop
Seat 3: lediodon (big blind) collected ($2.65)
Seat 4: sanruaro folded before Flop (didn't bet)
Seat 5: Whytek_Bear folded before Flop (didn't bet)
Seat 6: Mahu2021 folded on the Turn



PokerStars Zoom Hand #254688514881:  Hold'em No Limit ($0.05/$0.10) - 2025/02/03 17:43:47 CET [2025/02/03 11:43:47 ET]
Table 'Aludra' 6-max Seat #1 is the button
Seat 1: padrecico ($10 in chips) 
Seat 2: FRSE1104 ($6.83 in chips) 
Seat 3: greu1943 ($9.39 in chips) 
Seat 4: Mahu2021 ($9.18 in chips) 
Seat 5: Fataliti1987 ($13.90 in chips) 
Seat 6: youngmin5034 ($10 in chips) 
FRSE1104: posts small blind $0.05
greu1943: posts big blind $0.10
*** HOLE CARDS ***
Dealt to Mahu2021 [Ad 9c]
Mahu2021: folds 
Fataliti1987: folds 
youngmin5034: folds 
padrecico: folds 
FRSE1104: folds 
Uncalled bet ($0.05) returned to greu1943
greu1943 collected $0.10 from pot
greu1943: doesn't show hand 
*** SUMMARY ***
Total pot $0.10 | Rake $0 
Seat 1: padrecico (button) folded before Flop (didn't bet)
Seat 2: FRSE1104 (small blind) folded before Flop
Seat 3: greu1943 (big blind) collected ($0.10)
Seat 4: Mahu2021 folded before Flop (didn't bet)
Seat 5: Fataliti1987 folded before Flop (didn't bet)
Seat 6: youngmin5034 folded before Flop (didn't bet)



PokerStars Zoom Hand #254688507517:  Hold'em No Limit ($0.05/$0.10) - 2025/02/03 17:43:14 CET [2025/02/03 11:43:14 ET]
Table 'Aludra' 6-max Seat #1 is the button
Seat 1: szef93 ($10 in chips) 
Seat 2: Titsamach ($12.42 in chips) 
Seat 3: youngmin5034 ($11.14 in chips) 
Seat 4: Fataliti1987 ($14.13 in chips) 
Seat 5: Mahu2021 ($9.41 in chips) 
Seat 6: brunopedrinelli ($3.06 in chips) 
Titsamach: posts small blind $0.05
youngmin5034: posts big blind $0.10
*** HOLE CARDS ***
Dealt to Mahu2021 [5h 5c]
Fataliti1987: raises $0.13 to $0.23
Mahu2021: calls $0.23
brunopedrinelli: calls $0.23
szef93: folds 
Titsamach: folds 
youngmin5034: raises $1.17 to $1.40
Fataliti1987: folds 
Mahu2021: folds 
brunopedrinelli: folds 
Uncalled bet ($1.17) returned to youngmin5034
youngmin5034 collected $0.97 from pot
youngmin5034: doesn't show hand 
*** SUMMARY ***
Total pot $0.97 | Rake $0 
Seat 1: szef93 (button) folded before Flop (didn't bet)
Seat 2: Titsamach (small blind) folded before Flop
Seat 3: youngmin5034 (big blind) collected ($0.97)
Seat 4: Fataliti1987 folded before Flop
Seat 5: Mahu2021 folded before Flop
Seat 6: brunopedrinelli folded before Flop



PokerStars Zoom Hand #254688506657:  Hold'em No Limit ($0.05/$0.10) - 2025/02/03 17:43:11 CET [2025/02/03 11:43:11 ET]
Table 'Aludra' 6-max Seat #1 is the button
Seat 1: Panda_Pooh_od ($11.27 in chips) 
Seat 2: Donika635 ($23.78 in chips) 
Seat 3: km1883 ($12.32 in chips) 
Seat 4: Mahu2021 ($9.41 in chips) 
Seat 5: Zeppelin8686 ($23.89 in chips) 
Seat 6: J_Sweatshirt ($15.05 in chips) 
Donika635: posts small blind $0.05
km1883: posts big blind $0.10
*** HOLE CARDS ***
Dealt to Mahu2021 [3h 2c]
Mahu2021: folds 
Zeppelin8686: folds 
J_Sweatshirt: raises $0.16 to $0.26
Panda_Pooh_od: raises $0.54 to $0.80
Donika635: calls $0.75
km1883: folds 
J_Sweatshirt: raises $1 to $1.80
Panda_Pooh_od: raises $9.47 to $11.27 and is all-in
Donika635: calls $10.47
J_Sweatshirt: raises $3.78 to $15.05 and is all-in
Donika635: calls $3.78
*** FLOP *** [9h 2s 9c]
*** TURN *** [9h 2s 9c] [Tc]
*** RIVER *** [9h 2s 9c Tc] [4c]
*** SHOW DOWN ***
Donika635: shows [Td Th] (a full house, Tens full of Nines)
J_Sweatshirt: shows [Ks Kh] (two pair, Kings and Nines)
Donika635 collected $7.56 from side pot
Panda_Pooh_od: shows [As Kd] (a pair of Nines)
Donika635 collected $32.41 from main pot
*** SUMMARY ***
Total pot $41.47 Main pot $32.41. Side pot $7.56. | Rake $1.50 
Board [9h 2s 9c Tc 4c]
Seat 1: Panda_Pooh_od (button) showed [As Kd] and lost with a pair of Nines
Seat 2: Donika635 (small blind) showed [Td Th] and won ($39.97) with a full house, Tens full of Nines
Seat 3: km1883 (big blind) folded before Flop
Seat 4: Mahu2021 folded before Flop (didn't bet)
Seat 5: Zeppelin8686 folded before Flop (didn't bet)
Seat 6: J_Sweatshirt showed [Ks Kh] and lost with two pair, Kings and Nines



PokerStars Zoom Hand #254688515762:  Hold'em No Limit ($0.05/$0.10) - 2025/02/03 17:43:51 CET [2025/02/03 11:43:51 ET]
Table 'Aludra' 6-max Seat #1 is the button
Seat 1: Zeppelin8686 ($23.89 in chips) 
Seat 2: Mahu2021 ($9.18 in chips) 
Seat 3: nerd90481 ($9.86 in chips) 
Seat 4: szef93 ($11.58 in chips) 
Seat 5: knalas ($3.79 in chips) 
Seat 6: youngmin5034 ($10.10 in chips) 
Mahu2021: posts small blind $0.05
nerd90481: posts big blind $0.10
*** HOLE CARDS ***
Dealt to Mahu2021 [6s Jc]
szef93: folds 
knalas: folds 
youngmin5034: raises $0.15 to $0.25
Zeppelin8686: folds 
Mahu2021: folds 
nerd90481: folds 
Uncalled bet ($0.15) returned to youngmin5034
youngmin5034 collected $0.25 from pot
youngmin5034: doesn't show hand 
*** SUMMARY ***
Total pot $0.25 | Rake $0 
Seat 1: Zeppelin8686 (button) folded before Flop (didn't bet)
Seat 2: Mahu2021 (small blind) folded before Flop
Seat 3: nerd90481 (big blind) folded before Flop
Seat 4: szef93 folded before Flop (didn't bet)
Seat 5: knalas folded before Flop (didn't bet)
Seat 6: youngmin5034 collected ($0.25)



PokerStars Zoom Hand #254688523747:  Hold'em No Limit ($0.05/$0.10) - 2025/02/03 17:44:26 CET [2025/02/03 11:44:26 ET]
Table 'Aludra' 6-max Seat #1 is the button
Seat 1: lewisweight ($12.33 in chips) 
Seat 2: nerd90481 ($9.86 in chips) 
Seat 3: legend-polo ($11.22 in chips) 
Seat 4: Danielitoosk ($11.48 in chips) 
Seat 5: ZerON_888 ($22.40 in chips) 
Seat 6: Mahu2021 ($9.03 in chips) 
nerd90481: posts small blind $0.05
legend-polo: posts big blind $0.10
*** HOLE CARDS ***
Dealt to Mahu2021 [Ks Qs]
Danielitoosk: folds 
ZerON_888: folds 
Mahu2021: raises $0.14 to $0.24
lewisweight: folds 
nerd90481: folds 
legend-polo: folds 
Uncalled bet ($0.14) returned to Mahu2021
Mahu2021 collected $0.25 from pot
Mahu2021: doesn't show hand 
*** SUMMARY ***
Total pot $0.25 | Rake $0 
Seat 1: lewisweight (button) folded before Flop (didn't bet)
Seat 2: nerd90481 (small blind) folded before Flop
Seat 3: legend-polo (big blind) folded before Flop
Seat 4: Danielitoosk folded before Flop (didn't bet)
Seat 5: ZerON_888 folded before Flop (didn't bet)
Seat 6: Mahu2021 collected ($0.25)



PokerStars Zoom Hand #254688516490:  Hold'em No Limit ($0.05/$0.10) - 2025/02/03 17:43:54 CET [2025/02/03 11:43:54 ET]
Table 'Aludra' 6-max Seat #1 is the button
Seat 1: ZerON_888 ($21.57 in chips) 
Seat 2: alan87cg ($9.72 in chips) 
Seat 3: Mahu2021 ($9.13 in chips) 
Seat 4: DanC996 ($10 in chips) 
Seat 5: vovo4kapooh ($12.10 in chips) 
Seat 6: vuotee ($15.79 in chips) 
alan87cg: posts small blind $0.05
Mahu2021: posts big blind $0.10
*** HOLE CARDS ***
Dealt to Mahu2021 [Qc 9d]
DanC996: raises $0.12 to $0.22
vovo4kapooh: folds 
vuotee: raises $0.48 to $0.70
ZerON_888: folds 
alan87cg: folds 
Mahu2021: folds 
DanC996: raises $1.55 to $2.25
vuotee: folds 
Uncalled bet ($1.55) returned to DanC996
DanC996 collected $1.55 from pot
DanC996: doesn't show hand 
*** SUMMARY ***
Total pot $1.55 | Rake $0 
Seat 1: ZerON_888 (button) folded before Flop (didn't bet)
Seat 2: alan87cg (small blind) folded before Flop
Seat 3: Mahu2021 (big blind) folded before Flop
Seat 4: DanC996 collected ($1.55)
Seat 5: vovo4kapooh folded before Flop (didn't bet)
Seat 6: vuotee folded before Flop



PokerStars Zoom Hand #254688526613:  Hold'em No Limit ($0.05/$0.10) - 2025/02/03 17:44:38 CET [2025/02/03 11:44:38 ET]
Table 'Aludra' 6-max Seat #1 is the button
Seat 1: anderetsu ($16.48 in chips) 
Seat 2: Blast4Sure ($10.15 in chips) 
Seat 3: Whytek_Bear ($10 in chips) 
Seat 4: Mahu2021 ($9.18 in chips) 
Seat 5: mynutsmakemoney ($20.08 in chips) 
Seat 6: Julian125 ($14.67 in chips) 
Blast4Sure: posts small blind $0.05
Whytek_Bear: posts big blind $0.10
*** HOLE CARDS ***
Dealt to Mahu2021 [Kd 5s]
Mahu2021: folds 
mynutsmakemoney: folds 
Julian125: folds 
anderetsu: folds 
Blast4Sure: folds 
Uncalled bet ($0.05) returned to Whytek_Bear
Whytek_Bear collected $0.10 from pot
Whytek_Bear: doesn't show hand 
*** SUMMARY ***
Total pot $0.10 | Rake $0 
Seat 1: anderetsu (button) folded before Flop (didn't bet)
Seat 2: Blast4Sure (small blind) folded before Flop
Seat 3: Whytek_Bear (big blind) collected ($0.10)
Seat 4: Mahu2021 folded before Flop (didn't bet)
Seat 5: mynutsmakemoney folded before Flop (didn't bet)
Seat 6: Julian125 folded before Flop (didn't bet)



PokerStars Zoom Hand #254688528820:  Hold'em No Limit ($0.05/$0.10) - 2025/02/03 17:44:48 CET [2025/02/03 11:44:48 ET]
Table 'Aludra' 6-max Seat #1 is the button
Seat 1: thilo117 ($11.90 in chips) 
Seat 2: chepesextape ($7.04 in chips) 
Seat 3: ZerON_888 ($10.22 in chips) 
Seat 4: SinnedKK ($8.93 in chips) 
Seat 5: Mahu2021 ($9.18 in chips) 
Seat 6: vyaan65 ($26.70 in chips) 
chepesextape: posts small blind $0.05
ZerON_888: posts big blind $0.10
*** HOLE CARDS ***
Dealt to Mahu2021 [Ah Tc]
SinnedKK: folds 
Mahu2021: raises $0.14 to $0.24
vyaan65: folds 
thilo117: folds 
chepesextape: folds 
ZerON_888: folds 
Uncalled bet ($0.14) returned to Mahu2021
Mahu2021 collected $0.25 from pot
Mahu2021: doesn't show hand 
*** SUMMARY ***
Total pot $0.25 | Rake $0 
Seat 1: thilo117 (button) folded before Flop (didn't bet)
Seat 2: chepesextape (small blind) folded before Flop
Seat 3: ZerON_888 (big blind) folded before Flop
Seat 4: SinnedKK folded before Flop (didn't bet)
Seat 5: Mahu2021 collected ($0.25)
Seat 6: vyaan65 folded before Flop (didn't bet)



PokerStars Zoom Hand #254688522915:  Hold'em No Limit ($0.05/$0.10) - 2025/02/03 17:44:22 CET [2025/02/03 11:44:22 ET]
Table 'Aludra' 6-max Seat #1 is the button
Seat 1: Mahu2021 ($9.03 in chips) 
Seat 2: Tageponken ($5.86 in chips) 
Seat 3: km1883 ($12.60 in chips) 
Seat 4: vk1896 ($9.47 in chips) 
Seat 5: anderetsu ($10.07 in chips) 
Seat 6: vovo4kapooh ($12 in chips) 
Tageponken: posts small blind $0.05
km1883: posts big blind $0.10
*** HOLE CARDS ***
Dealt to Mahu2021 [4h Jh]
vk1896: raises $0.20 to $0.30
anderetsu: folds 
vovo4kapooh: folds 
Mahu2021: folds 
Tageponken: calls $0.25
km1883: folds 
*** FLOP *** [Kh 5c Ah]
Tageponken: bets $0.20
vk1896: calls $0.20
*** TURN *** [Kh 5c Ah] [Qs]
Tageponken: checks 
vk1896: bets $0.63
Tageponken: folds 
Uncalled bet ($0.63) returned to vk1896
vk1896 collected $1.05 from pot
vk1896: doesn't show hand 
*** SUMMARY ***
Total pot $1.10 | Rake $0.05 
Board [Kh 5c Ah Qs]
Seat 1: Mahu2021 (button) folded before Flop (didn't bet)
Seat 2: Tageponken (small blind) folded on the Turn
Seat 3: km1883 (big blind) folded before Flop
Seat 4: vk1896 collected ($1.05)
Seat 5: anderetsu folded before Flop (didn't bet)
Seat 6: vovo4kapooh folded before Flop (didn't bet)



PokerStars Zoom Hand #254688532014:  Hold'em No Limit ($0.05/$0.10) - 2025/02/03 17:45:01 CET [2025/02/03 11:45:01 ET]
Table 'Aludra' 6-max Seat #1 is the button
Seat 1: chepesextape ($6.99 in chips) 
Seat 2: J_Sweatshirt ($21.28 in chips) 
Seat 3: Mahu2021 ($9.33 in chips) 
Seat 4: vyaan65 ($26.65 in chips) 
Seat 5: youngmin5034 ($12.78 in chips) 
Seat 6: Reklass ($11.51 in chips) 
J_Sweatshirt: posts small blind $0.05
Mahu2021: posts big blind $0.10
*** HOLE CARDS ***
Dealt to Mahu2021 [8h 9d]
vyaan65: folds 
youngmin5034: folds 
Reklass: folds 
chepesextape: raises $0.15 to $0.25
J_Sweatshirt: folds 
Mahu2021: calls $0.15
*** FLOP *** [9h 4d 3d]
Mahu2021: checks 
chepesextape: bets $0.27
Mahu2021: calls $0.27
*** TURN *** [9h 4d 3d] [Ad]
Mahu2021: checks 
chepesextape: checks 
*** RIVER *** [9h 4d 3d Ad] [Ts]
Mahu2021: bets $1.04
chepesextape: calls $1.04
*** SHOW DOWN ***
Mahu2021: shows [8h 9d] (a pair of Nines)
chepesextape: shows [Ah Th] (two pair, Aces and Tens)
chepesextape collected $3.03 from pot
*** SUMMARY ***
Total pot $3.17 | Rake $0.14 
Board [9h 4d 3d Ad Ts]
Seat 1: chepesextape (button) showed [Ah Th] and won ($3.03) with two pair, Aces and Tens
Seat 2: J_Sweatshirt (small blind) folded before Flop
Seat 3: Mahu2021 (big blind) showed [8h 9d] and lost with a pair of Nines
Seat 4: vyaan65 folded before Flop (didn't bet)
Seat 5: youngmin5034 folded before Flop (didn't bet)
Seat 6: Reklass folded before Flop (didn't bet)



PokerStars Zoom Hand #254688527513:  Hold'em No Limit ($0.05/$0.10) - 2025/02/03 17:44:42 CET [2025/02/03 11:44:42 ET]
Table 'Aludra' 6-max Seat #1 is the button
Seat 1: adownunder ($14 in chips) 
Seat 2: vuotee ($15.09 in chips) 
Seat 3: vovo4kapooh ($11.95 in chips) 
Seat 4: Titsamach ($10.82 in chips) 
Seat 5: Mahu2021 ($9.18 in chips) 
Seat 6: Coach1989 ($11.98 in chips) 
vuotee: posts small blind $0.05
vovo4kapooh: posts big blind $0.10
*** HOLE CARDS ***
Dealt to Mahu2021 [7c Jd]
Titsamach: raises $0.10 to $0.20
Mahu2021: folds 
Coach1989: calls $0.20
adownunder: folds 
vuotee: folds 
vovo4kapooh: calls $0.10
*** FLOP *** [6s 8d 2c]
vovo4kapooh: checks 
Titsamach: checks 
Coach1989: bets $0.40
vovo4kapooh: calls $0.40
Titsamach: calls $0.40
*** TURN *** [6s 8d 2c] [4s]
vovo4kapooh: checks 
Titsamach: checks 
Coach1989: bets $1
vovo4kapooh: folds 
Titsamach: raises $1.89 to $2.89
Coach1989: folds 
Uncalled bet ($1.89) returned to Titsamach
Titsamach collected $3.68 from pot
Titsamach: doesn't show hand 
*** SUMMARY ***
Total pot $3.85 | Rake $0.17 
Board [6s 8d 2c 4s]
Seat 1: adownunder (button) folded before Flop (didn't bet)
Seat 2: vuotee (small blind) folded before Flop
Seat 3: vovo4kapooh (big blind) folded on the Turn
Seat 4: Titsamach collected ($3.68)
Seat 5: Mahu2021 folded before Flop (didn't bet)
Seat 6: Coach1989 folded on the Turn



PokerStars Zoom Hand #254688540056:  Hold'em No Limit ($0.05/$0.10) - 2025/02/03 17:45:36 CET [2025/02/03 11:45:36 ET]
Table 'Aludra' 6-max Seat #1 is the button
Seat 1: vyaan65 ($23.55 in chips) 
Seat 2: Mahu2021 ($7.77 in chips) 
Seat 3: nathanjones12 ($10.53 in chips) 
Seat 4: thilo117 ($11.69 in chips) 
Seat 5: anderetsu ($9.77 in chips) 
Seat 6: Julian125 ($17.69 in chips) 
Mahu2021: posts small blind $0.05
nathanjones12: posts big blind $0.10
*** HOLE CARDS ***
Dealt to Mahu2021 [6d Kd]
thilo117: folds 
anderetsu has timed out
anderetsu: folds 
Julian125: folds 
vyaan65: folds 
Mahu2021: raises $0.20 to $0.30
nathanjones12: calls $0.20
*** FLOP *** [8s Kh 4s]
Mahu2021: bets $0.30
nathanjones12: raises $0.59 to $0.89
Mahu2021: calls $0.59
*** TURN *** [8s Kh 4s] [7d]
Mahu2021: bets $0.30
nathanjones12: raises $1.44 to $1.74
Mahu2021: raises $4.84 to $6.58 and is all-in
nathanjones12: calls $4.84
*** RIVER *** [8s Kh 4s 7d] [Th]
*** SHOW DOWN ***
Mahu2021: shows [6d Kd] (a pair of Kings)
nathanjones12: shows [5s 6h] (a straight, Four to Eight)
nathanjones12 collected $14.84 from pot
*** SUMMARY ***
Total pot $15.54 | Rake $0.70 
Board [8s Kh 4s 7d Th]
Seat 1: vyaan65 (button) folded before Flop (didn't bet)
Seat 2: Mahu2021 (small blind) showed [6d Kd] and lost with a pair of Kings
Seat 3: nathanjones12 (big blind) showed [5s 6h] and won ($14.84) with a straight, Four to Eight
Seat 4: thilo117 folded before Flop (didn't bet)
Seat 5: anderetsu folded before Flop (didn't bet)
Seat 6: Julian125 folded before Flop (didn't bet)



