PokerStars Hand #253462367923: Tournament #3824877385, $1.84+$0.16 USD Hold'em No Limit - Level I (10/20) - 2024/11/18 17:34:45 CET [2024/11/18 11:34:45 ET]
Table '3824877385 1' 3-max Seat #1 is the button
Seat 1: fudencio jr (500 in chips) 
Seat 2: 007cw (500 in chips) 
Seat 3: Mahu2021 (500 in chips) 
007cw: posts small blind 10
Mahu2021: posts big blind 20
*** HOLE CARDS ***
Dealt to Mahu2021 [Js 5c]
fudencio jr: folds 
007cw: calls 10
Mahu2021: checks 
*** FLOP *** [5d Jc 9c]
007cw: bets 40
Mahu2021: calls 40
*** TURN *** [5d Jc 9c] [Qd]
007cw: bets 40
Mahu2021: calls 40
*** RIVER *** [5d Jc 9c Qd] [8h]
007cw: checks 
Mahu2021: checks 
*** SHOW DOWN ***
007cw: shows [2s Ts] (a straight, Eight to Queen)
Mahu2021: mucks hand 
007cw collected 200 from pot
*** SUMMARY ***
Total pot 200 | Rake 0 
Board [5d Jc 9c Qd 8h]
Seat 1: fudencio jr (button) folded before Flop (didn't bet)
Seat 2: 007cw (small blind) showed [2s Ts] and won (200) with a straight, Eight to Queen
Seat 3: Mahu2021 (big blind) mucked [Js 5c]



PokerStars Hand #253462372849: Tournament #3824877385, $1.84+$0.16 USD Hold'em No Limit - Level I (10/20) - 2024/11/18 17:35:08 CET [2024/11/18 11:35:08 ET]
Table '3824877385 1' 3-max Seat #2 is the button
Seat 1: fudencio jr (500 in chips) 
Seat 2: 007cw (600 in chips) 
Seat 3: Mahu2021 (400 in chips) 
Mahu2021: posts small blind 10
fudencio jr: posts big blind 20
*** HOLE CARDS ***
Dealt to Mahu2021 [2d 9c]
007cw: calls 20
Mahu2021: folds 
fudencio jr: checks 
*** FLOP *** [2s Kc 6s]
fudencio jr: checks 
007cw: bets 40
fudencio jr: folds 
Uncalled bet (40) returned to 007cw
007cw collected 50 from pot
*** SUMMARY ***
Total pot 50 | Rake 0 
Board [2s Kc 6s]
Seat 1: fudencio jr (big blind) folded on the Flop
Seat 2: 007cw (button) collected (50)
Seat 3: Mahu2021 (small blind) folded before Flop



PokerStars Hand #253462376027: Tournament #3824877385, $1.84+$0.16 USD Hold'em No Limit - Level I (10/20) - 2024/11/18 17:35:23 CET [2024/11/18 11:35:23 ET]
Table '3824877385 1' 3-max Seat #3 is the button
Seat 1: fudencio jr (480 in chips) 
Seat 2: 007cw (630 in chips) 
Seat 3: Mahu2021 (390 in chips) 
fudencio jr: posts small blind 10
007cw: posts big blind 20
*** HOLE CARDS ***
Dealt to Mahu2021 [3c 2s]
Mahu2021: folds 
fudencio jr: folds 
Uncalled bet (10) returned to 007cw
007cw collected 20 from pot
*** SUMMARY ***
Total pot 20 | Rake 0 
Seat 1: fudencio jr (small blind) folded before Flop
Seat 2: 007cw (big blind) collected (20)
Seat 3: Mahu2021 (button) folded before Flop (didn't bet)



PokerStars Hand #253462377135: Tournament #3824877385, $1.84+$0.16 USD Hold'em No Limit - Level I (10/20) - 2024/11/18 17:35:28 CET [2024/11/18 11:35:28 ET]
Table '3824877385 1' 3-max Seat #1 is the button
Seat 1: fudencio jr (470 in chips) 
Seat 2: 007cw (640 in chips) 
Seat 3: Mahu2021 (390 in chips) 
007cw: posts small blind 10
Mahu2021: posts big blind 20
*** HOLE CARDS ***
Dealt to Mahu2021 [5h Kh]
fudencio jr: raises 20 to 40
007cw: calls 30
Mahu2021: calls 20
*** FLOP *** [8h 9c 5d]
007cw: checks 
Mahu2021: bets 40
fudencio jr: raises 390 to 430 and is all-in
007cw: folds 
Mahu2021: folds 
Uncalled bet (390) returned to fudencio jr
fudencio jr collected 200 from pot
*** SUMMARY ***
Total pot 200 | Rake 0 
Board [8h 9c 5d]
Seat 1: fudencio jr (button) collected (200)
Seat 2: 007cw (small blind) folded on the Flop
Seat 3: Mahu2021 (big blind) folded on the Flop



PokerStars Hand #253462381170: Tournament #3824877385, $1.84+$0.16 USD Hold'em No Limit - Level I (10/20) - 2024/11/18 17:35:46 CET [2024/11/18 11:35:46 ET]
Table '3824877385 1' 3-max Seat #2 is the button
Seat 1: fudencio jr (590 in chips) 
Seat 2: 007cw (600 in chips) 
Seat 3: Mahu2021 (310 in chips) 
Mahu2021: posts small blind 10
fudencio jr: posts big blind 20
*** HOLE CARDS ***
Dealt to Mahu2021 [8h 4s]
007cw: folds 
Mahu2021: folds 
Uncalled bet (10) returned to fudencio jr
fudencio jr collected 20 from pot
*** SUMMARY ***
Total pot 20 | Rake 0 
Seat 1: fudencio jr (big blind) collected (20)
Seat 2: 007cw (button) folded before Flop (didn't bet)
Seat 3: Mahu2021 (small blind) folded before Flop



PokerStars Hand #253462382277: Tournament #3824877385, $1.84+$0.16 USD Hold'em No Limit - Level I (10/20) - 2024/11/18 17:35:52 CET [2024/11/18 11:35:52 ET]
Table '3824877385 1' 3-max Seat #3 is the button
Seat 1: fudencio jr (600 in chips) 
Seat 2: 007cw (600 in chips) 
Seat 3: Mahu2021 (300 in chips) 
fudencio jr: posts small blind 10
007cw: posts big blind 20
*** HOLE CARDS ***
Dealt to Mahu2021 [Kd 5d]
Mahu2021: raises 20 to 40
fudencio jr: folds 
007cw: calls 20
*** FLOP *** [Jc Kh 2h]
007cw: checks 
Mahu2021: bets 40
007cw: folds 
Uncalled bet (40) returned to Mahu2021
Mahu2021 collected 90 from pot
Mahu2021: doesn't show hand 
*** SUMMARY ***
Total pot 90 | Rake 0 
Board [Jc Kh 2h]
Seat 1: fudencio jr (small blind) folded before Flop
Seat 2: 007cw (big blind) folded on the Flop
Seat 3: Mahu2021 (button) collected (90)



PokerStars Hand #253462384935: Tournament #3824877385, $1.84+$0.16 USD Hold'em No Limit - Level I (10/20) - 2024/11/18 17:36:04 CET [2024/11/18 11:36:04 ET]
Table '3824877385 1' 3-max Seat #1 is the button
Seat 1: fudencio jr (590 in chips) 
Seat 2: 007cw (560 in chips) 
Seat 3: Mahu2021 (350 in chips) 
007cw: posts small blind 10
Mahu2021: posts big blind 20
*** HOLE CARDS ***
Dealt to Mahu2021 [5d 3c]
fudencio jr: folds 
007cw: calls 10
Mahu2021: checks 
*** FLOP *** [7s Ah Th]
007cw: bets 40
Mahu2021: folds 
Uncalled bet (40) returned to 007cw
007cw collected 40 from pot
*** SUMMARY ***
Total pot 40 | Rake 0 
Board [7s Ah Th]
Seat 1: fudencio jr (button) folded before Flop (didn't bet)
Seat 2: 007cw (small blind) collected (40)
Seat 3: Mahu2021 (big blind) folded on the Flop



PokerStars Hand #253462387401: Tournament #3824877385, $1.84+$0.16 USD Hold'em No Limit - Level I (10/20) - 2024/11/18 17:36:15 CET [2024/11/18 11:36:15 ET]
Table '3824877385 1' 3-max Seat #2 is the button
Seat 1: fudencio jr (590 in chips) 
Seat 2: 007cw (580 in chips) 
Seat 3: Mahu2021 (330 in chips) 
Mahu2021: posts small blind 10
fudencio jr: posts big blind 20
*** HOLE CARDS ***
Dealt to Mahu2021 [2h Jd]
007cw: calls 20
Mahu2021: folds 
fudencio jr: raises 50 to 70
007cw: calls 50
*** FLOP *** [Kc 9d 4d]
fudencio jr: bets 75
007cw: raises 435 to 510 and is all-in
fudencio jr: calls 435
*** TURN *** [Kc 9d 4d] [5h]
*** RIVER *** [Kc 9d 4d 5h] [3d]
*** SHOW DOWN ***
fudencio jr: shows [Js Jh] (a pair of Jacks)
007cw: shows [9h Th] (a pair of Nines)
fudencio jr collected 1170 from pot
007cw finished the tournament in 3rd place
*** SUMMARY ***
Total pot 1170 | Rake 0 
Board [Kc 9d 4d 5h 3d]
Seat 1: fudencio jr (big blind) showed [Js Jh] and won (1170) with a pair of Jacks
Seat 2: 007cw (button) showed [9h Th] and lost with a pair of Nines
Seat 3: Mahu2021 (small blind) folded before Flop



PokerStars Hand #253462393074: Tournament #3824877385, $1.84+$0.16 USD Hold'em No Limit - Level I (10/20) - 2024/11/18 17:36:41 CET [2024/11/18 11:36:41 ET]
Table '3824877385 1' 3-max Seat #1 is the button
Seat 1: fudencio jr (1180 in chips) 
Seat 3: Mahu2021 (320 in chips) 
fudencio jr: posts small blind 10
Mahu2021: posts big blind 20
*** HOLE CARDS ***
Dealt to Mahu2021 [6d As]
fudencio jr: calls 10
Mahu2021: checks 
*** FLOP *** [Qs Qd Tc]
Mahu2021: checks 
fudencio jr: checks 
*** TURN *** [Qs Qd Tc] [2c]
Mahu2021: bets 40
fudencio jr: calls 40
*** RIVER *** [Qs Qd Tc 2c] [Kc]
Mahu2021: checks 
fudencio jr: bets 60
Mahu2021: folds 
Uncalled bet (60) returned to fudencio jr
fudencio jr collected 120 from pot
*** SUMMARY ***
Total pot 120 | Rake 0 
Board [Qs Qd Tc 2c Kc]
Seat 1: fudencio jr (button) (small blind) collected (120)
Seat 3: Mahu2021 (big blind) folded on the River



PokerStars Hand #253462397622: Tournament #3824877385, $1.84+$0.16 USD Hold'em No Limit - Level I (10/20) - 2024/11/18 17:37:03 CET [2024/11/18 11:37:03 ET]
Table '3824877385 1' 3-max Seat #3 is the button
Seat 1: fudencio jr (1240 in chips) 
Seat 3: Mahu2021 (260 in chips) 
Mahu2021: posts small blind 10
fudencio jr: posts big blind 20
*** HOLE CARDS ***
Dealt to Mahu2021 [Kh 2h]
Mahu2021: raises 20 to 40
fudencio jr: folds 
Uncalled bet (20) returned to Mahu2021
Mahu2021 collected 40 from pot
Mahu2021: doesn't show hand 
*** SUMMARY ***
Total pot 40 | Rake 0 
Seat 1: fudencio jr (big blind) folded before Flop
Seat 3: Mahu2021 (button) (small blind) collected (40)



PokerStars Hand #253462399046: Tournament #3824877385, $1.84+$0.16 USD Hold'em No Limit - Level I (10/20) - 2024/11/18 17:37:09 CET [2024/11/18 11:37:09 ET]
Table '3824877385 1' 3-max Seat #1 is the button
Seat 1: fudencio jr (1220 in chips) 
Seat 3: Mahu2021 (280 in chips) 
fudencio jr: posts small blind 10
Mahu2021: posts big blind 20
*** HOLE CARDS ***
Dealt to Mahu2021 [2c 8h]
fudencio jr: calls 10
Mahu2021: checks 
*** FLOP *** [As Ks 7c]
Mahu2021: checks 
fudencio jr: checks 
*** TURN *** [As Ks 7c] [Kc]
Mahu2021: checks 
fudencio jr: bets 20
Mahu2021: folds 
Uncalled bet (20) returned to fudencio jr
fudencio jr collected 40 from pot
*** SUMMARY ***
Total pot 40 | Rake 0 
Board [As Ks 7c Kc]
Seat 1: fudencio jr (button) (small blind) collected (40)
Seat 3: Mahu2021 (big blind) folded on the Turn



PokerStars Hand #253462402174: Tournament #3824877385, $1.84+$0.16 USD Hold'em No Limit - Level I (10/20) - 2024/11/18 17:37:24 CET [2024/11/18 11:37:24 ET]
Table '3824877385 1' 3-max Seat #3 is the button
Seat 1: fudencio jr (1240 in chips) 
Seat 3: Mahu2021 (260 in chips) 
Mahu2021: posts small blind 10
fudencio jr: posts big blind 20
*** HOLE CARDS ***
Dealt to Mahu2021 [Kh 6s]
Mahu2021: raises 20 to 40
fudencio jr: calls 20
*** FLOP *** [Qc 4h 8d]
fudencio jr: checks 
Mahu2021: checks 
*** TURN *** [Qc 4h 8d] [Ah]
fudencio jr: checks 
Mahu2021: bets 40
fudencio jr: folds 
Uncalled bet (40) returned to Mahu2021
Mahu2021 collected 80 from pot
Mahu2021: doesn't show hand 
*** SUMMARY ***
Total pot 80 | Rake 0 
Board [Qc 4h 8d Ah]
Seat 1: fudencio jr (big blind) folded on the Turn
Seat 3: Mahu2021 (button) (small blind) collected (80)



PokerStars Hand #253462406413: Tournament #3824877385, $1.84+$0.16 USD Hold'em No Limit - Level I (10/20) - 2024/11/18 17:37:43 CET [2024/11/18 11:37:43 ET]
Table '3824877385 1' 3-max Seat #1 is the button
Seat 1: fudencio jr (1200 in chips) 
Seat 3: Mahu2021 (300 in chips) 
fudencio jr: posts small blind 10
Mahu2021: posts big blind 20
*** HOLE CARDS ***
Dealt to Mahu2021 [8h 8d]
fudencio jr: calls 10
Mahu2021: raises 280 to 300 and is all-in
fudencio jr: folds 
Uncalled bet (280) returned to Mahu2021
Mahu2021 collected 40 from pot
Mahu2021: doesn't show hand 
*** SUMMARY ***
Total pot 40 | Rake 0 
Seat 1: fudencio jr (button) (small blind) folded before Flop
Seat 3: Mahu2021 (big blind) collected (40)



PokerStars Hand #253462408640: Tournament #3824877385, $1.84+$0.16 USD Hold'em No Limit - Level II (15/30) - 2024/11/18 17:37:54 CET [2024/11/18 11:37:54 ET]
Table '3824877385 1' 3-max Seat #3 is the button
Seat 1: fudencio jr (1180 in chips) 
Seat 3: Mahu2021 (320 in chips) 
Mahu2021: posts small blind 15
fudencio jr: posts big blind 30
*** HOLE CARDS ***
Dealt to Mahu2021 [7c Qh]
Mahu2021: calls 15
fudencio jr: raises 1150 to 1180 and is all-in
Mahu2021: folds 
Uncalled bet (1150) returned to fudencio jr
fudencio jr collected 60 from pot
*** SUMMARY ***
Total pot 60 | Rake 0 
Seat 1: fudencio jr (big blind) collected (60)
Seat 3: Mahu2021 (button) (small blind) folded before Flop



PokerStars Hand #253462410642: Tournament #3824877385, $1.84+$0.16 USD Hold'em No Limit - Level II (15/30) - 2024/11/18 17:38:03 CET [2024/11/18 11:38:03 ET]
Table '3824877385 1' 3-max Seat #1 is the button
Seat 1: fudencio jr (1210 in chips) 
Seat 3: Mahu2021 (290 in chips) 
fudencio jr: posts small blind 15
Mahu2021: posts big blind 30
*** HOLE CARDS ***
Dealt to Mahu2021 [7d 8c]
fudencio jr: calls 15
Mahu2021: checks 
*** FLOP *** [Kh 3s 3c]
Mahu2021: checks 
fudencio jr: checks 
*** TURN *** [Kh 3s 3c] [Ah]
Mahu2021: checks 
fudencio jr: checks 
*** RIVER *** [Kh 3s 3c Ah] [4d]
Mahu2021: checks 
fudencio jr: checks 
*** SHOW DOWN ***
Mahu2021: shows [7d 8c] (a pair of Threes)
fudencio jr: shows [9d Jc] (a pair of Threes - Ace+King+Jack kicker)
fudencio jr collected 60 from pot
*** SUMMARY ***
Total pot 60 | Rake 0 
Board [Kh 3s 3c Ah 4d]
Seat 1: fudencio jr (button) (small blind) showed [9d Jc] and won (60) with a pair of Threes
Seat 3: Mahu2021 (big blind) showed [7d 8c] and lost with a pair of Threes



PokerStars Hand #253462414726: Tournament #3824877385, $1.84+$0.16 USD Hold'em No Limit - Level II (15/30) - 2024/11/18 17:38:22 CET [2024/11/18 11:38:22 ET]
Table '3824877385 1' 3-max Seat #3 is the button
Seat 1: fudencio jr (1240 in chips) 
Seat 3: Mahu2021 (260 in chips) 
Mahu2021: posts small blind 15
fudencio jr: posts big blind 30
*** HOLE CARDS ***
Dealt to Mahu2021 [4c Js]
Mahu2021: calls 15
fudencio jr: checks 
*** FLOP *** [7c Jd 7h]
fudencio jr: checks 
Mahu2021: bets 60
fudencio jr: folds 
Uncalled bet (60) returned to Mahu2021
Mahu2021 collected 60 from pot
Mahu2021: doesn't show hand 
*** SUMMARY ***
Total pot 60 | Rake 0 
Board [7c Jd 7h]
Seat 1: fudencio jr (big blind) folded on the Flop
Seat 3: Mahu2021 (button) (small blind) collected (60)



PokerStars Hand #253462417926: Tournament #3824877385, $1.84+$0.16 USD Hold'em No Limit - Level II (15/30) - 2024/11/18 17:38:36 CET [2024/11/18 11:38:36 ET]
Table '3824877385 1' 3-max Seat #1 is the button
Seat 1: fudencio jr (1210 in chips) 
Seat 3: Mahu2021 (290 in chips) 
fudencio jr: posts small blind 15
Mahu2021: posts big blind 30
*** HOLE CARDS ***
Dealt to Mahu2021 [Kd Ad]
fudencio jr: calls 15
Mahu2021: raises 60 to 90
fudencio jr: folds 
Uncalled bet (60) returned to Mahu2021
Mahu2021 collected 60 from pot
Mahu2021: doesn't show hand 
*** SUMMARY ***
Total pot 60 | Rake 0 
Seat 1: fudencio jr (button) (small blind) folded before Flop
Seat 3: Mahu2021 (big blind) collected (60)



PokerStars Hand #253462419541: Tournament #3824877385, $1.84+$0.16 USD Hold'em No Limit - Level II (15/30) - 2024/11/18 17:38:44 CET [2024/11/18 11:38:44 ET]
Table '3824877385 1' 3-max Seat #3 is the button
Seat 1: fudencio jr (1180 in chips) 
Seat 3: Mahu2021 (320 in chips) 
Mahu2021: posts small blind 15
fudencio jr: posts big blind 30
*** HOLE CARDS ***
Dealt to Mahu2021 [9d Qh]
Mahu2021: raises 30 to 60
fudencio jr: calls 30
*** FLOP *** [6h Ts 9s]
fudencio jr: checks 
Mahu2021: bets 260 and is all-in
fudencio jr: calls 260
*** TURN *** [6h Ts 9s] [3d]
*** RIVER *** [6h Ts 9s 3d] [6d]
*** SHOW DOWN ***
fudencio jr: shows [3h Th] (two pair, Tens and Sixes)
Mahu2021: shows [9d Qh] (two pair, Nines and Sixes)
fudencio jr collected 640 from pot
Mahu2021 finished the tournament in 2nd place
fudencio jr wins the tournament and receives $6.00 - congratulations!
*** SUMMARY ***
Total pot 640 | Rake 0 
Board [6h Ts 9s 3d 6d]
Seat 1: fudencio jr (big blind) showed [3h Th] and won (640) with two pair, Tens and Sixes
Seat 3: Mahu2021 (button) (small blind) showed [9d Qh] and lost with two pair, Nines and Sixes



