PokerStars Hand #246888629173: Tournament #3667413961, $1.84+$0.16 USD Hold'em No Limit - Level I (10/20) - 2023/11/02 21:02:49 CET [2023/11/02 16:02:49 ET]
Table '3667413961 1' 3-max Seat #1 is the button
Seat 1: SLAPSUS09 (500 in chips) 
Seat 2: Mahu2021 (500 in chips) 
Seat 3: epenae (500 in chips) 
Mahu2021: posts small blind 10
epenae: posts big blind 20
*** HOLE CARDS ***
Dealt to Mahu2021 [6s Qd]
SLAPSUS09: folds 
Mahu2021: folds 
Uncalled bet (10) returned to epenae
epenae collected 20 from pot
epenae: doesn't show hand 
*** SUMMARY ***
Total pot 20 | Rake 0 
Seat 1: SLAPSUS09 (button) folded before Flop (didn't bet)
Seat 2: Mahu2021 (small blind) folded before Flop
Seat 3: epenae (big blind) collected (20)



PokerStars Hand #246888630636: Tournament #3667413961, $1.84+$0.16 USD Hold'em No Limit - Level I (10/20) - 2023/11/02 21:02:54 CET [2023/11/02 16:02:54 ET]
Table '3667413961 1' 3-max Seat #2 is the button
Seat 1: SLAPSUS09 (500 in chips) 
Seat 2: Mahu2021 (490 in chips) 
Seat 3: epenae (510 in chips) 
epenae: posts small blind 10
SLAPSUS09: posts big blind 20
*** HOLE CARDS ***
Dealt to Mahu2021 [8d 5h]
Mahu2021: folds 
epenae: raises 30 to 50
SLAPSUS09: calls 30
*** FLOP *** [Js 8h 7d]
epenae: checks 
SLAPSUS09: bets 40
epenae: calls 40
*** TURN *** [Js 8h 7d] [Ks]
epenae: checks 
SLAPSUS09: bets 80
epenae: folds 
Uncalled bet (80) returned to SLAPSUS09
SLAPSUS09 collected 180 from pot
SLAPSUS09: doesn't show hand 
*** SUMMARY ***
Total pot 180 | Rake 0 
Board [Js 8h 7d Ks]
Seat 1: SLAPSUS09 (big blind) collected (180)
Seat 2: Mahu2021 (button) folded before Flop (didn't bet)
Seat 3: epenae (small blind) folded on the Turn



PokerStars Hand #246888642826: Tournament #3667413961, $1.84+$0.16 USD Hold'em No Limit - Level I (10/20) - 2023/11/02 21:03:27 CET [2023/11/02 16:03:27 ET]
Table '3667413961 1' 3-max Seat #3 is the button
Seat 1: SLAPSUS09 (590 in chips) 
Seat 2: Mahu2021 (490 in chips) 
Seat 3: epenae (420 in chips) 
SLAPSUS09: posts small blind 10
Mahu2021: posts big blind 20
*** HOLE CARDS ***
Dealt to Mahu2021 [Kh Js]
epenae: folds 
SLAPSUS09: raises 20 to 40
Mahu2021: calls 20
*** FLOP *** [Tc As 5h]
SLAPSUS09: checks 
Mahu2021: bets 40
SLAPSUS09: folds 
Uncalled bet (40) returned to Mahu2021
Mahu2021 collected 80 from pot
Mahu2021: doesn't show hand 
*** SUMMARY ***
Total pot 80 | Rake 0 
Board [Tc As 5h]
Seat 1: SLAPSUS09 (small blind) folded on the Flop
Seat 2: Mahu2021 (big blind) collected (80)
Seat 3: epenae (button) folded before Flop (didn't bet)



PokerStars Hand #246888649252: Tournament #3667413961, $1.84+$0.16 USD Hold'em No Limit - Level I (10/20) - 2023/11/02 21:03:45 CET [2023/11/02 16:03:45 ET]
Table '3667413961 1' 3-max Seat #1 is the button
Seat 1: SLAPSUS09 (550 in chips) 
Seat 2: Mahu2021 (530 in chips) 
Seat 3: epenae (420 in chips) 
Mahu2021: posts small blind 10
epenae: posts big blind 20
*** HOLE CARDS ***
Dealt to Mahu2021 [9c 3d]
SLAPSUS09: folds 
Mahu2021: folds 
Uncalled bet (10) returned to epenae
epenae collected 20 from pot
epenae: doesn't show hand 
*** SUMMARY ***
Total pot 20 | Rake 0 
Seat 1: SLAPSUS09 (button) folded before Flop (didn't bet)
Seat 2: Mahu2021 (small blind) folded before Flop
Seat 3: epenae (big blind) collected (20)



PokerStars Hand #246888650989: Tournament #3667413961, $1.84+$0.16 USD Hold'em No Limit - Level I (10/20) - 2023/11/02 21:03:50 CET [2023/11/02 16:03:50 ET]
Table '3667413961 1' 3-max Seat #2 is the button
Seat 1: SLAPSUS09 (550 in chips) 
Seat 2: Mahu2021 (520 in chips) 
Seat 3: epenae (430 in chips) 
epenae: posts small blind 10
SLAPSUS09: posts big blind 20
*** HOLE CARDS ***
Dealt to Mahu2021 [Kd Qd]
Mahu2021: raises 20 to 40
epenae: folds 
SLAPSUS09: folds 
Uncalled bet (20) returned to Mahu2021
Mahu2021 collected 50 from pot
Mahu2021: doesn't show hand 
*** SUMMARY ***
Total pot 50 | Rake 0 
Seat 1: SLAPSUS09 (big blind) folded before Flop
Seat 2: Mahu2021 (button) collected (50)
Seat 3: epenae (small blind) folded before Flop



PokerStars Hand #246888653763: Tournament #3667413961, $1.84+$0.16 USD Hold'em No Limit - Level I (10/20) - 2023/11/02 21:03:57 CET [2023/11/02 16:03:57 ET]
Table '3667413961 1' 3-max Seat #3 is the button
Seat 1: SLAPSUS09 (530 in chips) 
Seat 2: Mahu2021 (550 in chips) 
Seat 3: epenae (420 in chips) 
SLAPSUS09: posts small blind 10
Mahu2021: posts big blind 20
*** HOLE CARDS ***
Dealt to Mahu2021 [Td 8s]
epenae: raises 20 to 40
SLAPSUS09: calls 30
Mahu2021: folds 
*** FLOP *** [Ad Jd 6h]
SLAPSUS09: checks 
epenae: bets 52
SLAPSUS09: calls 52
*** TURN *** [Ad Jd 6h] [Jh]
SLAPSUS09: checks 
epenae: bets 106
SLAPSUS09: calls 106
*** RIVER *** [Ad Jd 6h Jh] [5c]
SLAPSUS09: checks 
epenae: checks 
*** SHOW DOWN ***
SLAPSUS09: shows [3c Ah] (two pair, Aces and Jacks)
epenae: shows [2d As] (two pair, Aces and Jacks)
SLAPSUS09 collected 208 from pot
epenae collected 208 from pot
*** SUMMARY ***
Total pot 416 | Rake 0 
Board [Ad Jd 6h Jh 5c]
Seat 1: SLAPSUS09 (small blind) showed [3c Ah] and won (208) with two pair, Aces and Jacks
Seat 2: Mahu2021 (big blind) folded before Flop
Seat 3: epenae (button) showed [2d As] and won (208) with two pair, Aces and Jacks



PokerStars Hand #246888664241: Tournament #3667413961, $1.84+$0.16 USD Hold'em No Limit - Level I (10/20) - 2023/11/02 21:04:26 CET [2023/11/02 16:04:26 ET]
Table '3667413961 1' 3-max Seat #1 is the button
Seat 1: SLAPSUS09 (540 in chips) 
Seat 2: Mahu2021 (530 in chips) 
Seat 3: epenae (430 in chips) 
Mahu2021: posts small blind 10
epenae: posts big blind 20
*** HOLE CARDS ***
Dealt to Mahu2021 [Ad 9h]
SLAPSUS09: raises 40 to 60
Mahu2021: folds 
epenae: folds 
Uncalled bet (40) returned to SLAPSUS09
SLAPSUS09 collected 50 from pot
SLAPSUS09: doesn't show hand 
*** SUMMARY ***
Total pot 50 | Rake 0 
Seat 1: SLAPSUS09 (button) collected (50)
Seat 2: Mahu2021 (small blind) folded before Flop
Seat 3: epenae (big blind) folded before Flop



PokerStars Hand #246888667764: Tournament #3667413961, $1.84+$0.16 USD Hold'em No Limit - Level I (10/20) - 2023/11/02 21:04:36 CET [2023/11/02 16:04:36 ET]
Table '3667413961 1' 3-max Seat #2 is the button
Seat 1: SLAPSUS09 (570 in chips) 
Seat 2: Mahu2021 (520 in chips) 
Seat 3: epenae (410 in chips) 
epenae: posts small blind 10
SLAPSUS09: posts big blind 20
*** HOLE CARDS ***
Dealt to Mahu2021 [5d 3s]
Mahu2021: folds 
epenae: raises 30 to 50
SLAPSUS09: calls 30
*** FLOP *** [2s 4d Tc]
epenae: bets 33
SLAPSUS09: calls 33
*** TURN *** [2s 4d Tc] [9s]
epenae: bets 110
SLAPSUS09: raises 377 to 487 and is all-in
epenae: folds 
Uncalled bet (377) returned to SLAPSUS09
SLAPSUS09 collected 386 from pot
SLAPSUS09: doesn't show hand 
*** SUMMARY ***
Total pot 386 | Rake 0 
Board [2s 4d Tc 9s]
Seat 1: SLAPSUS09 (big blind) collected (386)
Seat 2: Mahu2021 (button) folded before Flop (didn't bet)
Seat 3: epenae (small blind) folded on the Turn



PokerStars Hand #246888679123: Tournament #3667413961, $1.84+$0.16 USD Hold'em No Limit - Level II (15/30) - 2023/11/02 21:05:06 CET [2023/11/02 16:05:06 ET]
Table '3667413961 1' 3-max Seat #3 is the button
Seat 1: SLAPSUS09 (763 in chips) 
Seat 2: Mahu2021 (520 in chips) 
Seat 3: epenae (217 in chips) 
SLAPSUS09: posts small blind 15
Mahu2021: posts big blind 30
*** HOLE CARDS ***
Dealt to Mahu2021 [2h 6c]
epenae: raises 187 to 217 and is all-in
SLAPSUS09: raises 546 to 763 and is all-in
Mahu2021: folds 
Uncalled bet (546) returned to SLAPSUS09
*** FLOP *** [Ts 5d 8s]
*** TURN *** [Ts 5d 8s] [6h]
*** RIVER *** [Ts 5d 8s 6h] [Qc]
*** SHOW DOWN ***
SLAPSUS09: shows [Ac Kd] (high card Ace)
epenae: shows [3d 3s] (a pair of Threes)
epenae collected 464 from pot
*** SUMMARY ***
Total pot 464 | Rake 0 
Board [Ts 5d 8s 6h Qc]
Seat 1: SLAPSUS09 (small blind) showed [Ac Kd] and lost with high card Ace
Seat 2: Mahu2021 (big blind) folded before Flop
Seat 3: epenae (button) showed [3d 3s] and won (464) with a pair of Threes



PokerStars Hand #246888685816: Tournament #3667413961, $1.84+$0.16 USD Hold'em No Limit - Level II (15/30) - 2023/11/02 21:05:24 CET [2023/11/02 16:05:24 ET]
Table '3667413961 1' 3-max Seat #1 is the button
Seat 1: SLAPSUS09 (546 in chips) 
Seat 2: Mahu2021 (490 in chips) 
Seat 3: epenae (464 in chips) 
Mahu2021: posts small blind 15
epenae: posts big blind 30
*** HOLE CARDS ***
Dealt to Mahu2021 [Ks Kc]
SLAPSUS09: calls 30
Mahu2021: raises 460 to 490 and is all-in
epenae: calls 434 and is all-in
SLAPSUS09: folds 
Uncalled bet (26) returned to Mahu2021
*** FLOP *** [7h 2d Tc]
*** TURN *** [7h 2d Tc] [3h]
*** RIVER *** [7h 2d Tc 3h] [4h]
*** SHOW DOWN ***
Mahu2021: shows [Ks Kc] (a pair of Kings)
epenae: shows [As Kh] (high card Ace)
Mahu2021 collected 958 from pot
epenae finished the tournament in 3rd place
*** SUMMARY ***
Total pot 958 | Rake 0 
Board [7h 2d Tc 3h 4h]
Seat 1: SLAPSUS09 (button) folded before Flop
Seat 2: Mahu2021 (small blind) showed [Ks Kc] and won (958) with a pair of Kings
Seat 3: epenae (big blind) showed [As Kh] and lost with high card Ace



PokerStars Hand #246888693631: Tournament #3667413961, $1.84+$0.16 USD Hold'em No Limit - Level II (15/30) - 2023/11/02 21:05:45 CET [2023/11/02 16:05:45 ET]
Table '3667413961 1' 3-max Seat #2 is the button
Seat 1: SLAPSUS09 (516 in chips) 
Seat 2: Mahu2021 (984 in chips) 
Mahu2021: posts small blind 15
SLAPSUS09: posts big blind 30
*** HOLE CARDS ***
Dealt to Mahu2021 [5s Kh]
Mahu2021: calls 15
SLAPSUS09: raises 30 to 60
Mahu2021: calls 30
*** FLOP *** [2h Tc 5d]
SLAPSUS09: bets 30
Mahu2021: calls 30
*** TURN *** [2h Tc 5d] [As]
SLAPSUS09: bets 60
Mahu2021: folds 
Uncalled bet (60) returned to SLAPSUS09
SLAPSUS09 collected 180 from pot
SLAPSUS09: doesn't show hand 
*** SUMMARY ***
Total pot 180 | Rake 0 
Board [2h Tc 5d As]
Seat 1: SLAPSUS09 (big blind) collected (180)
Seat 2: Mahu2021 (button) (small blind) folded on the Turn



PokerStars Hand #246888699495: Tournament #3667413961, $1.84+$0.16 USD Hold'em No Limit - Level II (15/30) - 2023/11/02 21:06:01 CET [2023/11/02 16:06:01 ET]
Table '3667413961 1' 3-max Seat #1 is the button
Seat 1: SLAPSUS09 (606 in chips) 
Seat 2: Mahu2021 (894 in chips) 
SLAPSUS09: posts small blind 15
Mahu2021: posts big blind 30
*** HOLE CARDS ***
Dealt to Mahu2021 [As 2h]
SLAPSUS09: calls 15
Mahu2021: checks 
*** FLOP *** [3h Qc 4d]
Mahu2021: checks 
SLAPSUS09: checks 
*** TURN *** [3h Qc 4d] [8s]
Mahu2021: bets 30
SLAPSUS09: folds 
Uncalled bet (30) returned to Mahu2021
Mahu2021 collected 60 from pot
Mahu2021: doesn't show hand 
*** SUMMARY ***
Total pot 60 | Rake 0 
Board [3h Qc 4d 8s]
Seat 1: SLAPSUS09 (button) (small blind) folded on the Turn
Seat 2: Mahu2021 (big blind) collected (60)



PokerStars Hand #246888703668: Tournament #3667413961, $1.84+$0.16 USD Hold'em No Limit - Level II (15/30) - 2023/11/02 21:06:12 CET [2023/11/02 16:06:12 ET]
Table '3667413961 1' 3-max Seat #2 is the button
Seat 1: SLAPSUS09 (576 in chips) 
Seat 2: Mahu2021 (924 in chips) 
Mahu2021: posts small blind 15
SLAPSUS09: posts big blind 30
*** HOLE CARDS ***
Dealt to Mahu2021 [Ks 4h]
Mahu2021: calls 15
SLAPSUS09: checks 
*** FLOP *** [6s Qh 5h]
SLAPSUS09: bets 30
Mahu2021: calls 30
*** TURN *** [6s Qh 5h] [As]
SLAPSUS09: bets 30
Mahu2021: raises 60 to 90
SLAPSUS09: folds 
Uncalled bet (60) returned to Mahu2021
Mahu2021 collected 180 from pot
Mahu2021: doesn't show hand 
*** SUMMARY ***
Total pot 180 | Rake 0 
Board [6s Qh 5h As]
Seat 1: SLAPSUS09 (big blind) folded on the Turn
Seat 2: Mahu2021 (button) (small blind) collected (180)



PokerStars Hand #246888709298: Tournament #3667413961, $1.84+$0.16 USD Hold'em No Limit - Level II (15/30) - 2023/11/02 21:06:27 CET [2023/11/02 16:06:27 ET]
Table '3667413961 1' 3-max Seat #1 is the button
Seat 1: SLAPSUS09 (486 in chips) 
Seat 2: Mahu2021 (1014 in chips) 
SLAPSUS09: posts small blind 15
Mahu2021: posts big blind 30
*** HOLE CARDS ***
Dealt to Mahu2021 [8s Td]
SLAPSUS09: folds 
Uncalled bet (15) returned to Mahu2021
Mahu2021 collected 30 from pot
Mahu2021: doesn't show hand 
*** SUMMARY ***
Total pot 30 | Rake 0 
Seat 1: SLAPSUS09 (button) (small blind) folded before Flop
Seat 2: Mahu2021 (big blind) collected (30)



PokerStars Hand #246888710958: Tournament #3667413961, $1.84+$0.16 USD Hold'em No Limit - Level II (15/30) - 2023/11/02 21:06:32 CET [2023/11/02 16:06:32 ET]
Table '3667413961 1' 3-max Seat #2 is the button
Seat 1: SLAPSUS09 (471 in chips) 
Seat 2: Mahu2021 (1029 in chips) 
Mahu2021: posts small blind 15
SLAPSUS09: posts big blind 30
*** HOLE CARDS ***
Dealt to Mahu2021 [Td 9h]
Mahu2021: calls 15
SLAPSUS09: checks 
*** FLOP *** [5h 6h 7d]
SLAPSUS09: bets 30
Mahu2021: calls 30
*** TURN *** [5h 6h 7d] [4c]
SLAPSUS09: bets 30
Mahu2021: calls 30
*** RIVER *** [5h 6h 7d 4c] [6c]
SLAPSUS09: bets 30
Mahu2021: folds 
Uncalled bet (30) returned to SLAPSUS09
SLAPSUS09 collected 180 from pot
SLAPSUS09: doesn't show hand 
*** SUMMARY ***
Total pot 180 | Rake 0 
Board [5h 6h 7d 4c 6c]
Seat 1: SLAPSUS09 (big blind) collected (180)
Seat 2: Mahu2021 (button) (small blind) folded on the River



PokerStars Hand #246888716796: Tournament #3667413961, $1.84+$0.16 USD Hold'em No Limit - Level II (15/30) - 2023/11/02 21:06:48 CET [2023/11/02 16:06:48 ET]
Table '3667413961 1' 3-max Seat #1 is the button
Seat 1: SLAPSUS09 (561 in chips) 
Seat 2: Mahu2021 (939 in chips) 
SLAPSUS09: posts small blind 15
Mahu2021: posts big blind 30
*** HOLE CARDS ***
Dealt to Mahu2021 [Qs 7c]
SLAPSUS09: folds 
Uncalled bet (15) returned to Mahu2021
Mahu2021 collected 30 from pot
Mahu2021: doesn't show hand 
*** SUMMARY ***
Total pot 30 | Rake 0 
Seat 1: SLAPSUS09 (button) (small blind) folded before Flop
Seat 2: Mahu2021 (big blind) collected (30)



PokerStars Hand #246888719762: Tournament #3667413961, $1.84+$0.16 USD Hold'em No Limit - Level III (20/40) - 2023/11/02 21:06:56 CET [2023/11/02 16:06:56 ET]
Table '3667413961 1' 3-max Seat #2 is the button
Seat 1: SLAPSUS09 (546 in chips) 
Seat 2: Mahu2021 (954 in chips) 
Mahu2021: posts small blind 20
SLAPSUS09: posts big blind 40
*** HOLE CARDS ***
Dealt to Mahu2021 [9s 9c]
Mahu2021: raises 914 to 954 and is all-in
SLAPSUS09: folds 
Uncalled bet (914) returned to Mahu2021
Mahu2021 collected 80 from pot
Mahu2021: doesn't show hand 
*** SUMMARY ***
Total pot 80 | Rake 0 
Seat 1: SLAPSUS09 (big blind) folded before Flop
Seat 2: Mahu2021 (button) (small blind) collected (80)



PokerStars Hand #246888722051: Tournament #3667413961, $1.84+$0.16 USD Hold'em No Limit - Level III (20/40) - 2023/11/02 21:07:02 CET [2023/11/02 16:07:02 ET]
Table '3667413961 1' 3-max Seat #1 is the button
Seat 1: SLAPSUS09 (506 in chips) 
Seat 2: Mahu2021 (994 in chips) 
SLAPSUS09: posts small blind 20
Mahu2021: posts big blind 40
*** HOLE CARDS ***
Dealt to Mahu2021 [4s Qs]
SLAPSUS09: calls 20
Mahu2021: checks 
*** FLOP *** [8d Td Tc]
Mahu2021: checks 
SLAPSUS09: checks 
*** TURN *** [8d Td Tc] [5c]
Mahu2021: checks 
SLAPSUS09: checks 
*** RIVER *** [8d Td Tc 5c] [Ah]
Mahu2021: bets 40
SLAPSUS09: calls 40
*** SHOW DOWN ***
Mahu2021: shows [4s Qs] (a pair of Tens)
SLAPSUS09: shows [Qd 7s] (a pair of Tens)
Mahu2021 collected 80 from pot
SLAPSUS09 collected 80 from pot
*** SUMMARY ***
Total pot 160 | Rake 0 
Board [8d Td Tc 5c Ah]
Seat 1: SLAPSUS09 (button) (small blind) showed [Qd 7s] and won (80) with a pair of Tens
Seat 2: Mahu2021 (big blind) showed [4s Qs] and won (80) with a pair of Tens



PokerStars Hand #246888727153: Tournament #3667413961, $1.84+$0.16 USD Hold'em No Limit - Level III (20/40) - 2023/11/02 21:07:16 CET [2023/11/02 16:07:16 ET]
Table '3667413961 1' 3-max Seat #2 is the button
Seat 1: SLAPSUS09 (506 in chips) 
Seat 2: Mahu2021 (994 in chips) 
Mahu2021: posts small blind 20
SLAPSUS09: posts big blind 40
*** HOLE CARDS ***
Dealt to Mahu2021 [7h 4c]
Mahu2021: folds 
Uncalled bet (20) returned to SLAPSUS09
SLAPSUS09 collected 40 from pot
SLAPSUS09: doesn't show hand 
*** SUMMARY ***
Total pot 40 | Rake 0 
Seat 1: SLAPSUS09 (big blind) collected (40)
Seat 2: Mahu2021 (button) (small blind) folded before Flop



PokerStars Hand #246888728743: Tournament #3667413961, $1.84+$0.16 USD Hold'em No Limit - Level III (20/40) - 2023/11/02 21:07:20 CET [2023/11/02 16:07:20 ET]
Table '3667413961 1' 3-max Seat #1 is the button
Seat 1: SLAPSUS09 (526 in chips) 
Seat 2: Mahu2021 (974 in chips) 
SLAPSUS09: posts small blind 20
Mahu2021: posts big blind 40
*** HOLE CARDS ***
Dealt to Mahu2021 [2d 7s]
SLAPSUS09: calls 20
Mahu2021: checks 
*** FLOP *** [4d Kc Ad]
Mahu2021: checks 
SLAPSUS09: bets 40
Mahu2021: folds 
Uncalled bet (40) returned to SLAPSUS09
SLAPSUS09 collected 80 from pot
SLAPSUS09: doesn't show hand 
*** SUMMARY ***
Total pot 80 | Rake 0 
Board [4d Kc Ad]
Seat 1: SLAPSUS09 (button) (small blind) collected (80)
Seat 2: Mahu2021 (big blind) folded on the Flop



PokerStars Hand #246888732080: Tournament #3667413961, $1.84+$0.16 USD Hold'em No Limit - Level III (20/40) - 2023/11/02 21:07:29 CET [2023/11/02 16:07:29 ET]
Table '3667413961 1' 3-max Seat #2 is the button
Seat 1: SLAPSUS09 (566 in chips) 
Seat 2: Mahu2021 (934 in chips) 
Mahu2021: posts small blind 20
SLAPSUS09: posts big blind 40
*** HOLE CARDS ***
Dealt to Mahu2021 [6c 8c]
Mahu2021: calls 20
SLAPSUS09: checks 
*** FLOP *** [5d As 7h]
SLAPSUS09: checks 
Mahu2021: bets 40
SLAPSUS09: folds 
Uncalled bet (40) returned to Mahu2021
Mahu2021 collected 80 from pot
Mahu2021: doesn't show hand 
*** SUMMARY ***
Total pot 80 | Rake 0 
Board [5d As 7h]
Seat 1: SLAPSUS09 (big blind) folded on the Flop
Seat 2: Mahu2021 (button) (small blind) collected (80)



PokerStars Hand #246888736905: Tournament #3667413961, $1.84+$0.16 USD Hold'em No Limit - Level III (20/40) - 2023/11/02 21:07:43 CET [2023/11/02 16:07:43 ET]
Table '3667413961 1' 3-max Seat #1 is the button
Seat 1: SLAPSUS09 (526 in chips) 
Seat 2: Mahu2021 (974 in chips) 
SLAPSUS09: posts small blind 20
Mahu2021: posts big blind 40
*** HOLE CARDS ***
Dealt to Mahu2021 [7h 5s]
SLAPSUS09: raises 486 to 526 and is all-in
Mahu2021: folds 
Uncalled bet (486) returned to SLAPSUS09
SLAPSUS09 collected 80 from pot
SLAPSUS09: doesn't show hand 
*** SUMMARY ***
Total pot 80 | Rake 0 
Seat 1: SLAPSUS09 (button) (small blind) collected (80)
Seat 2: Mahu2021 (big blind) folded before Flop



PokerStars Hand #246888738894: Tournament #3667413961, $1.84+$0.16 USD Hold'em No Limit - Level III (20/40) - 2023/11/02 21:07:48 CET [2023/11/02 16:07:48 ET]
Table '3667413961 1' 3-max Seat #2 is the button
Seat 1: SLAPSUS09 (566 in chips) 
Seat 2: Mahu2021 (934 in chips) 
Mahu2021: posts small blind 20
SLAPSUS09: posts big blind 40
*** HOLE CARDS ***
Dealt to Mahu2021 [9h 9c]
Mahu2021: raises 40 to 80
SLAPSUS09: folds 
Uncalled bet (40) returned to Mahu2021
Mahu2021 collected 80 from pot
Mahu2021: doesn't show hand 
*** SUMMARY ***
Total pot 80 | Rake 0 
Seat 1: SLAPSUS09 (big blind) folded before Flop
Seat 2: Mahu2021 (button) (small blind) collected (80)



PokerStars Hand #246888741383: Tournament #3667413961, $1.84+$0.16 USD Hold'em No Limit - Level III (20/40) - 2023/11/02 21:07:55 CET [2023/11/02 16:07:55 ET]
Table '3667413961 1' 3-max Seat #1 is the button
Seat 1: SLAPSUS09 (526 in chips) 
Seat 2: Mahu2021 (974 in chips) 
SLAPSUS09: posts small blind 20
Mahu2021: posts big blind 40
*** HOLE CARDS ***
Dealt to Mahu2021 [Ah Ks]
SLAPSUS09: calls 20
Mahu2021: raises 934 to 974 and is all-in
SLAPSUS09: folds 
Uncalled bet (934) returned to Mahu2021
Mahu2021 collected 80 from pot
Mahu2021: doesn't show hand 
*** SUMMARY ***
Total pot 80 | Rake 0 
Seat 1: SLAPSUS09 (button) (small blind) folded before Flop
Seat 2: Mahu2021 (big blind) collected (80)



PokerStars Hand #246888744085: Tournament #3667413961, $1.84+$0.16 USD Hold'em No Limit - Level III (20/40) - 2023/11/02 21:08:02 CET [2023/11/02 16:08:02 ET]
Table '3667413961 1' 3-max Seat #2 is the button
Seat 1: SLAPSUS09 (486 in chips) 
Seat 2: Mahu2021 (1014 in chips) 
Mahu2021: posts small blind 20
SLAPSUS09: posts big blind 40
*** HOLE CARDS ***
Dealt to Mahu2021 [7d 7s]
Mahu2021: raises 974 to 1014 and is all-in
SLAPSUS09: calls 446 and is all-in
Uncalled bet (528) returned to Mahu2021
*** FLOP *** [2c 5c 4h]
*** TURN *** [2c 5c 4h] [3h]
*** RIVER *** [2c 5c 4h 3h] [Qc]
*** SHOW DOWN ***
SLAPSUS09: shows [Ks 9s] (high card King)
Mahu2021: shows [7d 7s] (a pair of Sevens)
Mahu2021 collected 972 from pot
SLAPSUS09 finished the tournament in 2nd place
Mahu2021 wins the tournament and receives $4.00 - congratulations!
*** SUMMARY ***
Total pot 972 | Rake 0 
Board [2c 5c 4h 3h Qc]
Seat 1: SLAPSUS09 (big blind) showed [Ks 9s] and lost with high card King
Seat 2: Mahu2021 (button) (small blind) showed [7d 7s] and won (972) with a pair of Sevens



