PokerStars Hand #253434421089: Tournament #3824252152, $1.84+$0.16 USD Hold'em No Limit - Level I (10/20) - 2024/11/16 21:48:34 CET [2024/11/16 15:48:34 ET]
Table '3824252152 1' 3-max Seat #1 is the button
Seat 1: Mahu2021 (500 in chips) 
Seat 2: StefanC342 (500 in chips) 
Seat 3: moliugas500 (500 in chips) 
StefanC342: posts small blind 10
moliugas500: posts big blind 20
*** HOLE CARDS ***
Dealt to Mahu2021 [3s Ks]
Mahu2021: raises 20 to 40
StefanC342: raises 100 to 140
moliugas500: folds 
Mahu2021: calls 100
*** FLOP *** [2d Qs Th]
StefanC342: checks 
Mahu2021: checks 
*** TURN *** [2d Qs Th] [9d]
StefanC342: bets 60
Mahu2021: calls 60
*** RIVER *** [2d Qs Th 9d] [Jc]
StefanC342: checks 
Mahu2021: bets 80
StefanC342: calls 80
*** SHOW DOWN ***
Mahu2021: shows [3s Ks] (a straight, Nine to King)
StefanC342: mucks hand 
Mahu2021 collected 580 from pot
*** SUMMARY ***
Total pot 580 | Rake 0 
Board [2d Qs Th 9d Jc]
Seat 1: Mahu2021 (button) showed [3s Ks] and won (580) with a straight, Nine to King
Seat 2: StefanC342 (small blind) mucked [Ad Tc]
Seat 3: moliugas500 (big blind) folded before Flop



PokerStars Hand #253434427352: Tournament #3824252152, $1.84+$0.16 USD Hold'em No Limit - Level I (10/20) - 2024/11/16 21:48:55 CET [2024/11/16 15:48:55 ET]
Table '3824252152 1' 3-max Seat #2 is the button
Seat 1: Mahu2021 (800 in chips) 
Seat 2: StefanC342 (220 in chips) 
Seat 3: moliugas500 (480 in chips) 
moliugas500: posts small blind 10
Mahu2021: posts big blind 20
*** HOLE CARDS ***
Dealt to Mahu2021 [8h Jd]
StefanC342: folds 
moliugas500: raises 20 to 40
Mahu2021: calls 20
*** FLOP *** [5c Ad 9s]
moliugas500: bets 40
Mahu2021: folds 
Uncalled bet (40) returned to moliugas500
moliugas500 collected 80 from pot
*** SUMMARY ***
Total pot 80 | Rake 0 
Board [5c Ad 9s]
Seat 1: Mahu2021 (big blind) folded on the Flop
Seat 2: StefanC342 (button) folded before Flop (didn't bet)
Seat 3: moliugas500 (small blind) collected (80)



PokerStars Hand #253434431247: Tournament #3824252152, $1.84+$0.16 USD Hold'em No Limit - Level I (10/20) - 2024/11/16 21:49:09 CET [2024/11/16 15:49:09 ET]
Table '3824252152 1' 3-max Seat #3 is the button
Seat 1: Mahu2021 (760 in chips) 
Seat 2: StefanC342 (220 in chips) 
Seat 3: moliugas500 (520 in chips) 
Mahu2021: posts small blind 10
StefanC342: posts big blind 20
*** HOLE CARDS ***
Dealt to Mahu2021 [Jd 5h]
moliugas500: calls 20
Mahu2021: folds 
StefanC342: raises 200 to 220 and is all-in
moliugas500: folds 
Uncalled bet (200) returned to StefanC342
StefanC342 collected 50 from pot
*** SUMMARY ***
Total pot 50 | Rake 0 
Seat 1: Mahu2021 (small blind) folded before Flop
Seat 2: StefanC342 (big blind) collected (50)
Seat 3: moliugas500 (button) folded before Flop



PokerStars Hand #253434433995: Tournament #3824252152, $1.84+$0.16 USD Hold'em No Limit - Level I (10/20) - 2024/11/16 21:49:19 CET [2024/11/16 15:49:19 ET]
Table '3824252152 1' 3-max Seat #1 is the button
Seat 1: Mahu2021 (750 in chips) 
Seat 2: StefanC342 (250 in chips) 
Seat 3: moliugas500 (500 in chips) 
StefanC342: posts small blind 10
moliugas500: posts big blind 20
*** HOLE CARDS ***
Dealt to Mahu2021 [4c Kc]
Mahu2021: raises 20 to 40
StefanC342: folds 
moliugas500: calls 20
*** FLOP *** [2c 6h 4d]
moliugas500: bets 20
Mahu2021: calls 20
*** TURN *** [2c 6h 4d] [4s]
moliugas500: bets 100
Mahu2021: raises 100 to 200
moliugas500: calls 100
*** RIVER *** [2c 6h 4d 4s] [5h]
moliugas500: checks 
Mahu2021: checks 
*** SHOW DOWN ***
moliugas500: shows [Qh 8h] (a pair of Fours)
Mahu2021: shows [4c Kc] (three of a kind, Fours)
Mahu2021 collected 530 from pot
*** SUMMARY ***
Total pot 530 | Rake 0 
Board [2c 6h 4d 4s 5h]
Seat 1: Mahu2021 (button) showed [4c Kc] and won (530) with three of a kind, Fours
Seat 2: StefanC342 (small blind) folded before Flop
Seat 3: moliugas500 (big blind) showed [Qh 8h] and lost with a pair of Fours



PokerStars Hand #253434441364: Tournament #3824252152, $1.84+$0.16 USD Hold'em No Limit - Level I (10/20) - 2024/11/16 21:49:44 CET [2024/11/16 15:49:44 ET]
Table '3824252152 1' 3-max Seat #2 is the button
Seat 1: Mahu2021 (1020 in chips) 
Seat 2: StefanC342 (240 in chips) 
Seat 3: moliugas500 (240 in chips) 
moliugas500: posts small blind 10
Mahu2021: posts big blind 20
*** HOLE CARDS ***
Dealt to Mahu2021 [Jc 2h]
StefanC342: folds 
moliugas500: raises 80 to 100
Mahu2021: folds 
Uncalled bet (80) returned to moliugas500
moliugas500 collected 40 from pot
*** SUMMARY ***
Total pot 40 | Rake 0 
Seat 1: Mahu2021 (big blind) folded before Flop
Seat 2: StefanC342 (button) folded before Flop (didn't bet)
Seat 3: moliugas500 (small blind) collected (40)



PokerStars Hand #253434443749: Tournament #3824252152, $1.84+$0.16 USD Hold'em No Limit - Level I (10/20) - 2024/11/16 21:49:52 CET [2024/11/16 15:49:52 ET]
Table '3824252152 1' 3-max Seat #3 is the button
Seat 1: Mahu2021 (1000 in chips) 
Seat 2: StefanC342 (240 in chips) 
Seat 3: moliugas500 (260 in chips) 
Mahu2021: posts small blind 10
StefanC342: posts big blind 20
*** HOLE CARDS ***
Dealt to Mahu2021 [Jc Qs]
moliugas500: folds 
Mahu2021: raises 20 to 40
StefanC342: folds 
Uncalled bet (20) returned to Mahu2021
Mahu2021 collected 40 from pot
Mahu2021: doesn't show hand 
*** SUMMARY ***
Total pot 40 | Rake 0 
Seat 1: Mahu2021 (small blind) collected (40)
Seat 2: StefanC342 (big blind) folded before Flop
Seat 3: moliugas500 (button) folded before Flop (didn't bet)



PokerStars Hand #253434445517: Tournament #3824252152, $1.84+$0.16 USD Hold'em No Limit - Level I (10/20) - 2024/11/16 21:49:58 CET [2024/11/16 15:49:58 ET]
Table '3824252152 1' 3-max Seat #1 is the button
Seat 1: Mahu2021 (1020 in chips) 
Seat 2: StefanC342 (220 in chips) 
Seat 3: moliugas500 (260 in chips) 
StefanC342: posts small blind 10
moliugas500: posts big blind 20
*** HOLE CARDS ***
Dealt to Mahu2021 [9h 7s]
Mahu2021: folds 
StefanC342: folds 
Uncalled bet (10) returned to moliugas500
moliugas500 collected 20 from pot
*** SUMMARY ***
Total pot 20 | Rake 0 
Seat 1: Mahu2021 (button) folded before Flop (didn't bet)
Seat 2: StefanC342 (small blind) folded before Flop
Seat 3: moliugas500 (big blind) collected (20)



PokerStars Hand #253434447205: Tournament #3824252152, $1.84+$0.16 USD Hold'em No Limit - Level I (10/20) - 2024/11/16 21:50:04 CET [2024/11/16 15:50:04 ET]
Table '3824252152 1' 3-max Seat #2 is the button
Seat 1: Mahu2021 (1020 in chips) 
Seat 2: StefanC342 (210 in chips) 
Seat 3: moliugas500 (270 in chips) 
moliugas500: posts small blind 10
Mahu2021: posts big blind 20
*** HOLE CARDS ***
Dealt to Mahu2021 [3d 3s]
StefanC342: folds 
moliugas500: calls 10
Mahu2021: raises 1000 to 1020 and is all-in
moliugas500: folds 
Uncalled bet (1000) returned to Mahu2021
Mahu2021 collected 40 from pot
Mahu2021: doesn't show hand 
*** SUMMARY ***
Total pot 40 | Rake 0 
Seat 1: Mahu2021 (big blind) collected (40)
Seat 2: StefanC342 (button) folded before Flop (didn't bet)
Seat 3: moliugas500 (small blind) folded before Flop



PokerStars Hand #253434449778: Tournament #3824252152, $1.84+$0.16 USD Hold'em No Limit - Level I (10/20) - 2024/11/16 21:50:13 CET [2024/11/16 15:50:13 ET]
Table '3824252152 1' 3-max Seat #3 is the button
Seat 1: Mahu2021 (1040 in chips) 
Seat 2: StefanC342 (210 in chips) 
Seat 3: moliugas500 (250 in chips) 
Mahu2021: posts small blind 10
StefanC342: posts big blind 20
*** HOLE CARDS ***
Dealt to Mahu2021 [Qd Ks]
moliugas500: raises 230 to 250 and is all-in
Mahu2021: calls 240
StefanC342: folds 
*** FLOP *** [Ad 8s Qc]
*** TURN *** [Ad 8s Qc] [Qh]
*** RIVER *** [Ad 8s Qc Qh] [Qs]
*** SHOW DOWN ***
Mahu2021: shows [Qd Ks] (four of a kind, Queens)
moliugas500: shows [7d 9d] (three of a kind, Queens)
Mahu2021 collected 520 from pot
moliugas500 finished the tournament in 3rd place
*** SUMMARY ***
Total pot 520 | Rake 0 
Board [Ad 8s Qc Qh Qs]
Seat 1: Mahu2021 (small blind) showed [Qd Ks] and won (520) with four of a kind, Queens
Seat 2: StefanC342 (big blind) folded before Flop
Seat 3: moliugas500 (button) showed [7d 9d] and lost with three of a kind, Queens



PokerStars Hand #253434454703: Tournament #3824252152, $1.84+$0.16 USD Hold'em No Limit - Level I (10/20) - 2024/11/16 21:50:30 CET [2024/11/16 15:50:30 ET]
Table '3824252152 1' 3-max Seat #2 is the button
Seat 1: Mahu2021 (1310 in chips) 
Seat 2: StefanC342 (190 in chips) 
StefanC342: posts small blind 10
Mahu2021: posts big blind 20
*** HOLE CARDS ***
Dealt to Mahu2021 [9h 9c]
StefanC342: raises 20 to 40
Mahu2021: raises 1270 to 1310 and is all-in
StefanC342: calls 150 and is all-in
Uncalled bet (1120) returned to Mahu2021
*** FLOP *** [Qd Ts 3s]
*** TURN *** [Qd Ts 3s] [2d]
*** RIVER *** [Qd Ts 3s 2d] [Jc]
*** SHOW DOWN ***
Mahu2021: shows [9h 9c] (a pair of Nines)
StefanC342: shows [4s 4h] (a pair of Fours)
Mahu2021 collected 380 from pot
StefanC342 finished the tournament in 2nd place
Mahu2021 wins the tournament and receives $4.00 - congratulations!
*** SUMMARY ***
Total pot 380 | Rake 0 
Board [Qd Ts 3s 2d Jc]
Seat 1: Mahu2021 (big blind) showed [9h 9c] and won (380) with a pair of Nines
Seat 2: StefanC342 (button) (small blind) showed [4s 4h] and lost with a pair of Fours



