PokerStars Hand #253093272570: Tournament #3816286658, $1.84+$0.16 USD Hold'em No Limit - Level I (10/20) - 2024/10/25 13:54:55 CET [2024/10/25 7:54:55 ET]
Table '3816286658 1' 3-max Seat #1 is the button
Seat 1: hopasus (500 in chips) 
Seat 2: largerbottom (500 in chips) 
Seat 3: Mahu2021 (500 in chips) 
largerbottom: posts small blind 10
Mahu2021: posts big blind 20
*** HOLE CARDS ***
Dealt to Mahu2021 [9c Jd]
hopasus: folds 
largerbottom: calls 10
Mahu2021: checks 
*** FLOP *** [Ac 5d 4h]
largerbottom: checks 
Mahu2021: checks 
*** TURN *** [Ac 5d 4h] [9s]
largerbottom: checks 
Mahu2021: bets 20
largerbottom: calls 20
*** RIVER *** [Ac 5d 4h 9s] [2d]
largerbottom: checks 
Mahu2021: bets 20
largerbottom: folds 
Uncalled bet (20) returned to Mahu2021
Mahu2021 collected 80 from pot
Mahu2021: doesn't show hand 
*** SUMMARY ***
Total pot 80 | Rake 0 
Board [Ac 5d 4h 9s 2d]
Seat 1: hopasus (button) folded before Flop (didn't bet)
Seat 2: largerbottom (small blind) folded on the River
Seat 3: Mahu2021 (big blind) collected (80)



PokerStars Hand #253093274907: Tournament #3816286658, $1.84+$0.16 USD Hold'em No Limit - Level I (10/20) - 2024/10/25 13:55:11 CET [2024/10/25 7:55:11 ET]
Table '3816286658 1' 3-max Seat #2 is the button
Seat 1: hopasus (500 in chips) 
Seat 2: largerbottom (460 in chips) 
Seat 3: Mahu2021 (540 in chips) 
Mahu2021: posts small blind 10
hopasus: posts big blind 20
*** HOLE CARDS ***
Dealt to Mahu2021 [Qs 3h]
largerbottom: calls 20
Mahu2021: calls 10
hopasus: checks 
*** FLOP *** [6d 3s Kc]
Mahu2021: bets 20
hopasus: calls 20
largerbottom: folds 
*** TURN *** [6d 3s Kc] [4s]
Mahu2021: checks 
hopasus: checks 
*** RIVER *** [6d 3s Kc 4s] [4h]
Mahu2021: checks 
hopasus: bets 40
Mahu2021: folds 
Uncalled bet (40) returned to hopasus
hopasus collected 100 from pot
hopasus: doesn't show hand 
*** SUMMARY ***
Total pot 100 | Rake 0 
Board [6d 3s Kc 4s 4h]
Seat 1: hopasus (big blind) collected (100)
Seat 2: largerbottom (button) folded on the Flop
Seat 3: Mahu2021 (small blind) folded on the River



PokerStars Hand #253093277294: Tournament #3816286658, $1.84+$0.16 USD Hold'em No Limit - Level I (10/20) - 2024/10/25 13:55:31 CET [2024/10/25 7:55:31 ET]
Table '3816286658 1' 3-max Seat #3 is the button
Seat 1: hopasus (560 in chips) 
Seat 2: largerbottom (440 in chips) 
Seat 3: Mahu2021 (500 in chips) 
hopasus: posts small blind 10
largerbottom: posts big blind 20
*** HOLE CARDS ***
Dealt to Mahu2021 [7h 6s]
Mahu2021: raises 20 to 40
hopasus: calls 30
largerbottom: calls 20
*** FLOP *** [9d Js 2c]
hopasus: checks 
largerbottom: checks 
Mahu2021: checks 
*** TURN *** [9d Js 2c] [Qh]
hopasus: checks 
largerbottom: checks 
Mahu2021: checks 
*** RIVER *** [9d Js 2c Qh] [6h]
hopasus: bets 20
largerbottom: calls 20
Mahu2021: calls 20
*** SHOW DOWN ***
hopasus: shows [Jd 2d] (two pair, Jacks and Deuces)
largerbottom: mucks hand 
Mahu2021: mucks hand 
hopasus collected 180 from pot
*** SUMMARY ***
Total pot 180 | Rake 0 
Board [9d Js 2c Qh 6h]
Seat 1: hopasus (small blind) showed [Jd 2d] and won (180) with two pair, Jacks and Deuces
Seat 2: largerbottom (big blind) mucked [6d Kd]
Seat 3: Mahu2021 (button) mucked [7h 6s]



PokerStars Hand #253093279697: Tournament #3816286658, $1.84+$0.16 USD Hold'em No Limit - Level I (10/20) - 2024/10/25 13:55:51 CET [2024/10/25 7:55:51 ET]
Table '3816286658 1' 3-max Seat #1 is the button
Seat 1: hopasus (680 in chips) 
Seat 2: largerbottom (380 in chips) 
Seat 3: Mahu2021 (440 in chips) 
largerbottom: posts small blind 10
Mahu2021: posts big blind 20
*** HOLE CARDS ***
Dealt to Mahu2021 [Jh Jd]
hopasus: calls 20
largerbottom: calls 10
Mahu2021: raises 420 to 440 and is all-in
hopasus: folds 
largerbottom: folds 
Uncalled bet (420) returned to Mahu2021
Mahu2021 collected 60 from pot
Mahu2021: doesn't show hand 
*** SUMMARY ***
Total pot 60 | Rake 0 
Seat 1: hopasus (button) folded before Flop
Seat 2: largerbottom (small blind) folded before Flop
Seat 3: Mahu2021 (big blind) collected (60)



PokerStars Hand #253093281122: Tournament #3816286658, $1.84+$0.16 USD Hold'em No Limit - Level I (10/20) - 2024/10/25 13:56:03 CET [2024/10/25 7:56:03 ET]
Table '3816286658 1' 3-max Seat #2 is the button
Seat 1: hopasus (660 in chips) 
Seat 2: largerbottom (360 in chips) 
Seat 3: Mahu2021 (480 in chips) 
Mahu2021: posts small blind 10
hopasus: posts big blind 20
*** HOLE CARDS ***
Dealt to Mahu2021 [Ks 9d]
largerbottom: calls 20
Mahu2021: calls 10
hopasus: checks 
*** FLOP *** [9s Kh 8d]
Mahu2021: checks 
hopasus: checks 
largerbottom: checks 
*** TURN *** [9s Kh 8d] [9h]
Mahu2021: checks 
hopasus: checks 
largerbottom: checks 
*** RIVER *** [9s Kh 8d 9h] [Qc]
Mahu2021: bets 460 and is all-in
hopasus: folds 
largerbottom: folds 
Uncalled bet (460) returned to Mahu2021
Mahu2021 collected 60 from pot
Mahu2021: doesn't show hand 
*** SUMMARY ***
Total pot 60 | Rake 0 
Board [9s Kh 8d 9h Qc]
Seat 1: hopasus (big blind) folded on the River
Seat 2: largerbottom (button) folded on the River
Seat 3: Mahu2021 (small blind) collected (60)



PokerStars Hand #253093283669: Tournament #3816286658, $1.84+$0.16 USD Hold'em No Limit - Level I (10/20) - 2024/10/25 13:56:24 CET [2024/10/25 7:56:24 ET]
Table '3816286658 1' 3-max Seat #3 is the button
Seat 1: hopasus (640 in chips) 
Seat 2: largerbottom (340 in chips) 
Seat 3: Mahu2021 (520 in chips) 
hopasus: posts small blind 10
largerbottom: posts big blind 20
*** HOLE CARDS ***
Dealt to Mahu2021 [Kd 2d]
Mahu2021: raises 20 to 40
hopasus: folds 
largerbottom: raises 40 to 80
Mahu2021: calls 40
*** FLOP *** [Jd 3s Ts]
largerbottom: bets 260 and is all-in
Mahu2021: folds 
Uncalled bet (260) returned to largerbottom
largerbottom collected 170 from pot
*** SUMMARY ***
Total pot 170 | Rake 0 
Board [Jd 3s Ts]
Seat 1: hopasus (small blind) folded before Flop
Seat 2: largerbottom (big blind) collected (170)
Seat 3: Mahu2021 (button) folded on the Flop



PokerStars Hand #253093285550: Tournament #3816286658, $1.84+$0.16 USD Hold'em No Limit - Level I (10/20) - 2024/10/25 13:56:39 CET [2024/10/25 7:56:39 ET]
Table '3816286658 1' 3-max Seat #1 is the button
Seat 1: hopasus (630 in chips) 
Seat 2: largerbottom (430 in chips) 
Seat 3: Mahu2021 (440 in chips) 
largerbottom: posts small blind 10
Mahu2021: posts big blind 20
*** HOLE CARDS ***
Dealt to Mahu2021 [Th 9h]
hopasus: calls 20
largerbottom: folds 
Mahu2021: checks 
*** FLOP *** [3h Qh Qd]
Mahu2021: checks 
hopasus: bets 20
Mahu2021: calls 20
*** TURN *** [3h Qh Qd] [Jc]
Mahu2021: checks 
hopasus: checks 
*** RIVER *** [3h Qh Qd Jc] [6d]
Mahu2021: bets 40
hopasus: folds 
Uncalled bet (40) returned to Mahu2021
Mahu2021 collected 90 from pot
Mahu2021: doesn't show hand 
*** SUMMARY ***
Total pot 90 | Rake 0 
Board [3h Qh Qd Jc 6d]
Seat 1: hopasus (button) folded on the River
Seat 2: largerbottom (small blind) folded before Flop
Seat 3: Mahu2021 (big blind) collected (90)



PokerStars Hand #253093287891: Tournament #3816286658, $1.84+$0.16 USD Hold'em No Limit - Level II (15/30) - 2024/10/25 13:56:59 CET [2024/10/25 7:56:59 ET]
Table '3816286658 1' 3-max Seat #2 is the button
Seat 1: hopasus (590 in chips) 
Seat 2: largerbottom (420 in chips) 
Seat 3: Mahu2021 (490 in chips) 
Mahu2021: posts small blind 15
hopasus: posts big blind 30
*** HOLE CARDS ***
Dealt to Mahu2021 [6s 8h]
largerbottom: calls 30
Mahu2021: calls 15
hopasus: checks 
*** FLOP *** [4s 4d 9d]
Mahu2021: checks 
hopasus: checks 
largerbottom: bets 390 and is all-in
Mahu2021: folds 
hopasus: folds 
Uncalled bet (390) returned to largerbottom
largerbottom collected 90 from pot
*** SUMMARY ***
Total pot 90 | Rake 0 
Board [4s 4d 9d]
Seat 1: hopasus (big blind) folded on the Flop
Seat 2: largerbottom (button) collected (90)
Seat 3: Mahu2021 (small blind) folded on the Flop



PokerStars Hand #253093289542: Tournament #3816286658, $1.84+$0.16 USD Hold'em No Limit - Level II (15/30) - 2024/10/25 13:57:13 CET [2024/10/25 7:57:13 ET]
Table '3816286658 1' 3-max Seat #3 is the button
Seat 1: hopasus (560 in chips) 
Seat 2: largerbottom (480 in chips) 
Seat 3: Mahu2021 (460 in chips) 
hopasus: posts small blind 15
largerbottom: posts big blind 30
*** HOLE CARDS ***
Dealt to Mahu2021 [As 2s]
Mahu2021: raises 30 to 60
hopasus: calls 45
largerbottom: folds 
*** FLOP *** [Jd Ah 3h]
hopasus: checks 
Mahu2021: bets 60
hopasus: calls 60
*** TURN *** [Jd Ah 3h] [5s]
hopasus: checks 
Mahu2021: bets 60
hopasus: calls 60
*** RIVER *** [Jd Ah 3h 5s] [Qd]
hopasus: checks 
Mahu2021: checks 
*** SHOW DOWN ***
hopasus: shows [4d Kh] (high card Ace)
Mahu2021: shows [As 2s] (a pair of Aces)
Mahu2021 collected 390 from pot
*** SUMMARY ***
Total pot 390 | Rake 0 
Board [Jd Ah 3h 5s Qd]
Seat 1: hopasus (small blind) showed [4d Kh] and lost with high card Ace
Seat 2: largerbottom (big blind) folded before Flop
Seat 3: Mahu2021 (button) showed [As 2s] and won (390) with a pair of Aces



PokerStars Hand #253093292054: Tournament #3816286658, $1.84+$0.16 USD Hold'em No Limit - Level II (15/30) - 2024/10/25 13:57:34 CET [2024/10/25 7:57:34 ET]
Table '3816286658 1' 3-max Seat #1 is the button
Seat 1: hopasus (380 in chips) 
Seat 2: largerbottom (450 in chips) 
Seat 3: Mahu2021 (670 in chips) 
largerbottom: posts small blind 15
Mahu2021: posts big blind 30
*** HOLE CARDS ***
Dealt to Mahu2021 [Ks Ad]
hopasus: calls 30
largerbottom: calls 15
Mahu2021: raises 90 to 120
hopasus: folds 
largerbottom: folds 
Uncalled bet (90) returned to Mahu2021
Mahu2021 collected 90 from pot
Mahu2021: doesn't show hand 
*** SUMMARY ***
Total pot 90 | Rake 0 
Seat 1: hopasus (button) folded before Flop
Seat 2: largerbottom (small blind) folded before Flop
Seat 3: Mahu2021 (big blind) collected (90)



PokerStars Hand #253093293282: Tournament #3816286658, $1.84+$0.16 USD Hold'em No Limit - Level II (15/30) - 2024/10/25 13:57:44 CET [2024/10/25 7:57:44 ET]
Table '3816286658 1' 3-max Seat #2 is the button
Seat 1: hopasus (350 in chips) 
Seat 2: largerbottom (420 in chips) 
Seat 3: Mahu2021 (730 in chips) 
Mahu2021: posts small blind 15
hopasus: posts big blind 30
*** HOLE CARDS ***
Dealt to Mahu2021 [5c 7d]
largerbottom: folds 
Mahu2021: calls 15
hopasus: checks 
*** FLOP *** [Th 8h Qc]
Mahu2021: bets 30
hopasus: calls 30
*** TURN *** [Th 8h Qc] [7c]
Mahu2021: checks 
hopasus: checks 
*** RIVER *** [Th 8h Qc 7c] [Kd]
Mahu2021: checks 
hopasus: bets 60
Mahu2021: folds 
Uncalled bet (60) returned to hopasus
hopasus collected 120 from pot
hopasus: doesn't show hand 
*** SUMMARY ***
Total pot 120 | Rake 0 
Board [Th 8h Qc 7c Kd]
Seat 1: hopasus (big blind) collected (120)
Seat 2: largerbottom (button) folded before Flop (didn't bet)
Seat 3: Mahu2021 (small blind) folded on the River



PokerStars Hand #253093295691: Tournament #3816286658, $1.84+$0.16 USD Hold'em No Limit - Level II (15/30) - 2024/10/25 13:58:04 CET [2024/10/25 7:58:04 ET]
Table '3816286658 1' 3-max Seat #3 is the button
Seat 1: hopasus (410 in chips) 
Seat 2: largerbottom (420 in chips) 
Seat 3: Mahu2021 (670 in chips) 
hopasus: posts small blind 15
largerbottom: posts big blind 30
*** HOLE CARDS ***
Dealt to Mahu2021 [5h Kc]
Mahu2021: folds 
hopasus: calls 15
largerbottom: checks 
*** FLOP *** [Jc Ks 2c]
hopasus: checks 
largerbottom: checks 
*** TURN *** [Jc Ks 2c] [Ad]
hopasus: bets 30
largerbottom: calls 30
*** RIVER *** [Jc Ks 2c Ad] [3c]
hopasus: checks 
largerbottom: checks 
*** SHOW DOWN ***
hopasus: shows [4c 3h] (a pair of Threes)
largerbottom: mucks hand 
hopasus collected 120 from pot
*** SUMMARY ***
Total pot 120 | Rake 0 
Board [Jc Ks 2c Ad 3c]
Seat 1: hopasus (small blind) showed [4c 3h] and won (120) with a pair of Threes
Seat 2: largerbottom (big blind) mucked [Qs 9c]
Seat 3: Mahu2021 (button) folded before Flop (didn't bet)



PokerStars Hand #253093297940: Tournament #3816286658, $1.84+$0.16 USD Hold'em No Limit - Level II (15/30) - 2024/10/25 13:58:22 CET [2024/10/25 7:58:22 ET]
Table '3816286658 1' 3-max Seat #1 is the button
Seat 1: hopasus (470 in chips) 
Seat 2: largerbottom (360 in chips) 
Seat 3: Mahu2021 (670 in chips) 
largerbottom: posts small blind 15
Mahu2021: posts big blind 30
*** HOLE CARDS ***
Dealt to Mahu2021 [9d Kh]
hopasus: calls 30
largerbottom: calls 15
Mahu2021: checks 
*** FLOP *** [3h 7s 8c]
largerbottom: checks 
Mahu2021: checks 
hopasus: checks 
*** TURN *** [3h 7s 8c] [Qc]
largerbottom: checks 
Mahu2021: checks 
hopasus: bets 30
largerbottom: folds 
Mahu2021: folds 
Uncalled bet (30) returned to hopasus
hopasus collected 90 from pot
hopasus: doesn't show hand 
*** SUMMARY ***
Total pot 90 | Rake 0 
Board [3h 7s 8c Qc]
Seat 1: hopasus (button) collected (90)
Seat 2: largerbottom (small blind) folded on the Turn
Seat 3: Mahu2021 (big blind) folded on the Turn



PokerStars Hand #253093300210: Tournament #3816286658, $1.84+$0.16 USD Hold'em No Limit - Level II (15/30) - 2024/10/25 13:58:41 CET [2024/10/25 7:58:41 ET]
Table '3816286658 1' 3-max Seat #2 is the button
Seat 1: hopasus (530 in chips) 
Seat 2: largerbottom (330 in chips) 
Seat 3: Mahu2021 (640 in chips) 
Mahu2021: posts small blind 15
hopasus: posts big blind 30
*** HOLE CARDS ***
Dealt to Mahu2021 [Ts 5d]
largerbottom: raises 30 to 60
Mahu2021: folds 
hopasus: calls 30
*** FLOP *** [5h 7s 7d]
hopasus: checks 
largerbottom: bets 270 and is all-in
hopasus: calls 270
*** TURN *** [5h 7s 7d] [9c]
*** RIVER *** [5h 7s 7d 9c] [6h]
*** SHOW DOWN ***
hopasus: shows [6c 6s] (a full house, Sixes full of Sevens)
largerbottom: shows [Ad Qc] (a pair of Sevens)
hopasus collected 675 from pot
largerbottom finished the tournament in 3rd place
*** SUMMARY ***
Total pot 675 | Rake 0 
Board [5h 7s 7d 9c 6h]
Seat 1: hopasus (big blind) showed [6c 6s] and won (675) with a full house, Sixes full of Sevens
Seat 2: largerbottom (button) showed [Ad Qc] and lost with a pair of Sevens
Seat 3: Mahu2021 (small blind) folded before Flop



PokerStars Hand #253093302584: Tournament #3816286658, $1.84+$0.16 USD Hold'em No Limit - Level III (20/40) - 2024/10/25 13:59:00 CET [2024/10/25 7:59:00 ET]
Table '3816286658 1' 3-max Seat #1 is the button
Seat 1: hopasus (875 in chips) 
Seat 3: Mahu2021 (625 in chips) 
hopasus: posts small blind 20
Mahu2021: posts big blind 40
*** HOLE CARDS ***
Dealt to Mahu2021 [7d 3s]
hopasus: calls 20
Mahu2021: checks 
*** FLOP *** [6h 5s Ts]
Mahu2021: checks 
hopasus: checks 
*** TURN *** [6h 5s Ts] [3c]
Mahu2021: bets 40
hopasus: calls 40
*** RIVER *** [6h 5s Ts 3c] [5h]
Mahu2021: checks 
hopasus: bets 80
Mahu2021: raises 80 to 160
hopasus: raises 80 to 240
Mahu2021: raises 120 to 360
hopasus: calls 120
*** SHOW DOWN ***
Mahu2021: shows [7d 3s] (two pair, Fives and Threes)
hopasus: shows [9h 5d] (three of a kind, Fives)
hopasus collected 880 from pot
*** SUMMARY ***
Total pot 880 | Rake 0 
Board [6h 5s Ts 3c 5h]
Seat 1: hopasus (button) (small blind) showed [9h 5d] and won (880) with three of a kind, Fives
Seat 3: Mahu2021 (big blind) showed [7d 3s] and lost with two pair, Fives and Threes



PokerStars Hand #253093306537: Tournament #3816286658, $1.84+$0.16 USD Hold'em No Limit - Level III (20/40) - 2024/10/25 13:59:34 CET [2024/10/25 7:59:34 ET]
Table '3816286658 1' 3-max Seat #3 is the button
Seat 1: hopasus (1315 in chips) 
Seat 3: Mahu2021 (185 in chips) 
Mahu2021: posts small blind 20
hopasus: posts big blind 40
*** HOLE CARDS ***
Dealt to Mahu2021 [7d 7c]
Mahu2021: raises 145 to 185 and is all-in
hopasus: calls 145
*** FLOP *** [7h 2c Td]
*** TURN *** [7h 2c Td] [5s]
*** RIVER *** [7h 2c Td 5s] [4c]
*** SHOW DOWN ***
hopasus: shows [8d Jd] (high card Jack)
Mahu2021: shows [7d 7c] (three of a kind, Sevens)
Mahu2021 collected 370 from pot
*** SUMMARY ***
Total pot 370 | Rake 0 
Board [7h 2c Td 5s 4c]
Seat 1: hopasus (big blind) showed [8d Jd] and lost with high card Jack
Seat 3: Mahu2021 (button) (small blind) showed [7d 7c] and won (370) with three of a kind, Sevens



PokerStars Hand #253093308107: Tournament #3816286658, $1.84+$0.16 USD Hold'em No Limit - Level III (20/40) - 2024/10/25 13:59:47 CET [2024/10/25 7:59:47 ET]
Table '3816286658 1' 3-max Seat #1 is the button
Seat 1: hopasus (1130 in chips) 
Seat 3: Mahu2021 (370 in chips) 
hopasus: posts small blind 20
Mahu2021: posts big blind 40
*** HOLE CARDS ***
Dealt to Mahu2021 [Kh 4s]
hopasus: calls 20
Mahu2021: checks 
*** FLOP *** [7s 4h 6h]
Mahu2021: bets 40
hopasus: calls 40
*** TURN *** [7s 4h 6h] [5c]
Mahu2021: checks 
hopasus: checks 
*** RIVER *** [7s 4h 6h 5c] [Td]
Mahu2021: checks 
hopasus: bets 80
Mahu2021: folds 
Uncalled bet (80) returned to hopasus
hopasus collected 160 from pot
hopasus: doesn't show hand 
*** SUMMARY ***
Total pot 160 | Rake 0 
Board [7s 4h 6h 5c Td]
Seat 1: hopasus (button) (small blind) collected (160)
Seat 3: Mahu2021 (big blind) folded on the River



PokerStars Hand #253093310388: Tournament #3816286658, $1.84+$0.16 USD Hold'em No Limit - Level III (20/40) - 2024/10/25 14:00:06 CET [2024/10/25 8:00:06 ET]
Table '3816286658 1' 3-max Seat #3 is the button
Seat 1: hopasus (1210 in chips) 
Seat 3: Mahu2021 (290 in chips) 
Mahu2021: posts small blind 20
hopasus: posts big blind 40
*** HOLE CARDS ***
Dealt to Mahu2021 [4h 4c]
Mahu2021: raises 250 to 290 and is all-in
hopasus: calls 250
*** FLOP *** [Ah 4d 9s]
*** TURN *** [Ah 4d 9s] [2h]
*** RIVER *** [Ah 4d 9s 2h] [4s]
*** SHOW DOWN ***
hopasus: shows [Jh 5h] (a pair of Fours)
Mahu2021: shows [4h 4c] (four of a kind, Fours)
Mahu2021 collected 580 from pot
*** SUMMARY ***
Total pot 580 | Rake 0 
Board [Ah 4d 9s 2h 4s]
Seat 1: hopasus (big blind) showed [Jh 5h] and lost with a pair of Fours
Seat 3: Mahu2021 (button) (small blind) showed [4h 4c] and won (580) with four of a kind, Fours



PokerStars Hand #253093311985: Tournament #3816286658, $1.84+$0.16 USD Hold'em No Limit - Level III (20/40) - 2024/10/25 14:00:19 CET [2024/10/25 8:00:19 ET]
Table '3816286658 1' 3-max Seat #1 is the button
Seat 1: hopasus (920 in chips) 
Seat 3: Mahu2021 (580 in chips) 
hopasus: posts small blind 20
Mahu2021: posts big blind 40
*** HOLE CARDS ***
Dealt to Mahu2021 [7c 9d]
hopasus: calls 20
Mahu2021: checks 
*** FLOP *** [4s Qc 8s]
Mahu2021: checks 
hopasus: bets 40
Mahu2021: folds 
Uncalled bet (40) returned to hopasus
hopasus collected 80 from pot
hopasus: doesn't show hand 
*** SUMMARY ***
Total pot 80 | Rake 0 
Board [4s Qc 8s]
Seat 1: hopasus (button) (small blind) collected (80)
Seat 3: Mahu2021 (big blind) folded on the Flop



PokerStars Hand #253093313222: Tournament #3816286658, $1.84+$0.16 USD Hold'em No Limit - Level III (20/40) - 2024/10/25 14:00:29 CET [2024/10/25 8:00:29 ET]
Table '3816286658 1' 3-max Seat #3 is the button
Seat 1: hopasus (960 in chips) 
Seat 3: Mahu2021 (540 in chips) 
Mahu2021: posts small blind 20
hopasus: posts big blind 40
*** HOLE CARDS ***
Dealt to Mahu2021 [Ac 2s]
Mahu2021: raises 40 to 80
hopasus: calls 40
*** FLOP *** [As Kh Ad]
hopasus: bets 40
Mahu2021: calls 40
*** TURN *** [As Kh Ad] [Tc]
hopasus: checks 
Mahu2021: bets 40
hopasus: folds 
Uncalled bet (40) returned to Mahu2021
Mahu2021 collected 240 from pot
Mahu2021: doesn't show hand 
*** SUMMARY ***
Total pot 240 | Rake 0 
Board [As Kh Ad Tc]
Seat 1: hopasus (big blind) folded on the Turn
Seat 3: Mahu2021 (button) (small blind) collected (240)



PokerStars Hand #253093315211: Tournament #3816286658, $1.84+$0.16 USD Hold'em No Limit - Level III (20/40) - 2024/10/25 14:00:44 CET [2024/10/25 8:00:44 ET]
Table '3816286658 1' 3-max Seat #1 is the button
Seat 1: hopasus (840 in chips) 
Seat 3: Mahu2021 (660 in chips) 
hopasus: posts small blind 20
Mahu2021: posts big blind 40
*** HOLE CARDS ***
Dealt to Mahu2021 [Tc 6c]
hopasus: calls 20
Mahu2021: checks 
*** FLOP *** [Qc Kh 7h]
Mahu2021: checks 
hopasus: bets 40
Mahu2021: folds 
Uncalled bet (40) returned to hopasus
hopasus collected 80 from pot
hopasus: doesn't show hand 
*** SUMMARY ***
Total pot 80 | Rake 0 
Board [Qc Kh 7h]
Seat 1: hopasus (button) (small blind) collected (80)
Seat 3: Mahu2021 (big blind) folded on the Flop



PokerStars Hand #253093316983: Tournament #3816286658, $1.84+$0.16 USD Hold'em No Limit - Level III (20/40) - 2024/10/25 14:00:56 CET [2024/10/25 8:00:56 ET]
Table '3816286658 1' 3-max Seat #3 is the button
Seat 1: hopasus (880 in chips) 
Seat 3: Mahu2021 (620 in chips) 
Mahu2021: posts small blind 20
hopasus: posts big blind 40
*** HOLE CARDS ***
Dealt to Mahu2021 [9h 5h]
Mahu2021: calls 20
hopasus: checks 
*** FLOP *** [Jd 5c Th]
hopasus: checks 
Mahu2021: bets 40
hopasus: calls 40
*** TURN *** [Jd 5c Th] [3s]
hopasus: checks 
Mahu2021: bets 40
hopasus: folds 
Uncalled bet (40) returned to Mahu2021
Mahu2021 collected 160 from pot
Mahu2021: doesn't show hand 
*** SUMMARY ***
Total pot 160 | Rake 0 
Board [Jd 5c Th 3s]
Seat 1: hopasus (big blind) folded on the Turn
Seat 3: Mahu2021 (button) (small blind) collected (160)



PokerStars Hand #253093319400: Tournament #3816286658, $1.84+$0.16 USD Hold'em No Limit - Level IV (30/60) - 2024/10/25 14:01:13 CET [2024/10/25 8:01:13 ET]
Table '3816286658 1' 3-max Seat #1 is the button
Seat 1: hopasus (800 in chips) 
Seat 3: Mahu2021 (700 in chips) 
hopasus: posts small blind 30
Mahu2021: posts big blind 60
*** HOLE CARDS ***
Dealt to Mahu2021 [Kh 5h]
hopasus: calls 30
Mahu2021: checks 
*** FLOP *** [5d 2c 4c]
Mahu2021: bets 60
hopasus: calls 60
*** TURN *** [5d 2c 4c] [Qs]
Mahu2021: bets 60
hopasus: calls 60
*** RIVER *** [5d 2c 4c Qs] [7c]
Mahu2021: bets 60
hopasus: calls 60
*** SHOW DOWN ***
Mahu2021: shows [Kh 5h] (a pair of Fives)
hopasus: shows [7h Jc] (a pair of Sevens)
hopasus collected 480 from pot
*** SUMMARY ***
Total pot 480 | Rake 0 
Board [5d 2c 4c Qs 7c]
Seat 1: hopasus (button) (small blind) showed [7h Jc] and won (480) with a pair of Sevens
Seat 3: Mahu2021 (big blind) showed [Kh 5h] and lost with a pair of Fives



PokerStars Hand #253093321530: Tournament #3816286658, $1.84+$0.16 USD Hold'em No Limit - Level IV (30/60) - 2024/10/25 14:01:28 CET [2024/10/25 8:01:28 ET]
Table '3816286658 1' 3-max Seat #3 is the button
Seat 1: hopasus (1040 in chips) 
Seat 3: Mahu2021 (460 in chips) 
Mahu2021: posts small blind 30
hopasus: posts big blind 60
*** HOLE CARDS ***
Dealt to Mahu2021 [2c 5c]
Mahu2021: calls 30
hopasus: checks 
*** FLOP *** [Jc 9h Ks]
hopasus: bets 60
Mahu2021: folds 
Uncalled bet (60) returned to hopasus
hopasus collected 120 from pot
hopasus: doesn't show hand 
*** SUMMARY ***
Total pot 120 | Rake 0 
Board [Jc 9h Ks]
Seat 1: hopasus (big blind) collected (120)
Seat 3: Mahu2021 (button) (small blind) folded on the Flop



PokerStars Hand #253093323062: Tournament #3816286658, $1.84+$0.16 USD Hold'em No Limit - Level IV (30/60) - 2024/10/25 14:01:38 CET [2024/10/25 8:01:38 ET]
Table '3816286658 1' 3-max Seat #1 is the button
Seat 1: hopasus (1100 in chips) 
Seat 3: Mahu2021 (400 in chips) 
hopasus: posts small blind 30
Mahu2021: posts big blind 60
*** HOLE CARDS ***
Dealt to Mahu2021 [2s 7s]
hopasus: raises 180 to 240
Mahu2021: folds 
Uncalled bet (180) returned to hopasus
hopasus collected 120 from pot
hopasus: doesn't show hand 
*** SUMMARY ***
Total pot 120 | Rake 0 
Seat 1: hopasus (button) (small blind) collected (120)
Seat 3: Mahu2021 (big blind) folded before Flop



PokerStars Hand #253093324804: Tournament #3816286658, $1.84+$0.16 USD Hold'em No Limit - Level IV (30/60) - 2024/10/25 14:01:50 CET [2024/10/25 8:01:50 ET]
Table '3816286658 1' 3-max Seat #3 is the button
Seat 1: hopasus (1160 in chips) 
Seat 3: Mahu2021 (340 in chips) 
Mahu2021: posts small blind 30
hopasus: posts big blind 60
*** HOLE CARDS ***
Dealt to Mahu2021 [3s 5c]
Mahu2021: folds 
Uncalled bet (30) returned to hopasus
hopasus collected 60 from pot
hopasus: doesn't show hand 
*** SUMMARY ***
Total pot 60 | Rake 0 
Seat 1: hopasus (big blind) collected (60)
Seat 3: Mahu2021 (button) (small blind) folded before Flop



PokerStars Hand #253093325416: Tournament #3816286658, $1.84+$0.16 USD Hold'em No Limit - Level IV (30/60) - 2024/10/25 14:01:55 CET [2024/10/25 8:01:55 ET]
Table '3816286658 1' 3-max Seat #1 is the button
Seat 1: hopasus (1190 in chips) 
Seat 3: Mahu2021 (310 in chips) 
hopasus: posts small blind 30
Mahu2021: posts big blind 60
*** HOLE CARDS ***
Dealt to Mahu2021 [6c 8s]
hopasus: raises 60 to 120
Mahu2021: folds 
Uncalled bet (60) returned to hopasus
hopasus collected 120 from pot
hopasus: doesn't show hand 
*** SUMMARY ***
Total pot 120 | Rake 0 
Seat 1: hopasus (button) (small blind) collected (120)
Seat 3: Mahu2021 (big blind) folded before Flop



PokerStars Hand #253093326436: Tournament #3816286658, $1.84+$0.16 USD Hold'em No Limit - Level IV (30/60) - 2024/10/25 14:02:02 CET [2024/10/25 8:02:02 ET]
Table '3816286658 1' 3-max Seat #3 is the button
Seat 1: hopasus (1250 in chips) 
Seat 3: Mahu2021 (250 in chips) 
Mahu2021: posts small blind 30
hopasus: posts big blind 60
*** HOLE CARDS ***
Dealt to Mahu2021 [4h 7c]
Mahu2021: folds 
Uncalled bet (30) returned to hopasus
hopasus collected 60 from pot
hopasus: doesn't show hand 
*** SUMMARY ***
Total pot 60 | Rake 0 
Seat 1: hopasus (big blind) collected (60)
Seat 3: Mahu2021 (button) (small blind) folded before Flop



PokerStars Hand #253093327054: Tournament #3816286658, $1.84+$0.16 USD Hold'em No Limit - Level IV (30/60) - 2024/10/25 14:02:06 CET [2024/10/25 8:02:06 ET]
Table '3816286658 1' 3-max Seat #1 is the button
Seat 1: hopasus (1280 in chips) 
Seat 3: Mahu2021 (220 in chips) 
hopasus: posts small blind 30
Mahu2021: posts big blind 60
*** HOLE CARDS ***
Dealt to Mahu2021 [9h Qd]
hopasus: raises 60 to 120
Mahu2021: raises 100 to 220 and is all-in
hopasus: calls 100
*** FLOP *** [Th 4s 2c]
*** TURN *** [Th 4s 2c] [Kc]
*** RIVER *** [Th 4s 2c Kc] [Kh]
*** SHOW DOWN ***
Mahu2021: shows [9h Qd] (a pair of Kings)
hopasus: shows [Kd 7h] (three of a kind, Kings)
hopasus collected 440 from pot
Mahu2021 finished the tournament in 2nd place
hopasus wins the tournament and receives $4.00 - congratulations!
*** SUMMARY ***
Total pot 440 | Rake 0 
Board [Th 4s 2c Kc Kh]
Seat 1: hopasus (button) (small blind) showed [Kd 7h] and won (440) with three of a kind, Kings
Seat 3: Mahu2021 (big blind) showed [9h Qd] and lost with a pair of Kings



