PokerStars Hand #247128254951: Tournament #3673681571, $9.30+$0.70 USD Hold'em No Limit - Level I (10/20) - 2023/11/15 21:46:29 CET [2023/11/15 15:46:29 ET]
Table '3673681571 1' 3-max Seat #1 is the button
Seat 1: csabadeak (500 in chips) 
Seat 2: Mahu2021 (500 in chips) 
Seat 3: Kartauzi66 (500 in chips) 
Mahu2021: posts small blind 10
Kartauzi66: posts big blind 20
*** HOLE CARDS ***
Dealt to Mahu2021 [Js 4h]
csabadeak: folds 
Mahu2021: folds 
Uncalled bet (10) returned to Kartauzi66
Kartauzi66 collected 20 from pot
Kartauzi66: doesn't show hand 
*** SUMMARY ***
Total pot 20 | Rake 0 
Seat 1: csabadeak (button) folded before Flop (didn't bet)
Seat 2: Mahu2021 (small blind) folded before Flop
Seat 3: Kartauzi66 (big blind) collected (20)



PokerStars Hand #247128257554: Tournament #3673681571, $9.30+$0.70 USD Hold'em No Limit - Level I (10/20) - 2023/11/15 21:46:36 CET [2023/11/15 15:46:36 ET]
Table '3673681571 1' 3-max Seat #2 is the button
Seat 1: csabadeak (500 in chips) 
Seat 2: Mahu2021 (490 in chips) 
Seat 3: Kartauzi66 (510 in chips) 
Kartauzi66: posts small blind 10
csabadeak: posts big blind 20
*** HOLE CARDS ***
Dealt to Mahu2021 [6h 9s]
Mahu2021: folds 
Kartauzi66: folds 
Uncalled bet (10) returned to csabadeak
csabadeak collected 20 from pot
csabadeak: doesn't show hand 
*** SUMMARY ***
Total pot 20 | Rake 0 
Seat 1: csabadeak (big blind) collected (20)
Seat 2: Mahu2021 (button) folded before Flop (didn't bet)
Seat 3: Kartauzi66 (small blind) folded before Flop



PokerStars Hand #247128259785: Tournament #3673681571, $9.30+$0.70 USD Hold'em No Limit - Level I (10/20) - 2023/11/15 21:46:42 CET [2023/11/15 15:46:42 ET]
Table '3673681571 1' 3-max Seat #3 is the button
Seat 1: csabadeak (510 in chips) 
Seat 2: Mahu2021 (490 in chips) 
Seat 3: Kartauzi66 (500 in chips) 
csabadeak: posts small blind 10
Mahu2021: posts big blind 20
*** HOLE CARDS ***
Dealt to Mahu2021 [Ah 3d]
Kartauzi66: folds 
csabadeak: calls 10
Mahu2021: checks 
*** FLOP *** [5s Ac Qd]
csabadeak: checks 
Mahu2021: bets 40
csabadeak: folds 
Uncalled bet (40) returned to Mahu2021
Mahu2021 collected 40 from pot
Mahu2021: doesn't show hand 
*** SUMMARY ***
Total pot 40 | Rake 0 
Board [5s Ac Qd]
Seat 1: csabadeak (small blind) folded on the Flop
Seat 2: Mahu2021 (big blind) collected (40)
Seat 3: Kartauzi66 (button) folded before Flop (didn't bet)



PokerStars Hand #247128265508: Tournament #3673681571, $9.30+$0.70 USD Hold'em No Limit - Level I (10/20) - 2023/11/15 21:46:58 CET [2023/11/15 15:46:58 ET]
Table '3673681571 1' 3-max Seat #1 is the button
Seat 1: csabadeak (490 in chips) 
Seat 2: Mahu2021 (510 in chips) 
Seat 3: Kartauzi66 (500 in chips) 
Mahu2021: posts small blind 10
Kartauzi66: posts big blind 20
*** HOLE CARDS ***
Dealt to Mahu2021 [3h 7c]
csabadeak: folds 
Mahu2021: folds 
Uncalled bet (10) returned to Kartauzi66
Kartauzi66 collected 20 from pot
Kartauzi66: doesn't show hand 
*** SUMMARY ***
Total pot 20 | Rake 0 
Seat 1: csabadeak (button) folded before Flop (didn't bet)
Seat 2: Mahu2021 (small blind) folded before Flop
Seat 3: Kartauzi66 (big blind) collected (20)



PokerStars Hand #247128267152: Tournament #3673681571, $9.30+$0.70 USD Hold'em No Limit - Level I (10/20) - 2023/11/15 21:47:02 CET [2023/11/15 15:47:02 ET]
Table '3673681571 1' 3-max Seat #2 is the button
Seat 1: csabadeak (490 in chips) 
Seat 2: Mahu2021 (500 in chips) 
Seat 3: Kartauzi66 (510 in chips) 
Kartauzi66: posts small blind 10
csabadeak: posts big blind 20
*** HOLE CARDS ***
Dealt to Mahu2021 [7s Jd]
Mahu2021: folds 
Kartauzi66: raises 40 to 60
csabadeak: folds 
Uncalled bet (40) returned to Kartauzi66
Kartauzi66 collected 40 from pot
Kartauzi66: doesn't show hand 
*** SUMMARY ***
Total pot 40 | Rake 0 
Seat 1: csabadeak (big blind) folded before Flop
Seat 2: Mahu2021 (button) folded before Flop (didn't bet)
Seat 3: Kartauzi66 (small blind) collected (40)



PokerStars Hand #247128272754: Tournament #3673681571, $9.30+$0.70 USD Hold'em No Limit - Level I (10/20) - 2023/11/15 21:47:18 CET [2023/11/15 15:47:18 ET]
Table '3673681571 1' 3-max Seat #3 is the button
Seat 1: csabadeak (470 in chips) 
Seat 2: Mahu2021 (500 in chips) 
Seat 3: Kartauzi66 (530 in chips) 
csabadeak: posts small blind 10
Mahu2021: posts big blind 20
*** HOLE CARDS ***
Dealt to Mahu2021 [4s Jh]
Kartauzi66: raises 20 to 40
csabadeak: folds 
Mahu2021: calls 20
*** FLOP *** [Js As 5s]
Mahu2021: checks 
Kartauzi66: bets 23
Mahu2021: calls 23
*** TURN *** [Js As 5s] [Ad]
Mahu2021: checks 
Kartauzi66: checks 
*** RIVER *** [Js As 5s Ad] [7c]
Mahu2021: bets 40
Kartauzi66: folds 
Uncalled bet (40) returned to Mahu2021
Mahu2021 collected 136 from pot
Mahu2021: doesn't show hand 
*** SUMMARY ***
Total pot 136 | Rake 0 
Board [Js As 5s Ad 7c]
Seat 1: csabadeak (small blind) folded before Flop
Seat 2: Mahu2021 (big blind) collected (136)
Seat 3: Kartauzi66 (button) folded on the River



PokerStars Hand #247128284631: Tournament #3673681571, $9.30+$0.70 USD Hold'em No Limit - Level I (10/20) - 2023/11/15 21:47:51 CET [2023/11/15 15:47:51 ET]
Table '3673681571 1' 3-max Seat #1 is the button
Seat 1: csabadeak (460 in chips) 
Seat 2: Mahu2021 (573 in chips) 
Seat 3: Kartauzi66 (467 in chips) 
Mahu2021: posts small blind 10
Kartauzi66: posts big blind 20
*** HOLE CARDS ***
Dealt to Mahu2021 [Jc 4c]
csabadeak: folds 
Mahu2021: raises 40 to 60
Kartauzi66: folds 
Uncalled bet (40) returned to Mahu2021
Mahu2021 collected 40 from pot
Mahu2021: doesn't show hand 
*** SUMMARY ***
Total pot 40 | Rake 0 
Seat 1: csabadeak (button) folded before Flop (didn't bet)
Seat 2: Mahu2021 (small blind) collected (40)
Seat 3: Kartauzi66 (big blind) folded before Flop



PokerStars Hand #247128292715: Tournament #3673681571, $9.30+$0.70 USD Hold'em No Limit - Level I (10/20) - 2023/11/15 21:48:13 CET [2023/11/15 15:48:13 ET]
Table '3673681571 1' 3-max Seat #2 is the button
Seat 1: csabadeak (460 in chips) 
Seat 2: Mahu2021 (593 in chips) 
Seat 3: Kartauzi66 (447 in chips) 
Kartauzi66: posts small blind 10
csabadeak: posts big blind 20
*** HOLE CARDS ***
Dealt to Mahu2021 [9d 5d]
Mahu2021: folds 
Kartauzi66: folds 
Uncalled bet (10) returned to csabadeak
csabadeak collected 20 from pot
csabadeak: doesn't show hand 
*** SUMMARY ***
Total pot 20 | Rake 0 
Seat 1: csabadeak (big blind) collected (20)
Seat 2: Mahu2021 (button) folded before Flop (didn't bet)
Seat 3: Kartauzi66 (small blind) folded before Flop



PokerStars Hand #247128295886: Tournament #3673681571, $9.30+$0.70 USD Hold'em No Limit - Level I (10/20) - 2023/11/15 21:48:22 CET [2023/11/15 15:48:22 ET]
Table '3673681571 1' 3-max Seat #3 is the button
Seat 1: csabadeak (470 in chips) 
Seat 2: Mahu2021 (593 in chips) 
Seat 3: Kartauzi66 (437 in chips) 
csabadeak: posts small blind 10
Mahu2021: posts big blind 20
*** HOLE CARDS ***
Dealt to Mahu2021 [Kd 9d]
Kartauzi66: folds 
csabadeak: calls 10
Mahu2021: checks 
*** FLOP *** [Ad 3c 5c]
csabadeak: checks 
Mahu2021: checks 
*** TURN *** [Ad 3c 5c] [Th]
csabadeak: bets 20
Mahu2021: folds 
Uncalled bet (20) returned to csabadeak
csabadeak collected 40 from pot
csabadeak: doesn't show hand 
*** SUMMARY ***
Total pot 40 | Rake 0 
Board [Ad 3c 5c Th]
Seat 1: csabadeak (small blind) collected (40)
Seat 2: Mahu2021 (big blind) folded on the Turn
Seat 3: Kartauzi66 (button) folded before Flop (didn't bet)



PokerStars Hand #247128303171: Tournament #3673681571, $9.30+$0.70 USD Hold'em No Limit - Level I (10/20) - 2023/11/15 21:48:42 CET [2023/11/15 15:48:42 ET]
Table '3673681571 1' 3-max Seat #1 is the button
Seat 1: csabadeak (490 in chips) 
Seat 2: Mahu2021 (573 in chips) 
Seat 3: Kartauzi66 (437 in chips) 
Mahu2021: posts small blind 10
Kartauzi66: posts big blind 20
*** HOLE CARDS ***
Dealt to Mahu2021 [Qd Tc]
csabadeak: folds 
Mahu2021: calls 10
Kartauzi66: raises 40 to 60
Mahu2021: calls 40
*** FLOP *** [6d 6c Jd]
Mahu2021: checks 
Kartauzi66: checks 
*** TURN *** [6d 6c Jd] [9c]
Mahu2021: checks 
Kartauzi66: bets 80
Mahu2021: calls 80
*** RIVER *** [6d 6c Jd 9c] [5c]
Mahu2021: checks 
Kartauzi66: checks 
*** SHOW DOWN ***
Mahu2021: shows [Qd Tc] (a pair of Sixes)
Kartauzi66: shows [Ah 8h] (a pair of Sixes - Ace kicker)
Kartauzi66 collected 280 from pot
*** SUMMARY ***
Total pot 280 | Rake 0 
Board [6d 6c Jd 9c 5c]
Seat 1: csabadeak (button) folded before Flop (didn't bet)
Seat 2: Mahu2021 (small blind) showed [Qd Tc] and lost with a pair of Sixes
Seat 3: Kartauzi66 (big blind) showed [Ah 8h] and won (280) with a pair of Sixes



PokerStars Hand #247128315375: Tournament #3673681571, $9.30+$0.70 USD Hold'em No Limit - Level I (10/20) - 2023/11/15 21:49:16 CET [2023/11/15 15:49:16 ET]
Table '3673681571 1' 3-max Seat #2 is the button
Seat 1: csabadeak (490 in chips) 
Seat 2: Mahu2021 (433 in chips) 
Seat 3: Kartauzi66 (577 in chips) 
Kartauzi66: posts small blind 10
csabadeak: posts big blind 20
*** HOLE CARDS ***
Dealt to Mahu2021 [3c Jh]
Mahu2021: folds 
Kartauzi66: raises 40 to 60
csabadeak: calls 40
*** FLOP *** [4c 2s 6d]
Kartauzi66: checks 
csabadeak: bets 100
Kartauzi66: folds 
Uncalled bet (100) returned to csabadeak
csabadeak collected 120 from pot
csabadeak: doesn't show hand 
*** SUMMARY ***
Total pot 120 | Rake 0 
Board [4c 2s 6d]
Seat 1: csabadeak (big blind) collected (120)
Seat 2: Mahu2021 (button) folded before Flop (didn't bet)
Seat 3: Kartauzi66 (small blind) folded on the Flop



PokerStars Hand #247128328709: Tournament #3673681571, $9.30+$0.70 USD Hold'em No Limit - Level II (15/30) - 2023/11/15 21:49:53 CET [2023/11/15 15:49:53 ET]
Table '3673681571 1' 3-max Seat #3 is the button
Seat 1: csabadeak (550 in chips) 
Seat 2: Mahu2021 (433 in chips) 
Seat 3: Kartauzi66 (517 in chips) 
csabadeak: posts small blind 15
Mahu2021: posts big blind 30
*** HOLE CARDS ***
Dealt to Mahu2021 [6s 4c]
Kartauzi66: folds 
csabadeak: raises 30 to 60
Mahu2021: folds 
Uncalled bet (30) returned to csabadeak
csabadeak collected 60 from pot
csabadeak: doesn't show hand 
*** SUMMARY ***
Total pot 60 | Rake 0 
Seat 1: csabadeak (small blind) collected (60)
Seat 2: Mahu2021 (big blind) folded before Flop
Seat 3: Kartauzi66 (button) folded before Flop (didn't bet)



PokerStars Hand #247128331715: Tournament #3673681571, $9.30+$0.70 USD Hold'em No Limit - Level II (15/30) - 2023/11/15 21:50:01 CET [2023/11/15 15:50:01 ET]
Table '3673681571 1' 3-max Seat #1 is the button
Seat 1: csabadeak (580 in chips) 
Seat 2: Mahu2021 (403 in chips) 
Seat 3: Kartauzi66 (517 in chips) 
Mahu2021: posts small blind 15
Kartauzi66: posts big blind 30
*** HOLE CARDS ***
Dealt to Mahu2021 [6d 3d]
csabadeak: folds 
Mahu2021: calls 15
Kartauzi66: raises 487 to 517 and is all-in
Mahu2021: folds 
Uncalled bet (487) returned to Kartauzi66
Kartauzi66 collected 60 from pot
Kartauzi66: doesn't show hand 
*** SUMMARY ***
Total pot 60 | Rake 0 
Seat 1: csabadeak (button) folded before Flop (didn't bet)
Seat 2: Mahu2021 (small blind) folded before Flop
Seat 3: Kartauzi66 (big blind) collected (60)



PokerStars Hand #247128335183: Tournament #3673681571, $9.30+$0.70 USD Hold'em No Limit - Level II (15/30) - 2023/11/15 21:50:10 CET [2023/11/15 15:50:10 ET]
Table '3673681571 1' 3-max Seat #2 is the button
Seat 1: csabadeak (580 in chips) 
Seat 2: Mahu2021 (373 in chips) 
Seat 3: Kartauzi66 (547 in chips) 
Kartauzi66: posts small blind 15
csabadeak: posts big blind 30
*** HOLE CARDS ***
Dealt to Mahu2021 [4s Qd]
Mahu2021: folds 
Kartauzi66: raises 45 to 75
csabadeak: folds 
Uncalled bet (45) returned to Kartauzi66
Kartauzi66 collected 60 from pot
Kartauzi66: doesn't show hand 
*** SUMMARY ***
Total pot 60 | Rake 0 
Seat 1: csabadeak (big blind) folded before Flop
Seat 2: Mahu2021 (button) folded before Flop (didn't bet)
Seat 3: Kartauzi66 (small blind) collected (60)



PokerStars Hand #247128340092: Tournament #3673681571, $9.30+$0.70 USD Hold'em No Limit - Level II (15/30) - 2023/11/15 21:50:24 CET [2023/11/15 15:50:24 ET]
Table '3673681571 1' 3-max Seat #3 is the button
Seat 1: csabadeak (550 in chips) 
Seat 2: Mahu2021 (373 in chips) 
Seat 3: Kartauzi66 (577 in chips) 
csabadeak: posts small blind 15
Mahu2021: posts big blind 30
*** HOLE CARDS ***
Dealt to Mahu2021 [Kd 4s]
Kartauzi66: raises 30 to 60
csabadeak: folds 
Mahu2021: calls 30
*** FLOP *** [Qh 2h Js]
Mahu2021: checks 
Kartauzi66: bets 75
Mahu2021: folds 
Uncalled bet (75) returned to Kartauzi66
Kartauzi66 collected 135 from pot
Kartauzi66: doesn't show hand 
*** SUMMARY ***
Total pot 135 | Rake 0 
Board [Qh 2h Js]
Seat 1: csabadeak (small blind) folded before Flop
Seat 2: Mahu2021 (big blind) folded on the Flop
Seat 3: Kartauzi66 (button) collected (135)



PokerStars Hand #247128347906: Tournament #3673681571, $9.30+$0.70 USD Hold'em No Limit - Level II (15/30) - 2023/11/15 21:50:45 CET [2023/11/15 15:50:45 ET]
Table '3673681571 1' 3-max Seat #1 is the button
Seat 1: csabadeak (535 in chips) 
Seat 2: Mahu2021 (313 in chips) 
Seat 3: Kartauzi66 (652 in chips) 
Mahu2021: posts small blind 15
Kartauzi66: posts big blind 30
*** HOLE CARDS ***
Dealt to Mahu2021 [Tc 2h]
csabadeak: folds 
Mahu2021: folds 
Uncalled bet (15) returned to Kartauzi66
Kartauzi66 collected 30 from pot
Kartauzi66: doesn't show hand 
*** SUMMARY ***
Total pot 30 | Rake 0 
Seat 1: csabadeak (button) folded before Flop (didn't bet)
Seat 2: Mahu2021 (small blind) folded before Flop
Seat 3: Kartauzi66 (big blind) collected (30)



PokerStars Hand #247128350257: Tournament #3673681571, $9.30+$0.70 USD Hold'em No Limit - Level II (15/30) - 2023/11/15 21:50:52 CET [2023/11/15 15:50:52 ET]
Table '3673681571 1' 3-max Seat #2 is the button
Seat 1: csabadeak (535 in chips) 
Seat 2: Mahu2021 (298 in chips) 
Seat 3: Kartauzi66 (667 in chips) 
Kartauzi66: posts small blind 15
csabadeak: posts big blind 30
*** HOLE CARDS ***
Dealt to Mahu2021 [6h 3d]
Mahu2021: folds 
Kartauzi66: calls 15
csabadeak: checks 
*** FLOP *** [2c Ad Qc]
Kartauzi66: bets 30
csabadeak: folds 
Uncalled bet (30) returned to Kartauzi66
Kartauzi66 collected 60 from pot
Kartauzi66: doesn't show hand 
*** SUMMARY ***
Total pot 60 | Rake 0 
Board [2c Ad Qc]
Seat 1: csabadeak (big blind) folded on the Flop
Seat 2: Mahu2021 (button) folded before Flop (didn't bet)
Seat 3: Kartauzi66 (small blind) collected (60)



PokerStars Hand #247128357010: Tournament #3673681571, $9.30+$0.70 USD Hold'em No Limit - Level II (15/30) - 2023/11/15 21:51:10 CET [2023/11/15 15:51:10 ET]
Table '3673681571 1' 3-max Seat #3 is the button
Seat 1: csabadeak (505 in chips) 
Seat 2: Mahu2021 (298 in chips) 
Seat 3: Kartauzi66 (697 in chips) 
csabadeak: posts small blind 15
Mahu2021: posts big blind 30
*** HOLE CARDS ***
Dealt to Mahu2021 [8h Kc]
Kartauzi66: raises 30 to 60
csabadeak: folds 
Mahu2021: calls 30
*** FLOP *** [Td 6d Ac]
Mahu2021: checks 
Kartauzi66: bets 34
Mahu2021: folds 
Uncalled bet (34) returned to Kartauzi66
Kartauzi66 collected 135 from pot
Kartauzi66: doesn't show hand 
*** SUMMARY ***
Total pot 135 | Rake 0 
Board [Td 6d Ac]
Seat 1: csabadeak (small blind) folded before Flop
Seat 2: Mahu2021 (big blind) folded on the Flop
Seat 3: Kartauzi66 (button) collected (135)



PokerStars Hand #247128362904: Tournament #3673681571, $9.30+$0.70 USD Hold'em No Limit - Level II (15/30) - 2023/11/15 21:51:27 CET [2023/11/15 15:51:27 ET]
Table '3673681571 1' 3-max Seat #1 is the button
Seat 1: csabadeak (490 in chips) 
Seat 2: Mahu2021 (238 in chips) 
Seat 3: Kartauzi66 (772 in chips) 
Mahu2021: posts small blind 15
Kartauzi66: posts big blind 30
*** HOLE CARDS ***
Dealt to Mahu2021 [2s 5d]
csabadeak: raises 30 to 60
Mahu2021: folds 
Kartauzi66: calls 30
*** FLOP *** [Qh 7d Ts]
Kartauzi66: checks 
csabadeak: checks 
*** TURN *** [Qh 7d Ts] [4s]
Kartauzi66: checks 
csabadeak: checks 
*** RIVER *** [Qh 7d Ts 4s] [4d]
Kartauzi66: checks 
csabadeak: checks 
*** SHOW DOWN ***
Kartauzi66: shows [5c 6c] (a pair of Fours)
csabadeak: shows [8h Ac] (a pair of Fours - Ace kicker)
csabadeak collected 135 from pot
*** SUMMARY ***
Total pot 135 | Rake 0 
Board [Qh 7d Ts 4s 4d]
Seat 1: csabadeak (button) showed [8h Ac] and won (135) with a pair of Fours
Seat 2: Mahu2021 (small blind) folded before Flop
Seat 3: Kartauzi66 (big blind) showed [5c 6c] and lost with a pair of Fours



PokerStars Hand #247128374971: Tournament #3673681571, $9.30+$0.70 USD Hold'em No Limit - Level II (15/30) - 2023/11/15 21:52:00 CET [2023/11/15 15:52:00 ET]
Table '3673681571 1' 3-max Seat #2 is the button
Seat 1: csabadeak (565 in chips) 
Seat 2: Mahu2021 (223 in chips) 
Seat 3: Kartauzi66 (712 in chips) 
Kartauzi66: posts small blind 15
csabadeak: posts big blind 30
*** HOLE CARDS ***
Dealt to Mahu2021 [2h 3s]
Mahu2021: folds 
Kartauzi66: calls 15
csabadeak: checks 
*** FLOP *** [5s Qs 5c]
Kartauzi66: bets 30
csabadeak: raises 45 to 75
Kartauzi66: calls 45
*** TURN *** [5s Qs 5c] [2s]
Kartauzi66: checks 
csabadeak: bets 165
Kartauzi66: calls 165
*** RIVER *** [5s Qs 5c 2s] [9h]
Kartauzi66: checks 
csabadeak: bets 295 and is all-in
Kartauzi66: folds 
Uncalled bet (295) returned to csabadeak
csabadeak collected 540 from pot
csabadeak: doesn't show hand 
*** SUMMARY ***
Total pot 540 | Rake 0 
Board [5s Qs 5c 2s 9h]
Seat 1: csabadeak (big blind) collected (540)
Seat 2: Mahu2021 (button) folded before Flop (didn't bet)
Seat 3: Kartauzi66 (small blind) folded on the River



PokerStars Hand #247128399297: Tournament #3673681571, $9.30+$0.70 USD Hold'em No Limit - Level III (20/40) - 2023/11/15 21:53:07 CET [2023/11/15 15:53:07 ET]
Table '3673681571 1' 3-max Seat #3 is the button
Seat 1: csabadeak (835 in chips) 
Seat 2: Mahu2021 (223 in chips) 
Seat 3: Kartauzi66 (442 in chips) 
csabadeak: posts small blind 20
Mahu2021: posts big blind 40
*** HOLE CARDS ***
Dealt to Mahu2021 [2h 5s]
Kartauzi66: folds 
csabadeak: raises 240 to 280
Mahu2021: folds 
Uncalled bet (240) returned to csabadeak
csabadeak collected 80 from pot
csabadeak: doesn't show hand 
*** SUMMARY ***
Total pot 80 | Rake 0 
Seat 1: csabadeak (small blind) collected (80)
Seat 2: Mahu2021 (big blind) folded before Flop
Seat 3: Kartauzi66 (button) folded before Flop (didn't bet)



PokerStars Hand #247128401461: Tournament #3673681571, $9.30+$0.70 USD Hold'em No Limit - Level III (20/40) - 2023/11/15 21:53:13 CET [2023/11/15 15:53:13 ET]
Table '3673681571 1' 3-max Seat #1 is the button
Seat 1: csabadeak (875 in chips) 
Seat 2: Mahu2021 (183 in chips) 
Seat 3: Kartauzi66 (442 in chips) 
Mahu2021: posts small blind 20
Kartauzi66: posts big blind 40
*** HOLE CARDS ***
Dealt to Mahu2021 [9s Tc]
csabadeak: folds 
Mahu2021: folds 
Uncalled bet (20) returned to Kartauzi66
Kartauzi66 collected 40 from pot
Kartauzi66: doesn't show hand 
*** SUMMARY ***
Total pot 40 | Rake 0 
Seat 1: csabadeak (button) folded before Flop (didn't bet)
Seat 2: Mahu2021 (small blind) folded before Flop
Seat 3: Kartauzi66 (big blind) collected (40)



PokerStars Hand #247128403247: Tournament #3673681571, $9.30+$0.70 USD Hold'em No Limit - Level III (20/40) - 2023/11/15 21:53:18 CET [2023/11/15 15:53:18 ET]
Table '3673681571 1' 3-max Seat #2 is the button
Seat 1: csabadeak (875 in chips) 
Seat 2: Mahu2021 (163 in chips) 
Seat 3: Kartauzi66 (462 in chips) 
Kartauzi66: posts small blind 20
csabadeak: posts big blind 40
*** HOLE CARDS ***
Dealt to Mahu2021 [Js 3c]
Mahu2021: folds 
Kartauzi66: raises 40 to 80
csabadeak: calls 40
*** FLOP *** [4d Qc 2d]
Kartauzi66: bets 80
csabadeak: folds 
Uncalled bet (80) returned to Kartauzi66
Kartauzi66 collected 160 from pot
Kartauzi66: doesn't show hand 
*** SUMMARY ***
Total pot 160 | Rake 0 
Board [4d Qc 2d]
Seat 1: csabadeak (big blind) folded on the Flop
Seat 2: Mahu2021 (button) folded before Flop (didn't bet)
Seat 3: Kartauzi66 (small blind) collected (160)



PokerStars Hand #247128411584: Tournament #3673681571, $9.30+$0.70 USD Hold'em No Limit - Level III (20/40) - 2023/11/15 21:53:42 CET [2023/11/15 15:53:42 ET]
Table '3673681571 1' 3-max Seat #3 is the button
Seat 1: csabadeak (795 in chips) 
Seat 2: Mahu2021 (163 in chips) 
Seat 3: Kartauzi66 (542 in chips) 
csabadeak: posts small blind 20
Mahu2021: posts big blind 40
*** HOLE CARDS ***
Dealt to Mahu2021 [Jc Ac]
Kartauzi66: folds 
csabadeak: raises 240 to 280
Mahu2021: calls 123 and is all-in
Uncalled bet (117) returned to csabadeak
*** FLOP *** [Kd 2s 8c]
*** TURN *** [Kd 2s 8c] [Jd]
*** RIVER *** [Kd 2s 8c Jd] [3s]
*** SHOW DOWN ***
csabadeak: shows [Qh 9c] (high card King)
Mahu2021: shows [Jc Ac] (a pair of Jacks)
Mahu2021 collected 326 from pot
*** SUMMARY ***
Total pot 326 | Rake 0 
Board [Kd 2s 8c Jd 3s]
Seat 1: csabadeak (small blind) showed [Qh 9c] and lost with high card King
Seat 2: Mahu2021 (big blind) showed [Jc Ac] and won (326) with a pair of Jacks
Seat 3: Kartauzi66 (button) folded before Flop (didn't bet)



PokerStars Hand #247128417171: Tournament #3673681571, $9.30+$0.70 USD Hold'em No Limit - Level III (20/40) - 2023/11/15 21:53:57 CET [2023/11/15 15:53:57 ET]
Table '3673681571 1' 3-max Seat #1 is the button
Seat 1: csabadeak (632 in chips) 
Seat 2: Mahu2021 (326 in chips) 
Seat 3: Kartauzi66 (542 in chips) 
Mahu2021: posts small blind 20
Kartauzi66: posts big blind 40
*** HOLE CARDS ***
Dealt to Mahu2021 [5h Qh]
csabadeak: folds 
Mahu2021: calls 20
Kartauzi66: checks 
*** FLOP *** [4d Kd Qd]
Mahu2021: bets 40
Kartauzi66: calls 40
*** TURN *** [4d Kd Qd] [2h]
Mahu2021: checks 
Kartauzi66: checks 
*** RIVER *** [4d Kd Qd 2h] [6d]
Mahu2021: checks 
Kartauzi66: bets 60
Mahu2021: folds 
Uncalled bet (60) returned to Kartauzi66
Kartauzi66 collected 160 from pot
Kartauzi66: doesn't show hand 
*** SUMMARY ***
Total pot 160 | Rake 0 
Board [4d Kd Qd 2h 6d]
Seat 1: csabadeak (button) folded before Flop (didn't bet)
Seat 2: Mahu2021 (small blind) folded on the River
Seat 3: Kartauzi66 (big blind) collected (160)



PokerStars Hand #247128430597: Tournament #3673681571, $9.30+$0.70 USD Hold'em No Limit - Level III (20/40) - 2023/11/15 21:54:35 CET [2023/11/15 15:54:35 ET]
Table '3673681571 1' 3-max Seat #2 is the button
Seat 1: csabadeak (632 in chips) 
Seat 2: Mahu2021 (246 in chips) 
Seat 3: Kartauzi66 (622 in chips) 
Kartauzi66: posts small blind 20
csabadeak: posts big blind 40
*** HOLE CARDS ***
Dealt to Mahu2021 [5d 8d]
Mahu2021: folds 
Kartauzi66: folds 
Uncalled bet (20) returned to csabadeak
csabadeak collected 40 from pot
csabadeak: doesn't show hand 
*** SUMMARY ***
Total pot 40 | Rake 0 
Seat 1: csabadeak (big blind) collected (40)
Seat 2: Mahu2021 (button) folded before Flop (didn't bet)
Seat 3: Kartauzi66 (small blind) folded before Flop



PokerStars Hand #247128432543: Tournament #3673681571, $9.30+$0.70 USD Hold'em No Limit - Level III (20/40) - 2023/11/15 21:54:40 CET [2023/11/15 15:54:40 ET]
Table '3673681571 1' 3-max Seat #3 is the button
Seat 1: csabadeak (652 in chips) 
Seat 2: Mahu2021 (246 in chips) 
Seat 3: Kartauzi66 (602 in chips) 
csabadeak: posts small blind 20
Mahu2021: posts big blind 40
*** HOLE CARDS ***
Dealt to Mahu2021 [Qc 3c]
Kartauzi66: raises 40 to 80
csabadeak: folds 
Mahu2021: calls 40
*** FLOP *** [6h 3s Ah]
Mahu2021: checks 
Kartauzi66: bets 40
Mahu2021: raises 126 to 166 and is all-in
Kartauzi66: calls 126
*** TURN *** [6h 3s Ah] [Td]
*** RIVER *** [6h 3s Ah Td] [7s]
*** SHOW DOWN ***
Mahu2021: shows [Qc 3c] (a pair of Threes)
Kartauzi66: shows [Ad Ks] (a pair of Aces)
Kartauzi66 collected 512 from pot
Mahu2021 finished the tournament in 3rd place
*** SUMMARY ***
Total pot 512 | Rake 0 
Board [6h 3s Ah Td 7s]
Seat 1: csabadeak (small blind) folded before Flop
Seat 2: Mahu2021 (big blind) showed [Qc 3c] and lost with a pair of Threes
Seat 3: Kartauzi66 (button) showed [Ad Ks] and won (512) with a pair of Aces



