PokerStars Hand #244515998293: Tournament #3610087880, $0.92+$0.08 USD Hold'em No Limit - Level I (10/20) - 2023/06/28 21:50:44 CET [2023/06/28 15:50:44 ET]
Table '3610087880 1' 3-max Seat #1 is the button
Seat 1: hgpperez (500 in chips) 
Seat 2: Mahu2021 (500 in chips) 
Seat 3: Pils 54 (500 in chips) 
Mahu2021: posts small blind 10
Pils 54: posts big blind 20
*** HOLE CARDS ***
Dealt to Mahu2021 [6d Js]
hgpperez: raises 20 to 40
Mahu2021: folds 
Pils 54: calls 20
*** FLOP *** [Kh 5h Jh]
Pils 54: checks 
hgpperez: checks 
*** TURN *** [Kh 5h Jh] [Tc]
Pils 54: bets 36
hgpperez: folds 
Uncalled bet (36) returned to Pils 54
Pils 54 collected 90 from pot
Pils 54: doesn't show hand 
*** SUMMARY ***
Total pot 90 | Rake 0 
Board [Kh 5h Jh Tc]
Seat 1: hgpperez (button) folded on the Turn
Seat 2: Mahu2021 (small blind) folded before Flop
Seat 3: Pils 54 (big blind) collected (90)



PokerStars Hand #244516008691: Tournament #3610087880, $0.92+$0.08 USD Hold'em No Limit - Level I (10/20) - 2023/06/28 21:51:15 CET [2023/06/28 15:51:15 ET]
Table '3610087880 1' 3-max Seat #2 is the button
Seat 1: hgpperez (460 in chips) 
Seat 2: Mahu2021 (490 in chips) 
Seat 3: Pils 54 (550 in chips) 
Pils 54: posts small blind 10
hgpperez: posts big blind 20
*** HOLE CARDS ***
Dealt to Mahu2021 [4c 2s]
Mahu2021: folds 
Pils 54: folds 
Uncalled bet (10) returned to hgpperez
hgpperez collected 20 from pot
hgpperez: doesn't show hand 
*** SUMMARY ***
Total pot 20 | Rake 0 
Seat 1: hgpperez (big blind) collected (20)
Seat 2: Mahu2021 (button) folded before Flop (didn't bet)
Seat 3: Pils 54 (small blind) folded before Flop



PokerStars Hand #244516010767: Tournament #3610087880, $0.92+$0.08 USD Hold'em No Limit - Level I (10/20) - 2023/06/28 21:51:21 CET [2023/06/28 15:51:21 ET]
Table '3610087880 1' 3-max Seat #3 is the button
Seat 1: hgpperez (470 in chips) 
Seat 2: Mahu2021 (490 in chips) 
Seat 3: Pils 54 (540 in chips) 
hgpperez: posts small blind 10
Mahu2021: posts big blind 20
*** HOLE CARDS ***
Dealt to Mahu2021 [4c Qd]
Pils 54: folds 
hgpperez: folds 
Uncalled bet (10) returned to Mahu2021
Mahu2021 collected 20 from pot
Mahu2021: doesn't show hand 
*** SUMMARY ***
Total pot 20 | Rake 0 
Seat 1: hgpperez (small blind) folded before Flop
Seat 2: Mahu2021 (big blind) collected (20)
Seat 3: Pils 54 (button) folded before Flop (didn't bet)



PokerStars Hand #244516013706: Tournament #3610087880, $0.92+$0.08 USD Hold'em No Limit - Level I (10/20) - 2023/06/28 21:51:30 CET [2023/06/28 15:51:30 ET]
Table '3610087880 1' 3-max Seat #1 is the button
Seat 1: hgpperez (460 in chips) 
Seat 2: Mahu2021 (500 in chips) 
Seat 3: Pils 54 (540 in chips) 
Mahu2021: posts small blind 10
Pils 54: posts big blind 20
*** HOLE CARDS ***
Dealt to Mahu2021 [Jc 6d]
hgpperez: raises 20 to 40
Mahu2021: folds 
Pils 54: folds 
Uncalled bet (20) returned to hgpperez
hgpperez collected 50 from pot
hgpperez: doesn't show hand 
*** SUMMARY ***
Total pot 50 | Rake 0 
Seat 1: hgpperez (button) collected (50)
Seat 2: Mahu2021 (small blind) folded before Flop
Seat 3: Pils 54 (big blind) folded before Flop



PokerStars Hand #244516018784: Tournament #3610087880, $0.92+$0.08 USD Hold'em No Limit - Level I (10/20) - 2023/06/28 21:51:45 CET [2023/06/28 15:51:45 ET]
Table '3610087880 1' 3-max Seat #2 is the button
Seat 1: hgpperez (490 in chips) 
Seat 2: Mahu2021 (490 in chips) 
Seat 3: Pils 54 (520 in chips) 
Pils 54: posts small blind 10
hgpperez: posts big blind 20
*** HOLE CARDS ***
Dealt to Mahu2021 [3s 6c]
Mahu2021: folds 
Pils 54: folds 
Uncalled bet (10) returned to hgpperez
hgpperez collected 20 from pot
hgpperez: doesn't show hand 
*** SUMMARY ***
Total pot 20 | Rake 0 
Seat 1: hgpperez (big blind) collected (20)
Seat 2: Mahu2021 (button) folded before Flop (didn't bet)
Seat 3: Pils 54 (small blind) folded before Flop



PokerStars Hand #244516020838: Tournament #3610087880, $0.92+$0.08 USD Hold'em No Limit - Level I (10/20) - 2023/06/28 21:51:51 CET [2023/06/28 15:51:51 ET]
Table '3610087880 1' 3-max Seat #3 is the button
Seat 1: hgpperez (500 in chips) 
Seat 2: Mahu2021 (490 in chips) 
Seat 3: Pils 54 (510 in chips) 
hgpperez: posts small blind 10
Mahu2021: posts big blind 20
*** HOLE CARDS ***
Dealt to Mahu2021 [Kd Th]
Pils 54: folds 
hgpperez: folds 
Uncalled bet (10) returned to Mahu2021
Mahu2021 collected 20 from pot
Mahu2021: doesn't show hand 
*** SUMMARY ***
Total pot 20 | Rake 0 
Seat 1: hgpperez (small blind) folded before Flop
Seat 2: Mahu2021 (big blind) collected (20)
Seat 3: Pils 54 (button) folded before Flop (didn't bet)



PokerStars Hand #244516023334: Tournament #3610087880, $0.92+$0.08 USD Hold'em No Limit - Level I (10/20) - 2023/06/28 21:51:59 CET [2023/06/28 15:51:59 ET]
Table '3610087880 1' 3-max Seat #1 is the button
Seat 1: hgpperez (490 in chips) 
Seat 2: Mahu2021 (500 in chips) 
Seat 3: Pils 54 (510 in chips) 
Mahu2021: posts small blind 10
Pils 54: posts big blind 20
*** HOLE CARDS ***
Dealt to Mahu2021 [8h Td]
hgpperez: folds 
Mahu2021: raises 20 to 40
Pils 54: calls 20
*** FLOP *** [5s 7s Qh]
Mahu2021: checks 
Pils 54: bets 22
Mahu2021: folds 
Uncalled bet (22) returned to Pils 54
Pils 54 collected 80 from pot
Pils 54: doesn't show hand 
*** SUMMARY ***
Total pot 80 | Rake 0 
Board [5s 7s Qh]
Seat 1: hgpperez (button) folded before Flop (didn't bet)
Seat 2: Mahu2021 (small blind) folded on the Flop
Seat 3: Pils 54 (big blind) collected (80)



PokerStars Hand #244516028807: Tournament #3610087880, $0.92+$0.08 USD Hold'em No Limit - Level I (10/20) - 2023/06/28 21:52:15 CET [2023/06/28 15:52:15 ET]
Table '3610087880 1' 3-max Seat #2 is the button
Seat 1: hgpperez (490 in chips) 
Seat 2: Mahu2021 (460 in chips) 
Seat 3: Pils 54 (550 in chips) 
Pils 54: posts small blind 10
hgpperez: posts big blind 20
*** HOLE CARDS ***
Dealt to Mahu2021 [4c 8c]
Mahu2021: folds 
Pils 54: calls 10
hgpperez: checks 
*** FLOP *** [4d 5h 9h]
Pils 54: checks 
hgpperez: checks 
*** TURN *** [4d 5h 9h] [Kh]
Pils 54: checks 
hgpperez: bets 30
Pils 54: calls 30
*** RIVER *** [4d 5h 9h Kh] [Jh]
Pils 54: checks 
hgpperez: checks 
*** SHOW DOWN ***
Pils 54: shows [2c 2h] (a flush, King high)
hgpperez: mucks hand 
Pils 54 collected 100 from pot
*** SUMMARY ***
Total pot 100 | Rake 0 
Board [4d 5h 9h Kh Jh]
Seat 1: hgpperez (big blind) mucked [3s Kc]
Seat 2: Mahu2021 (button) folded before Flop (didn't bet)
Seat 3: Pils 54 (small blind) showed [2c 2h] and won (100) with a flush, King high



PokerStars Hand #244516042017: Tournament #3610087880, $0.92+$0.08 USD Hold'em No Limit - Level II (15/30) - 2023/06/28 21:52:54 CET [2023/06/28 15:52:54 ET]
Table '3610087880 1' 3-max Seat #3 is the button
Seat 1: hgpperez (440 in chips) 
Seat 2: Mahu2021 (460 in chips) 
Seat 3: Pils 54 (600 in chips) 
hgpperez: posts small blind 15
Mahu2021: posts big blind 30
*** HOLE CARDS ***
Dealt to Mahu2021 [7s 6s]
Pils 54: raises 30 to 60
hgpperez: folds 
Mahu2021: calls 30
*** FLOP *** [6d 4c Th]
Mahu2021: checks 
Pils 54: checks 
*** TURN *** [6d 4c Th] [As]
Mahu2021: checks 
Pils 54: checks 
*** RIVER *** [6d 4c Th As] [8h]
Mahu2021: checks 
Pils 54: bets 105
Mahu2021: folds 
Uncalled bet (105) returned to Pils 54
Pils 54 collected 135 from pot
Pils 54: doesn't show hand 
*** SUMMARY ***
Total pot 135 | Rake 0 
Board [6d 4c Th As 8h]
Seat 1: hgpperez (small blind) folded before Flop
Seat 2: Mahu2021 (big blind) folded on the River
Seat 3: Pils 54 (button) collected (135)



PokerStars Hand #244516052940: Tournament #3610087880, $0.92+$0.08 USD Hold'em No Limit - Level II (15/30) - 2023/06/28 21:53:27 CET [2023/06/28 15:53:27 ET]
Table '3610087880 1' 3-max Seat #1 is the button
Seat 1: hgpperez (425 in chips) 
Seat 2: Mahu2021 (400 in chips) 
Seat 3: Pils 54 (675 in chips) 
Mahu2021: posts small blind 15
Pils 54: posts big blind 30
*** HOLE CARDS ***
Dealt to Mahu2021 [8d 6h]
hgpperez: raises 30 to 60
Mahu2021: folds 
Pils 54: raises 90 to 150
hgpperez: folds 
Uncalled bet (90) returned to Pils 54
Pils 54 collected 135 from pot
Pils 54: doesn't show hand 
*** SUMMARY ***
Total pot 135 | Rake 0 
Seat 1: hgpperez (button) folded before Flop
Seat 2: Mahu2021 (small blind) folded before Flop
Seat 3: Pils 54 (big blind) collected (135)



PokerStars Hand #244516058094: Tournament #3610087880, $0.92+$0.08 USD Hold'em No Limit - Level II (15/30) - 2023/06/28 21:53:43 CET [2023/06/28 15:53:43 ET]
Table '3610087880 1' 3-max Seat #2 is the button
Seat 1: hgpperez (365 in chips) 
Seat 2: Mahu2021 (385 in chips) 
Seat 3: Pils 54 (750 in chips) 
Pils 54: posts small blind 15
hgpperez: posts big blind 30
*** HOLE CARDS ***
Dealt to Mahu2021 [5h 2c]
Mahu2021: folds 
Pils 54: calls 15
hgpperez: raises 60 to 90
Pils 54: calls 60
*** FLOP *** [Td 6h 3d]
Pils 54: checks 
hgpperez: checks 
*** TURN *** [Td 6h 3d] [6d]
Pils 54: bets 50
hgpperez: calls 50
*** RIVER *** [Td 6h 3d 6d] [9s]
Pils 54: checks 
hgpperez: checks 
*** SHOW DOWN ***
Pils 54: shows [Jc Tc] (two pair, Tens and Sixes)
hgpperez: mucks hand 
Pils 54 collected 280 from pot
*** SUMMARY ***
Total pot 280 | Rake 0 
Board [Td 6h 3d 6d 9s]
Seat 1: hgpperez (big blind) mucked [Ac 9c]
Seat 2: Mahu2021 (button) folded before Flop (didn't bet)
Seat 3: Pils 54 (small blind) showed [Jc Tc] and won (280) with two pair, Tens and Sixes



PokerStars Hand #244516073267: Tournament #3610087880, $0.92+$0.08 USD Hold'em No Limit - Level II (15/30) - 2023/06/28 21:54:29 CET [2023/06/28 15:54:29 ET]
Table '3610087880 1' 3-max Seat #3 is the button
Seat 1: hgpperez (225 in chips) 
Seat 2: Mahu2021 (385 in chips) 
Seat 3: Pils 54 (890 in chips) 
hgpperez: posts small blind 15
Mahu2021: posts big blind 30
*** HOLE CARDS ***
Dealt to Mahu2021 [Jc 7c]
Pils 54: raises 30 to 60
hgpperez: folds 
Mahu2021: calls 30
*** FLOP *** [3h Ac 8d]
Mahu2021: checks 
Pils 54: checks 
*** TURN *** [3h Ac 8d] [Ah]
Mahu2021: bets 30
Pils 54: calls 30
*** RIVER *** [3h Ac 8d Ah] [2d]
Mahu2021: checks 
Pils 54: bets 75
Mahu2021: folds 
Uncalled bet (75) returned to Pils 54
Pils 54 collected 195 from pot
Pils 54: doesn't show hand 
*** SUMMARY ***
Total pot 195 | Rake 0 
Board [3h Ac 8d Ah 2d]
Seat 1: hgpperez (small blind) folded before Flop
Seat 2: Mahu2021 (big blind) folded on the River
Seat 3: Pils 54 (button) collected (195)



PokerStars Hand #244516084622: Tournament #3610087880, $0.92+$0.08 USD Hold'em No Limit - Level III (20/40) - 2023/06/28 21:55:03 CET [2023/06/28 15:55:03 ET]
Table '3610087880 1' 3-max Seat #1 is the button
Seat 1: hgpperez (210 in chips) 
Seat 2: Mahu2021 (295 in chips) 
Seat 3: Pils 54 (995 in chips) 
Mahu2021: posts small blind 20
Pils 54: posts big blind 40
*** HOLE CARDS ***
Dealt to Mahu2021 [Qc Kc]
hgpperez: folds 
Mahu2021: raises 40 to 80
Pils 54: folds 
Uncalled bet (40) returned to Mahu2021
Mahu2021 collected 80 from pot
Mahu2021: doesn't show hand 
*** SUMMARY ***
Total pot 80 | Rake 0 
Seat 1: hgpperez (button) folded before Flop (didn't bet)
Seat 2: Mahu2021 (small blind) collected (80)
Seat 3: Pils 54 (big blind) folded before Flop



PokerStars Hand #244516088573: Tournament #3610087880, $0.92+$0.08 USD Hold'em No Limit - Level III (20/40) - 2023/06/28 21:55:17 CET [2023/06/28 15:55:17 ET]
Table '3610087880 1' 3-max Seat #2 is the button
Seat 1: hgpperez (210 in chips) 
Seat 2: Mahu2021 (335 in chips) 
Seat 3: Pils 54 (955 in chips) 
Pils 54: posts small blind 20
hgpperez: posts big blind 40
*** HOLE CARDS ***
Dealt to Mahu2021 [Tc Th]
Mahu2021: raises 295 to 335 and is all-in
Pils 54: folds 
hgpperez: calls 170 and is all-in
Uncalled bet (125) returned to Mahu2021
*** FLOP *** [4h 8d 2h]
*** TURN *** [4h 8d 2h] [As]
*** RIVER *** [4h 8d 2h As] [Ks]
*** SHOW DOWN ***
hgpperez: shows [Kh Kd] (three of a kind, Kings)
Mahu2021: shows [Tc Th] (a pair of Tens)
hgpperez collected 440 from pot
*** SUMMARY ***
Total pot 440 | Rake 0 
Board [4h 8d 2h As Ks]
Seat 1: hgpperez (big blind) showed [Kh Kd] and won (440) with three of a kind, Kings
Seat 2: Mahu2021 (button) showed [Tc Th] and lost with a pair of Tens
Seat 3: Pils 54 (small blind) folded before Flop



PokerStars Hand #244516092121: Tournament #3610087880, $0.92+$0.08 USD Hold'em No Limit - Level III (20/40) - 2023/06/28 21:55:32 CET [2023/06/28 15:55:32 ET]
Table '3610087880 1' 3-max Seat #3 is the button
Seat 1: hgpperez (440 in chips) 
Seat 2: Mahu2021 (125 in chips) 
Seat 3: Pils 54 (935 in chips) 
hgpperez: posts small blind 20
Mahu2021: posts big blind 40
*** HOLE CARDS ***
Dealt to Mahu2021 [2h 2d]
Pils 54: raises 895 to 935 and is all-in
hgpperez: folds 
Mahu2021: calls 85 and is all-in
Uncalled bet (810) returned to Pils 54
*** FLOP *** [7d Ks 2c]
*** TURN *** [7d Ks 2c] [As]
*** RIVER *** [7d Ks 2c As] [Jd]
*** SHOW DOWN ***
Mahu2021: shows [2h 2d] (three of a kind, Deuces)
Pils 54: shows [4d 4s] (a pair of Fours)
Mahu2021 collected 270 from pot
*** SUMMARY ***
Total pot 270 | Rake 0 
Board [7d Ks 2c As Jd]
Seat 1: hgpperez (small blind) folded before Flop
Seat 2: Mahu2021 (big blind) showed [2h 2d] and won (270) with three of a kind, Deuces
Seat 3: Pils 54 (button) showed [4d 4s] and lost with a pair of Fours



PokerStars Hand #244516096828: Tournament #3610087880, $0.92+$0.08 USD Hold'em No Limit - Level III (20/40) - 2023/06/28 21:55:51 CET [2023/06/28 15:55:51 ET]
Table '3610087880 1' 3-max Seat #1 is the button
Seat 1: hgpperez (420 in chips) 
Seat 2: Mahu2021 (270 in chips) 
Seat 3: Pils 54 (810 in chips) 
Mahu2021: posts small blind 20
Pils 54: posts big blind 40
*** HOLE CARDS ***
Dealt to Mahu2021 [Tc 6c]
hgpperez: folds 
Mahu2021: calls 20
Pils 54: checks 
*** FLOP *** [4s 9c 6h]
Mahu2021: bets 230 and is all-in
Pils 54: folds 
Uncalled bet (230) returned to Mahu2021
Mahu2021 collected 80 from pot
Mahu2021: doesn't show hand 
*** SUMMARY ***
Total pot 80 | Rake 0 
Board [4s 9c 6h]
Seat 1: hgpperez (button) folded before Flop (didn't bet)
Seat 2: Mahu2021 (small blind) collected (80)
Seat 3: Pils 54 (big blind) folded on the Flop



PokerStars Hand #244516100299: Tournament #3610087880, $0.92+$0.08 USD Hold'em No Limit - Level III (20/40) - 2023/06/28 21:56:05 CET [2023/06/28 15:56:05 ET]
Table '3610087880 1' 3-max Seat #2 is the button
Seat 1: hgpperez (420 in chips) 
Seat 2: Mahu2021 (310 in chips) 
Seat 3: Pils 54 (770 in chips) 
Pils 54: posts small blind 20
hgpperez: posts big blind 40
*** HOLE CARDS ***
Dealt to Mahu2021 [4s Kh]
Mahu2021: folds 
Pils 54: folds 
Uncalled bet (20) returned to hgpperez
hgpperez collected 40 from pot
hgpperez: doesn't show hand 
*** SUMMARY ***
Total pot 40 | Rake 0 
Seat 1: hgpperez (big blind) collected (40)
Seat 2: Mahu2021 (button) folded before Flop (didn't bet)
Seat 3: Pils 54 (small blind) folded before Flop



PokerStars Hand #244516101619: Tournament #3610087880, $0.92+$0.08 USD Hold'em No Limit - Level III (20/40) - 2023/06/28 21:56:10 CET [2023/06/28 15:56:10 ET]
Table '3610087880 1' 3-max Seat #3 is the button
Seat 1: hgpperez (440 in chips) 
Seat 2: Mahu2021 (310 in chips) 
Seat 3: Pils 54 (750 in chips) 
hgpperez: posts small blind 20
Mahu2021: posts big blind 40
*** HOLE CARDS ***
Dealt to Mahu2021 [Ad 9s]
Pils 54: folds 
hgpperez: raises 40 to 80
Mahu2021: calls 40
*** FLOP *** [9c Qs Kh]
hgpperez: bets 93
Mahu2021: raises 137 to 230 and is all-in
hgpperez: calls 137
*** TURN *** [9c Qs Kh] [7h]
*** RIVER *** [9c Qs Kh 7h] [3h]
*** SHOW DOWN ***
hgpperez: shows [Kc Ah] (a pair of Kings)
Mahu2021: shows [Ad 9s] (a pair of Nines)
hgpperez collected 620 from pot
Mahu2021 finished the tournament in 3rd place
*** SUMMARY ***
Total pot 620 | Rake 0 
Board [9c Qs Kh 7h 3h]
Seat 1: hgpperez (small blind) showed [Kc Ah] and won (620) with a pair of Kings
Seat 2: Mahu2021 (big blind) showed [Ad 9s] and lost with a pair of Nines
Seat 3: Pils 54 (button) folded before Flop (didn't bet)



