PokerStars Hand #253447267609: Tournament #3824550181, $1.84+$0.16 USD Hold'em No Limit - Level I (10/20) - 2024/11/17 18:26:15 CET [2024/11/17 12:26:15 ET]
Table '3824550181 1' 3-max Seat #1 is the button
Seat 1: ShaneDoc222 (500 in chips) 
Seat 2: Mahu2021 (500 in chips) 
Seat 3: mullric6 (500 in chips) 
Mahu2021: posts small blind 10
mullric6: posts big blind 20
*** HOLE CARDS ***
Dealt to Mahu2021 [4h Qs]
ShaneDoc222: raises 40 to 60
Mahu2021: folds 
mullric6: folds 
Uncalled bet (40) returned to ShaneDoc222
ShaneDoc222 collected 50 from pot
ShaneDoc222: doesn't show hand 
*** SUMMARY ***
Total pot 50 | Rake 0 
Seat 1: ShaneDoc222 (button) collected (50)
Seat 2: Mahu2021 (small blind) folded before Flop
Seat 3: mullric6 (big blind) folded before Flop



PokerStars Hand #253447269446: Tournament #3824550181, $1.84+$0.16 USD Hold'em No Limit - Level I (10/20) - 2024/11/17 18:26:21 CET [2024/11/17 12:26:21 ET]
Table '3824550181 1' 3-max Seat #2 is the button
Seat 1: ShaneDoc222 (530 in chips) 
Seat 2: Mahu2021 (490 in chips) 
Seat 3: mullric6 (480 in chips) 
mullric6: posts small blind 10
ShaneDoc222: posts big blind 20
*** HOLE CARDS ***
Dealt to Mahu2021 [5d 3c]
Mahu2021: folds 
mullric6: raises 20 to 40
ShaneDoc222: folds 
Uncalled bet (20) returned to mullric6
mullric6 collected 40 from pot
mullric6: doesn't show hand 
*** SUMMARY ***
Total pot 40 | Rake 0 
Seat 1: ShaneDoc222 (big blind) folded before Flop
Seat 2: Mahu2021 (button) folded before Flop (didn't bet)
Seat 3: mullric6 (small blind) collected (40)



PokerStars Hand #253447271865: Tournament #3824550181, $1.84+$0.16 USD Hold'em No Limit - Level I (10/20) - 2024/11/17 18:26:29 CET [2024/11/17 12:26:29 ET]
Table '3824550181 1' 3-max Seat #3 is the button
Seat 1: ShaneDoc222 (510 in chips) 
Seat 2: Mahu2021 (490 in chips) 
Seat 3: mullric6 (500 in chips) 
ShaneDoc222: posts small blind 10
Mahu2021: posts big blind 20
*** HOLE CARDS ***
Dealt to Mahu2021 [6h Th]
mullric6: folds 
ShaneDoc222: raises 40 to 60
Mahu2021: calls 40
*** FLOP *** [9h 8c 7d]
ShaneDoc222: bets 60
Mahu2021: calls 60
*** TURN *** [9h 8c 7d] [As]
ShaneDoc222: bets 100
Mahu2021: calls 100
*** RIVER *** [9h 8c 7d As] [Tc]
ShaneDoc222: checks 
Mahu2021: checks 
*** SHOW DOWN ***
ShaneDoc222: shows [5c 5d] (a pair of Fives)
Mahu2021: shows [6h Th] (a straight, Six to Ten)
Mahu2021 collected 440 from pot
*** SUMMARY ***
Total pot 440 | Rake 0 
Board [9h 8c 7d As Tc]
Seat 1: ShaneDoc222 (small blind) showed [5c 5d] and lost with a pair of Fives
Seat 2: Mahu2021 (big blind) showed [6h Th] and won (440) with a straight, Six to Ten
Seat 3: mullric6 (button) folded before Flop (didn't bet)



PokerStars Hand #253447277873: Tournament #3824550181, $1.84+$0.16 USD Hold'em No Limit - Level I (10/20) - 2024/11/17 18:26:48 CET [2024/11/17 12:26:48 ET]
Table '3824550181 1' 3-max Seat #1 is the button
Seat 1: ShaneDoc222 (290 in chips) 
Seat 2: Mahu2021 (710 in chips) 
Seat 3: mullric6 (500 in chips) 
Mahu2021: posts small blind 10
mullric6: posts big blind 20
*** HOLE CARDS ***
Dealt to Mahu2021 [Td 5c]
ShaneDoc222: raises 40 to 60
Mahu2021: folds 
mullric6: calls 40
*** FLOP *** [2c 3h 2h]
mullric6: checks 
ShaneDoc222: bets 130
mullric6: folds 
Uncalled bet (130) returned to ShaneDoc222
ShaneDoc222 collected 130 from pot
ShaneDoc222: doesn't show hand 
*** SUMMARY ***
Total pot 130 | Rake 0 
Board [2c 3h 2h]
Seat 1: ShaneDoc222 (button) collected (130)
Seat 2: Mahu2021 (small blind) folded before Flop
Seat 3: mullric6 (big blind) folded on the Flop



PokerStars Hand #253447282447: Tournament #3824550181, $1.84+$0.16 USD Hold'em No Limit - Level I (10/20) - 2024/11/17 18:27:03 CET [2024/11/17 12:27:03 ET]
Table '3824550181 1' 3-max Seat #2 is the button
Seat 1: ShaneDoc222 (360 in chips) 
Seat 2: Mahu2021 (700 in chips) 
Seat 3: mullric6 (440 in chips) 
mullric6: posts small blind 10
ShaneDoc222: posts big blind 20
*** HOLE CARDS ***
Dealt to Mahu2021 [Kc 4h]
Mahu2021: folds 
mullric6: folds 
Uncalled bet (10) returned to ShaneDoc222
ShaneDoc222 collected 20 from pot
ShaneDoc222: doesn't show hand 
*** SUMMARY ***
Total pot 20 | Rake 0 
Seat 1: ShaneDoc222 (big blind) collected (20)
Seat 2: Mahu2021 (button) folded before Flop (didn't bet)
Seat 3: mullric6 (small blind) folded before Flop



PokerStars Hand #253447283772: Tournament #3824550181, $1.84+$0.16 USD Hold'em No Limit - Level I (10/20) - 2024/11/17 18:27:07 CET [2024/11/17 12:27:07 ET]
Table '3824550181 1' 3-max Seat #3 is the button
Seat 1: ShaneDoc222 (370 in chips) 
Seat 2: Mahu2021 (700 in chips) 
Seat 3: mullric6 (430 in chips) 
ShaneDoc222: posts small blind 10
Mahu2021: posts big blind 20
*** HOLE CARDS ***
Dealt to Mahu2021 [2c 7h]
mullric6: folds 
ShaneDoc222: calls 10
Mahu2021: checks 
*** FLOP *** [8h 2d 2s]
ShaneDoc222: checks 
Mahu2021: checks 
*** TURN *** [8h 2d 2s] [Js]
ShaneDoc222: checks 
Mahu2021: bets 100
ShaneDoc222: folds 
Uncalled bet (100) returned to Mahu2021
Mahu2021 collected 40 from pot
Mahu2021: doesn't show hand 
*** SUMMARY ***
Total pot 40 | Rake 0 
Board [8h 2d 2s Js]
Seat 1: ShaneDoc222 (small blind) folded on the Turn
Seat 2: Mahu2021 (big blind) collected (40)
Seat 3: mullric6 (button) folded before Flop (didn't bet)



PokerStars Hand #253447287756: Tournament #3824550181, $1.84+$0.16 USD Hold'em No Limit - Level I (10/20) - 2024/11/17 18:27:20 CET [2024/11/17 12:27:20 ET]
Table '3824550181 1' 3-max Seat #1 is the button
Seat 1: ShaneDoc222 (350 in chips) 
Seat 2: Mahu2021 (720 in chips) 
Seat 3: mullric6 (430 in chips) 
Mahu2021: posts small blind 10
mullric6: posts big blind 20
*** HOLE CARDS ***
Dealt to Mahu2021 [8h 4h]
ShaneDoc222: raises 40 to 60
Mahu2021: folds 
mullric6: folds 
Uncalled bet (40) returned to ShaneDoc222
ShaneDoc222 collected 50 from pot
ShaneDoc222: doesn't show hand 
*** SUMMARY ***
Total pot 50 | Rake 0 
Seat 1: ShaneDoc222 (button) collected (50)
Seat 2: Mahu2021 (small blind) folded before Flop
Seat 3: mullric6 (big blind) folded before Flop



PokerStars Hand #253447290024: Tournament #3824550181, $1.84+$0.16 USD Hold'em No Limit - Level I (10/20) - 2024/11/17 18:27:27 CET [2024/11/17 12:27:27 ET]
Table '3824550181 1' 3-max Seat #2 is the button
Seat 1: ShaneDoc222 (380 in chips) 
Seat 2: Mahu2021 (710 in chips) 
Seat 3: mullric6 (410 in chips) 
mullric6: posts small blind 10
ShaneDoc222: posts big blind 20
*** HOLE CARDS ***
Dealt to Mahu2021 [Kd Js]
Mahu2021: raises 40 to 60
mullric6: folds 
ShaneDoc222: folds 
Uncalled bet (40) returned to Mahu2021
Mahu2021 collected 50 from pot
Mahu2021: doesn't show hand 
*** SUMMARY ***
Total pot 50 | Rake 0 
Seat 1: ShaneDoc222 (big blind) folded before Flop
Seat 2: Mahu2021 (button) collected (50)
Seat 3: mullric6 (small blind) folded before Flop



PokerStars Hand #253447291872: Tournament #3824550181, $1.84+$0.16 USD Hold'em No Limit - Level I (10/20) - 2024/11/17 18:27:33 CET [2024/11/17 12:27:33 ET]
Table '3824550181 1' 3-max Seat #3 is the button
Seat 1: ShaneDoc222 (360 in chips) 
Seat 2: Mahu2021 (740 in chips) 
Seat 3: mullric6 (400 in chips) 
ShaneDoc222: posts small blind 10
Mahu2021: posts big blind 20
*** HOLE CARDS ***
Dealt to Mahu2021 [3c 9s]
mullric6: folds 
ShaneDoc222: calls 10
Mahu2021: checks 
*** FLOP *** [8c 8d 7h]
ShaneDoc222: checks 
Mahu2021: checks 
*** TURN *** [8c 8d 7h] [4c]
ShaneDoc222: checks 
Mahu2021: checks 
*** RIVER *** [8c 8d 7h 4c] [8h]
ShaneDoc222: checks 
Mahu2021: checks 
*** SHOW DOWN ***
ShaneDoc222: shows [3s Th] (three of a kind, Eights)
Mahu2021: mucks hand 
ShaneDoc222 collected 40 from pot
*** SUMMARY ***
Total pot 40 | Rake 0 
Board [8c 8d 7h 4c 8h]
Seat 1: ShaneDoc222 (small blind) showed [3s Th] and won (40) with three of a kind, Eights
Seat 2: Mahu2021 (big blind) mucked [3c 9s]
Seat 3: mullric6 (button) folded before Flop (didn't bet)



PokerStars Hand #253447296752: Tournament #3824550181, $1.84+$0.16 USD Hold'em No Limit - Level I (10/20) - 2024/11/17 18:27:49 CET [2024/11/17 12:27:49 ET]
Table '3824550181 1' 3-max Seat #1 is the button
Seat 1: ShaneDoc222 (380 in chips) 
Seat 2: Mahu2021 (720 in chips) 
Seat 3: mullric6 (400 in chips) 
Mahu2021: posts small blind 10
mullric6: posts big blind 20
*** HOLE CARDS ***
Dealt to Mahu2021 [4h 5h]
ShaneDoc222: folds 
Mahu2021: raises 20 to 40
mullric6: calls 20
*** FLOP *** [Kd 6s 6d]
Mahu2021: checks 
mullric6: bets 20
Mahu2021: folds 
Uncalled bet (20) returned to mullric6
mullric6 collected 80 from pot
mullric6: doesn't show hand 
*** SUMMARY ***
Total pot 80 | Rake 0 
Board [Kd 6s 6d]
Seat 1: ShaneDoc222 (button) folded before Flop (didn't bet)
Seat 2: Mahu2021 (small blind) folded on the Flop
Seat 3: mullric6 (big blind) collected (80)



PokerStars Hand #253447300108: Tournament #3824550181, $1.84+$0.16 USD Hold'em No Limit - Level I (10/20) - 2024/11/17 18:28:00 CET [2024/11/17 12:28:00 ET]
Table '3824550181 1' 3-max Seat #2 is the button
Seat 1: ShaneDoc222 (380 in chips) 
Seat 2: Mahu2021 (680 in chips) 
Seat 3: mullric6 (440 in chips) 
mullric6: posts small blind 10
ShaneDoc222: posts big blind 20
*** HOLE CARDS ***
Dealt to Mahu2021 [7s Ks]
Mahu2021: raises 20 to 40
mullric6: folds 
ShaneDoc222: folds 
Uncalled bet (20) returned to Mahu2021
Mahu2021 collected 50 from pot
Mahu2021: doesn't show hand 
*** SUMMARY ***
Total pot 50 | Rake 0 
Seat 1: ShaneDoc222 (big blind) folded before Flop
Seat 2: Mahu2021 (button) collected (50)
Seat 3: mullric6 (small blind) folded before Flop



PokerStars Hand #253447302697: Tournament #3824550181, $1.84+$0.16 USD Hold'em No Limit - Level I (10/20) - 2024/11/17 18:28:09 CET [2024/11/17 12:28:09 ET]
Table '3824550181 1' 3-max Seat #3 is the button
Seat 1: ShaneDoc222 (360 in chips) 
Seat 2: Mahu2021 (710 in chips) 
Seat 3: mullric6 (430 in chips) 
ShaneDoc222: posts small blind 10
Mahu2021: posts big blind 20
*** HOLE CARDS ***
Dealt to Mahu2021 [3c 2d]
mullric6: raises 20 to 40
ShaneDoc222: calls 30
Mahu2021: folds 
*** FLOP *** [3d 8c 6s]
ShaneDoc222: checks 
mullric6: bets 40
ShaneDoc222: calls 40
*** TURN *** [3d 8c 6s] [9c]
ShaneDoc222: checks 
mullric6: checks 
*** RIVER *** [3d 8c 6s 9c] [Kd]
ShaneDoc222: bets 90
mullric6: raises 130 to 220
ShaneDoc222: raises 60 to 280 and is all-in
mullric6: calls 60
*** SHOW DOWN ***
ShaneDoc222: shows [6d 6h] (three of a kind, Sixes)
mullric6: shows [8h Kc] (two pair, Kings and Eights)
ShaneDoc222 collected 740 from pot
*** SUMMARY ***
Total pot 740 | Rake 0 
Board [3d 8c 6s 9c Kd]
Seat 1: ShaneDoc222 (small blind) showed [6d 6h] and won (740) with three of a kind, Sixes
Seat 2: Mahu2021 (big blind) folded before Flop
Seat 3: mullric6 (button) showed [8h Kc] and lost with two pair, Kings and Eights



PokerStars Hand #253447312273: Tournament #3824550181, $1.84+$0.16 USD Hold'em No Limit - Level II (15/30) - 2024/11/17 18:28:40 CET [2024/11/17 12:28:40 ET]
Table '3824550181 1' 3-max Seat #1 is the button
Seat 1: ShaneDoc222 (740 in chips) 
Seat 2: Mahu2021 (690 in chips) 
Seat 3: mullric6 (70 in chips) 
Mahu2021: posts small blind 15
mullric6: posts big blind 30
*** HOLE CARDS ***
Dealt to Mahu2021 [Td 8c]
ShaneDoc222: raises 60 to 90
Mahu2021: folds 
mullric6: calls 40 and is all-in
Uncalled bet (20) returned to ShaneDoc222
*** FLOP *** [3s 3c 8s]
*** TURN *** [3s 3c 8s] [7c]
*** RIVER *** [3s 3c 8s 7c] [4h]
*** SHOW DOWN ***
mullric6: shows [4c Js] (two pair, Fours and Threes)
ShaneDoc222: shows [Qd Jh] (a pair of Threes)
mullric6 collected 155 from pot
*** SUMMARY ***
Total pot 155 | Rake 0 
Board [3s 3c 8s 7c 4h]
Seat 1: ShaneDoc222 (button) showed [Qd Jh] and lost with a pair of Threes
Seat 2: Mahu2021 (small blind) folded before Flop
Seat 3: mullric6 (big blind) showed [4c Js] and won (155) with two pair, Fours and Threes



PokerStars Hand #253447316424: Tournament #3824550181, $1.84+$0.16 USD Hold'em No Limit - Level II (15/30) - 2024/11/17 18:28:53 CET [2024/11/17 12:28:53 ET]
Table '3824550181 1' 3-max Seat #2 is the button
Seat 1: ShaneDoc222 (670 in chips) 
Seat 2: Mahu2021 (675 in chips) 
Seat 3: mullric6 (155 in chips) 
mullric6: posts small blind 15
ShaneDoc222: posts big blind 30
*** HOLE CARDS ***
Dealt to Mahu2021 [3s 4c]
Mahu2021: folds 
mullric6: raises 125 to 155 and is all-in
ShaneDoc222: folds 
Uncalled bet (125) returned to mullric6
mullric6 collected 60 from pot
mullric6: doesn't show hand 
*** SUMMARY ***
Total pot 60 | Rake 0 
Seat 1: ShaneDoc222 (big blind) folded before Flop
Seat 2: Mahu2021 (button) folded before Flop (didn't bet)
Seat 3: mullric6 (small blind) collected (60)



PokerStars Hand #253447318394: Tournament #3824550181, $1.84+$0.16 USD Hold'em No Limit - Level II (15/30) - 2024/11/17 18:29:00 CET [2024/11/17 12:29:00 ET]
Table '3824550181 1' 3-max Seat #3 is the button
Seat 1: ShaneDoc222 (640 in chips) 
Seat 2: Mahu2021 (675 in chips) 
Seat 3: mullric6 (185 in chips) 
ShaneDoc222: posts small blind 15
Mahu2021: posts big blind 30
*** HOLE CARDS ***
Dealt to Mahu2021 [Tc 6h]
mullric6: folds 
ShaneDoc222: calls 15
Mahu2021: checks 
*** FLOP *** [4s Jc 8s]
ShaneDoc222: bets 30
Mahu2021: folds 
Uncalled bet (30) returned to ShaneDoc222
ShaneDoc222 collected 60 from pot
ShaneDoc222: doesn't show hand 
*** SUMMARY ***
Total pot 60 | Rake 0 
Board [4s Jc 8s]
Seat 1: ShaneDoc222 (small blind) collected (60)
Seat 2: Mahu2021 (big blind) folded on the Flop
Seat 3: mullric6 (button) folded before Flop (didn't bet)



PokerStars Hand #253447321236: Tournament #3824550181, $1.84+$0.16 USD Hold'em No Limit - Level II (15/30) - 2024/11/17 18:29:09 CET [2024/11/17 12:29:09 ET]
Table '3824550181 1' 3-max Seat #1 is the button
Seat 1: ShaneDoc222 (670 in chips) 
Seat 2: Mahu2021 (645 in chips) 
Seat 3: mullric6 (185 in chips) 
Mahu2021: posts small blind 15
mullric6: posts big blind 30
*** HOLE CARDS ***
Dealt to Mahu2021 [8s 9s]
ShaneDoc222: folds 
Mahu2021: folds 
Uncalled bet (15) returned to mullric6
mullric6 collected 30 from pot
mullric6: doesn't show hand 
*** SUMMARY ***
Total pot 30 | Rake 0 
Seat 1: ShaneDoc222 (button) folded before Flop (didn't bet)
Seat 2: Mahu2021 (small blind) folded before Flop
Seat 3: mullric6 (big blind) collected (30)



PokerStars Hand #253447322742: Tournament #3824550181, $1.84+$0.16 USD Hold'em No Limit - Level II (15/30) - 2024/11/17 18:29:14 CET [2024/11/17 12:29:14 ET]
Table '3824550181 1' 3-max Seat #2 is the button
Seat 1: ShaneDoc222 (670 in chips) 
Seat 2: Mahu2021 (630 in chips) 
Seat 3: mullric6 (200 in chips) 
mullric6: posts small blind 15
ShaneDoc222: posts big blind 30
*** HOLE CARDS ***
Dealt to Mahu2021 [9c 9d]
Mahu2021: raises 30 to 60
mullric6: folds 
ShaneDoc222: calls 30
*** FLOP *** [Tc 7s Kh]
ShaneDoc222: checks 
Mahu2021: bets 60
ShaneDoc222: calls 60
*** TURN *** [Tc 7s Kh] [7c]
ShaneDoc222: checks 
Mahu2021: bets 60
ShaneDoc222: calls 60
*** RIVER *** [Tc 7s Kh 7c] [4s]
ShaneDoc222: checks 
Mahu2021: checks 
*** SHOW DOWN ***
ShaneDoc222: shows [6s 6c] (two pair, Sevens and Sixes)
Mahu2021: shows [9c 9d] (two pair, Nines and Sevens)
Mahu2021 collected 375 from pot
*** SUMMARY ***
Total pot 375 | Rake 0 
Board [Tc 7s Kh 7c 4s]
Seat 1: ShaneDoc222 (big blind) showed [6s 6c] and lost with two pair, Sevens and Sixes
Seat 2: Mahu2021 (button) showed [9c 9d] and won (375) with two pair, Nines and Sevens
Seat 3: mullric6 (small blind) folded before Flop



PokerStars Hand #253447332630: Tournament #3824550181, $1.84+$0.16 USD Hold'em No Limit - Level II (15/30) - 2024/11/17 18:29:47 CET [2024/11/17 12:29:47 ET]
Table '3824550181 1' 3-max Seat #3 is the button
Seat 1: ShaneDoc222 (490 in chips) 
Seat 2: Mahu2021 (825 in chips) 
Seat 3: mullric6 (185 in chips) 
ShaneDoc222: posts small blind 15
Mahu2021: posts big blind 30
*** HOLE CARDS ***
Dealt to Mahu2021 [Jh 4d]
mullric6: raises 155 to 185 and is all-in
ShaneDoc222: folds 
Mahu2021: folds 
Uncalled bet (155) returned to mullric6
mullric6 collected 75 from pot
mullric6: doesn't show hand 
*** SUMMARY ***
Total pot 75 | Rake 0 
Seat 1: ShaneDoc222 (small blind) folded before Flop
Seat 2: Mahu2021 (big blind) folded before Flop
Seat 3: mullric6 (button) collected (75)



PokerStars Hand #253447335410: Tournament #3824550181, $1.84+$0.16 USD Hold'em No Limit - Level II (15/30) - 2024/11/17 18:29:54 CET [2024/11/17 12:29:54 ET]
Table '3824550181 1' 3-max Seat #1 is the button
Seat 1: ShaneDoc222 (475 in chips) 
Seat 2: Mahu2021 (795 in chips) 
Seat 3: mullric6 (230 in chips) 
Mahu2021: posts small blind 15
mullric6: posts big blind 30
*** HOLE CARDS ***
Dealt to Mahu2021 [Tc Ad]
ShaneDoc222: folds 
Mahu2021: raises 60 to 90
mullric6: calls 60
*** FLOP *** [2s Ks Ac]
Mahu2021: bets 120
mullric6: raises 20 to 140 and is all-in
Mahu2021: calls 20
*** TURN *** [2s Ks Ac] [5c]
*** RIVER *** [2s Ks Ac 5c] [3c]
*** SHOW DOWN ***
Mahu2021: shows [Tc Ad] (a pair of Aces)
mullric6: shows [Kh 3h] (two pair, Kings and Threes)
mullric6 collected 460 from pot
*** SUMMARY ***
Total pot 460 | Rake 0 
Board [2s Ks Ac 5c 3c]
Seat 1: ShaneDoc222 (button) folded before Flop (didn't bet)
Seat 2: Mahu2021 (small blind) showed [Tc Ad] and lost with a pair of Aces
Seat 3: mullric6 (big blind) showed [Kh 3h] and won (460) with two pair, Kings and Threes



PokerStars Hand #253447340399: Tournament #3824550181, $1.84+$0.16 USD Hold'em No Limit - Level II (15/30) - 2024/11/17 18:30:11 CET [2024/11/17 12:30:11 ET]
Table '3824550181 1' 3-max Seat #2 is the button
Seat 1: ShaneDoc222 (475 in chips) 
Seat 2: Mahu2021 (565 in chips) 
Seat 3: mullric6 (460 in chips) 
mullric6: posts small blind 15
ShaneDoc222: posts big blind 30
*** HOLE CARDS ***
Dealt to Mahu2021 [8d Qh]
Mahu2021: calls 30
mullric6: folds 
ShaneDoc222: checks 
*** FLOP *** [2h 4c 2c]
ShaneDoc222: checks 
Mahu2021: checks 
*** TURN *** [2h 4c 2c] [4s]
ShaneDoc222: checks 
Mahu2021: checks 
*** RIVER *** [2h 4c 2c 4s] [Kd]
ShaneDoc222: checks 
Mahu2021: bets 60
ShaneDoc222: calls 60
*** SHOW DOWN ***
Mahu2021: shows [8d Qh] (two pair, Fours and Deuces)
ShaneDoc222: shows [3d 5h] (two pair, Fours and Deuces)
ShaneDoc222 collected 98 from pot
Mahu2021 collected 97 from pot
*** SUMMARY ***
Total pot 195 | Rake 0 
Board [2h 4c 2c 4s Kd]
Seat 1: ShaneDoc222 (big blind) showed [3d 5h] and won (98) with two pair, Fours and Deuces
Seat 2: Mahu2021 (button) showed [8d Qh] and won (97) with two pair, Fours and Deuces
Seat 3: mullric6 (small blind) folded before Flop



PokerStars Hand #253447348780: Tournament #3824550181, $1.84+$0.16 USD Hold'em No Limit - Level III (20/40) - 2024/11/17 18:30:38 CET [2024/11/17 12:30:38 ET]
Table '3824550181 1' 3-max Seat #3 is the button
Seat 1: ShaneDoc222 (483 in chips) 
Seat 2: Mahu2021 (572 in chips) 
Seat 3: mullric6 (445 in chips) 
ShaneDoc222: posts small blind 20
Mahu2021: posts big blind 40
*** HOLE CARDS ***
Dealt to Mahu2021 [Ad Qh]
mullric6: raises 405 to 445 and is all-in
ShaneDoc222: folds 
Mahu2021: calls 405
*** FLOP *** [3c 9s Qs]
*** TURN *** [3c 9s Qs] [Kh]
*** RIVER *** [3c 9s Qs Kh] [Jh]
*** SHOW DOWN ***
Mahu2021: shows [Ad Qh] (a pair of Queens)
mullric6: shows [As 7d] (high card Ace)
Mahu2021 collected 910 from pot
mullric6 finished the tournament in 3rd place
*** SUMMARY ***
Total pot 910 | Rake 0 
Board [3c 9s Qs Kh Jh]
Seat 1: ShaneDoc222 (small blind) folded before Flop
Seat 2: Mahu2021 (big blind) showed [Ad Qh] and won (910) with a pair of Queens
Seat 3: mullric6 (button) showed [As 7d] and lost with high card Ace



PokerStars Hand #253447353828: Tournament #3824550181, $1.84+$0.16 USD Hold'em No Limit - Level III (20/40) - 2024/11/17 18:30:54 CET [2024/11/17 12:30:54 ET]
Table '3824550181 1' 3-max Seat #2 is the button
Seat 1: ShaneDoc222 (463 in chips) 
Seat 2: Mahu2021 (1037 in chips) 
Mahu2021: posts small blind 20
ShaneDoc222: posts big blind 40
*** HOLE CARDS ***
Dealt to Mahu2021 [Qc 4h]
Mahu2021: calls 20
ShaneDoc222: checks 
*** FLOP *** [3s Kd 8s]
ShaneDoc222: checks 
Mahu2021: bets 40
ShaneDoc222: folds 
Uncalled bet (40) returned to Mahu2021
Mahu2021 collected 80 from pot
Mahu2021: doesn't show hand 
*** SUMMARY ***
Total pot 80 | Rake 0 
Board [3s Kd 8s]
Seat 1: ShaneDoc222 (big blind) folded on the Flop
Seat 2: Mahu2021 (button) (small blind) collected (80)



PokerStars Hand #253447357895: Tournament #3824550181, $1.84+$0.16 USD Hold'em No Limit - Level III (20/40) - 2024/11/17 18:31:07 CET [2024/11/17 12:31:07 ET]
Table '3824550181 1' 3-max Seat #1 is the button
Seat 1: ShaneDoc222 (423 in chips) 
Seat 2: Mahu2021 (1077 in chips) 
ShaneDoc222: posts small blind 20
Mahu2021: posts big blind 40
*** HOLE CARDS ***
Dealt to Mahu2021 [5d Qs]
ShaneDoc222: calls 20
Mahu2021: checks 
*** FLOP *** [Jh Tc 5c]
Mahu2021: checks 
ShaneDoc222: bets 40
Mahu2021: calls 40
*** TURN *** [Jh Tc 5c] [5h]
Mahu2021: checks 
ShaneDoc222: bets 40
Mahu2021: calls 40
*** RIVER *** [Jh Tc 5c 5h] [7c]
Mahu2021: bets 80
ShaneDoc222: calls 80
*** SHOW DOWN ***
Mahu2021: shows [5d Qs] (three of a kind, Fives)
ShaneDoc222: mucks hand 
Mahu2021 collected 400 from pot
*** SUMMARY ***
Total pot 400 | Rake 0 
Board [Jh Tc 5c 5h 7c]
Seat 1: ShaneDoc222 (button) (small blind) mucked [6h Jc]
Seat 2: Mahu2021 (big blind) showed [5d Qs] and won (400) with three of a kind, Fives



PokerStars Hand #253447362609: Tournament #3824550181, $1.84+$0.16 USD Hold'em No Limit - Level III (20/40) - 2024/11/17 18:31:22 CET [2024/11/17 12:31:22 ET]
Table '3824550181 1' 3-max Seat #2 is the button
Seat 1: ShaneDoc222 (223 in chips) 
Seat 2: Mahu2021 (1277 in chips) 
Mahu2021: posts small blind 20
ShaneDoc222: posts big blind 40
*** HOLE CARDS ***
Dealt to Mahu2021 [2c 4d]
Mahu2021: folds 
Uncalled bet (20) returned to ShaneDoc222
ShaneDoc222 collected 40 from pot
ShaneDoc222: doesn't show hand 
*** SUMMARY ***
Total pot 40 | Rake 0 
Seat 1: ShaneDoc222 (big blind) collected (40)
Seat 2: Mahu2021 (button) (small blind) folded before Flop



PokerStars Hand #253447363826: Tournament #3824550181, $1.84+$0.16 USD Hold'em No Limit - Level III (20/40) - 2024/11/17 18:31:26 CET [2024/11/17 12:31:26 ET]
Table '3824550181 1' 3-max Seat #1 is the button
Seat 1: ShaneDoc222 (243 in chips) 
Seat 2: Mahu2021 (1257 in chips) 
ShaneDoc222: posts small blind 20
Mahu2021: posts big blind 40
*** HOLE CARDS ***
Dealt to Mahu2021 [Ad 6s]
ShaneDoc222: folds 
Uncalled bet (20) returned to Mahu2021
Mahu2021 collected 40 from pot
Mahu2021: doesn't show hand 
*** SUMMARY ***
Total pot 40 | Rake 0 
Seat 1: ShaneDoc222 (button) (small blind) folded before Flop
Seat 2: Mahu2021 (big blind) collected (40)



PokerStars Hand #253447365213: Tournament #3824550181, $1.84+$0.16 USD Hold'em No Limit - Level III (20/40) - 2024/11/17 18:31:31 CET [2024/11/17 12:31:31 ET]
Table '3824550181 1' 3-max Seat #2 is the button
Seat 1: ShaneDoc222 (223 in chips) 
Seat 2: Mahu2021 (1277 in chips) 
Mahu2021: posts small blind 20
ShaneDoc222: posts big blind 40
*** HOLE CARDS ***
Dealt to Mahu2021 [Qd 5c]
Mahu2021: calls 20
ShaneDoc222: raises 80 to 120
Mahu2021: calls 80
*** FLOP *** [Ks 8c 2h]
ShaneDoc222: bets 103 and is all-in
Mahu2021: folds 
Uncalled bet (103) returned to ShaneDoc222
ShaneDoc222 collected 240 from pot
ShaneDoc222: doesn't show hand 
*** SUMMARY ***
Total pot 240 | Rake 0 
Board [Ks 8c 2h]
Seat 1: ShaneDoc222 (big blind) collected (240)
Seat 2: Mahu2021 (button) (small blind) folded on the Flop



PokerStars Hand #253447369235: Tournament #3824550181, $1.84+$0.16 USD Hold'em No Limit - Level III (20/40) - 2024/11/17 18:31:43 CET [2024/11/17 12:31:43 ET]
Table '3824550181 1' 3-max Seat #1 is the button
Seat 1: ShaneDoc222 (343 in chips) 
Seat 2: Mahu2021 (1157 in chips) 
ShaneDoc222: posts small blind 20
Mahu2021: posts big blind 40
*** HOLE CARDS ***
Dealt to Mahu2021 [4s 6h]
ShaneDoc222: calls 20
Mahu2021: checks 
*** FLOP *** [Qd Kh Qh]
Mahu2021: checks 
ShaneDoc222: checks 
*** TURN *** [Qd Kh Qh] [9s]
Mahu2021: bets 40
ShaneDoc222: folds 
Uncalled bet (40) returned to Mahu2021
Mahu2021 collected 80 from pot
Mahu2021: doesn't show hand 
*** SUMMARY ***
Total pot 80 | Rake 0 
Board [Qd Kh Qh 9s]
Seat 1: ShaneDoc222 (button) (small blind) folded on the Turn
Seat 2: Mahu2021 (big blind) collected (80)



PokerStars Hand #253447372883: Tournament #3824550181, $1.84+$0.16 USD Hold'em No Limit - Level III (20/40) - 2024/11/17 18:31:55 CET [2024/11/17 12:31:55 ET]
Table '3824550181 1' 3-max Seat #2 is the button
Seat 1: ShaneDoc222 (303 in chips) 
Seat 2: Mahu2021 (1197 in chips) 
Mahu2021: posts small blind 20
ShaneDoc222: posts big blind 40
*** HOLE CARDS ***
Dealt to Mahu2021 [2c 5d]
Mahu2021: folds 
Uncalled bet (20) returned to ShaneDoc222
ShaneDoc222 collected 40 from pot
ShaneDoc222: doesn't show hand 
*** SUMMARY ***
Total pot 40 | Rake 0 
Seat 1: ShaneDoc222 (big blind) collected (40)
Seat 2: Mahu2021 (button) (small blind) folded before Flop



PokerStars Hand #253447374152: Tournament #3824550181, $1.84+$0.16 USD Hold'em No Limit - Level III (20/40) - 2024/11/17 18:31:59 CET [2024/11/17 12:31:59 ET]
Table '3824550181 1' 3-max Seat #1 is the button
Seat 1: ShaneDoc222 (323 in chips) 
Seat 2: Mahu2021 (1177 in chips) 
ShaneDoc222: posts small blind 20
Mahu2021: posts big blind 40
*** HOLE CARDS ***
Dealt to Mahu2021 [Ks 7h]
ShaneDoc222: folds 
Uncalled bet (20) returned to Mahu2021
Mahu2021 collected 40 from pot
Mahu2021: doesn't show hand 
*** SUMMARY ***
Total pot 40 | Rake 0 
Seat 1: ShaneDoc222 (button) (small blind) folded before Flop
Seat 2: Mahu2021 (big blind) collected (40)



PokerStars Hand #253447375557: Tournament #3824550181, $1.84+$0.16 USD Hold'em No Limit - Level III (20/40) - 2024/11/17 18:32:03 CET [2024/11/17 12:32:03 ET]
Table '3824550181 1' 3-max Seat #2 is the button
Seat 1: ShaneDoc222 (303 in chips) 
Seat 2: Mahu2021 (1197 in chips) 
Mahu2021: posts small blind 20
ShaneDoc222: posts big blind 40
*** HOLE CARDS ***
Dealt to Mahu2021 [7c 5h]
Mahu2021: folds 
Uncalled bet (20) returned to ShaneDoc222
ShaneDoc222 collected 40 from pot
ShaneDoc222: doesn't show hand 
*** SUMMARY ***
Total pot 40 | Rake 0 
Seat 1: ShaneDoc222 (big blind) collected (40)
Seat 2: Mahu2021 (button) (small blind) folded before Flop



PokerStars Hand #253447376807: Tournament #3824550181, $1.84+$0.16 USD Hold'em No Limit - Level III (20/40) - 2024/11/17 18:32:07 CET [2024/11/17 12:32:07 ET]
Table '3824550181 1' 3-max Seat #1 is the button
Seat 1: ShaneDoc222 (323 in chips) 
Seat 2: Mahu2021 (1177 in chips) 
ShaneDoc222: posts small blind 20
Mahu2021: posts big blind 40
*** HOLE CARDS ***
Dealt to Mahu2021 [4h 2h]
ShaneDoc222: calls 20
Mahu2021: checks 
*** FLOP *** [Jc Tc 5d]
Mahu2021: checks 
ShaneDoc222: bets 40
Mahu2021: folds 
Uncalled bet (40) returned to ShaneDoc222
ShaneDoc222 collected 80 from pot
ShaneDoc222: doesn't show hand 
*** SUMMARY ***
Total pot 80 | Rake 0 
Board [Jc Tc 5d]
Seat 1: ShaneDoc222 (button) (small blind) collected (80)
Seat 2: Mahu2021 (big blind) folded on the Flop



PokerStars Hand #253447381516: Tournament #3824550181, $1.84+$0.16 USD Hold'em No Limit - Level IV (30/60) - 2024/11/17 18:32:22 CET [2024/11/17 12:32:22 ET]
Table '3824550181 1' 3-max Seat #2 is the button
Seat 1: ShaneDoc222 (363 in chips) 
Seat 2: Mahu2021 (1137 in chips) 
Mahu2021: posts small blind 30
ShaneDoc222: posts big blind 60
*** HOLE CARDS ***
Dealt to Mahu2021 [Ad 3h]
Mahu2021: raises 120 to 180
ShaneDoc222: folds 
Uncalled bet (120) returned to Mahu2021
Mahu2021 collected 120 from pot
Mahu2021: doesn't show hand 
*** SUMMARY ***
Total pot 120 | Rake 0 
Seat 1: ShaneDoc222 (big blind) folded before Flop
Seat 2: Mahu2021 (button) (small blind) collected (120)



PokerStars Hand #253447383178: Tournament #3824550181, $1.84+$0.16 USD Hold'em No Limit - Level IV (30/60) - 2024/11/17 18:32:27 CET [2024/11/17 12:32:27 ET]
Table '3824550181 1' 3-max Seat #1 is the button
Seat 1: ShaneDoc222 (303 in chips) 
Seat 2: Mahu2021 (1197 in chips) 
ShaneDoc222: posts small blind 30
Mahu2021: posts big blind 60
*** HOLE CARDS ***
Dealt to Mahu2021 [4c Th]
ShaneDoc222: calls 30
Mahu2021: checks 
*** FLOP *** [Js 8h 4h]
Mahu2021: checks 
ShaneDoc222: bets 60
Mahu2021: calls 60
*** TURN *** [Js 8h 4h] [As]
Mahu2021: checks 
ShaneDoc222: bets 60
Mahu2021: calls 60
*** RIVER *** [Js 8h 4h As] [Jh]
Mahu2021: bets 120
ShaneDoc222: folds 
Uncalled bet (120) returned to Mahu2021
Mahu2021 collected 360 from pot
Mahu2021: doesn't show hand 
*** SUMMARY ***
Total pot 360 | Rake 0 
Board [Js 8h 4h As Jh]
Seat 1: ShaneDoc222 (button) (small blind) folded on the River
Seat 2: Mahu2021 (big blind) collected (360)



PokerStars Hand #253447389459: Tournament #3824550181, $1.84+$0.16 USD Hold'em No Limit - Level IV (30/60) - 2024/11/17 18:32:48 CET [2024/11/17 12:32:48 ET]
Table '3824550181 1' 3-max Seat #2 is the button
Seat 1: ShaneDoc222 (123 in chips) 
Seat 2: Mahu2021 (1377 in chips) 
Mahu2021: posts small blind 30
ShaneDoc222: posts big blind 60
*** HOLE CARDS ***
Dealt to Mahu2021 [3s Js]
Mahu2021: raises 120 to 180
ShaneDoc222: calls 63 and is all-in
Uncalled bet (57) returned to Mahu2021
*** FLOP *** [As Ad 8c]
*** TURN *** [As Ad 8c] [5d]
*** RIVER *** [As Ad 8c 5d] [9h]
*** SHOW DOWN ***
ShaneDoc222: shows [9c 8h] (two pair, Aces and Nines)
Mahu2021: shows [3s Js] (a pair of Aces)
ShaneDoc222 collected 246 from pot
*** SUMMARY ***
Total pot 246 | Rake 0 
Board [As Ad 8c 5d 9h]
Seat 1: ShaneDoc222 (big blind) showed [9c 8h] and won (246) with two pair, Aces and Nines
Seat 2: Mahu2021 (button) (small blind) showed [3s Js] and lost with a pair of Aces



PokerStars Hand #253447393291: Tournament #3824550181, $1.84+$0.16 USD Hold'em No Limit - Level IV (30/60) - 2024/11/17 18:33:00 CET [2024/11/17 12:33:00 ET]
Table '3824550181 1' 3-max Seat #1 is the button
Seat 1: ShaneDoc222 (246 in chips) 
Seat 2: Mahu2021 (1254 in chips) 
ShaneDoc222: posts small blind 30
Mahu2021: posts big blind 60
*** HOLE CARDS ***
Dealt to Mahu2021 [2d 3s]
ShaneDoc222: raises 186 to 246 and is all-in
Mahu2021: folds 
Uncalled bet (186) returned to ShaneDoc222
ShaneDoc222 collected 120 from pot
ShaneDoc222: doesn't show hand 
*** SUMMARY ***
Total pot 120 | Rake 0 
Seat 1: ShaneDoc222 (button) (small blind) collected (120)
Seat 2: Mahu2021 (big blind) folded before Flop



PokerStars Hand #253447395523: Tournament #3824550181, $1.84+$0.16 USD Hold'em No Limit - Level IV (30/60) - 2024/11/17 18:33:07 CET [2024/11/17 12:33:07 ET]
Table '3824550181 1' 3-max Seat #2 is the button
Seat 1: ShaneDoc222 (306 in chips) 
Seat 2: Mahu2021 (1194 in chips) 
Mahu2021: posts small blind 30
ShaneDoc222: posts big blind 60
*** HOLE CARDS ***
Dealt to Mahu2021 [4c 5c]
Mahu2021: calls 30
ShaneDoc222: checks 
*** FLOP *** [Kd 7h Jc]
ShaneDoc222: checks 
Mahu2021: bets 60
ShaneDoc222: folds 
Uncalled bet (60) returned to Mahu2021
Mahu2021 collected 120 from pot
Mahu2021: doesn't show hand 
*** SUMMARY ***
Total pot 120 | Rake 0 
Board [Kd 7h Jc]
Seat 1: ShaneDoc222 (big blind) folded on the Flop
Seat 2: Mahu2021 (button) (small blind) collected (120)



PokerStars Hand #253447398667: Tournament #3824550181, $1.84+$0.16 USD Hold'em No Limit - Level IV (30/60) - 2024/11/17 18:33:17 CET [2024/11/17 12:33:17 ET]
Table '3824550181 1' 3-max Seat #1 is the button
Seat 1: ShaneDoc222 (246 in chips) 
Seat 2: Mahu2021 (1254 in chips) 
ShaneDoc222: posts small blind 30
Mahu2021: posts big blind 60
*** HOLE CARDS ***
Dealt to Mahu2021 [4d 6h]
ShaneDoc222: calls 30
Mahu2021: checks 
*** FLOP *** [Kd 7h 8s]
Mahu2021: checks 
ShaneDoc222: bets 60
Mahu2021: calls 60
*** TURN *** [Kd 7h 8s] [3h]
Mahu2021: checks 
ShaneDoc222: bets 126 and is all-in
Mahu2021: folds 
Uncalled bet (126) returned to ShaneDoc222
ShaneDoc222 collected 240 from pot
ShaneDoc222: doesn't show hand 
*** SUMMARY ***
Total pot 240 | Rake 0 
Board [Kd 7h 8s 3h]
Seat 1: ShaneDoc222 (button) (small blind) collected (240)
Seat 2: Mahu2021 (big blind) folded on the Turn



PokerStars Hand #253447403556: Tournament #3824550181, $1.84+$0.16 USD Hold'em No Limit - Level IV (30/60) - 2024/11/17 18:33:33 CET [2024/11/17 12:33:33 ET]
Table '3824550181 1' 3-max Seat #2 is the button
Seat 1: ShaneDoc222 (366 in chips) 
Seat 2: Mahu2021 (1134 in chips) 
Mahu2021: posts small blind 30
ShaneDoc222: posts big blind 60
*** HOLE CARDS ***
Dealt to Mahu2021 [4d Tc]
Mahu2021: folds 
Uncalled bet (30) returned to ShaneDoc222
ShaneDoc222 collected 60 from pot
ShaneDoc222: doesn't show hand 
*** SUMMARY ***
Total pot 60 | Rake 0 
Seat 1: ShaneDoc222 (big blind) collected (60)
Seat 2: Mahu2021 (button) (small blind) folded before Flop



PokerStars Hand #253447404795: Tournament #3824550181, $1.84+$0.16 USD Hold'em No Limit - Level IV (30/60) - 2024/11/17 18:33:37 CET [2024/11/17 12:33:37 ET]
Table '3824550181 1' 3-max Seat #1 is the button
Seat 1: ShaneDoc222 (396 in chips) 
Seat 2: Mahu2021 (1104 in chips) 
ShaneDoc222: posts small blind 30
Mahu2021: posts big blind 60
*** HOLE CARDS ***
Dealt to Mahu2021 [Qd 9c]
ShaneDoc222: calls 30
Mahu2021: checks 
*** FLOP *** [3d 9h 5d]
Mahu2021: bets 120
ShaneDoc222: raises 216 to 336 and is all-in
Mahu2021: calls 216
*** TURN *** [3d 9h 5d] [6c]
*** RIVER *** [3d 9h 5d 6c] [Ks]
*** SHOW DOWN ***
Mahu2021: shows [Qd 9c] (a pair of Nines)
ShaneDoc222: shows [9d Jc] (a pair of Nines - lower kicker)
Mahu2021 collected 792 from pot
ShaneDoc222 finished the tournament in 2nd place
Mahu2021 wins the tournament and receives $4.00 - congratulations!
*** SUMMARY ***
Total pot 792 | Rake 0 
Board [3d 9h 5d 6c Ks]
Seat 1: ShaneDoc222 (button) (small blind) showed [9d Jc] and lost with a pair of Nines
Seat 2: Mahu2021 (big blind) showed [Qd 9c] and won (792) with a pair of Nines



