PokerStars Hand #253430229160: Tournament #3824162798, $1.84+$0.16 USD Hold'em No Limit - Level I (10/20) - 2024/11/16 17:26:28 CET [2024/11/16 11:26:28 ET]
Table '3824162798 1' 3-max Seat #1 is the button
Seat 1: Mahu2021 (500 in chips) 
Seat 2: katsimoto983 (500 in chips) 
Seat 3: alexprince055 (500 in chips) 
katsimoto983: posts small blind 10
alexprince055: posts big blind 20
*** HOLE CARDS ***
Dealt to Mahu2021 [2h Ad]
Mahu2021: folds 
katsimoto983: folds 
Uncalled bet (10) returned to alexprince055
alexprince055 collected 20 from pot
*** SUMMARY ***
Total pot 20 | Rake 0 
Seat 1: Mahu2021 (button) folded before Flop (didn't bet)
Seat 2: katsimoto983 (small blind) folded before Flop
Seat 3: alexprince055 (big blind) collected (20)



PokerStars Hand #253430230196: Tournament #3824162798, $1.84+$0.16 USD Hold'em No Limit - Level I (10/20) - 2024/11/16 17:26:33 CET [2024/11/16 11:26:33 ET]
Table '3824162798 1' 3-max Seat #2 is the button
Seat 1: Mahu2021 (500 in chips) 
Seat 2: katsimoto983 (490 in chips) 
Seat 3: alexprince055 (510 in chips) 
alexprince055: posts small blind 10
Mahu2021: posts big blind 20
*** HOLE CARDS ***
Dealt to Mahu2021 [4d Ts]
katsimoto983: folds 
alexprince055: folds 
Uncalled bet (10) returned to Mahu2021
Mahu2021 collected 20 from pot
Mahu2021: doesn't show hand 
*** SUMMARY ***
Total pot 20 | Rake 0 
Seat 1: Mahu2021 (big blind) collected (20)
Seat 2: katsimoto983 (button) folded before Flop (didn't bet)
Seat 3: alexprince055 (small blind) folded before Flop



PokerStars Hand #253430232401: Tournament #3824162798, $1.84+$0.16 USD Hold'em No Limit - Level I (10/20) - 2024/11/16 17:26:42 CET [2024/11/16 11:26:42 ET]
Table '3824162798 1' 3-max Seat #3 is the button
Seat 1: Mahu2021 (510 in chips) 
Seat 2: katsimoto983 (490 in chips) 
Seat 3: alexprince055 (500 in chips) 
Mahu2021: posts small blind 10
katsimoto983: posts big blind 20
*** HOLE CARDS ***
Dealt to Mahu2021 [4h Ks]
alexprince055: raises 20 to 40
Mahu2021: folds 
katsimoto983: calls 20
*** FLOP *** [Tc Js 4s]
katsimoto983: checks 
alexprince055: bets 20
katsimoto983: folds 
Uncalled bet (20) returned to alexprince055
alexprince055 collected 90 from pot
*** SUMMARY ***
Total pot 90 | Rake 0 
Board [Tc Js 4s]
Seat 1: Mahu2021 (small blind) folded before Flop
Seat 2: katsimoto983 (big blind) folded on the Flop
Seat 3: alexprince055 (button) collected (90)



PokerStars Hand #253430235655: Tournament #3824162798, $1.84+$0.16 USD Hold'em No Limit - Level I (10/20) - 2024/11/16 17:26:56 CET [2024/11/16 11:26:56 ET]
Table '3824162798 1' 3-max Seat #1 is the button
Seat 1: Mahu2021 (500 in chips) 
Seat 2: katsimoto983 (450 in chips) 
Seat 3: alexprince055 (550 in chips) 
katsimoto983: posts small blind 10
alexprince055: posts big blind 20
*** HOLE CARDS ***
Dealt to Mahu2021 [3c Qd]
Mahu2021: folds 
katsimoto983: raises 20 to 40
alexprince055: raises 510 to 550 and is all-in
katsimoto983: folds 
Uncalled bet (510) returned to alexprince055
alexprince055 collected 80 from pot
*** SUMMARY ***
Total pot 80 | Rake 0 
Seat 1: Mahu2021 (button) folded before Flop (didn't bet)
Seat 2: katsimoto983 (small blind) folded before Flop
Seat 3: alexprince055 (big blind) collected (80)



PokerStars Hand #253430239112: Tournament #3824162798, $1.84+$0.16 USD Hold'em No Limit - Level I (10/20) - 2024/11/16 17:27:11 CET [2024/11/16 11:27:11 ET]
Table '3824162798 1' 3-max Seat #2 is the button
Seat 1: Mahu2021 (500 in chips) 
Seat 2: katsimoto983 (410 in chips) 
Seat 3: alexprince055 (590 in chips) 
alexprince055: posts small blind 10
Mahu2021: posts big blind 20
*** HOLE CARDS ***
Dealt to Mahu2021 [3d 9c]
katsimoto983: folds 
alexprince055: folds 
Uncalled bet (10) returned to Mahu2021
Mahu2021 collected 20 from pot
Mahu2021: doesn't show hand 
*** SUMMARY ***
Total pot 20 | Rake 0 
Seat 1: Mahu2021 (big blind) collected (20)
Seat 2: katsimoto983 (button) folded before Flop (didn't bet)
Seat 3: alexprince055 (small blind) folded before Flop



PokerStars Hand #253430240797: Tournament #3824162798, $1.84+$0.16 USD Hold'em No Limit - Level I (10/20) - 2024/11/16 17:27:18 CET [2024/11/16 11:27:18 ET]
Table '3824162798 1' 3-max Seat #3 is the button
Seat 1: Mahu2021 (510 in chips) 
Seat 2: katsimoto983 (410 in chips) 
Seat 3: alexprince055 (580 in chips) 
Mahu2021: posts small blind 10
katsimoto983: posts big blind 20
*** HOLE CARDS ***
Dealt to Mahu2021 [8s Tc]
alexprince055: raises 20 to 40
Mahu2021: folds 
katsimoto983: calls 20
*** FLOP *** [2d 6s 8c]
katsimoto983: checks 
alexprince055: bets 20
katsimoto983: calls 20
*** TURN *** [2d 6s 8c] [7h]
katsimoto983: checks 
alexprince055: checks 
*** RIVER *** [2d 6s 8c 7h] [Th]
katsimoto983: bets 130
alexprince055: calls 130
*** SHOW DOWN ***
katsimoto983: shows [9s Qh] (a straight, Six to Ten)
alexprince055: mucks hand 
katsimoto983 collected 390 from pot
*** SUMMARY ***
Total pot 390 | Rake 0 
Board [2d 6s 8c 7h Th]
Seat 1: Mahu2021 (small blind) folded before Flop
Seat 2: katsimoto983 (big blind) showed [9s Qh] and won (390) with a straight, Six to Ten
Seat 3: alexprince055 (button) mucked [Ks Ts]



PokerStars Hand #253430248967: Tournament #3824162798, $1.84+$0.16 USD Hold'em No Limit - Level I (10/20) - 2024/11/16 17:27:54 CET [2024/11/16 11:27:54 ET]
Table '3824162798 1' 3-max Seat #1 is the button
Seat 1: Mahu2021 (500 in chips) 
Seat 2: katsimoto983 (610 in chips) 
Seat 3: alexprince055 (390 in chips) 
katsimoto983: posts small blind 10
alexprince055: posts big blind 20
*** HOLE CARDS ***
Dealt to Mahu2021 [6s 6d]
Mahu2021: raises 20 to 40
katsimoto983: folds 
alexprince055: calls 20
*** FLOP *** [2s Kd 2d]
alexprince055: checks 
Mahu2021: bets 40
alexprince055: folds 
Uncalled bet (40) returned to Mahu2021
Mahu2021 collected 90 from pot
Mahu2021: doesn't show hand 
*** SUMMARY ***
Total pot 90 | Rake 0 
Board [2s Kd 2d]
Seat 1: Mahu2021 (button) collected (90)
Seat 2: katsimoto983 (small blind) folded before Flop
Seat 3: alexprince055 (big blind) folded on the Flop



PokerStars Hand #253430254532: Tournament #3824162798, $1.84+$0.16 USD Hold'em No Limit - Level I (10/20) - 2024/11/16 17:28:18 CET [2024/11/16 11:28:18 ET]
Table '3824162798 1' 3-max Seat #2 is the button
Seat 1: Mahu2021 (550 in chips) 
Seat 2: katsimoto983 (600 in chips) 
Seat 3: alexprince055 (350 in chips) 
alexprince055: posts small blind 10
Mahu2021: posts big blind 20
*** HOLE CARDS ***
Dealt to Mahu2021 [4s 7s]
katsimoto983: folds 
alexprince055: folds 
Uncalled bet (10) returned to Mahu2021
Mahu2021 collected 20 from pot
Mahu2021: doesn't show hand 
*** SUMMARY ***
Total pot 20 | Rake 0 
Seat 1: Mahu2021 (big blind) collected (20)
Seat 2: katsimoto983 (button) folded before Flop (didn't bet)
Seat 3: alexprince055 (small blind) folded before Flop



PokerStars Hand #253430256134: Tournament #3824162798, $1.84+$0.16 USD Hold'em No Limit - Level I (10/20) - 2024/11/16 17:28:25 CET [2024/11/16 11:28:25 ET]
Table '3824162798 1' 3-max Seat #3 is the button
Seat 1: Mahu2021 (560 in chips) 
Seat 2: katsimoto983 (600 in chips) 
Seat 3: alexprince055 (340 in chips) 
Mahu2021: posts small blind 10
katsimoto983: posts big blind 20
*** HOLE CARDS ***
Dealt to Mahu2021 [3c 9s]
alexprince055: folds 
Mahu2021: folds 
Uncalled bet (10) returned to katsimoto983
katsimoto983 collected 20 from pot
katsimoto983: doesn't show hand 
*** SUMMARY ***
Total pot 20 | Rake 0 
Seat 1: Mahu2021 (small blind) folded before Flop
Seat 2: katsimoto983 (big blind) collected (20)
Seat 3: alexprince055 (button) folded before Flop (didn't bet)



PokerStars Hand #253430258445: Tournament #3824162798, $1.84+$0.16 USD Hold'em No Limit - Level II (15/30) - 2024/11/16 17:28:35 CET [2024/11/16 11:28:35 ET]
Table '3824162798 1' 3-max Seat #1 is the button
Seat 1: Mahu2021 (550 in chips) 
Seat 2: katsimoto983 (610 in chips) 
Seat 3: alexprince055 (340 in chips) 
katsimoto983: posts small blind 15
alexprince055: posts big blind 30
*** HOLE CARDS ***
Dealt to Mahu2021 [4s 8h]
Mahu2021: folds 
katsimoto983: folds 
Uncalled bet (15) returned to alexprince055
alexprince055 collected 30 from pot
*** SUMMARY ***
Total pot 30 | Rake 0 
Seat 1: Mahu2021 (button) folded before Flop (didn't bet)
Seat 2: katsimoto983 (small blind) folded before Flop
Seat 3: alexprince055 (big blind) collected (30)



PokerStars Hand #253430259541: Tournament #3824162798, $1.84+$0.16 USD Hold'em No Limit - Level II (15/30) - 2024/11/16 17:28:40 CET [2024/11/16 11:28:40 ET]
Table '3824162798 1' 3-max Seat #2 is the button
Seat 1: Mahu2021 (550 in chips) 
Seat 2: katsimoto983 (595 in chips) 
Seat 3: alexprince055 (355 in chips) 
alexprince055: posts small blind 15
Mahu2021: posts big blind 30
*** HOLE CARDS ***
Dealt to Mahu2021 [9d 3c]
katsimoto983: folds 
alexprince055: raises 325 to 355 and is all-in
Mahu2021: folds 
Uncalled bet (325) returned to alexprince055
alexprince055 collected 60 from pot
*** SUMMARY ***
Total pot 60 | Rake 0 
Seat 1: Mahu2021 (big blind) folded before Flop
Seat 2: katsimoto983 (button) folded before Flop (didn't bet)
Seat 3: alexprince055 (small blind) collected (60)



PokerStars Hand #253430261434: Tournament #3824162798, $1.84+$0.16 USD Hold'em No Limit - Level II (15/30) - 2024/11/16 17:28:48 CET [2024/11/16 11:28:48 ET]
Table '3824162798 1' 3-max Seat #3 is the button
Seat 1: Mahu2021 (520 in chips) 
Seat 2: katsimoto983 (595 in chips) 
Seat 3: alexprince055 (385 in chips) 
Mahu2021: posts small blind 15
katsimoto983: posts big blind 30
*** HOLE CARDS ***
Dealt to Mahu2021 [5d 4h]
alexprince055: folds 
Mahu2021: calls 15
katsimoto983: checks 
*** FLOP *** [5h As 3c]
Mahu2021: bets 30
katsimoto983: folds 
Uncalled bet (30) returned to Mahu2021
Mahu2021 collected 60 from pot
Mahu2021: doesn't show hand 
*** SUMMARY ***
Total pot 60 | Rake 0 
Board [5h As 3c]
Seat 1: Mahu2021 (small blind) collected (60)
Seat 2: katsimoto983 (big blind) folded on the Flop
Seat 3: alexprince055 (button) folded before Flop (didn't bet)



PokerStars Hand #253430263710: Tournament #3824162798, $1.84+$0.16 USD Hold'em No Limit - Level II (15/30) - 2024/11/16 17:28:58 CET [2024/11/16 11:28:58 ET]
Table '3824162798 1' 3-max Seat #1 is the button
Seat 1: Mahu2021 (550 in chips) 
Seat 2: katsimoto983 (565 in chips) 
Seat 3: alexprince055 (385 in chips) 
katsimoto983: posts small blind 15
alexprince055: posts big blind 30
*** HOLE CARDS ***
Dealt to Mahu2021 [6h Ac]
Mahu2021: folds 
katsimoto983: raises 30 to 60
alexprince055: folds 
Uncalled bet (30) returned to katsimoto983
katsimoto983 collected 60 from pot
katsimoto983: doesn't show hand 
*** SUMMARY ***
Total pot 60 | Rake 0 
Seat 1: Mahu2021 (button) folded before Flop (didn't bet)
Seat 2: katsimoto983 (small blind) collected (60)
Seat 3: alexprince055 (big blind) folded before Flop



PokerStars Hand #253430265486: Tournament #3824162798, $1.84+$0.16 USD Hold'em No Limit - Level II (15/30) - 2024/11/16 17:29:05 CET [2024/11/16 11:29:05 ET]
Table '3824162798 1' 3-max Seat #2 is the button
Seat 1: Mahu2021 (550 in chips) 
Seat 2: katsimoto983 (595 in chips) 
Seat 3: alexprince055 (355 in chips) 
alexprince055: posts small blind 15
Mahu2021: posts big blind 30
*** HOLE CARDS ***
Dealt to Mahu2021 [4h 8s]
katsimoto983: folds 
alexprince055: raises 325 to 355 and is all-in
Mahu2021: folds 
Uncalled bet (325) returned to alexprince055
alexprince055 collected 60 from pot
*** SUMMARY ***
Total pot 60 | Rake 0 
Seat 1: Mahu2021 (big blind) folded before Flop
Seat 2: katsimoto983 (button) folded before Flop (didn't bet)
Seat 3: alexprince055 (small blind) collected (60)



PokerStars Hand #253430267632: Tournament #3824162798, $1.84+$0.16 USD Hold'em No Limit - Level II (15/30) - 2024/11/16 17:29:15 CET [2024/11/16 11:29:15 ET]
Table '3824162798 1' 3-max Seat #3 is the button
Seat 1: Mahu2021 (520 in chips) 
Seat 2: katsimoto983 (595 in chips) 
Seat 3: alexprince055 (385 in chips) 
Mahu2021: posts small blind 15
katsimoto983: posts big blind 30
*** HOLE CARDS ***
Dealt to Mahu2021 [Kh 9d]
alexprince055: folds 
Mahu2021: calls 15
katsimoto983: checks 
*** FLOP *** [6s Ad Qs]
Mahu2021: checks 
katsimoto983: bets 45
Mahu2021: folds 
Uncalled bet (45) returned to katsimoto983
katsimoto983 collected 60 from pot
katsimoto983: doesn't show hand 
*** SUMMARY ***
Total pot 60 | Rake 0 
Board [6s Ad Qs]
Seat 1: Mahu2021 (small blind) folded on the Flop
Seat 2: katsimoto983 (big blind) collected (60)
Seat 3: alexprince055 (button) folded before Flop (didn't bet)



PokerStars Hand #253430274050: Tournament #3824162798, $1.84+$0.16 USD Hold'em No Limit - Level II (15/30) - 2024/11/16 17:29:42 CET [2024/11/16 11:29:42 ET]
Table '3824162798 1' 3-max Seat #1 is the button
Seat 1: Mahu2021 (490 in chips) 
Seat 2: katsimoto983 (625 in chips) 
Seat 3: alexprince055 (385 in chips) 
katsimoto983: posts small blind 15
alexprince055: posts big blind 30
*** HOLE CARDS ***
Dealt to Mahu2021 [6s 5s]
Mahu2021: calls 30
katsimoto983: raises 45 to 75
alexprince055: folds 
Mahu2021: folds 
Uncalled bet (45) returned to katsimoto983
katsimoto983 collected 90 from pot
katsimoto983: doesn't show hand 
*** SUMMARY ***
Total pot 90 | Rake 0 
Seat 1: Mahu2021 (button) folded before Flop
Seat 2: katsimoto983 (small blind) collected (90)
Seat 3: alexprince055 (big blind) folded before Flop



PokerStars Hand #253430278669: Tournament #3824162798, $1.84+$0.16 USD Hold'em No Limit - Level II (15/30) - 2024/11/16 17:30:01 CET [2024/11/16 11:30:01 ET]
Table '3824162798 1' 3-max Seat #2 is the button
Seat 1: Mahu2021 (460 in chips) 
Seat 2: katsimoto983 (685 in chips) 
Seat 3: alexprince055 (355 in chips) 
alexprince055: posts small blind 15
Mahu2021: posts big blind 30
*** HOLE CARDS ***
Dealt to Mahu2021 [Jd Ts]
katsimoto983: folds 
alexprince055: folds 
Uncalled bet (15) returned to Mahu2021
Mahu2021 collected 30 from pot
Mahu2021: doesn't show hand 
*** SUMMARY ***
Total pot 30 | Rake 0 
Seat 1: Mahu2021 (big blind) collected (30)
Seat 2: katsimoto983 (button) folded before Flop (didn't bet)
Seat 3: alexprince055 (small blind) folded before Flop



PokerStars Hand #253430280119: Tournament #3824162798, $1.84+$0.16 USD Hold'em No Limit - Level II (15/30) - 2024/11/16 17:30:07 CET [2024/11/16 11:30:07 ET]
Table '3824162798 1' 3-max Seat #3 is the button
Seat 1: Mahu2021 (475 in chips) 
Seat 2: katsimoto983 (685 in chips) 
Seat 3: alexprince055 (340 in chips) 
Mahu2021: posts small blind 15
katsimoto983: posts big blind 30
*** HOLE CARDS ***
Dealt to Mahu2021 [Jc 2d]
alexprince055: raises 310 to 340 and is all-in
Mahu2021: folds 
katsimoto983: folds 
Uncalled bet (310) returned to alexprince055
alexprince055 collected 75 from pot
*** SUMMARY ***
Total pot 75 | Rake 0 
Seat 1: Mahu2021 (small blind) folded before Flop
Seat 2: katsimoto983 (big blind) folded before Flop
Seat 3: alexprince055 (button) collected (75)



PokerStars Hand #253430282065: Tournament #3824162798, $1.84+$0.16 USD Hold'em No Limit - Level II (15/30) - 2024/11/16 17:30:16 CET [2024/11/16 11:30:16 ET]
Table '3824162798 1' 3-max Seat #1 is the button
Seat 1: Mahu2021 (460 in chips) 
Seat 2: katsimoto983 (655 in chips) 
Seat 3: alexprince055 (385 in chips) 
katsimoto983: posts small blind 15
alexprince055: posts big blind 30
*** HOLE CARDS ***
Dealt to Mahu2021 [Tc 2s]
Mahu2021: folds 
katsimoto983: calls 15
alexprince055: raises 355 to 385 and is all-in
katsimoto983: folds 
Uncalled bet (355) returned to alexprince055
alexprince055 collected 60 from pot
*** SUMMARY ***
Total pot 60 | Rake 0 
Seat 1: Mahu2021 (button) folded before Flop (didn't bet)
Seat 2: katsimoto983 (small blind) folded before Flop
Seat 3: alexprince055 (big blind) collected (60)



PokerStars Hand #253430284563: Tournament #3824162798, $1.84+$0.16 USD Hold'em No Limit - Level II (15/30) - 2024/11/16 17:30:26 CET [2024/11/16 11:30:26 ET]
Table '3824162798 1' 3-max Seat #2 is the button
Seat 1: Mahu2021 (460 in chips) 
Seat 2: katsimoto983 (625 in chips) 
Seat 3: alexprince055 (415 in chips) 
alexprince055: posts small blind 15
Mahu2021: posts big blind 30
*** HOLE CARDS ***
Dealt to Mahu2021 [Js 2h]
katsimoto983: folds 
alexprince055: raises 385 to 415 and is all-in
Mahu2021: folds 
Uncalled bet (385) returned to alexprince055
alexprince055 collected 60 from pot
*** SUMMARY ***
Total pot 60 | Rake 0 
Seat 1: Mahu2021 (big blind) folded before Flop
Seat 2: katsimoto983 (button) folded before Flop (didn't bet)
Seat 3: alexprince055 (small blind) collected (60)



PokerStars Hand #253430286816: Tournament #3824162798, $1.84+$0.16 USD Hold'em No Limit - Level III (20/40) - 2024/11/16 17:30:36 CET [2024/11/16 11:30:36 ET]
Table '3824162798 1' 3-max Seat #3 is the button
Seat 1: Mahu2021 (430 in chips) 
Seat 2: katsimoto983 (625 in chips) 
Seat 3: alexprince055 (445 in chips) 
Mahu2021: posts small blind 20
katsimoto983: posts big blind 40
*** HOLE CARDS ***
Dealt to Mahu2021 [5h 3h]
alexprince055: raises 405 to 445 and is all-in
Mahu2021: folds 
katsimoto983: folds 
Uncalled bet (405) returned to alexprince055
alexprince055 collected 100 from pot
*** SUMMARY ***
Total pot 100 | Rake 0 
Seat 1: Mahu2021 (small blind) folded before Flop
Seat 2: katsimoto983 (big blind) folded before Flop
Seat 3: alexprince055 (button) collected (100)



PokerStars Hand #253430289324: Tournament #3824162798, $1.84+$0.16 USD Hold'em No Limit - Level III (20/40) - 2024/11/16 17:30:47 CET [2024/11/16 11:30:47 ET]
Table '3824162798 1' 3-max Seat #1 is the button
Seat 1: Mahu2021 (410 in chips) 
Seat 2: katsimoto983 (585 in chips) 
Seat 3: alexprince055 (505 in chips) 
katsimoto983: posts small blind 20
alexprince055: posts big blind 40
*** HOLE CARDS ***
Dealt to Mahu2021 [Ac 4h]
Mahu2021: raises 40 to 80
katsimoto983: raises 505 to 585 and is all-in
alexprince055: folds 
Mahu2021: folds 
Uncalled bet (505) returned to katsimoto983
katsimoto983 collected 200 from pot
katsimoto983: doesn't show hand 
*** SUMMARY ***
Total pot 200 | Rake 0 
Seat 1: Mahu2021 (button) folded before Flop
Seat 2: katsimoto983 (small blind) collected (200)
Seat 3: alexprince055 (big blind) folded before Flop



PokerStars Hand #253430292273: Tournament #3824162798, $1.84+$0.16 USD Hold'em No Limit - Level III (20/40) - 2024/11/16 17:30:59 CET [2024/11/16 11:30:59 ET]
Table '3824162798 1' 3-max Seat #2 is the button
Seat 1: Mahu2021 (330 in chips) 
Seat 2: katsimoto983 (705 in chips) 
Seat 3: alexprince055 (465 in chips) 
alexprince055: posts small blind 20
Mahu2021: posts big blind 40
*** HOLE CARDS ***
Dealt to Mahu2021 [8d 7h]
katsimoto983: folds 
alexprince055: raises 425 to 465 and is all-in
Mahu2021: folds 
Uncalled bet (425) returned to alexprince055
alexprince055 collected 80 from pot
*** SUMMARY ***
Total pot 80 | Rake 0 
Seat 1: Mahu2021 (big blind) folded before Flop
Seat 2: katsimoto983 (button) folded before Flop (didn't bet)
Seat 3: alexprince055 (small blind) collected (80)



PokerStars Hand #253430293797: Tournament #3824162798, $1.84+$0.16 USD Hold'em No Limit - Level III (20/40) - 2024/11/16 17:31:06 CET [2024/11/16 11:31:06 ET]
Table '3824162798 1' 3-max Seat #3 is the button
Seat 1: Mahu2021 (290 in chips) 
Seat 2: katsimoto983 (705 in chips) 
Seat 3: alexprince055 (505 in chips) 
Mahu2021: posts small blind 20
katsimoto983: posts big blind 40
*** HOLE CARDS ***
Dealt to Mahu2021 [Qd 2h]
alexprince055: folds 
Mahu2021: folds 
Uncalled bet (20) returned to katsimoto983
katsimoto983 collected 40 from pot
katsimoto983: doesn't show hand 
*** SUMMARY ***
Total pot 40 | Rake 0 
Seat 1: Mahu2021 (small blind) folded before Flop
Seat 2: katsimoto983 (big blind) collected (40)
Seat 3: alexprince055 (button) folded before Flop (didn't bet)



PokerStars Hand #253430295469: Tournament #3824162798, $1.84+$0.16 USD Hold'em No Limit - Level III (20/40) - 2024/11/16 17:31:13 CET [2024/11/16 11:31:13 ET]
Table '3824162798 1' 3-max Seat #1 is the button
Seat 1: Mahu2021 (270 in chips) 
Seat 2: katsimoto983 (725 in chips) 
Seat 3: alexprince055 (505 in chips) 
katsimoto983: posts small blind 20
alexprince055: posts big blind 40
*** HOLE CARDS ***
Dealt to Mahu2021 [4d 4s]
Mahu2021: raises 230 to 270 and is all-in
katsimoto983: folds 
alexprince055: folds 
Uncalled bet (230) returned to Mahu2021
Mahu2021 collected 100 from pot
Mahu2021: doesn't show hand 
*** SUMMARY ***
Total pot 100 | Rake 0 
Seat 1: Mahu2021 (button) collected (100)
Seat 2: katsimoto983 (small blind) folded before Flop
Seat 3: alexprince055 (big blind) folded before Flop



PokerStars Hand #253430298446: Tournament #3824162798, $1.84+$0.16 USD Hold'em No Limit - Level III (20/40) - 2024/11/16 17:31:25 CET [2024/11/16 11:31:25 ET]
Table '3824162798 1' 3-max Seat #2 is the button
Seat 1: Mahu2021 (330 in chips) 
Seat 2: katsimoto983 (705 in chips) 
Seat 3: alexprince055 (465 in chips) 
alexprince055: posts small blind 20
Mahu2021: posts big blind 40
*** HOLE CARDS ***
Dealt to Mahu2021 [Js 4h]
katsimoto983: raises 665 to 705 and is all-in
alexprince055: folds 
Mahu2021: folds 
Uncalled bet (665) returned to katsimoto983
katsimoto983 collected 100 from pot
katsimoto983: doesn't show hand 
*** SUMMARY ***
Total pot 100 | Rake 0 
Seat 1: Mahu2021 (big blind) folded before Flop
Seat 2: katsimoto983 (button) collected (100)
Seat 3: alexprince055 (small blind) folded before Flop



PokerStars Hand #253430301218: Tournament #3824162798, $1.84+$0.16 USD Hold'em No Limit - Level III (20/40) - 2024/11/16 17:31:37 CET [2024/11/16 11:31:37 ET]
Table '3824162798 1' 3-max Seat #3 is the button
Seat 1: Mahu2021 (290 in chips) 
Seat 2: katsimoto983 (765 in chips) 
Seat 3: alexprince055 (445 in chips) 
Mahu2021: posts small blind 20
katsimoto983: posts big blind 40
*** HOLE CARDS ***
Dealt to Mahu2021 [6s 5s]
alexprince055: folds 
Mahu2021: calls 20
katsimoto983: checks 
*** FLOP *** [5h Qd 4c]
Mahu2021: bets 40
katsimoto983: folds [2d]
Uncalled bet (40) returned to Mahu2021
Mahu2021 collected 80 from pot
Mahu2021: doesn't show hand 
*** SUMMARY ***
Total pot 80 | Rake 0 
Board [5h Qd 4c]
Seat 1: Mahu2021 (small blind) collected (80)
Seat 2: katsimoto983 (big blind) folded on the Flop
Seat 3: alexprince055 (button) folded before Flop (didn't bet)



PokerStars Hand #253430303777: Tournament #3824162798, $1.84+$0.16 USD Hold'em No Limit - Level III (20/40) - 2024/11/16 17:31:48 CET [2024/11/16 11:31:48 ET]
Table '3824162798 1' 3-max Seat #1 is the button
Seat 1: Mahu2021 (330 in chips) 
Seat 2: katsimoto983 (725 in chips) 
Seat 3: alexprince055 (445 in chips) 
katsimoto983: posts small blind 20
alexprince055: posts big blind 40
*** HOLE CARDS ***
Dealt to Mahu2021 [Qd 6d]
Mahu2021: folds 
katsimoto983: calls 20
alexprince055: raises 405 to 445 and is all-in
katsimoto983: folds 
Uncalled bet (405) returned to alexprince055
alexprince055 collected 80 from pot
*** SUMMARY ***
Total pot 80 | Rake 0 
Seat 1: Mahu2021 (button) folded before Flop (didn't bet)
Seat 2: katsimoto983 (small blind) folded before Flop
Seat 3: alexprince055 (big blind) collected (80)



PokerStars Hand #253430305954: Tournament #3824162798, $1.84+$0.16 USD Hold'em No Limit - Level III (20/40) - 2024/11/16 17:31:57 CET [2024/11/16 11:31:57 ET]
Table '3824162798 1' 3-max Seat #2 is the button
Seat 1: Mahu2021 (330 in chips) 
Seat 2: katsimoto983 (685 in chips) 
Seat 3: alexprince055 (485 in chips) 
alexprince055: posts small blind 20
Mahu2021: posts big blind 40
*** HOLE CARDS ***
Dealt to Mahu2021 [3d Jh]
katsimoto983: folds 
alexprince055: raises 445 to 485 and is all-in
Mahu2021: folds 
Uncalled bet (445) returned to alexprince055
alexprince055 collected 80 from pot
*** SUMMARY ***
Total pot 80 | Rake 0 
Seat 1: Mahu2021 (big blind) folded before Flop
Seat 2: katsimoto983 (button) folded before Flop (didn't bet)
Seat 3: alexprince055 (small blind) collected (80)



PokerStars Hand #253430307630: Tournament #3824162798, $1.84+$0.16 USD Hold'em No Limit - Level III (20/40) - 2024/11/16 17:32:04 CET [2024/11/16 11:32:04 ET]
Table '3824162798 1' 3-max Seat #3 is the button
Seat 1: Mahu2021 (290 in chips) 
Seat 2: katsimoto983 (685 in chips) 
Seat 3: alexprince055 (525 in chips) 
Mahu2021: posts small blind 20
katsimoto983: posts big blind 40
*** HOLE CARDS ***
Dealt to Mahu2021 [8h 2d]
alexprince055: raises 485 to 525 and is all-in
Mahu2021: folds 
katsimoto983: folds 
Uncalled bet (485) returned to alexprince055
alexprince055 collected 100 from pot
*** SUMMARY ***
Total pot 100 | Rake 0 
Seat 1: Mahu2021 (small blind) folded before Flop
Seat 2: katsimoto983 (big blind) folded before Flop
Seat 3: alexprince055 (button) collected (100)



PokerStars Hand #253430308967: Tournament #3824162798, $1.84+$0.16 USD Hold'em No Limit - Level III (20/40) - 2024/11/16 17:32:10 CET [2024/11/16 11:32:10 ET]
Table '3824162798 1' 3-max Seat #1 is the button
Seat 1: Mahu2021 (270 in chips) 
Seat 2: katsimoto983 (645 in chips) 
Seat 3: alexprince055 (585 in chips) 
katsimoto983: posts small blind 20
alexprince055: posts big blind 40
*** HOLE CARDS ***
Dealt to Mahu2021 [Js Jc]
Mahu2021: calls 40
katsimoto983: folds 
alexprince055: raises 545 to 585 and is all-in
Mahu2021: calls 230 and is all-in
Uncalled bet (315) returned to alexprince055
*** FLOP *** [Tc As Ks]
*** TURN *** [Tc As Ks] [5c]
*** RIVER *** [Tc As Ks 5c] [2d]
*** SHOW DOWN ***
alexprince055: shows [8h Ah] (a pair of Aces)
Mahu2021: shows [Js Jc] (a pair of Jacks)
alexprince055 collected 560 from pot
Mahu2021 finished the tournament in 3rd place
*** SUMMARY ***
Total pot 560 | Rake 0 
Board [Tc As Ks 5c 2d]
Seat 1: Mahu2021 (button) showed [Js Jc] and lost with a pair of Jacks
Seat 2: katsimoto983 (small blind) folded before Flop
Seat 3: alexprince055 (big blind) showed [8h Ah] and won (560) with a pair of Aces



