PokerStars Hand #253670659878: Tournament #3829662075, $1.84+$0.16 USD Hold'em No Limit - Level I (10/20) - 2024/12/02 17:23:48 CET [2024/12/02 11:23:48 ET]
Table '3829662075 1' 3-max Seat #1 is the button
Seat 1: Mahu2021 (500 in chips) 
Seat 2: aGroChaa (500 in chips) 
Seat 3: jacksonnn777 (500 in chips) 
aGroChaa: posts small blind 10
jacksonnn777: posts big blind 20
*** HOLE CARDS ***
Dealt to Mahu2021 [Kd 4h]
Mahu2021: folds 
aGroChaa: folds 
Uncalled bet (10) returned to jacksonnn777
jacksonnn777 collected 20 from pot
*** SUMMARY ***
Total pot 20 | Rake 0 
Seat 1: Mahu2021 (button) folded before Flop (didn't bet)
Seat 2: aGroChaa (small blind) folded before Flop
Seat 3: jacksonnn777 (big blind) collected (20)



PokerStars Hand #253670660857: Tournament #3829662075, $1.84+$0.16 USD Hold'em No Limit - Level I (10/20) - 2024/12/02 17:23:53 CET [2024/12/02 11:23:53 ET]
Table '3829662075 1' 3-max Seat #2 is the button
Seat 1: Mahu2021 (500 in chips) 
Seat 2: aGroChaa (490 in chips) 
Seat 3: jacksonnn777 (510 in chips) 
jacksonnn777: posts small blind 10
Mahu2021: posts big blind 20
*** HOLE CARDS ***
Dealt to Mahu2021 [Qs 5c]
aGroChaa: folds 
jacksonnn777: calls 10
Mahu2021: checks 
*** FLOP *** [Qh Ts 6d]
jacksonnn777: checks 
Mahu2021: bets 40
jacksonnn777: calls 40
*** TURN *** [Qh Ts 6d] [2h]
jacksonnn777: checks 
Mahu2021: bets 40
jacksonnn777: calls 40
*** RIVER *** [Qh Ts 6d 2h] [7s]
jacksonnn777: checks 
Mahu2021: checks 
*** SHOW DOWN ***
jacksonnn777: shows [7c Tc] (two pair, Tens and Sevens)
Mahu2021: mucks hand 
jacksonnn777 collected 200 from pot
*** SUMMARY ***
Total pot 200 | Rake 0 
Board [Qh Ts 6d 2h 7s]
Seat 1: Mahu2021 (big blind) mucked [Qs 5c]
Seat 2: aGroChaa (button) folded before Flop (didn't bet)
Seat 3: jacksonnn777 (small blind) showed [7c Tc] and won (200) with two pair, Tens and Sevens



PokerStars Hand #253670664323: Tournament #3829662075, $1.84+$0.16 USD Hold'em No Limit - Level I (10/20) - 2024/12/02 17:24:10 CET [2024/12/02 11:24:10 ET]
Table '3829662075 1' 3-max Seat #3 is the button
Seat 1: Mahu2021 (400 in chips) 
Seat 2: aGroChaa (490 in chips) 
Seat 3: jacksonnn777 (610 in chips) 
Mahu2021: posts small blind 10
aGroChaa: posts big blind 20
*** HOLE CARDS ***
Dealt to Mahu2021 [2h Th]
jacksonnn777: folds 
Mahu2021: folds 
Uncalled bet (10) returned to aGroChaa
aGroChaa collected 20 from pot
*** SUMMARY ***
Total pot 20 | Rake 0 
Seat 1: Mahu2021 (small blind) folded before Flop
Seat 2: aGroChaa (big blind) collected (20)
Seat 3: jacksonnn777 (button) folded before Flop (didn't bet)



PokerStars Hand #253670665794: Tournament #3829662075, $1.84+$0.16 USD Hold'em No Limit - Level I (10/20) - 2024/12/02 17:24:17 CET [2024/12/02 11:24:17 ET]
Table '3829662075 1' 3-max Seat #1 is the button
Seat 1: Mahu2021 (390 in chips) 
Seat 2: aGroChaa (500 in chips) 
Seat 3: jacksonnn777 (610 in chips) 
aGroChaa: posts small blind 10
jacksonnn777: posts big blind 20
*** HOLE CARDS ***
Dealt to Mahu2021 [Js Th]
Mahu2021: raises 20 to 40
aGroChaa: folds 
jacksonnn777: raises 40 to 80
Mahu2021: calls 40
*** FLOP *** [3d Ts 9h]
jacksonnn777: bets 85
Mahu2021: raises 225 to 310 and is all-in
jacksonnn777: calls 225
*** TURN *** [3d Ts 9h] [Kc]
*** RIVER *** [3d Ts 9h Kc] [2s]
*** SHOW DOWN ***
jacksonnn777: shows [Ad Jh] (high card Ace)
Mahu2021: shows [Js Th] (a pair of Tens)
Mahu2021 collected 790 from pot
*** SUMMARY ***
Total pot 790 | Rake 0 
Board [3d Ts 9h Kc 2s]
Seat 1: Mahu2021 (button) showed [Js Th] and won (790) with a pair of Tens
Seat 2: aGroChaa (small blind) folded before Flop
Seat 3: jacksonnn777 (big blind) showed [Ad Jh] and lost with high card Ace



PokerStars Hand #253670669985: Tournament #3829662075, $1.84+$0.16 USD Hold'em No Limit - Level I (10/20) - 2024/12/02 17:24:37 CET [2024/12/02 11:24:37 ET]
Table '3829662075 1' 3-max Seat #2 is the button
Seat 1: Mahu2021 (790 in chips) 
Seat 2: aGroChaa (490 in chips) 
Seat 3: jacksonnn777 (220 in chips) 
jacksonnn777: posts small blind 10
Mahu2021: posts big blind 20
*** HOLE CARDS ***
Dealt to Mahu2021 [9h 7d]
aGroChaa: raises 40 to 60
jacksonnn777: folds 
Mahu2021: folds 
Uncalled bet (40) returned to aGroChaa
aGroChaa collected 50 from pot
*** SUMMARY ***
Total pot 50 | Rake 0 
Seat 1: Mahu2021 (big blind) folded before Flop
Seat 2: aGroChaa (button) collected (50)
Seat 3: jacksonnn777 (small blind) folded before Flop



PokerStars Hand #253670671752: Tournament #3829662075, $1.84+$0.16 USD Hold'em No Limit - Level I (10/20) - 2024/12/02 17:24:46 CET [2024/12/02 11:24:46 ET]
Table '3829662075 1' 3-max Seat #3 is the button
Seat 1: Mahu2021 (770 in chips) 
Seat 2: aGroChaa (520 in chips) 
Seat 3: jacksonnn777 (210 in chips) 
Mahu2021: posts small blind 10
aGroChaa: posts big blind 20
*** HOLE CARDS ***
Dealt to Mahu2021 [7c Kh]
jacksonnn777: folds 
Mahu2021: raises 20 to 40
aGroChaa: calls 20
*** FLOP *** [6h 2s Th]
Mahu2021: checks 
aGroChaa: bets 60
Mahu2021: folds 
Uncalled bet (60) returned to aGroChaa
aGroChaa collected 80 from pot
*** SUMMARY ***
Total pot 80 | Rake 0 
Board [6h 2s Th]
Seat 1: Mahu2021 (small blind) folded on the Flop
Seat 2: aGroChaa (big blind) collected (80)
Seat 3: jacksonnn777 (button) folded before Flop (didn't bet)



PokerStars Hand #253670675430: Tournament #3829662075, $1.84+$0.16 USD Hold'em No Limit - Level I (10/20) - 2024/12/02 17:25:04 CET [2024/12/02 11:25:04 ET]
Table '3829662075 1' 3-max Seat #1 is the button
Seat 1: Mahu2021 (730 in chips) 
Seat 2: aGroChaa (560 in chips) 
Seat 3: jacksonnn777 (210 in chips) 
aGroChaa: posts small blind 10
jacksonnn777: posts big blind 20
*** HOLE CARDS ***
Dealt to Mahu2021 [Jh 5h]
Mahu2021: calls 20
aGroChaa: calls 10
jacksonnn777: checks 
*** FLOP *** [Ah 6h 6s]
aGroChaa: checks 
jacksonnn777: checks 
Mahu2021: bets 20
aGroChaa: folds 
jacksonnn777: calls 20
*** TURN *** [Ah 6h 6s] [Qc]
jacksonnn777: checks 
Mahu2021: checks 
*** RIVER *** [Ah 6h 6s Qc] [Ac]
jacksonnn777: bets 100
Mahu2021: folds 
Uncalled bet (100) returned to jacksonnn777
jacksonnn777 collected 100 from pot
*** SUMMARY ***
Total pot 100 | Rake 0 
Board [Ah 6h 6s Qc Ac]
Seat 1: Mahu2021 (button) folded on the River
Seat 2: aGroChaa (small blind) folded on the Flop
Seat 3: jacksonnn777 (big blind) collected (100)



PokerStars Hand #253670681087: Tournament #3829662075, $1.84+$0.16 USD Hold'em No Limit - Level I (10/20) - 2024/12/02 17:25:32 CET [2024/12/02 11:25:32 ET]
Table '3829662075 1' 3-max Seat #2 is the button
Seat 1: Mahu2021 (690 in chips) 
Seat 2: aGroChaa (540 in chips) 
Seat 3: jacksonnn777 (270 in chips) 
jacksonnn777: posts small blind 10
Mahu2021: posts big blind 20
*** HOLE CARDS ***
Dealt to Mahu2021 [4s Kd]
aGroChaa: folds 
jacksonnn777: calls 10
Mahu2021: checks 
*** FLOP *** [5s As 2h]
jacksonnn777: checks 
Mahu2021: checks 
*** TURN *** [5s As 2h] [7s]
jacksonnn777: checks 
Mahu2021: bets 20
jacksonnn777: calls 20
*** RIVER *** [5s As 2h 7s] [Ts]
jacksonnn777: bets 40
Mahu2021: calls 40
*** SHOW DOWN ***
jacksonnn777: shows [6s 8s] (a flush, Ace high)
Mahu2021: mucks hand 
jacksonnn777 collected 160 from pot
*** SUMMARY ***
Total pot 160 | Rake 0 
Board [5s As 2h 7s Ts]
Seat 1: Mahu2021 (big blind) mucked [4s Kd]
Seat 2: aGroChaa (button) folded before Flop (didn't bet)
Seat 3: jacksonnn777 (small blind) showed [6s 8s] and won (160) with a flush, Ace high



PokerStars Hand #253670686841: Tournament #3829662075, $1.84+$0.16 USD Hold'em No Limit - Level I (10/20) - 2024/12/02 17:26:00 CET [2024/12/02 11:26:00 ET]
Table '3829662075 1' 3-max Seat #3 is the button
Seat 1: Mahu2021 (610 in chips) 
Seat 2: aGroChaa (540 in chips) 
Seat 3: jacksonnn777 (350 in chips) 
Mahu2021: posts small blind 10
aGroChaa: posts big blind 20
*** HOLE CARDS ***
Dealt to Mahu2021 [Ts 6c]
jacksonnn777: folds 
Mahu2021: folds 
Uncalled bet (10) returned to aGroChaa
aGroChaa collected 20 from pot
*** SUMMARY ***
Total pot 20 | Rake 0 
Seat 1: Mahu2021 (small blind) folded before Flop
Seat 2: aGroChaa (big blind) collected (20)
Seat 3: jacksonnn777 (button) folded before Flop (didn't bet)



PokerStars Hand #253670688270: Tournament #3829662075, $1.84+$0.16 USD Hold'em No Limit - Level I (10/20) - 2024/12/02 17:26:07 CET [2024/12/02 11:26:07 ET]
Table '3829662075 1' 3-max Seat #1 is the button
Seat 1: Mahu2021 (600 in chips) 
Seat 2: aGroChaa (550 in chips) 
Seat 3: jacksonnn777 (350 in chips) 
aGroChaa: posts small blind 10
jacksonnn777: posts big blind 20
*** HOLE CARDS ***
Dealt to Mahu2021 [8d 9s]
Mahu2021: folds 
aGroChaa: raises 530 to 550 and is all-in
jacksonnn777: folds 
Uncalled bet (530) returned to aGroChaa
aGroChaa collected 40 from pot
*** SUMMARY ***
Total pot 40 | Rake 0 
Seat 1: Mahu2021 (button) folded before Flop (didn't bet)
Seat 2: aGroChaa (small blind) collected (40)
Seat 3: jacksonnn777 (big blind) folded before Flop



PokerStars Hand #253670690421: Tournament #3829662075, $1.84+$0.16 USD Hold'em No Limit - Level I (10/20) - 2024/12/02 17:26:17 CET [2024/12/02 11:26:17 ET]
Table '3829662075 1' 3-max Seat #2 is the button
Seat 1: Mahu2021 (600 in chips) 
Seat 2: aGroChaa (570 in chips) 
Seat 3: jacksonnn777 (330 in chips) 
jacksonnn777: posts small blind 10
Mahu2021: posts big blind 20
*** HOLE CARDS ***
Dealt to Mahu2021 [Ah 7h]
aGroChaa: raises 20 to 40
jacksonnn777: folds 
Mahu2021: calls 20
*** FLOP *** [9s 5s Kc]
Mahu2021: checks 
aGroChaa: bets 40
Mahu2021: folds 
Uncalled bet (40) returned to aGroChaa
aGroChaa collected 90 from pot
*** SUMMARY ***
Total pot 90 | Rake 0 
Board [9s 5s Kc]
Seat 1: Mahu2021 (big blind) folded on the Flop
Seat 2: aGroChaa (button) collected (90)
Seat 3: jacksonnn777 (small blind) folded before Flop



PokerStars Hand #253670695872: Tournament #3829662075, $1.84+$0.16 USD Hold'em No Limit - Level I (10/20) - 2024/12/02 17:26:44 CET [2024/12/02 11:26:44 ET]
Table '3829662075 1' 3-max Seat #3 is the button
Seat 1: Mahu2021 (560 in chips) 
Seat 2: aGroChaa (620 in chips) 
Seat 3: jacksonnn777 (320 in chips) 
Mahu2021: posts small blind 10
aGroChaa: posts big blind 20
*** HOLE CARDS ***
Dealt to Mahu2021 [Kh 9c]
jacksonnn777: calls 20
Mahu2021: calls 10
aGroChaa: checks 
*** FLOP *** [3h 3s Tc]
Mahu2021: checks 
aGroChaa: checks 
jacksonnn777: checks 
*** TURN *** [3h 3s Tc] [6h]
Mahu2021: checks 
aGroChaa: bets 40
jacksonnn777: folds 
Mahu2021: folds 
Uncalled bet (40) returned to aGroChaa
aGroChaa collected 60 from pot
*** SUMMARY ***
Total pot 60 | Rake 0 
Board [3h 3s Tc 6h]
Seat 1: Mahu2021 (small blind) folded on the Turn
Seat 2: aGroChaa (big blind) collected (60)
Seat 3: jacksonnn777 (button) folded on the Turn



PokerStars Hand #253670700201: Tournament #3829662075, $1.84+$0.16 USD Hold'em No Limit - Level II (15/30) - 2024/12/02 17:27:05 CET [2024/12/02 11:27:05 ET]
Table '3829662075 1' 3-max Seat #1 is the button
Seat 1: Mahu2021 (540 in chips) 
Seat 2: aGroChaa (660 in chips) 
Seat 3: jacksonnn777 (300 in chips) 
aGroChaa: posts small blind 15
jacksonnn777: posts big blind 30
*** HOLE CARDS ***
Dealt to Mahu2021 [8c Ac]
Mahu2021: raises 60 to 90
aGroChaa: folds 
jacksonnn777: folds 
Uncalled bet (60) returned to Mahu2021
Mahu2021 collected 75 from pot
Mahu2021: doesn't show hand 
*** SUMMARY ***
Total pot 75 | Rake 0 
Seat 1: Mahu2021 (button) collected (75)
Seat 2: aGroChaa (small blind) folded before Flop
Seat 3: jacksonnn777 (big blind) folded before Flop



PokerStars Hand #253670701853: Tournament #3829662075, $1.84+$0.16 USD Hold'em No Limit - Level II (15/30) - 2024/12/02 17:27:14 CET [2024/12/02 11:27:14 ET]
Table '3829662075 1' 3-max Seat #2 is the button
Seat 1: Mahu2021 (585 in chips) 
Seat 2: aGroChaa (645 in chips) 
Seat 3: jacksonnn777 (270 in chips) 
jacksonnn777: posts small blind 15
Mahu2021: posts big blind 30
*** HOLE CARDS ***
Dealt to Mahu2021 [Jd 6h]
aGroChaa: folds 
jacksonnn777: raises 30 to 60
Mahu2021: calls 30
*** FLOP *** [5h 8h As]
jacksonnn777: bets 60
Mahu2021: folds 
Uncalled bet (60) returned to jacksonnn777
jacksonnn777 collected 120 from pot
*** SUMMARY ***
Total pot 120 | Rake 0 
Board [5h 8h As]
Seat 1: Mahu2021 (big blind) folded on the Flop
Seat 2: aGroChaa (button) folded before Flop (didn't bet)
Seat 3: jacksonnn777 (small blind) collected (120)



PokerStars Hand #253670703785: Tournament #3829662075, $1.84+$0.16 USD Hold'em No Limit - Level II (15/30) - 2024/12/02 17:27:23 CET [2024/12/02 11:27:23 ET]
Table '3829662075 1' 3-max Seat #3 is the button
Seat 1: Mahu2021 (525 in chips) 
Seat 2: aGroChaa (645 in chips) 
Seat 3: jacksonnn777 (330 in chips) 
Mahu2021: posts small blind 15
aGroChaa: posts big blind 30
*** HOLE CARDS ***
Dealt to Mahu2021 [Qc As]
jacksonnn777: raises 30 to 60
Mahu2021: calls 45
aGroChaa: calls 30
*** FLOP *** [2d 4h 6s]
Mahu2021: checks 
aGroChaa: bets 90
jacksonnn777: raises 180 to 270 and is all-in
Mahu2021: folds 
aGroChaa: calls 180
*** TURN *** [2d 4h 6s] [6h]
*** RIVER *** [2d 4h 6s 6h] [3s]
*** SHOW DOWN ***
aGroChaa: shows [Ad 4d] (two pair, Sixes and Fours)
jacksonnn777: shows [Jc Jh] (two pair, Jacks and Sixes)
jacksonnn777 collected 720 from pot
*** SUMMARY ***
Total pot 720 | Rake 0 
Board [2d 4h 6s 6h 3s]
Seat 1: Mahu2021 (small blind) folded on the Flop
Seat 2: aGroChaa (big blind) showed [Ad 4d] and lost with two pair, Sixes and Fours
Seat 3: jacksonnn777 (button) showed [Jc Jh] and won (720) with two pair, Jacks and Sixes



PokerStars Hand #253670707864: Tournament #3829662075, $1.84+$0.16 USD Hold'em No Limit - Level II (15/30) - 2024/12/02 17:27:43 CET [2024/12/02 11:27:43 ET]
Table '3829662075 1' 3-max Seat #1 is the button
Seat 1: Mahu2021 (465 in chips) 
Seat 2: aGroChaa (315 in chips) 
Seat 3: jacksonnn777 (720 in chips) 
aGroChaa: posts small blind 15
jacksonnn777: posts big blind 30
*** HOLE CARDS ***
Dealt to Mahu2021 [Ts Tc]
Mahu2021: raises 30 to 60
aGroChaa: raises 60 to 120
jacksonnn777: folds 
Mahu2021: raises 345 to 465 and is all-in
aGroChaa: calls 195 and is all-in
Uncalled bet (150) returned to Mahu2021
*** FLOP *** [6s 9s 6h]
*** TURN *** [6s 9s 6h] [Ks]
*** RIVER *** [6s 9s 6h Ks] [Ad]
*** SHOW DOWN ***
aGroChaa: shows [Kc Kd] (a full house, Kings full of Sixes)
Mahu2021: shows [Ts Tc] (two pair, Tens and Sixes)
aGroChaa collected 660 from pot
*** SUMMARY ***
Total pot 660 | Rake 0 
Board [6s 9s 6h Ks Ad]
Seat 1: Mahu2021 (button) showed [Ts Tc] and lost with two pair, Tens and Sixes
Seat 2: aGroChaa (small blind) showed [Kc Kd] and won (660) with a full house, Kings full of Sixes
Seat 3: jacksonnn777 (big blind) folded before Flop



PokerStars Hand #253670711660: Tournament #3829662075, $1.84+$0.16 USD Hold'em No Limit - Level II (15/30) - 2024/12/02 17:28:02 CET [2024/12/02 11:28:02 ET]
Table '3829662075 1' 3-max Seat #2 is the button
Seat 1: Mahu2021 (150 in chips) 
Seat 2: aGroChaa (660 in chips) 
Seat 3: jacksonnn777 (690 in chips) 
jacksonnn777: posts small blind 15
Mahu2021: posts big blind 30
*** HOLE CARDS ***
Dealt to Mahu2021 [4d Qd]
aGroChaa: raises 30 to 60
jacksonnn777: folds 
Mahu2021: calls 30
*** FLOP *** [7h 9h Qc]
Mahu2021: bets 90 and is all-in
aGroChaa: calls 90
*** TURN *** [7h 9h Qc] [9d]
*** RIVER *** [7h 9h Qc 9d] [Kd]
*** SHOW DOWN ***
Mahu2021: shows [4d Qd] (two pair, Queens and Nines)
aGroChaa: shows [As Ac] (two pair, Aces and Nines)
aGroChaa collected 315 from pot
Mahu2021 finished the tournament in 3rd place
*** SUMMARY ***
Total pot 315 | Rake 0 
Board [7h 9h Qc 9d Kd]
Seat 1: Mahu2021 (big blind) showed [4d Qd] and lost with two pair, Queens and Nines
Seat 2: aGroChaa (button) showed [As Ac] and won (315) with two pair, Aces and Nines
Seat 3: jacksonnn777 (small blind) folded before Flop



