PokerStars Hand #247011663074: Tournament #3670397093, $1.84+$0.16 USD Hold'em No Limit - Level I (10/20) - 2023/11/09 18:11:24 CET [2023/11/09 12:11:24 ET]
Table '3670397093 1' 3-max Seat #1 is the button
Seat 1: bambyla208 (500 in chips) 
Seat 2: luxaras (500 in chips) 
Seat 3: Mahu2021 (500 in chips) 
luxaras: posts small blind 10
Mahu2021: posts big blind 20
*** HOLE CARDS ***
Dealt to Mahu2021 [6d Kh]
bambyla208: raises 20 to 40
luxaras: raises 460 to 500 and is all-in
Mahu2021: folds 
bambyla208: folds 
Uncalled bet (460) returned to luxaras
luxaras collected 100 from pot
*** SUMMARY ***
Total pot 100 | Rake 0 
Seat 1: bambyla208 (button) folded before Flop
Seat 2: luxaras (small blind) collected (100)
Seat 3: Mahu2021 (big blind) folded before Flop



PokerStars Hand #247011665779: Tournament #3670397093, $1.84+$0.16 USD Hold'em No Limit - Level I (10/20) - 2023/11/09 18:11:34 CET [2023/11/09 12:11:34 ET]
Table '3670397093 1' 3-max Seat #2 is the button
Seat 1: bambyla208 (460 in chips) 
Seat 2: luxaras (560 in chips) 
Seat 3: Mahu2021 (480 in chips) 
Mahu2021: posts small blind 10
bambyla208: posts big blind 20
*** HOLE CARDS ***
Dealt to Mahu2021 [2s Jd]
luxaras: raises 20 to 40
Mahu2021: folds 
bambyla208: folds 
Uncalled bet (20) returned to luxaras
luxaras collected 50 from pot
*** SUMMARY ***
Total pot 50 | Rake 0 
Seat 1: bambyla208 (big blind) folded before Flop
Seat 2: luxaras (button) collected (50)
Seat 3: Mahu2021 (small blind) folded before Flop



PokerStars Hand #247011667674: Tournament #3670397093, $1.84+$0.16 USD Hold'em No Limit - Level I (10/20) - 2023/11/09 18:11:40 CET [2023/11/09 12:11:40 ET]
Table '3670397093 1' 3-max Seat #3 is the button
Seat 1: bambyla208 (440 in chips) 
Seat 2: luxaras (590 in chips) 
Seat 3: Mahu2021 (470 in chips) 
bambyla208: posts small blind 10
luxaras: posts big blind 20
*** HOLE CARDS ***
Dealt to Mahu2021 [4h Ah]
Mahu2021: calls 20
bambyla208: folds 
luxaras: checks 
*** FLOP *** [Qd Js Jc]
luxaras: checks 
Mahu2021: bets 40
luxaras: calls 40
*** TURN *** [Qd Js Jc] [6h]
luxaras: checks 
Mahu2021: checks 
*** RIVER *** [Qd Js Jc 6h] [8s]
luxaras: bets 40
Mahu2021: calls 40
*** SHOW DOWN ***
luxaras: shows [Qc 9h] (two pair, Queens and Jacks)
Mahu2021: mucks hand 
luxaras collected 210 from pot
*** SUMMARY ***
Total pot 210 | Rake 0 
Board [Qd Js Jc 6h 8s]
Seat 1: bambyla208 (small blind) folded before Flop
Seat 2: luxaras (big blind) showed [Qc 9h] and won (210) with two pair, Queens and Jacks
Seat 3: Mahu2021 (button) mucked [4h Ah]



PokerStars Hand #247011673169: Tournament #3670397093, $1.84+$0.16 USD Hold'em No Limit - Level I (10/20) - 2023/11/09 18:12:00 CET [2023/11/09 12:12:00 ET]
Table '3670397093 1' 3-max Seat #1 is the button
Seat 1: bambyla208 (430 in chips) 
Seat 2: luxaras (700 in chips) 
Seat 3: Mahu2021 (370 in chips) 
luxaras: posts small blind 10
Mahu2021: posts big blind 20
*** HOLE CARDS ***
Dealt to Mahu2021 [2c Kh]
bambyla208: raises 20 to 40
luxaras: calls 30
Mahu2021: calls 20
*** FLOP *** [2h 9c 5d]
luxaras: checks 
Mahu2021: checks 
bambyla208: checks 
*** TURN *** [2h 9c 5d] [7s]
luxaras: checks 
Mahu2021: bets 40
bambyla208: folds 
luxaras: folds 
Uncalled bet (40) returned to Mahu2021
Mahu2021 collected 120 from pot
Mahu2021: doesn't show hand 
*** SUMMARY ***
Total pot 120 | Rake 0 
Board [2h 9c 5d 7s]
Seat 1: bambyla208 (button) folded on the Turn
Seat 2: luxaras (small blind) folded on the Turn
Seat 3: Mahu2021 (big blind) collected (120)



PokerStars Hand #247011679335: Tournament #3670397093, $1.84+$0.16 USD Hold'em No Limit - Level I (10/20) - 2023/11/09 18:12:21 CET [2023/11/09 12:12:21 ET]
Table '3670397093 1' 3-max Seat #2 is the button
Seat 1: bambyla208 (390 in chips) 
Seat 2: luxaras (660 in chips) 
Seat 3: Mahu2021 (450 in chips) 
Mahu2021: posts small blind 10
bambyla208: posts big blind 20
*** HOLE CARDS ***
Dealt to Mahu2021 [Ac Tc]
luxaras: folds 
Mahu2021: raises 40 to 60
bambyla208: folds 
Uncalled bet (40) returned to Mahu2021
Mahu2021 collected 40 from pot
Mahu2021: doesn't show hand 
*** SUMMARY ***
Total pot 40 | Rake 0 
Seat 1: bambyla208 (big blind) folded before Flop
Seat 2: luxaras (button) folded before Flop (didn't bet)
Seat 3: Mahu2021 (small blind) collected (40)



PokerStars Hand #247011681517: Tournament #3670397093, $1.84+$0.16 USD Hold'em No Limit - Level I (10/20) - 2023/11/09 18:12:29 CET [2023/11/09 12:12:29 ET]
Table '3670397093 1' 3-max Seat #3 is the button
Seat 1: bambyla208 (370 in chips) 
Seat 2: luxaras (660 in chips) 
Seat 3: Mahu2021 (470 in chips) 
bambyla208: posts small blind 10
luxaras: posts big blind 20
*** HOLE CARDS ***
Dealt to Mahu2021 [As Qd]
Mahu2021: raises 40 to 60
bambyla208: folds 
luxaras: folds 
Uncalled bet (40) returned to Mahu2021
Mahu2021 collected 50 from pot
Mahu2021: doesn't show hand 
*** SUMMARY ***
Total pot 50 | Rake 0 
Seat 1: bambyla208 (small blind) folded before Flop
Seat 2: luxaras (big blind) folded before Flop
Seat 3: Mahu2021 (button) collected (50)



PokerStars Hand #247011683271: Tournament #3670397093, $1.84+$0.16 USD Hold'em No Limit - Level I (10/20) - 2023/11/09 18:12:35 CET [2023/11/09 12:12:35 ET]
Table '3670397093 1' 3-max Seat #1 is the button
Seat 1: bambyla208 (360 in chips) 
Seat 2: luxaras (640 in chips) 
Seat 3: Mahu2021 (500 in chips) 
luxaras: posts small blind 10
Mahu2021: posts big blind 20
*** HOLE CARDS ***
Dealt to Mahu2021 [5s Qs]
bambyla208: raises 340 to 360 and is all-in
luxaras: folds 
Mahu2021: folds 
Uncalled bet (340) returned to bambyla208
bambyla208 collected 50 from pot
bambyla208: doesn't show hand 
*** SUMMARY ***
Total pot 50 | Rake 0 
Seat 1: bambyla208 (button) collected (50)
Seat 2: luxaras (small blind) folded before Flop
Seat 3: Mahu2021 (big blind) folded before Flop



PokerStars Hand #247011685117: Tournament #3670397093, $1.84+$0.16 USD Hold'em No Limit - Level I (10/20) - 2023/11/09 18:12:41 CET [2023/11/09 12:12:41 ET]
Table '3670397093 1' 3-max Seat #2 is the button
Seat 1: bambyla208 (390 in chips) 
Seat 2: luxaras (630 in chips) 
Seat 3: Mahu2021 (480 in chips) 
Mahu2021: posts small blind 10
bambyla208: posts big blind 20
*** HOLE CARDS ***
Dealt to Mahu2021 [8d Qc]
luxaras: raises 20 to 40
Mahu2021: folds 
bambyla208: folds 
Uncalled bet (20) returned to luxaras
luxaras collected 50 from pot
*** SUMMARY ***
Total pot 50 | Rake 0 
Seat 1: bambyla208 (big blind) folded before Flop
Seat 2: luxaras (button) collected (50)
Seat 3: Mahu2021 (small blind) folded before Flop



PokerStars Hand #247011686963: Tournament #3670397093, $1.84+$0.16 USD Hold'em No Limit - Level I (10/20) - 2023/11/09 18:12:48 CET [2023/11/09 12:12:48 ET]
Table '3670397093 1' 3-max Seat #3 is the button
Seat 1: bambyla208 (370 in chips) 
Seat 2: luxaras (660 in chips) 
Seat 3: Mahu2021 (470 in chips) 
bambyla208: posts small blind 10
luxaras: posts big blind 20
*** HOLE CARDS ***
Dealt to Mahu2021 [5d Td]
Mahu2021: folds 
bambyla208: folds 
Uncalled bet (10) returned to luxaras
luxaras collected 20 from pot
*** SUMMARY ***
Total pot 20 | Rake 0 
Seat 1: bambyla208 (small blind) folded before Flop
Seat 2: luxaras (big blind) collected (20)
Seat 3: Mahu2021 (button) folded before Flop (didn't bet)



PokerStars Hand #247011688530: Tournament #3670397093, $1.84+$0.16 USD Hold'em No Limit - Level I (10/20) - 2023/11/09 18:12:53 CET [2023/11/09 12:12:53 ET]
Table '3670397093 1' 3-max Seat #1 is the button
Seat 1: bambyla208 (360 in chips) 
Seat 2: luxaras (670 in chips) 
Seat 3: Mahu2021 (470 in chips) 
luxaras: posts small blind 10
Mahu2021: posts big blind 20
*** HOLE CARDS ***
Dealt to Mahu2021 [Kc 6s]
bambyla208: raises 20 to 40
luxaras: calls 30
Mahu2021: calls 20
*** FLOP *** [5c Qh 7h]
luxaras: checks 
Mahu2021: checks 
bambyla208: checks 
*** TURN *** [5c Qh 7h] [9h]
luxaras: checks 
Mahu2021: checks 
bambyla208: bets 60
luxaras: calls 60
Mahu2021: folds 
*** RIVER *** [5c Qh 7h 9h] [3c]
luxaras: checks 
bambyla208: bets 260 and is all-in
luxaras: folds 
Uncalled bet (260) returned to bambyla208
bambyla208 collected 240 from pot
bambyla208: doesn't show hand 
*** SUMMARY ***
Total pot 240 | Rake 0 
Board [5c Qh 7h 9h 3c]
Seat 1: bambyla208 (button) collected (240)
Seat 2: luxaras (small blind) folded on the River
Seat 3: Mahu2021 (big blind) folded on the Turn



PokerStars Hand #247011696284: Tournament #3670397093, $1.84+$0.16 USD Hold'em No Limit - Level I (10/20) - 2023/11/09 18:13:20 CET [2023/11/09 12:13:20 ET]
Table '3670397093 1' 3-max Seat #2 is the button
Seat 1: bambyla208 (500 in chips) 
Seat 2: luxaras (570 in chips) 
Seat 3: Mahu2021 (430 in chips) 
Mahu2021: posts small blind 10
bambyla208: posts big blind 20
*** HOLE CARDS ***
Dealt to Mahu2021 [Kc Jh]
luxaras: folds 
Mahu2021: raises 40 to 60
bambyla208: calls 40
*** FLOP *** [4s 4h As]
Mahu2021: checks 
bambyla208: checks 
*** TURN *** [4s 4h As] [Kd]
Mahu2021: checks 
bambyla208: bets 40
Mahu2021: calls 40
*** RIVER *** [4s 4h As Kd] [3c]
Mahu2021: checks 
bambyla208: bets 100
Mahu2021: calls 100
*** SHOW DOWN ***
bambyla208: shows [Ac 3s] (two pair, Aces and Fours)
Mahu2021: mucks hand 
bambyla208 collected 400 from pot
*** SUMMARY ***
Total pot 400 | Rake 0 
Board [4s 4h As Kd 3c]
Seat 1: bambyla208 (big blind) showed [Ac 3s] and won (400) with two pair, Aces and Fours
Seat 2: luxaras (button) folded before Flop (didn't bet)
Seat 3: Mahu2021 (small blind) mucked [Kc Jh]



PokerStars Hand #247011701229: Tournament #3670397093, $1.84+$0.16 USD Hold'em No Limit - Level I (10/20) - 2023/11/09 18:13:37 CET [2023/11/09 12:13:37 ET]
Table '3670397093 1' 3-max Seat #3 is the button
Seat 1: bambyla208 (700 in chips) 
Seat 2: luxaras (570 in chips) 
Seat 3: Mahu2021 (230 in chips) 
bambyla208: posts small blind 10
luxaras: posts big blind 20
*** HOLE CARDS ***
Dealt to Mahu2021 [Tc Ah]
Mahu2021: raises 210 to 230 and is all-in
bambyla208: folds 
luxaras: folds 
Uncalled bet (210) returned to Mahu2021
Mahu2021 collected 50 from pot
Mahu2021: doesn't show hand 
*** SUMMARY ***
Total pot 50 | Rake 0 
Seat 1: bambyla208 (small blind) folded before Flop
Seat 2: luxaras (big blind) folded before Flop
Seat 3: Mahu2021 (button) collected (50)



PokerStars Hand #247011703532: Tournament #3670397093, $1.84+$0.16 USD Hold'em No Limit - Level I (10/20) - 2023/11/09 18:13:45 CET [2023/11/09 12:13:45 ET]
Table '3670397093 1' 3-max Seat #1 is the button
Seat 1: bambyla208 (690 in chips) 
Seat 2: luxaras (550 in chips) 
Seat 3: Mahu2021 (260 in chips) 
luxaras: posts small blind 10
Mahu2021: posts big blind 20
*** HOLE CARDS ***
Dealt to Mahu2021 [7d 4d]
bambyla208: folds 
luxaras: raises 530 to 550 and is all-in
Mahu2021: folds 
Uncalled bet (530) returned to luxaras
luxaras collected 40 from pot
*** SUMMARY ***
Total pot 40 | Rake 0 
Seat 1: bambyla208 (button) folded before Flop (didn't bet)
Seat 2: luxaras (small blind) collected (40)
Seat 3: Mahu2021 (big blind) folded before Flop



PokerStars Hand #247011705480: Tournament #3670397093, $1.84+$0.16 USD Hold'em No Limit - Level I (10/20) - 2023/11/09 18:13:52 CET [2023/11/09 12:13:52 ET]
Table '3670397093 1' 3-max Seat #2 is the button
Seat 1: bambyla208 (690 in chips) 
Seat 2: luxaras (570 in chips) 
Seat 3: Mahu2021 (240 in chips) 
Mahu2021: posts small blind 10
bambyla208: posts big blind 20
*** HOLE CARDS ***
Dealt to Mahu2021 [2d 7h]
luxaras: folds 
Mahu2021: folds 
Uncalled bet (10) returned to bambyla208
bambyla208 collected 20 from pot
bambyla208: doesn't show hand 
*** SUMMARY ***
Total pot 20 | Rake 0 
Seat 1: bambyla208 (big blind) collected (20)
Seat 2: luxaras (button) folded before Flop (didn't bet)
Seat 3: Mahu2021 (small blind) folded before Flop



PokerStars Hand #247011706751: Tournament #3670397093, $1.84+$0.16 USD Hold'em No Limit - Level I (10/20) - 2023/11/09 18:13:56 CET [2023/11/09 12:13:56 ET]
Table '3670397093 1' 3-max Seat #3 is the button
Seat 1: bambyla208 (700 in chips) 
Seat 2: luxaras (570 in chips) 
Seat 3: Mahu2021 (230 in chips) 
bambyla208: posts small blind 10
luxaras: posts big blind 20
*** HOLE CARDS ***
Dealt to Mahu2021 [Jh 8s]
Mahu2021: folds 
bambyla208: calls 10
luxaras: checks 
*** FLOP *** [Jd 7h Tc]
bambyla208: checks 
luxaras: bets 60
bambyla208: folds 
Uncalled bet (60) returned to luxaras
luxaras collected 40 from pot
*** SUMMARY ***
Total pot 40 | Rake 0 
Board [Jd 7h Tc]
Seat 1: bambyla208 (small blind) folded on the Flop
Seat 2: luxaras (big blind) collected (40)
Seat 3: Mahu2021 (button) folded before Flop (didn't bet)



PokerStars Hand #247011710913: Tournament #3670397093, $1.84+$0.16 USD Hold'em No Limit - Level I (10/20) - 2023/11/09 18:14:11 CET [2023/11/09 12:14:11 ET]
Table '3670397093 1' 3-max Seat #1 is the button
Seat 1: bambyla208 (680 in chips) 
Seat 2: luxaras (590 in chips) 
Seat 3: Mahu2021 (230 in chips) 
luxaras: posts small blind 10
Mahu2021: posts big blind 20
*** HOLE CARDS ***
Dealt to Mahu2021 [Jh 3s]
bambyla208: raises 20 to 40
luxaras: folds 
Mahu2021: calls 20
*** FLOP *** [6c 4s 7h]
Mahu2021: checks 
bambyla208: checks 
*** TURN *** [6c 4s 7h] [Qd]
Mahu2021: checks 
bambyla208: checks 
*** RIVER *** [6c 4s 7h Qd] [2d]
Mahu2021: bets 40
bambyla208: folds 
Uncalled bet (40) returned to Mahu2021
Mahu2021 collected 90 from pot
Mahu2021: doesn't show hand 
*** SUMMARY ***
Total pot 90 | Rake 0 
Board [6c 4s 7h Qd 2d]
Seat 1: bambyla208 (button) folded on the River
Seat 2: luxaras (small blind) folded before Flop
Seat 3: Mahu2021 (big blind) collected (90)



PokerStars Hand #247011716917: Tournament #3670397093, $1.84+$0.16 USD Hold'em No Limit - Level II (15/30) - 2023/11/09 18:14:31 CET [2023/11/09 12:14:31 ET]
Table '3670397093 1' 3-max Seat #2 is the button
Seat 1: bambyla208 (640 in chips) 
Seat 2: luxaras (580 in chips) 
Seat 3: Mahu2021 (280 in chips) 
Mahu2021: posts small blind 15
bambyla208: posts big blind 30
*** HOLE CARDS ***
Dealt to Mahu2021 [9c Kc]
luxaras: folds 
Mahu2021: raises 250 to 280 and is all-in
bambyla208: calls 250
*** FLOP *** [Td Kd 4c]
*** TURN *** [Td Kd 4c] [5h]
*** RIVER *** [Td Kd 4c 5h] [Ad]
*** SHOW DOWN ***
Mahu2021: shows [9c Kc] (a pair of Kings)
bambyla208: shows [Ah 9s] (a pair of Aces)
bambyla208 collected 560 from pot
Mahu2021 finished the tournament in 3rd place
*** SUMMARY ***
Total pot 560 | Rake 0 
Board [Td Kd 4c 5h Ad]
Seat 1: bambyla208 (big blind) showed [Ah 9s] and won (560) with a pair of Aces
Seat 2: luxaras (button) folded before Flop (didn't bet)
Seat 3: Mahu2021 (small blind) showed [9c Kc] and lost with a pair of Kings



