PokerStars Hand #248385607211: Tournament #3703732068, $1.84+$0.16 USD Hold'em No Limit - Level I (10/20) - 2024/01/20 11:07:58 CET [2024/01/20 5:07:58 ET]
Table '3703732068 1' 3-max Seat #1 is the button
Seat 1: ValiQQ96 (500 in chips) 
Seat 2: marcelomalar (500 in chips) 
Seat 3: Mahu2021 (500 in chips) 
marcelomalar: posts small blind 10
Mahu2021: posts big blind 20
*** HOLE CARDS ***
Dealt to Mahu2021 [7c Jc]
ValiQQ96: calls 20
marcelomalar: calls 10
Mahu2021: checks 
*** FLOP *** [Td 6s 7s]
marcelomalar: checks 
Mahu2021: checks 
ValiQQ96: bets 20
marcelomalar: folds 
Mahu2021: calls 20
*** TURN *** [Td 6s 7s] [Qd]
Mahu2021: checks 
ValiQQ96: bets 50
Mahu2021: folds 
Uncalled bet (50) returned to ValiQQ96
ValiQQ96 collected 100 from pot
*** SUMMARY ***
Total pot 100 | Rake 0 
Board [Td 6s 7s Qd]
Seat 1: ValiQQ96 (button) collected (100)
Seat 2: marcelomalar (small blind) folded on the Flop
Seat 3: Mahu2021 (big blind) folded on the Turn



PokerStars Hand #248385610955: Tournament #3703732068, $1.84+$0.16 USD Hold'em No Limit - Level I (10/20) - 2024/01/20 11:08:23 CET [2024/01/20 5:08:23 ET]
Table '3703732068 1' 3-max Seat #2 is the button
Seat 1: ValiQQ96 (560 in chips) 
Seat 2: marcelomalar (480 in chips) 
Seat 3: Mahu2021 (460 in chips) 
Mahu2021: posts small blind 10
ValiQQ96: posts big blind 20
*** HOLE CARDS ***
Dealt to Mahu2021 [6c Qc]
marcelomalar: calls 20
Mahu2021: calls 10
ValiQQ96: raises 20 to 40
marcelomalar: calls 20
Mahu2021: calls 20
*** FLOP *** [7s 3h Kd]
Mahu2021: checks 
ValiQQ96: bets 60
marcelomalar: folds 
Mahu2021: folds 
Uncalled bet (60) returned to ValiQQ96
ValiQQ96 collected 120 from pot
*** SUMMARY ***
Total pot 120 | Rake 0 
Board [7s 3h Kd]
Seat 1: ValiQQ96 (big blind) collected (120)
Seat 2: marcelomalar (button) folded on the Flop
Seat 3: Mahu2021 (small blind) folded on the Flop



PokerStars Hand #248385614191: Tournament #3703732068, $1.84+$0.16 USD Hold'em No Limit - Level I (10/20) - 2024/01/20 11:08:45 CET [2024/01/20 5:08:45 ET]
Table '3703732068 1' 3-max Seat #3 is the button
Seat 1: ValiQQ96 (640 in chips) 
Seat 2: marcelomalar (440 in chips) 
Seat 3: Mahu2021 (420 in chips) 
ValiQQ96: posts small blind 10
marcelomalar: posts big blind 20
*** HOLE CARDS ***
Dealt to Mahu2021 [Jd 3s]
Mahu2021: folds 
ValiQQ96: raises 620 to 640 and is all-in
marcelomalar: folds 
Uncalled bet (620) returned to ValiQQ96
ValiQQ96 collected 40 from pot
*** SUMMARY ***
Total pot 40 | Rake 0 
Seat 1: ValiQQ96 (small blind) collected (40)
Seat 2: marcelomalar (big blind) folded before Flop
Seat 3: Mahu2021 (button) folded before Flop (didn't bet)



PokerStars Hand #248385615789: Tournament #3703732068, $1.84+$0.16 USD Hold'em No Limit - Level I (10/20) - 2024/01/20 11:08:56 CET [2024/01/20 5:08:56 ET]
Table '3703732068 1' 3-max Seat #1 is the button
Seat 1: ValiQQ96 (660 in chips) 
Seat 2: marcelomalar (420 in chips) 
Seat 3: Mahu2021 (420 in chips) 
marcelomalar: posts small blind 10
Mahu2021: posts big blind 20
*** HOLE CARDS ***
Dealt to Mahu2021 [3s Ah]
ValiQQ96: folds 
marcelomalar: calls 10
Mahu2021: checks 
*** FLOP *** [As Qh 8d]
marcelomalar: checks 
Mahu2021: bets 20
marcelomalar: folds 
Uncalled bet (20) returned to Mahu2021
Mahu2021 collected 40 from pot
Mahu2021: doesn't show hand 
*** SUMMARY ***
Total pot 40 | Rake 0 
Board [As Qh 8d]
Seat 1: ValiQQ96 (button) folded before Flop (didn't bet)
Seat 2: marcelomalar (small blind) folded on the Flop
Seat 3: Mahu2021 (big blind) collected (40)



PokerStars Hand #248385617776: Tournament #3703732068, $1.84+$0.16 USD Hold'em No Limit - Level I (10/20) - 2024/01/20 11:09:09 CET [2024/01/20 5:09:09 ET]
Table '3703732068 1' 3-max Seat #2 is the button
Seat 1: ValiQQ96 (660 in chips) 
Seat 2: marcelomalar (400 in chips) 
Seat 3: Mahu2021 (440 in chips) 
Mahu2021: posts small blind 10
ValiQQ96: posts big blind 20
*** HOLE CARDS ***
Dealt to Mahu2021 [2s 7d]
marcelomalar: folds 
Mahu2021: folds 
Uncalled bet (10) returned to ValiQQ96
ValiQQ96 collected 20 from pot
*** SUMMARY ***
Total pot 20 | Rake 0 
Seat 1: ValiQQ96 (big blind) collected (20)
Seat 2: marcelomalar (button) folded before Flop (didn't bet)
Seat 3: Mahu2021 (small blind) folded before Flop



PokerStars Hand #248385618567: Tournament #3703732068, $1.84+$0.16 USD Hold'em No Limit - Level I (10/20) - 2024/01/20 11:09:14 CET [2024/01/20 5:09:14 ET]
Table '3703732068 1' 3-max Seat #3 is the button
Seat 1: ValiQQ96 (670 in chips) 
Seat 2: marcelomalar (400 in chips) 
Seat 3: Mahu2021 (430 in chips) 
ValiQQ96: posts small blind 10
marcelomalar: posts big blind 20
*** HOLE CARDS ***
Dealt to Mahu2021 [Kd Th]
Mahu2021: raises 20 to 40
ValiQQ96: folds 
marcelomalar: calls 20
*** FLOP *** [Ks 9s 3s]
marcelomalar: checks 
Mahu2021: bets 40
marcelomalar: folds 
Uncalled bet (40) returned to Mahu2021
Mahu2021 collected 90 from pot
Mahu2021: doesn't show hand 
*** SUMMARY ***
Total pot 90 | Rake 0 
Board [Ks 9s 3s]
Seat 1: ValiQQ96 (small blind) folded before Flop
Seat 2: marcelomalar (big blind) folded on the Flop
Seat 3: Mahu2021 (button) collected (90)



PokerStars Hand #248385621751: Tournament #3703732068, $1.84+$0.16 USD Hold'em No Limit - Level I (10/20) - 2024/01/20 11:09:35 CET [2024/01/20 5:09:35 ET]
Table '3703732068 1' 3-max Seat #1 is the button
Seat 1: ValiQQ96 (660 in chips) 
Seat 2: marcelomalar (360 in chips) 
Seat 3: Mahu2021 (480 in chips) 
marcelomalar: posts small blind 10
Mahu2021: posts big blind 20
*** HOLE CARDS ***
Dealt to Mahu2021 [Qc Ac]
ValiQQ96: folds 
marcelomalar: raises 340 to 360 and is all-in
Mahu2021: calls 340
*** FLOP *** [9d 4h 7s]
*** TURN *** [9d 4h 7s] [Kh]
*** RIVER *** [9d 4h 7s Kh] [Tc]
*** SHOW DOWN ***
marcelomalar: shows [2h 2d] (a pair of Deuces)
Mahu2021: shows [Qc Ac] (high card Ace)
marcelomalar collected 720 from pot
*** SUMMARY ***
Total pot 720 | Rake 0 
Board [9d 4h 7s Kh Tc]
Seat 1: ValiQQ96 (button) folded before Flop (didn't bet)
Seat 2: marcelomalar (small blind) showed [2h 2d] and won (720) with a pair of Deuces
Seat 3: Mahu2021 (big blind) showed [Qc Ac] and lost with high card Ace



PokerStars Hand #248385624121: Tournament #3703732068, $1.84+$0.16 USD Hold'em No Limit - Level I (10/20) - 2024/01/20 11:09:51 CET [2024/01/20 5:09:51 ET]
Table '3703732068 1' 3-max Seat #2 is the button
Seat 1: ValiQQ96 (660 in chips) 
Seat 2: marcelomalar (720 in chips) 
Seat 3: Mahu2021 (120 in chips) 
Mahu2021: posts small blind 10
ValiQQ96: posts big blind 20
*** HOLE CARDS ***
Dealt to Mahu2021 [9s Ac]
marcelomalar: folds 
Mahu2021: raises 100 to 120 and is all-in
ValiQQ96: folds 
Uncalled bet (100) returned to Mahu2021
Mahu2021 collected 40 from pot
Mahu2021: doesn't show hand 
*** SUMMARY ***
Total pot 40 | Rake 0 
Seat 1: ValiQQ96 (big blind) folded before Flop
Seat 2: marcelomalar (button) folded before Flop (didn't bet)
Seat 3: Mahu2021 (small blind) collected (40)



PokerStars Hand #248385625596: Tournament #3703732068, $1.84+$0.16 USD Hold'em No Limit - Level I (10/20) - 2024/01/20 11:10:01 CET [2024/01/20 5:10:01 ET]
Table '3703732068 1' 3-max Seat #3 is the button
Seat 1: ValiQQ96 (640 in chips) 
Seat 2: marcelomalar (720 in chips) 
Seat 3: Mahu2021 (140 in chips) 
ValiQQ96: posts small blind 10
marcelomalar: posts big blind 20
*** HOLE CARDS ***
Dealt to Mahu2021 [Jc Kh]
Mahu2021: raises 120 to 140 and is all-in
ValiQQ96: calls 130
marcelomalar: calls 120
*** FLOP *** [Kd 7c Td]
ValiQQ96: checks 
marcelomalar: checks 
*** TURN *** [Kd 7c Td] [3d]
ValiQQ96: checks 
marcelomalar: checks 
*** RIVER *** [Kd 7c Td 3d] [Ts]
ValiQQ96: checks 
marcelomalar: checks 
*** SHOW DOWN ***
ValiQQ96: shows [5h 4h] (a pair of Tens)
marcelomalar: shows [Ah 9d] (a pair of Tens - Ace kicker)
Mahu2021: shows [Jc Kh] (two pair, Kings and Tens)
Mahu2021 collected 420 from pot
*** SUMMARY ***
Total pot 420 | Rake 0 
Board [Kd 7c Td 3d Ts]
Seat 1: ValiQQ96 (small blind) showed [5h 4h] and lost with a pair of Tens
Seat 2: marcelomalar (big blind) showed [Ah 9d] and lost with a pair of Tens
Seat 3: Mahu2021 (button) showed [Jc Kh] and won (420) with two pair, Kings and Tens



PokerStars Hand #248385628820: Tournament #3703732068, $1.84+$0.16 USD Hold'em No Limit - Level I (10/20) - 2024/01/20 11:10:22 CET [2024/01/20 5:10:22 ET]
Table '3703732068 1' 3-max Seat #1 is the button
Seat 1: ValiQQ96 (500 in chips) 
Seat 2: marcelomalar (580 in chips) 
Seat 3: Mahu2021 (420 in chips) 
marcelomalar: posts small blind 10
Mahu2021: posts big blind 20
*** HOLE CARDS ***
Dealt to Mahu2021 [Qd 9d]
ValiQQ96: calls 20
marcelomalar: raises 560 to 580 and is all-in
Mahu2021: folds 
ValiQQ96: folds 
Uncalled bet (560) returned to marcelomalar
marcelomalar collected 60 from pot
*** SUMMARY ***
Total pot 60 | Rake 0 
Seat 1: ValiQQ96 (button) folded before Flop
Seat 2: marcelomalar (small blind) collected (60)
Seat 3: Mahu2021 (big blind) folded before Flop



PokerStars Hand #248385630045: Tournament #3703732068, $1.84+$0.16 USD Hold'em No Limit - Level I (10/20) - 2024/01/20 11:10:29 CET [2024/01/20 5:10:29 ET]
Table '3703732068 1' 3-max Seat #2 is the button
Seat 1: ValiQQ96 (480 in chips) 
Seat 2: marcelomalar (620 in chips) 
Seat 3: Mahu2021 (400 in chips) 
Mahu2021: posts small blind 10
ValiQQ96: posts big blind 20
*** HOLE CARDS ***
Dealt to Mahu2021 [8c 2h]
marcelomalar: calls 20
Mahu2021: folds 
ValiQQ96: checks 
*** FLOP *** [4s 3s 4d]
ValiQQ96: bets 20
marcelomalar: folds 
Uncalled bet (20) returned to ValiQQ96
ValiQQ96 collected 50 from pot
*** SUMMARY ***
Total pot 50 | Rake 0 
Board [4s 3s 4d]
Seat 1: ValiQQ96 (big blind) collected (50)
Seat 2: marcelomalar (button) folded on the Flop
Seat 3: Mahu2021 (small blind) folded before Flop



PokerStars Hand #248385631856: Tournament #3703732068, $1.84+$0.16 USD Hold'em No Limit - Level I (10/20) - 2024/01/20 11:10:42 CET [2024/01/20 5:10:42 ET]
Table '3703732068 1' 3-max Seat #3 is the button
Seat 1: ValiQQ96 (510 in chips) 
Seat 2: marcelomalar (600 in chips) 
Seat 3: Mahu2021 (390 in chips) 
ValiQQ96: posts small blind 10
marcelomalar: posts big blind 20
*** HOLE CARDS ***
Dealt to Mahu2021 [3d Qh]
Mahu2021: folds 
ValiQQ96: calls 10
marcelomalar: checks 
*** FLOP *** [7s Qc 2d]
ValiQQ96: bets 20
marcelomalar: folds 
Uncalled bet (20) returned to ValiQQ96
ValiQQ96 collected 40 from pot
*** SUMMARY ***
Total pot 40 | Rake 0 
Board [7s Qc 2d]
Seat 1: ValiQQ96 (small blind) collected (40)
Seat 2: marcelomalar (big blind) folded on the Flop
Seat 3: Mahu2021 (button) folded before Flop (didn't bet)



PokerStars Hand #248385634488: Tournament #3703732068, $1.84+$0.16 USD Hold'em No Limit - Level I (10/20) - 2024/01/20 11:10:59 CET [2024/01/20 5:10:59 ET]
Table '3703732068 1' 3-max Seat #1 is the button
Seat 1: ValiQQ96 (530 in chips) 
Seat 2: marcelomalar (580 in chips) 
Seat 3: Mahu2021 (390 in chips) 
marcelomalar: posts small blind 10
Mahu2021: posts big blind 20
*** HOLE CARDS ***
Dealt to Mahu2021 [Ac 9c]
ValiQQ96: calls 20
marcelomalar: calls 10
Mahu2021: checks 
*** FLOP *** [7d 2c Jh]
marcelomalar: bets 20
Mahu2021: folds 
ValiQQ96: calls 20
*** TURN *** [7d 2c Jh] [Js]
marcelomalar: bets 20
ValiQQ96: calls 20
*** RIVER *** [7d 2c Jh Js] [3c]
marcelomalar: bets 20
ValiQQ96: raises 70 to 90
marcelomalar: calls 70
*** SHOW DOWN ***
ValiQQ96: shows [4d 5d] (a pair of Jacks)
marcelomalar: shows [7s 9s] (two pair, Jacks and Sevens)
marcelomalar collected 320 from pot
*** SUMMARY ***
Total pot 320 | Rake 0 
Board [7d 2c Jh Js 3c]
Seat 1: ValiQQ96 (button) showed [4d 5d] and lost with a pair of Jacks
Seat 2: marcelomalar (small blind) showed [7s 9s] and won (320) with two pair, Jacks and Sevens
Seat 3: Mahu2021 (big blind) folded on the Flop



PokerStars Hand #248385641699: Tournament #3703732068, $1.84+$0.16 USD Hold'em No Limit - Level II (15/30) - 2024/01/20 11:11:45 CET [2024/01/20 5:11:45 ET]
Table '3703732068 1' 3-max Seat #2 is the button
Seat 1: ValiQQ96 (380 in chips) 
Seat 2: marcelomalar (750 in chips) 
Seat 3: Mahu2021 (370 in chips) 
Mahu2021: posts small blind 15
ValiQQ96: posts big blind 30
*** HOLE CARDS ***
Dealt to Mahu2021 [9c Qh]
marcelomalar: raises 30 to 60
Mahu2021: folds 
ValiQQ96: calls 30
*** FLOP *** [9s 5c 9h]
ValiQQ96: checks 
marcelomalar: checks 
*** TURN *** [9s 5c 9h] [9d]
ValiQQ96: bets 30
marcelomalar: calls 30
*** RIVER *** [9s 5c 9h 9d] [4h]
ValiQQ96: bets 98
marcelomalar: folds 
Uncalled bet (98) returned to ValiQQ96
ValiQQ96 collected 195 from pot
*** SUMMARY ***
Total pot 195 | Rake 0 
Board [9s 5c 9h 9d 4h]
Seat 1: ValiQQ96 (big blind) collected (195)
Seat 2: marcelomalar (button) folded on the River
Seat 3: Mahu2021 (small blind) folded before Flop



PokerStars Hand #248385644865: Tournament #3703732068, $1.84+$0.16 USD Hold'em No Limit - Level II (15/30) - 2024/01/20 11:12:05 CET [2024/01/20 5:12:05 ET]
Table '3703732068 1' 3-max Seat #3 is the button
Seat 1: ValiQQ96 (485 in chips) 
Seat 2: marcelomalar (660 in chips) 
Seat 3: Mahu2021 (355 in chips) 
ValiQQ96: posts small blind 15
marcelomalar: posts big blind 30
*** HOLE CARDS ***
Dealt to Mahu2021 [Kh Ks]
Mahu2021: raises 325 to 355 and is all-in
ValiQQ96: folds 
marcelomalar: folds 
Uncalled bet (325) returned to Mahu2021
Mahu2021 collected 75 from pot
Mahu2021: doesn't show hand 
*** SUMMARY ***
Total pot 75 | Rake 0 
Seat 1: ValiQQ96 (small blind) folded before Flop
Seat 2: marcelomalar (big blind) folded before Flop
Seat 3: Mahu2021 (button) collected (75)



PokerStars Hand #248385646277: Tournament #3703732068, $1.84+$0.16 USD Hold'em No Limit - Level II (15/30) - 2024/01/20 11:12:14 CET [2024/01/20 5:12:14 ET]
Table '3703732068 1' 3-max Seat #1 is the button
Seat 1: ValiQQ96 (470 in chips) 
Seat 2: marcelomalar (630 in chips) 
Seat 3: Mahu2021 (400 in chips) 
marcelomalar: posts small blind 15
Mahu2021: posts big blind 30
*** HOLE CARDS ***
Dealt to Mahu2021 [3h Kd]
ValiQQ96: folds 
marcelomalar: calls 15
Mahu2021: checks 
*** FLOP *** [9d 3c Ts]
marcelomalar: checks 
Mahu2021: bets 30
marcelomalar: calls 30
*** TURN *** [9d 3c Ts] [Qd]
marcelomalar: checks 
Mahu2021: checks 
*** RIVER *** [9d 3c Ts Qd] [6s]
marcelomalar: bets 30
Mahu2021: calls 30
*** SHOW DOWN ***
marcelomalar: shows [8h 9c] (a pair of Nines)
Mahu2021: mucks hand 
marcelomalar collected 180 from pot
*** SUMMARY ***
Total pot 180 | Rake 0 
Board [9d 3c Ts Qd 6s]
Seat 1: ValiQQ96 (button) folded before Flop (didn't bet)
Seat 2: marcelomalar (small blind) showed [8h 9c] and won (180) with a pair of Nines
Seat 3: Mahu2021 (big blind) mucked [3h Kd]



PokerStars Hand #248385649512: Tournament #3703732068, $1.84+$0.16 USD Hold'em No Limit - Level II (15/30) - 2024/01/20 11:12:35 CET [2024/01/20 5:12:35 ET]
Table '3703732068 1' 3-max Seat #2 is the button
Seat 1: ValiQQ96 (470 in chips) 
Seat 2: marcelomalar (720 in chips) 
Seat 3: Mahu2021 (310 in chips) 
Mahu2021: posts small blind 15
ValiQQ96: posts big blind 30
*** HOLE CARDS ***
Dealt to Mahu2021 [9c Th]
marcelomalar: folds 
Mahu2021: calls 15
ValiQQ96: checks 
*** FLOP *** [6c 6d Js]
Mahu2021: checks 
ValiQQ96: checks 
*** TURN *** [6c 6d Js] [3s]
Mahu2021: checks 
ValiQQ96: bets 30
Mahu2021: folds 
Uncalled bet (30) returned to ValiQQ96
ValiQQ96 collected 60 from pot
*** SUMMARY ***
Total pot 60 | Rake 0 
Board [6c 6d Js 3s]
Seat 1: ValiQQ96 (big blind) collected (60)
Seat 2: marcelomalar (button) folded before Flop (didn't bet)
Seat 3: Mahu2021 (small blind) folded on the Turn



PokerStars Hand #248385651656: Tournament #3703732068, $1.84+$0.16 USD Hold'em No Limit - Level II (15/30) - 2024/01/20 11:12:49 CET [2024/01/20 5:12:49 ET]
Table '3703732068 1' 3-max Seat #3 is the button
Seat 1: ValiQQ96 (500 in chips) 
Seat 2: marcelomalar (720 in chips) 
Seat 3: Mahu2021 (280 in chips) 
ValiQQ96: posts small blind 15
marcelomalar: posts big blind 30
*** HOLE CARDS ***
Dealt to Mahu2021 [6c 9d]
Mahu2021: folds 
ValiQQ96: folds 
Uncalled bet (15) returned to marcelomalar
marcelomalar collected 30 from pot
*** SUMMARY ***
Total pot 30 | Rake 0 
Seat 1: ValiQQ96 (small blind) folded before Flop
Seat 2: marcelomalar (big blind) collected (30)
Seat 3: Mahu2021 (button) folded before Flop (didn't bet)



PokerStars Hand #248385652376: Tournament #3703732068, $1.84+$0.16 USD Hold'em No Limit - Level II (15/30) - 2024/01/20 11:12:54 CET [2024/01/20 5:12:54 ET]
Table '3703732068 1' 3-max Seat #1 is the button
Seat 1: ValiQQ96 (485 in chips) 
Seat 2: marcelomalar (735 in chips) 
Seat 3: Mahu2021 (280 in chips) 
marcelomalar: posts small blind 15
Mahu2021: posts big blind 30
*** HOLE CARDS ***
Dealt to Mahu2021 [Js 2c]
ValiQQ96: calls 30
marcelomalar: calls 15
Mahu2021: checks 
*** FLOP *** [7s 3c 6c]
marcelomalar: checks 
Mahu2021: checks 
ValiQQ96: checks 
*** TURN *** [7s 3c 6c] [9h]
marcelomalar: checks 
Mahu2021: checks 
ValiQQ96: bets 30
marcelomalar: calls 30
Mahu2021: folds 
*** RIVER *** [7s 3c 6c 9h] [Kc]
marcelomalar: checks 
ValiQQ96: bets 60
marcelomalar: folds 
Uncalled bet (60) returned to ValiQQ96
ValiQQ96 collected 150 from pot
*** SUMMARY ***
Total pot 150 | Rake 0 
Board [7s 3c 6c 9h Kc]
Seat 1: ValiQQ96 (button) collected (150)
Seat 2: marcelomalar (small blind) folded on the River
Seat 3: Mahu2021 (big blind) folded on the Turn



PokerStars Hand #248385656366: Tournament #3703732068, $1.84+$0.16 USD Hold'em No Limit - Level II (15/30) - 2024/01/20 11:13:20 CET [2024/01/20 5:13:20 ET]
Table '3703732068 1' 3-max Seat #2 is the button
Seat 1: ValiQQ96 (575 in chips) 
Seat 2: marcelomalar (675 in chips) 
Seat 3: Mahu2021 (250 in chips) 
Mahu2021: posts small blind 15
ValiQQ96: posts big blind 30
*** HOLE CARDS ***
Dealt to Mahu2021 [Ks Qh]
marcelomalar: folds 
Mahu2021: raises 30 to 60
ValiQQ96: calls 30
*** FLOP *** [9h Kh 4d]
Mahu2021: bets 60
ValiQQ96: folds 
Uncalled bet (60) returned to Mahu2021
Mahu2021 collected 120 from pot
Mahu2021: doesn't show hand 
*** SUMMARY ***
Total pot 120 | Rake 0 
Board [9h Kh 4d]
Seat 1: ValiQQ96 (big blind) folded on the Flop
Seat 2: marcelomalar (button) folded before Flop (didn't bet)
Seat 3: Mahu2021 (small blind) collected (120)



PokerStars Hand #248385658011: Tournament #3703732068, $1.84+$0.16 USD Hold'em No Limit - Level II (15/30) - 2024/01/20 11:13:31 CET [2024/01/20 5:13:31 ET]
Table '3703732068 1' 3-max Seat #3 is the button
Seat 1: ValiQQ96 (515 in chips) 
Seat 2: marcelomalar (675 in chips) 
Seat 3: Mahu2021 (310 in chips) 
ValiQQ96: posts small blind 15
marcelomalar: posts big blind 30
*** HOLE CARDS ***
Dealt to Mahu2021 [4h 8d]
Mahu2021: folds 
ValiQQ96: folds 
Uncalled bet (15) returned to marcelomalar
marcelomalar collected 30 from pot
*** SUMMARY ***
Total pot 30 | Rake 0 
Seat 1: ValiQQ96 (small blind) folded before Flop
Seat 2: marcelomalar (big blind) collected (30)
Seat 3: Mahu2021 (button) folded before Flop (didn't bet)



PokerStars Hand #248385658818: Tournament #3703732068, $1.84+$0.16 USD Hold'em No Limit - Level II (15/30) - 2024/01/20 11:13:36 CET [2024/01/20 5:13:36 ET]
Table '3703732068 1' 3-max Seat #1 is the button
Seat 1: ValiQQ96 (500 in chips) 
Seat 2: marcelomalar (690 in chips) 
Seat 3: Mahu2021 (310 in chips) 
marcelomalar: posts small blind 15
Mahu2021: posts big blind 30
*** HOLE CARDS ***
Dealt to Mahu2021 [8s 5h]
ValiQQ96: raises 30 to 60
marcelomalar: calls 45
Mahu2021: folds 
*** FLOP *** [2s Jd 6d]
marcelomalar: checks 
ValiQQ96: bets 30
marcelomalar: calls 30
*** TURN *** [2s Jd 6d] [Qh]
marcelomalar: checks 
ValiQQ96: checks 
*** RIVER *** [2s Jd 6d Qh] [Th]
marcelomalar: bets 30
ValiQQ96: calls 30
*** SHOW DOWN ***
marcelomalar: shows [Kh Ts] (a pair of Tens)
ValiQQ96: mucks hand 
marcelomalar collected 270 from pot
*** SUMMARY ***
Total pot 270 | Rake 0 
Board [2s Jd 6d Qh Th]
Seat 1: ValiQQ96 (button) mucked [Ac 2c]
Seat 2: marcelomalar (small blind) showed [Kh Ts] and won (270) with a pair of Tens
Seat 3: Mahu2021 (big blind) folded before Flop



PokerStars Hand #248385663392: Tournament #3703732068, $1.84+$0.16 USD Hold'em No Limit - Level III (20/40) - 2024/01/20 11:14:05 CET [2024/01/20 5:14:05 ET]
Table '3703732068 1' 3-max Seat #2 is the button
Seat 1: ValiQQ96 (380 in chips) 
Seat 2: marcelomalar (840 in chips) 
Seat 3: Mahu2021 (280 in chips) 
Mahu2021: posts small blind 20
ValiQQ96: posts big blind 40
*** HOLE CARDS ***
Dealt to Mahu2021 [Th 8s]
marcelomalar: calls 40
Mahu2021: calls 20
ValiQQ96: checks 
*** FLOP *** [Qh Ts 2d]
Mahu2021: bets 240 and is all-in
ValiQQ96: folds 
marcelomalar: calls 240
*** TURN *** [Qh Ts 2d] [Td]
*** RIVER *** [Qh Ts 2d Td] [3d]
*** SHOW DOWN ***
Mahu2021: shows [Th 8s] (three of a kind, Tens)
marcelomalar: shows [9c Jh] (a pair of Tens)
Mahu2021 collected 600 from pot
*** SUMMARY ***
Total pot 600 | Rake 0 
Board [Qh Ts 2d Td 3d]
Seat 1: ValiQQ96 (big blind) folded on the Flop
Seat 2: marcelomalar (button) showed [9c Jh] and lost with a pair of Tens
Seat 3: Mahu2021 (small blind) showed [Th 8s] and won (600) with three of a kind, Tens



PokerStars Hand #248385666915: Tournament #3703732068, $1.84+$0.16 USD Hold'em No Limit - Level III (20/40) - 2024/01/20 11:14:28 CET [2024/01/20 5:14:28 ET]
Table '3703732068 1' 3-max Seat #3 is the button
Seat 1: ValiQQ96 (340 in chips) 
Seat 2: marcelomalar (560 in chips) 
Seat 3: Mahu2021 (600 in chips) 
ValiQQ96: posts small blind 20
marcelomalar: posts big blind 40
*** HOLE CARDS ***
Dealt to Mahu2021 [5d Td]
Mahu2021: folds 
ValiQQ96: folds 
Uncalled bet (20) returned to marcelomalar
marcelomalar collected 40 from pot
*** SUMMARY ***
Total pot 40 | Rake 0 
Seat 1: ValiQQ96 (small blind) folded before Flop
Seat 2: marcelomalar (big blind) collected (40)
Seat 3: Mahu2021 (button) folded before Flop (didn't bet)



PokerStars Hand #248385667921: Tournament #3703732068, $1.84+$0.16 USD Hold'em No Limit - Level III (20/40) - 2024/01/20 11:14:35 CET [2024/01/20 5:14:35 ET]
Table '3703732068 1' 3-max Seat #1 is the button
Seat 1: ValiQQ96 (320 in chips) 
Seat 2: marcelomalar (580 in chips) 
Seat 3: Mahu2021 (600 in chips) 
marcelomalar: posts small blind 20
Mahu2021: posts big blind 40
*** HOLE CARDS ***
Dealt to Mahu2021 [Qh 9h]
ValiQQ96: calls 40
marcelomalar: raises 80 to 120
Mahu2021: folds 
ValiQQ96: calls 80
*** FLOP *** [4d 7s 3d]
marcelomalar: bets 120
ValiQQ96: folds 
Uncalled bet (120) returned to marcelomalar
marcelomalar collected 280 from pot
*** SUMMARY ***
Total pot 280 | Rake 0 
Board [4d 7s 3d]
Seat 1: ValiQQ96 (button) folded on the Flop
Seat 2: marcelomalar (small blind) collected (280)
Seat 3: Mahu2021 (big blind) folded before Flop



PokerStars Hand #248385671366: Tournament #3703732068, $1.84+$0.16 USD Hold'em No Limit - Level III (20/40) - 2024/01/20 11:14:57 CET [2024/01/20 5:14:57 ET]
Table '3703732068 1' 3-max Seat #2 is the button
Seat 1: ValiQQ96 (200 in chips) 
Seat 2: marcelomalar (740 in chips) 
Seat 3: Mahu2021 (560 in chips) 
Mahu2021: posts small blind 20
ValiQQ96: posts big blind 40
*** HOLE CARDS ***
Dealt to Mahu2021 [6s 3c]
marcelomalar: calls 40
Mahu2021: folds 
ValiQQ96: raises 160 to 200 and is all-in
marcelomalar: folds 
Uncalled bet (160) returned to ValiQQ96
ValiQQ96 collected 100 from pot
*** SUMMARY ***
Total pot 100 | Rake 0 
Seat 1: ValiQQ96 (big blind) collected (100)
Seat 2: marcelomalar (button) folded before Flop
Seat 3: Mahu2021 (small blind) folded before Flop



PokerStars Hand #248385672840: Tournament #3703732068, $1.84+$0.16 USD Hold'em No Limit - Level III (20/40) - 2024/01/20 11:15:06 CET [2024/01/20 5:15:06 ET]
Table '3703732068 1' 3-max Seat #3 is the button
Seat 1: ValiQQ96 (260 in chips) 
Seat 2: marcelomalar (700 in chips) 
Seat 3: Mahu2021 (540 in chips) 
ValiQQ96: posts small blind 20
marcelomalar: posts big blind 40
*** HOLE CARDS ***
Dealt to Mahu2021 [9h Ad]
Mahu2021: raises 40 to 80
ValiQQ96: calls 60
marcelomalar: raises 620 to 700 and is all-in
Mahu2021: folds 
ValiQQ96: calls 180 and is all-in
Uncalled bet (440) returned to marcelomalar
*** FLOP *** [9c 5c Kc]
*** TURN *** [9c 5c Kc] [Kd]
*** RIVER *** [9c 5c Kc Kd] [4c]
*** SHOW DOWN ***
ValiQQ96: shows [8c Jh] (a flush, King high)
marcelomalar: shows [As Qc] (a flush, King high - Queen higher)
marcelomalar collected 600 from pot
ValiQQ96 finished the tournament in 3rd place
*** SUMMARY ***
Total pot 600 | Rake 0 
Board [9c 5c Kc Kd 4c]
Seat 1: ValiQQ96 (small blind) showed [8c Jh] and lost with a flush, King high
Seat 2: marcelomalar (big blind) showed [As Qc] and won (600) with a flush, King high
Seat 3: Mahu2021 (button) folded before Flop



PokerStars Hand #248385677342: Tournament #3703732068, $1.84+$0.16 USD Hold'em No Limit - Level III (20/40) - 2024/01/20 11:15:35 CET [2024/01/20 5:15:35 ET]
Table '3703732068 1' 3-max Seat #2 is the button
Seat 2: marcelomalar (1040 in chips) 
Seat 3: Mahu2021 (460 in chips) 
marcelomalar: posts small blind 20
Mahu2021: posts big blind 40
*** HOLE CARDS ***
Dealt to Mahu2021 [Ah 7s]
marcelomalar: calls 20
Mahu2021: raises 420 to 460 and is all-in
marcelomalar: folds 
Uncalled bet (420) returned to Mahu2021
Mahu2021 collected 80 from pot
Mahu2021: doesn't show hand 
*** SUMMARY ***
Total pot 80 | Rake 0 
Seat 2: marcelomalar (button) (small blind) folded before Flop
Seat 3: Mahu2021 (big blind) collected (80)



PokerStars Hand #248385678575: Tournament #3703732068, $1.84+$0.16 USD Hold'em No Limit - Level III (20/40) - 2024/01/20 11:15:43 CET [2024/01/20 5:15:43 ET]
Table '3703732068 1' 3-max Seat #3 is the button
Seat 2: marcelomalar (1000 in chips) 
Seat 3: Mahu2021 (500 in chips) 
Mahu2021: posts small blind 20
marcelomalar: posts big blind 40
*** HOLE CARDS ***
Dealt to Mahu2021 [6c 9s]
Mahu2021: calls 20
marcelomalar: checks 
*** FLOP *** [Ts 4s 7d]
marcelomalar: checks 
Mahu2021: checks 
*** TURN *** [Ts 4s 7d] [4d]
marcelomalar: checks 
Mahu2021: checks 
*** RIVER *** [Ts 4s 7d 4d] [Ks]
marcelomalar: checks 
Mahu2021: bets 40
marcelomalar: folds 
Uncalled bet (40) returned to Mahu2021
Mahu2021 collected 80 from pot
Mahu2021: doesn't show hand 
*** SUMMARY ***
Total pot 80 | Rake 0 
Board [Ts 4s 7d 4d Ks]
Seat 2: marcelomalar (big blind) folded on the River
Seat 3: Mahu2021 (button) (small blind) collected (80)



PokerStars Hand #248385681108: Tournament #3703732068, $1.84+$0.16 USD Hold'em No Limit - Level III (20/40) - 2024/01/20 11:15:59 CET [2024/01/20 5:15:59 ET]
Table '3703732068 1' 3-max Seat #2 is the button
Seat 2: marcelomalar (960 in chips) 
Seat 3: Mahu2021 (540 in chips) 
marcelomalar: posts small blind 20
Mahu2021: posts big blind 40
*** HOLE CARDS ***
Dealt to Mahu2021 [2c 8d]
marcelomalar: calls 20
Mahu2021: checks 
*** FLOP *** [Jd 7s 6s]
Mahu2021: checks 
marcelomalar: bets 80
Mahu2021: folds 
Uncalled bet (80) returned to marcelomalar
marcelomalar collected 80 from pot
*** SUMMARY ***
Total pot 80 | Rake 0 
Board [Jd 7s 6s]
Seat 2: marcelomalar (button) (small blind) collected (80)
Seat 3: Mahu2021 (big blind) folded on the Flop



PokerStars Hand #248385682784: Tournament #3703732068, $1.84+$0.16 USD Hold'em No Limit - Level III (20/40) - 2024/01/20 11:16:10 CET [2024/01/20 5:16:10 ET]
Table '3703732068 1' 3-max Seat #3 is the button
Seat 2: marcelomalar (1000 in chips) 
Seat 3: Mahu2021 (500 in chips) 
Mahu2021: posts small blind 20
marcelomalar: posts big blind 40
*** HOLE CARDS ***
Dealt to Mahu2021 [3c 8h]
Mahu2021: folds 
Uncalled bet (20) returned to marcelomalar
marcelomalar collected 40 from pot
*** SUMMARY ***
Total pot 40 | Rake 0 
Seat 2: marcelomalar (big blind) collected (40)
Seat 3: Mahu2021 (button) (small blind) folded before Flop



PokerStars Hand #248385683487: Tournament #3703732068, $1.84+$0.16 USD Hold'em No Limit - Level III (20/40) - 2024/01/20 11:16:15 CET [2024/01/20 5:16:15 ET]
Table '3703732068 1' 3-max Seat #2 is the button
Seat 2: marcelomalar (1020 in chips) 
Seat 3: Mahu2021 (480 in chips) 
marcelomalar: posts small blind 20
Mahu2021: posts big blind 40
*** HOLE CARDS ***
Dealt to Mahu2021 [3d Qh]
marcelomalar: calls 20
Mahu2021: checks 
*** FLOP *** [4h 4s Ah]
Mahu2021: checks 
marcelomalar: bets 40
Mahu2021: folds 
Uncalled bet (40) returned to marcelomalar
marcelomalar collected 80 from pot
*** SUMMARY ***
Total pot 80 | Rake 0 
Board [4h 4s Ah]
Seat 2: marcelomalar (button) (small blind) collected (80)
Seat 3: Mahu2021 (big blind) folded on the Flop



PokerStars Hand #248385685040: Tournament #3703732068, $1.84+$0.16 USD Hold'em No Limit - Level III (20/40) - 2024/01/20 11:16:25 CET [2024/01/20 5:16:25 ET]
Table '3703732068 1' 3-max Seat #3 is the button
Seat 2: marcelomalar (1060 in chips) 
Seat 3: Mahu2021 (440 in chips) 
Mahu2021: posts small blind 20
marcelomalar: posts big blind 40
*** HOLE CARDS ***
Dealt to Mahu2021 [Qd Td]
Mahu2021: raises 40 to 80
marcelomalar: calls 40
*** FLOP *** [2d 5d 3c]
marcelomalar: checks 
Mahu2021: bets 160
marcelomalar: folds 
Uncalled bet (160) returned to Mahu2021
Mahu2021 collected 160 from pot
Mahu2021: doesn't show hand 
*** SUMMARY ***
Total pot 160 | Rake 0 
Board [2d 5d 3c]
Seat 2: marcelomalar (big blind) folded on the Flop
Seat 3: Mahu2021 (button) (small blind) collected (160)



PokerStars Hand #248385686738: Tournament #3703732068, $1.84+$0.16 USD Hold'em No Limit - Level III (20/40) - 2024/01/20 11:16:36 CET [2024/01/20 5:16:36 ET]
Table '3703732068 1' 3-max Seat #2 is the button
Seat 2: marcelomalar (980 in chips) 
Seat 3: Mahu2021 (520 in chips) 
marcelomalar: posts small blind 20
Mahu2021: posts big blind 40
*** HOLE CARDS ***
Dealt to Mahu2021 [4h Kh]
marcelomalar: calls 20
Mahu2021: checks 
*** FLOP *** [9d 6s 3s]
Mahu2021: checks 
marcelomalar: bets 940 and is all-in
Mahu2021: folds 
Uncalled bet (940) returned to marcelomalar
marcelomalar collected 80 from pot
*** SUMMARY ***
Total pot 80 | Rake 0 
Board [9d 6s 3s]
Seat 2: marcelomalar (button) (small blind) collected (80)
Seat 3: Mahu2021 (big blind) folded on the Flop



PokerStars Hand #248385688449: Tournament #3703732068, $1.84+$0.16 USD Hold'em No Limit - Level III (20/40) - 2024/01/20 11:16:47 CET [2024/01/20 5:16:47 ET]
Table '3703732068 1' 3-max Seat #3 is the button
Seat 2: marcelomalar (1020 in chips) 
Seat 3: Mahu2021 (480 in chips) 
Mahu2021: posts small blind 20
marcelomalar: posts big blind 40
*** HOLE CARDS ***
Dealt to Mahu2021 [8s Ad]
Mahu2021: raises 40 to 80
marcelomalar: calls 40
*** FLOP *** [3d 5h 6d]
marcelomalar: bets 940 and is all-in
Mahu2021: folds 
Uncalled bet (940) returned to marcelomalar
marcelomalar collected 160 from pot
*** SUMMARY ***
Total pot 160 | Rake 0 
Board [3d 5h 6d]
Seat 2: marcelomalar (big blind) collected (160)
Seat 3: Mahu2021 (button) (small blind) folded on the Flop



PokerStars Hand #248385690164: Tournament #3703732068, $1.84+$0.16 USD Hold'em No Limit - Level III (20/40) - 2024/01/20 11:16:58 CET [2024/01/20 5:16:58 ET]
Table '3703732068 1' 3-max Seat #2 is the button
Seat 2: marcelomalar (1100 in chips) 
Seat 3: Mahu2021 (400 in chips) 
marcelomalar: posts small blind 20
Mahu2021: posts big blind 40
*** HOLE CARDS ***
Dealt to Mahu2021 [9c Jc]
marcelomalar: folds 
Uncalled bet (20) returned to Mahu2021
Mahu2021 collected 40 from pot
Mahu2021: doesn't show hand 
*** SUMMARY ***
Total pot 40 | Rake 0 
Seat 2: marcelomalar (button) (small blind) folded before Flop
Seat 3: Mahu2021 (big blind) collected (40)



PokerStars Hand #248385691405: Tournament #3703732068, $1.84+$0.16 USD Hold'em No Limit - Level IV (30/60) - 2024/01/20 11:17:06 CET [2024/01/20 5:17:06 ET]
Table '3703732068 1' 3-max Seat #3 is the button
Seat 2: marcelomalar (1080 in chips) 
Seat 3: Mahu2021 (420 in chips) 
Mahu2021: posts small blind 30
marcelomalar: posts big blind 60
*** HOLE CARDS ***
Dealt to Mahu2021 [Kd Tc]
Mahu2021: raises 360 to 420 and is all-in
marcelomalar: calls 360
*** FLOP *** [6h Ad Th]
*** TURN *** [6h Ad Th] [6d]
*** RIVER *** [6h Ad Th 6d] [4d]
*** SHOW DOWN ***
marcelomalar: shows [Td Kh] (two pair, Tens and Sixes)
Mahu2021: shows [Kd Tc] (two pair, Tens and Sixes)
marcelomalar collected 420 from pot
Mahu2021 collected 420 from pot
*** SUMMARY ***
Total pot 840 | Rake 0 
Board [6h Ad Th 6d 4d]
Seat 2: marcelomalar (big blind) showed [Td Kh] and won (420) with two pair, Tens and Sixes
Seat 3: Mahu2021 (button) (small blind) showed [Kd Tc] and won (420) with two pair, Tens and Sixes



PokerStars Hand #248385693472: Tournament #3703732068, $1.84+$0.16 USD Hold'em No Limit - Level IV (30/60) - 2024/01/20 11:17:19 CET [2024/01/20 5:17:19 ET]
Table '3703732068 1' 3-max Seat #2 is the button
Seat 2: marcelomalar (1080 in chips) 
Seat 3: Mahu2021 (420 in chips) 
marcelomalar: posts small blind 30
Mahu2021: posts big blind 60
*** HOLE CARDS ***
Dealt to Mahu2021 [7s 9c]
marcelomalar: raises 1020 to 1080 and is all-in
Mahu2021: folds 
Uncalled bet (1020) returned to marcelomalar
marcelomalar collected 120 from pot
*** SUMMARY ***
Total pot 120 | Rake 0 
Seat 2: marcelomalar (button) (small blind) collected (120)
Seat 3: Mahu2021 (big blind) folded before Flop



PokerStars Hand #248385694635: Tournament #3703732068, $1.84+$0.16 USD Hold'em No Limit - Level IV (30/60) - 2024/01/20 11:17:26 CET [2024/01/20 5:17:26 ET]
Table '3703732068 1' 3-max Seat #3 is the button
Seat 2: marcelomalar (1140 in chips) 
Seat 3: Mahu2021 (360 in chips) 
Mahu2021: posts small blind 30
marcelomalar: posts big blind 60
*** HOLE CARDS ***
Dealt to Mahu2021 [As 5d]
Mahu2021: raises 300 to 360 and is all-in
marcelomalar: folds 
Uncalled bet (300) returned to Mahu2021
Mahu2021 collected 120 from pot
Mahu2021: doesn't show hand 
*** SUMMARY ***
Total pot 120 | Rake 0 
Seat 2: marcelomalar (big blind) folded before Flop
Seat 3: Mahu2021 (button) (small blind) collected (120)



PokerStars Hand #248385695587: Tournament #3703732068, $1.84+$0.16 USD Hold'em No Limit - Level IV (30/60) - 2024/01/20 11:17:32 CET [2024/01/20 5:17:32 ET]
Table '3703732068 1' 3-max Seat #2 is the button
Seat 2: marcelomalar (1080 in chips) 
Seat 3: Mahu2021 (420 in chips) 
marcelomalar: posts small blind 30
Mahu2021: posts big blind 60
*** HOLE CARDS ***
Dealt to Mahu2021 [Ac Kh]
marcelomalar: calls 30
Mahu2021: raises 120 to 180
marcelomalar: calls 120
*** FLOP *** [Qh Qs 4h]
Mahu2021: bets 240 and is all-in
marcelomalar: folds 
Uncalled bet (240) returned to Mahu2021
Mahu2021 collected 360 from pot
Mahu2021: doesn't show hand 
*** SUMMARY ***
Total pot 360 | Rake 0 
Board [Qh Qs 4h]
Seat 2: marcelomalar (button) (small blind) folded on the Flop
Seat 3: Mahu2021 (big blind) collected (360)



PokerStars Hand #248385700447: Tournament #3703732068, $1.84+$0.16 USD Hold'em No Limit - Level IV (30/60) - 2024/01/20 11:18:04 CET [2024/01/20 5:18:04 ET]
Table '3703732068 1' 3-max Seat #3 is the button
Seat 2: marcelomalar (900 in chips) 
Seat 3: Mahu2021 (600 in chips) 
Mahu2021: posts small blind 30
marcelomalar: posts big blind 60
*** HOLE CARDS ***
Dealt to Mahu2021 [Qd 2c]
Mahu2021: folds 
Uncalled bet (30) returned to marcelomalar
marcelomalar collected 60 from pot
*** SUMMARY ***
Total pot 60 | Rake 0 
Seat 2: marcelomalar (big blind) collected (60)
Seat 3: Mahu2021 (button) (small blind) folded before Flop



PokerStars Hand #248385701184: Tournament #3703732068, $1.84+$0.16 USD Hold'em No Limit - Level IV (30/60) - 2024/01/20 11:18:08 CET [2024/01/20 5:18:08 ET]
Table '3703732068 1' 3-max Seat #2 is the button
Seat 2: marcelomalar (930 in chips) 
Seat 3: Mahu2021 (570 in chips) 
marcelomalar: posts small blind 30
Mahu2021: posts big blind 60
*** HOLE CARDS ***
Dealt to Mahu2021 [4s 6d]
marcelomalar: raises 870 to 930 and is all-in
Mahu2021: folds 
Uncalled bet (870) returned to marcelomalar
marcelomalar collected 120 from pot
*** SUMMARY ***
Total pot 120 | Rake 0 
Seat 2: marcelomalar (button) (small blind) collected (120)
Seat 3: Mahu2021 (big blind) folded before Flop



PokerStars Hand #248385705249: Tournament #3703732068, $1.84+$0.16 USD Hold'em No Limit - Level IV (30/60) - 2024/01/20 11:18:35 CET [2024/01/20 5:18:35 ET]
Table '3703732068 1' 3-max Seat #3 is the button
Seat 2: marcelomalar (990 in chips) 
Seat 3: Mahu2021 (510 in chips) 
Mahu2021: posts small blind 30
marcelomalar: posts big blind 60
*** HOLE CARDS ***
Dealt to Mahu2021 [2h Tc]
Mahu2021: folds 
Uncalled bet (30) returned to marcelomalar
marcelomalar collected 60 from pot
*** SUMMARY ***
Total pot 60 | Rake 0 
Seat 2: marcelomalar (big blind) collected (60)
Seat 3: Mahu2021 (button) (small blind) folded before Flop



PokerStars Hand #248385705935: Tournament #3703732068, $1.84+$0.16 USD Hold'em No Limit - Level IV (30/60) - 2024/01/20 11:18:39 CET [2024/01/20 5:18:39 ET]
Table '3703732068 1' 3-max Seat #2 is the button
Seat 2: marcelomalar (1020 in chips) 
Seat 3: Mahu2021 (480 in chips) 
marcelomalar: posts small blind 30
Mahu2021: posts big blind 60
*** HOLE CARDS ***
Dealt to Mahu2021 [2c 8d]
marcelomalar: folds 
Uncalled bet (30) returned to Mahu2021
Mahu2021 collected 60 from pot
Mahu2021: doesn't show hand 
*** SUMMARY ***
Total pot 60 | Rake 0 
Seat 2: marcelomalar (button) (small blind) folded before Flop
Seat 3: Mahu2021 (big blind) collected (60)



PokerStars Hand #248385708240: Tournament #3703732068, $1.84+$0.16 USD Hold'em No Limit - Level IV (30/60) - 2024/01/20 11:18:54 CET [2024/01/20 5:18:54 ET]
Table '3703732068 1' 3-max Seat #3 is the button
Seat 2: marcelomalar (990 in chips) 
Seat 3: Mahu2021 (510 in chips) 
Mahu2021: posts small blind 30
marcelomalar: posts big blind 60
*** HOLE CARDS ***
Dealt to Mahu2021 [4s 8d]
Mahu2021: folds 
Uncalled bet (30) returned to marcelomalar
marcelomalar collected 60 from pot
*** SUMMARY ***
Total pot 60 | Rake 0 
Seat 2: marcelomalar (big blind) collected (60)
Seat 3: Mahu2021 (button) (small blind) folded before Flop



PokerStars Hand #248385709000: Tournament #3703732068, $1.84+$0.16 USD Hold'em No Limit - Level IV (30/60) - 2024/01/20 11:18:59 CET [2024/01/20 5:18:59 ET]
Table '3703732068 1' 3-max Seat #2 is the button
Seat 2: marcelomalar (1020 in chips) 
Seat 3: Mahu2021 (480 in chips) 
marcelomalar: posts small blind 30
Mahu2021: posts big blind 60
*** HOLE CARDS ***
Dealt to Mahu2021 [As 3d]
marcelomalar: calls 30
Mahu2021: checks 
*** FLOP *** [Qs Qc Tc]
Mahu2021: checks 
marcelomalar: bets 960 and is all-in
Mahu2021: folds 
Uncalled bet (960) returned to marcelomalar
marcelomalar collected 120 from pot
*** SUMMARY ***
Total pot 120 | Rake 0 
Board [Qs Qc Tc]
Seat 2: marcelomalar (button) (small blind) collected (120)
Seat 3: Mahu2021 (big blind) folded on the Flop



PokerStars Hand #248385711302: Tournament #3703732068, $1.84+$0.16 USD Hold'em No Limit - Level IV (30/60) - 2024/01/20 11:19:14 CET [2024/01/20 5:19:14 ET]
Table '3703732068 1' 3-max Seat #3 is the button
Seat 2: marcelomalar (1080 in chips) 
Seat 3: Mahu2021 (420 in chips) 
Mahu2021: posts small blind 30
marcelomalar: posts big blind 60
*** HOLE CARDS ***
Dealt to Mahu2021 [Ah 2h]
Mahu2021: calls 30
marcelomalar: checks 
*** FLOP *** [9d 8c Qc]
marcelomalar: bets 60
Mahu2021: folds 
Uncalled bet (60) returned to marcelomalar
marcelomalar collected 120 from pot
*** SUMMARY ***
Total pot 120 | Rake 0 
Board [9d 8c Qc]
Seat 2: marcelomalar (big blind) collected (120)
Seat 3: Mahu2021 (button) (small blind) folded on the Flop



PokerStars Hand #248385713629: Tournament #3703732068, $1.84+$0.16 USD Hold'em No Limit - Level IV (30/60) - 2024/01/20 11:19:29 CET [2024/01/20 5:19:29 ET]
Table '3703732068 1' 3-max Seat #2 is the button
Seat 2: marcelomalar (1140 in chips) 
Seat 3: Mahu2021 (360 in chips) 
marcelomalar: posts small blind 30
Mahu2021: posts big blind 60
*** HOLE CARDS ***
Dealt to Mahu2021 [Jh 5d]
marcelomalar: calls 30
Mahu2021: checks 
*** FLOP *** [4h Kc Ah]
Mahu2021: checks 
marcelomalar: checks 
*** TURN *** [4h Kc Ah] [2s]
Mahu2021: checks 
marcelomalar: checks 
*** RIVER *** [4h Kc Ah 2s] [2c]
Mahu2021: bets 60
marcelomalar: folds 
Uncalled bet (60) returned to Mahu2021
Mahu2021 collected 120 from pot
Mahu2021: doesn't show hand 
*** SUMMARY ***
Total pot 120 | Rake 0 
Board [4h Kc Ah 2s 2c]
Seat 2: marcelomalar (button) (small blind) folded on the River
Seat 3: Mahu2021 (big blind) collected (120)



PokerStars Hand #248385716443: Tournament #3703732068, $1.84+$0.16 USD Hold'em No Limit - Level IV (30/60) - 2024/01/20 11:19:48 CET [2024/01/20 5:19:48 ET]
Table '3703732068 1' 3-max Seat #3 is the button
Seat 2: marcelomalar (1080 in chips) 
Seat 3: Mahu2021 (420 in chips) 
Mahu2021: posts small blind 30
marcelomalar: posts big blind 60
*** HOLE CARDS ***
Dealt to Mahu2021 [Kc Kh]
Mahu2021: raises 360 to 420 and is all-in
marcelomalar: calls 360
*** FLOP *** [2c 8s 3s]
*** TURN *** [2c 8s 3s] [Qs]
*** RIVER *** [2c 8s 3s Qs] [5h]
*** SHOW DOWN ***
marcelomalar: shows [7s 9h] (high card Queen)
Mahu2021: shows [Kc Kh] (a pair of Kings)
Mahu2021 collected 840 from pot
*** SUMMARY ***
Total pot 840 | Rake 0 
Board [2c 8s 3s Qs 5h]
Seat 2: marcelomalar (big blind) showed [7s 9h] and lost with high card Queen
Seat 3: Mahu2021 (button) (small blind) showed [Kc Kh] and won (840) with a pair of Kings



PokerStars Hand #248385719519: Tournament #3703732068, $1.84+$0.16 USD Hold'em No Limit - Level V (40/80) - 2024/01/20 11:20:08 CET [2024/01/20 5:20:08 ET]
Table '3703732068 1' 3-max Seat #2 is the button
Seat 2: marcelomalar (660 in chips) 
Seat 3: Mahu2021 (840 in chips) 
marcelomalar: posts small blind 40
Mahu2021: posts big blind 80
*** HOLE CARDS ***
Dealt to Mahu2021 [6h Th]
marcelomalar: folds 
Uncalled bet (40) returned to Mahu2021
Mahu2021 collected 80 from pot
Mahu2021: doesn't show hand 
*** SUMMARY ***
Total pot 80 | Rake 0 
Seat 2: marcelomalar (button) (small blind) folded before Flop
Seat 3: Mahu2021 (big blind) collected (80)



PokerStars Hand #248385720317: Tournament #3703732068, $1.84+$0.16 USD Hold'em No Limit - Level V (40/80) - 2024/01/20 11:20:13 CET [2024/01/20 5:20:13 ET]
Table '3703732068 1' 3-max Seat #3 is the button
Seat 2: marcelomalar (620 in chips) 
Seat 3: Mahu2021 (880 in chips) 
Mahu2021: posts small blind 40
marcelomalar: posts big blind 80
*** HOLE CARDS ***
Dealt to Mahu2021 [7h 5c]
Mahu2021: calls 40
marcelomalar: raises 540 to 620 and is all-in
Mahu2021: folds 
Uncalled bet (540) returned to marcelomalar
marcelomalar collected 160 from pot
*** SUMMARY ***
Total pot 160 | Rake 0 
Seat 2: marcelomalar (big blind) collected (160)
Seat 3: Mahu2021 (button) (small blind) folded before Flop



PokerStars Hand #248385721600: Tournament #3703732068, $1.84+$0.16 USD Hold'em No Limit - Level V (40/80) - 2024/01/20 11:20:21 CET [2024/01/20 5:20:21 ET]
Table '3703732068 1' 3-max Seat #2 is the button
Seat 2: marcelomalar (700 in chips) 
Seat 3: Mahu2021 (800 in chips) 
marcelomalar: posts small blind 40
Mahu2021: posts big blind 80
*** HOLE CARDS ***
Dealt to Mahu2021 [3s Jh]
marcelomalar: calls 40
Mahu2021: checks 
*** FLOP *** [Jd 6s 4s]
Mahu2021: checks 
marcelomalar: checks 
*** TURN *** [Jd 6s 4s] [Ks]
Mahu2021: bets 80
marcelomalar: folds 
Uncalled bet (80) returned to Mahu2021
Mahu2021 collected 160 from pot
Mahu2021: doesn't show hand 
*** SUMMARY ***
Total pot 160 | Rake 0 
Board [Jd 6s 4s Ks]
Seat 2: marcelomalar (button) (small blind) folded on the Turn
Seat 3: Mahu2021 (big blind) collected (160)



PokerStars Hand #248385723770: Tournament #3703732068, $1.84+$0.16 USD Hold'em No Limit - Level V (40/80) - 2024/01/20 11:20:35 CET [2024/01/20 5:20:35 ET]
Table '3703732068 1' 3-max Seat #3 is the button
Seat 2: marcelomalar (620 in chips) 
Seat 3: Mahu2021 (880 in chips) 
Mahu2021: posts small blind 40
marcelomalar: posts big blind 80
*** HOLE CARDS ***
Dealt to Mahu2021 [Kh 2d]
Mahu2021: calls 40
marcelomalar: checks 
*** FLOP *** [Kd 3s 4s]
marcelomalar: checks 
Mahu2021: checks 
*** TURN *** [Kd 3s 4s] [Tc]
marcelomalar: bets 80
Mahu2021: calls 80
*** RIVER *** [Kd 3s 4s Tc] [7d]
marcelomalar: checks 
Mahu2021: checks 
*** SHOW DOWN ***
marcelomalar: shows [8h 4d] (a pair of Fours)
Mahu2021: shows [Kh 2d] (a pair of Kings)
Mahu2021 collected 320 from pot
*** SUMMARY ***
Total pot 320 | Rake 0 
Board [Kd 3s 4s Tc 7d]
Seat 2: marcelomalar (big blind) showed [8h 4d] and lost with a pair of Fours
Seat 3: Mahu2021 (button) (small blind) showed [Kh 2d] and won (320) with a pair of Kings



PokerStars Hand #248385726663: Tournament #3703732068, $1.84+$0.16 USD Hold'em No Limit - Level V (40/80) - 2024/01/20 11:20:54 CET [2024/01/20 5:20:54 ET]
Table '3703732068 1' 3-max Seat #2 is the button
Seat 2: marcelomalar (460 in chips) 
Seat 3: Mahu2021 (1040 in chips) 
marcelomalar: posts small blind 40
Mahu2021: posts big blind 80
*** HOLE CARDS ***
Dealt to Mahu2021 [3s 8s]
marcelomalar: raises 380 to 460 and is all-in
Mahu2021: folds 
Uncalled bet (380) returned to marcelomalar
marcelomalar collected 160 from pot
*** SUMMARY ***
Total pot 160 | Rake 0 
Seat 2: marcelomalar (button) (small blind) collected (160)
Seat 3: Mahu2021 (big blind) folded before Flop



PokerStars Hand #248385727994: Tournament #3703732068, $1.84+$0.16 USD Hold'em No Limit - Level V (40/80) - 2024/01/20 11:21:03 CET [2024/01/20 5:21:03 ET]
Table '3703732068 1' 3-max Seat #3 is the button
Seat 2: marcelomalar (540 in chips) 
Seat 3: Mahu2021 (960 in chips) 
Mahu2021: posts small blind 40
marcelomalar: posts big blind 80
*** HOLE CARDS ***
Dealt to Mahu2021 [4c Ts]
Mahu2021: folds 
Uncalled bet (40) returned to marcelomalar
marcelomalar collected 80 from pot
*** SUMMARY ***
Total pot 80 | Rake 0 
Seat 2: marcelomalar (big blind) collected (80)
Seat 3: Mahu2021 (button) (small blind) folded before Flop



PokerStars Hand #248385728648: Tournament #3703732068, $1.84+$0.16 USD Hold'em No Limit - Level V (40/80) - 2024/01/20 11:21:07 CET [2024/01/20 5:21:07 ET]
Table '3703732068 1' 3-max Seat #2 is the button
Seat 2: marcelomalar (580 in chips) 
Seat 3: Mahu2021 (920 in chips) 
marcelomalar: posts small blind 40
Mahu2021: posts big blind 80
*** HOLE CARDS ***
Dealt to Mahu2021 [Jh Tc]
marcelomalar: calls 40
Mahu2021: checks 
*** FLOP *** [Jd Kc Jc]
Mahu2021: checks 
marcelomalar: checks 
*** TURN *** [Jd Kc Jc] [3h]
Mahu2021: bets 80
marcelomalar: folds 
Uncalled bet (80) returned to Mahu2021
Mahu2021 collected 160 from pot
Mahu2021: doesn't show hand 
*** SUMMARY ***
Total pot 160 | Rake 0 
Board [Jd Kc Jc 3h]
Seat 2: marcelomalar (button) (small blind) folded on the Turn
Seat 3: Mahu2021 (big blind) collected (160)



PokerStars Hand #248385731134: Tournament #3703732068, $1.84+$0.16 USD Hold'em No Limit - Level V (40/80) - 2024/01/20 11:21:22 CET [2024/01/20 5:21:22 ET]
Table '3703732068 1' 3-max Seat #3 is the button
Seat 2: marcelomalar (500 in chips) 
Seat 3: Mahu2021 (1000 in chips) 
Mahu2021: posts small blind 40
marcelomalar: posts big blind 80
*** HOLE CARDS ***
Dealt to Mahu2021 [2c 7d]
Mahu2021: folds 
Uncalled bet (40) returned to marcelomalar
marcelomalar collected 80 from pot
*** SUMMARY ***
Total pot 80 | Rake 0 
Seat 2: marcelomalar (big blind) collected (80)
Seat 3: Mahu2021 (button) (small blind) folded before Flop



PokerStars Hand #248385731832: Tournament #3703732068, $1.84+$0.16 USD Hold'em No Limit - Level V (40/80) - 2024/01/20 11:21:27 CET [2024/01/20 5:21:27 ET]
Table '3703732068 1' 3-max Seat #2 is the button
Seat 2: marcelomalar (540 in chips) 
Seat 3: Mahu2021 (960 in chips) 
marcelomalar: posts small blind 40
Mahu2021: posts big blind 80
*** HOLE CARDS ***
Dealt to Mahu2021 [2h 4h]
marcelomalar: raises 460 to 540 and is all-in
Mahu2021: folds 
Uncalled bet (460) returned to marcelomalar
marcelomalar collected 160 from pot
*** SUMMARY ***
Total pot 160 | Rake 0 
Seat 2: marcelomalar (button) (small blind) collected (160)
Seat 3: Mahu2021 (big blind) folded before Flop



PokerStars Hand #248385732929: Tournament #3703732068, $1.84+$0.16 USD Hold'em No Limit - Level V (40/80) - 2024/01/20 11:21:34 CET [2024/01/20 5:21:34 ET]
Table '3703732068 1' 3-max Seat #3 is the button
Seat 2: marcelomalar (620 in chips) 
Seat 3: Mahu2021 (880 in chips) 
Mahu2021: posts small blind 40
marcelomalar: posts big blind 80
*** HOLE CARDS ***
Dealt to Mahu2021 [Kd Kh]
Mahu2021: raises 800 to 880 and is all-in
marcelomalar: folds 
Uncalled bet (800) returned to Mahu2021
Mahu2021 collected 160 from pot
Mahu2021: doesn't show hand 
*** SUMMARY ***
Total pot 160 | Rake 0 
Seat 2: marcelomalar (big blind) folded before Flop
Seat 3: Mahu2021 (button) (small blind) collected (160)



PokerStars Hand #248385734552: Tournament #3703732068, $1.84+$0.16 USD Hold'em No Limit - Level V (40/80) - 2024/01/20 11:21:44 CET [2024/01/20 5:21:44 ET]
Table '3703732068 1' 3-max Seat #2 is the button
Seat 2: marcelomalar (540 in chips) 
Seat 3: Mahu2021 (960 in chips) 
marcelomalar: posts small blind 40
Mahu2021: posts big blind 80
*** HOLE CARDS ***
Dealt to Mahu2021 [4s 9s]
marcelomalar: calls 40
Mahu2021: checks 
*** FLOP *** [5h Ad Ts]
Mahu2021: checks 
marcelomalar: checks 
*** TURN *** [5h Ad Ts] [Qc]
Mahu2021: checks 
marcelomalar: checks 
*** RIVER *** [5h Ad Ts Qc] [As]
Mahu2021: bets 80
marcelomalar: folds 
Uncalled bet (80) returned to Mahu2021
Mahu2021 collected 160 from pot
Mahu2021: doesn't show hand 
*** SUMMARY ***
Total pot 160 | Rake 0 
Board [5h Ad Ts Qc As]
Seat 2: marcelomalar (button) (small blind) folded on the River
Seat 3: Mahu2021 (big blind) collected (160)



PokerStars Hand #248385737772: Tournament #3703732068, $1.84+$0.16 USD Hold'em No Limit - Level V (40/80) - 2024/01/20 11:22:05 CET [2024/01/20 5:22:05 ET]
Table '3703732068 1' 3-max Seat #3 is the button
Seat 2: marcelomalar (460 in chips) 
Seat 3: Mahu2021 (1040 in chips) 
Mahu2021: posts small blind 40
marcelomalar: posts big blind 80
*** HOLE CARDS ***
Dealt to Mahu2021 [8c Ts]
Mahu2021: calls 40
marcelomalar: checks 
*** FLOP *** [Qd 5h 6h]
marcelomalar: checks 
Mahu2021: bets 80
marcelomalar: folds 
Uncalled bet (80) returned to Mahu2021
Mahu2021 collected 160 from pot
Mahu2021: doesn't show hand 
*** SUMMARY ***
Total pot 160 | Rake 0 
Board [Qd 5h 6h]
Seat 2: marcelomalar (big blind) folded on the Flop
Seat 3: Mahu2021 (button) (small blind) collected (160)



PokerStars Hand #248385740884: Tournament #3703732068, $1.84+$0.16 USD Hold'em No Limit - Level V (40/80) - 2024/01/20 11:22:25 CET [2024/01/20 5:22:25 ET]
Table '3703732068 1' 3-max Seat #2 is the button
Seat 2: marcelomalar (380 in chips) 
Seat 3: Mahu2021 (1120 in chips) 
marcelomalar: posts small blind 40
Mahu2021: posts big blind 80
*** HOLE CARDS ***
Dealt to Mahu2021 [Ks 9s]
marcelomalar: raises 300 to 380 and is all-in
Mahu2021: calls 300
*** FLOP *** [6h 6c Kh]
*** TURN *** [6h 6c Kh] [Kc]
*** RIVER *** [6h 6c Kh Kc] [Jd]
*** SHOW DOWN ***
Mahu2021: shows [Ks 9s] (a full house, Kings full of Sixes)
marcelomalar: shows [8d Js] (two pair, Kings and Jacks)
Mahu2021 collected 760 from pot
marcelomalar finished the tournament in 2nd place
Mahu2021 wins the tournament and receives $6.00 - congratulations!
*** SUMMARY ***
Total pot 760 | Rake 0 
Board [6h 6c Kh Kc Jd]
Seat 2: marcelomalar (button) (small blind) showed [8d Js] and lost with two pair, Kings and Jacks
Seat 3: Mahu2021 (big blind) showed [Ks 9s] and won (760) with a full house, Kings full of Sixes



