PokerStars Hand #244031186265: Tournament #3598866622, $0.92+$0.08 USD Hold'em No Limit - Level I (10/20) - 2023/06/01 17:41:13 CET [2023/06/01 11:41:13 ET]
Table '3598866622 1' 3-max Seat #1 is the button
Seat 1: Mahu2021 (500 in chips) 
Seat 2: xuxa4i20 (500 in chips) 
Seat 3: coconut1903 (500 in chips) 
xuxa4i20: posts small blind 10
coconut1903: posts big blind 20
*** HOLE CARDS ***
Dealt to Mahu2021 [3s 9c]
Mahu2021: folds 
xuxa4i20: raises 20 to 40
coconut1903: raises 460 to 500 and is all-in
xuxa4i20: calls 460 and is all-in
*** FLOP *** [Qs 2h 9d]
*** TURN *** [Qs 2h 9d] [Js]
*** RIVER *** [Qs 2h 9d Js] [5h]
*** SHOW DOWN ***
xuxa4i20: shows [Ac 5s] (a pair of Fives)
coconut1903: shows [9h Ad] (a pair of Nines)
coconut1903 collected 1000 from pot
xuxa4i20 is sitting out
xuxa4i20 finished the tournament in 3rd place
*** SUMMARY ***
Total pot 1000 | Rake 0 
Board [Qs 2h 9d Js 5h]
Seat 1: Mahu2021 (button) folded before Flop (didn't bet)
Seat 2: xuxa4i20 (small blind) showed [Ac 5s] and lost with a pair of Fives
Seat 3: coconut1903 (big blind) showed [9h Ad] and won (1000) with a pair of Nines



PokerStars Hand #244031191978: Tournament #3598866622, $0.92+$0.08 USD Hold'em No Limit - Level I (10/20) - 2023/06/01 17:41:36 CET [2023/06/01 11:41:36 ET]
Table '3598866622 1' 3-max Seat #3 is the button
Seat 1: Mahu2021 (500 in chips) 
Seat 3: coconut1903 (1000 in chips) 
coconut1903: posts small blind 10
Mahu2021: posts big blind 20
*** HOLE CARDS ***
Dealt to Mahu2021 [4d Kd]
coconut1903: raises 980 to 1000 and is all-in
Mahu2021: calls 480 and is all-in
Uncalled bet (500) returned to coconut1903
*** FLOP *** [5h Tc 5c]
*** TURN *** [5h Tc 5c] [Ah]
*** RIVER *** [5h Tc 5c Ah] [8d]
*** SHOW DOWN ***
Mahu2021: shows [4d Kd] (a pair of Fives)
coconut1903: shows [Jc Qh] (a pair of Fives - lower kicker)
Mahu2021 collected 1000 from pot
*** SUMMARY ***
Total pot 1000 | Rake 0 
Board [5h Tc 5c Ah 8d]
Seat 1: Mahu2021 (big blind) showed [4d Kd] and won (1000) with a pair of Fives
Seat 3: coconut1903 (button) (small blind) showed [Jc Qh] and lost with a pair of Fives



PokerStars Hand #244031195482: Tournament #3598866622, $0.92+$0.08 USD Hold'em No Limit - Level I (10/20) - 2023/06/01 17:41:50 CET [2023/06/01 11:41:50 ET]
Table '3598866622 1' 3-max Seat #1 is the button
Seat 1: Mahu2021 (1000 in chips) 
Seat 3: coconut1903 (500 in chips) 
Mahu2021: posts small blind 10
coconut1903: posts big blind 20
*** HOLE CARDS ***
Dealt to Mahu2021 [9h 6c]
Mahu2021: folds 
Uncalled bet (10) returned to coconut1903
coconut1903 collected 20 from pot
*** SUMMARY ***
Total pot 20 | Rake 0 
Seat 1: Mahu2021 (button) (small blind) folded before Flop
Seat 3: coconut1903 (big blind) collected (20)



PokerStars Hand #244031196594: Tournament #3598866622, $0.92+$0.08 USD Hold'em No Limit - Level I (10/20) - 2023/06/01 17:41:55 CET [2023/06/01 11:41:55 ET]
Table '3598866622 1' 3-max Seat #3 is the button
Seat 1: Mahu2021 (990 in chips) 
Seat 3: coconut1903 (510 in chips) 
coconut1903: posts small blind 10
Mahu2021: posts big blind 20
*** HOLE CARDS ***
Dealt to Mahu2021 [Qd 4s]
coconut1903: raises 490 to 510 and is all-in
Mahu2021: folds 
Uncalled bet (490) returned to coconut1903
coconut1903 collected 40 from pot
*** SUMMARY ***
Total pot 40 | Rake 0 
Seat 1: Mahu2021 (big blind) folded before Flop
Seat 3: coconut1903 (button) (small blind) collected (40)



PokerStars Hand #244031198106: Tournament #3598866622, $0.92+$0.08 USD Hold'em No Limit - Level I (10/20) - 2023/06/01 17:42:01 CET [2023/06/01 11:42:01 ET]
Table '3598866622 1' 3-max Seat #1 is the button
Seat 1: Mahu2021 (970 in chips) 
Seat 3: coconut1903 (530 in chips) 
Mahu2021: posts small blind 10
coconut1903: posts big blind 20
*** HOLE CARDS ***
Dealt to Mahu2021 [7c Qh]
Mahu2021: folds 
Uncalled bet (10) returned to coconut1903
coconut1903 collected 20 from pot
*** SUMMARY ***
Total pot 20 | Rake 0 
Seat 1: Mahu2021 (button) (small blind) folded before Flop
Seat 3: coconut1903 (big blind) collected (20)



PokerStars Hand #244031199123: Tournament #3598866622, $0.92+$0.08 USD Hold'em No Limit - Level I (10/20) - 2023/06/01 17:42:05 CET [2023/06/01 11:42:05 ET]
Table '3598866622 1' 3-max Seat #3 is the button
Seat 1: Mahu2021 (960 in chips) 
Seat 3: coconut1903 (540 in chips) 
coconut1903: posts small blind 10
Mahu2021: posts big blind 20
*** HOLE CARDS ***
Dealt to Mahu2021 [8s Qs]
coconut1903: raises 520 to 540 and is all-in
Mahu2021: folds 
Uncalled bet (520) returned to coconut1903
coconut1903 collected 40 from pot
*** SUMMARY ***
Total pot 40 | Rake 0 
Seat 1: Mahu2021 (big blind) folded before Flop
Seat 3: coconut1903 (button) (small blind) collected (40)



PokerStars Hand #244031200541: Tournament #3598866622, $0.92+$0.08 USD Hold'em No Limit - Level I (10/20) - 2023/06/01 17:42:11 CET [2023/06/01 11:42:11 ET]
Table '3598866622 1' 3-max Seat #1 is the button
Seat 1: Mahu2021 (940 in chips) 
Seat 3: coconut1903 (560 in chips) 
Mahu2021: posts small blind 10
coconut1903: posts big blind 20
*** HOLE CARDS ***
Dealt to Mahu2021 [9c Qh]
Mahu2021: folds 
Uncalled bet (10) returned to coconut1903
coconut1903 collected 20 from pot
*** SUMMARY ***
Total pot 20 | Rake 0 
Seat 1: Mahu2021 (button) (small blind) folded before Flop
Seat 3: coconut1903 (big blind) collected (20)



PokerStars Hand #244031201882: Tournament #3598866622, $0.92+$0.08 USD Hold'em No Limit - Level I (10/20) - 2023/06/01 17:42:16 CET [2023/06/01 11:42:16 ET]
Table '3598866622 1' 3-max Seat #3 is the button
Seat 1: Mahu2021 (930 in chips) 
Seat 3: coconut1903 (570 in chips) 
coconut1903: posts small blind 10
Mahu2021: posts big blind 20
*** HOLE CARDS ***
Dealt to Mahu2021 [Ad 4h]
coconut1903: raises 550 to 570 and is all-in
Mahu2021: calls 550
*** FLOP *** [Kh 2c 5s]
*** TURN *** [Kh 2c 5s] [6s]
*** RIVER *** [Kh 2c 5s 6s] [Ts]
*** SHOW DOWN ***
Mahu2021: shows [Ad 4h] (high card Ace)
coconut1903: shows [5d Qd] (a pair of Fives)
coconut1903 collected 1140 from pot
*** SUMMARY ***
Total pot 1140 | Rake 0 
Board [Kh 2c 5s 6s Ts]
Seat 1: Mahu2021 (big blind) showed [Ad 4h] and lost with high card Ace
Seat 3: coconut1903 (button) (small blind) showed [5d Qd] and won (1140) with a pair of Fives



PokerStars Hand #244031204876: Tournament #3598866622, $0.92+$0.08 USD Hold'em No Limit - Level I (10/20) - 2023/06/01 17:42:29 CET [2023/06/01 11:42:29 ET]
Table '3598866622 1' 3-max Seat #1 is the button
Seat 1: Mahu2021 (360 in chips) 
Seat 3: coconut1903 (1140 in chips) 
Mahu2021: posts small blind 10
coconut1903: posts big blind 20
*** HOLE CARDS ***
Dealt to Mahu2021 [2h 5d]
Mahu2021: folds 
Uncalled bet (10) returned to coconut1903
coconut1903 collected 20 from pot
*** SUMMARY ***
Total pot 20 | Rake 0 
Seat 1: Mahu2021 (button) (small blind) folded before Flop
Seat 3: coconut1903 (big blind) collected (20)



PokerStars Hand #244031205935: Tournament #3598866622, $0.92+$0.08 USD Hold'em No Limit - Level I (10/20) - 2023/06/01 17:42:33 CET [2023/06/01 11:42:33 ET]
Table '3598866622 1' 3-max Seat #3 is the button
Seat 1: Mahu2021 (350 in chips) 
Seat 3: coconut1903 (1150 in chips) 
coconut1903: posts small blind 10
Mahu2021: posts big blind 20
*** HOLE CARDS ***
Dealt to Mahu2021 [Th 7h]
coconut1903: raises 1130 to 1150 and is all-in
Mahu2021: folds 
Uncalled bet (1130) returned to coconut1903
coconut1903 collected 40 from pot
*** SUMMARY ***
Total pot 40 | Rake 0 
Seat 1: Mahu2021 (big blind) folded before Flop
Seat 3: coconut1903 (button) (small blind) collected (40)



PokerStars Hand #244031207325: Tournament #3598866622, $0.92+$0.08 USD Hold'em No Limit - Level I (10/20) - 2023/06/01 17:42:39 CET [2023/06/01 11:42:39 ET]
Table '3598866622 1' 3-max Seat #1 is the button
Seat 1: Mahu2021 (330 in chips) 
Seat 3: coconut1903 (1170 in chips) 
Mahu2021: posts small blind 10
coconut1903: posts big blind 20
*** HOLE CARDS ***
Dealt to Mahu2021 [8s 2c]
Mahu2021: folds 
Uncalled bet (10) returned to coconut1903
coconut1903 collected 20 from pot
*** SUMMARY ***
Total pot 20 | Rake 0 
Seat 1: Mahu2021 (button) (small blind) folded before Flop
Seat 3: coconut1903 (big blind) collected (20)



PokerStars Hand #244031208346: Tournament #3598866622, $0.92+$0.08 USD Hold'em No Limit - Level I (10/20) - 2023/06/01 17:42:43 CET [2023/06/01 11:42:43 ET]
Table '3598866622 1' 3-max Seat #3 is the button
Seat 1: Mahu2021 (320 in chips) 
Seat 3: coconut1903 (1180 in chips) 
coconut1903: posts small blind 10
Mahu2021: posts big blind 20
*** HOLE CARDS ***
Dealt to Mahu2021 [6h Ad]
coconut1903: raises 1160 to 1180 and is all-in
Mahu2021: calls 300 and is all-in
Uncalled bet (860) returned to coconut1903
*** FLOP *** [Qc Jd 6s]
*** TURN *** [Qc Jd 6s] [4d]
*** RIVER *** [Qc Jd 6s 4d] [Ts]
*** SHOW DOWN ***
Mahu2021: shows [6h Ad] (a pair of Sixes)
coconut1903: shows [5h 6d] (a pair of Sixes - lower kicker)
Mahu2021 collected 640 from pot
*** SUMMARY ***
Total pot 640 | Rake 0 
Board [Qc Jd 6s 4d Ts]
Seat 1: Mahu2021 (big blind) showed [6h Ad] and won (640) with a pair of Sixes
Seat 3: coconut1903 (button) (small blind) showed [5h 6d] and lost with a pair of Sixes



PokerStars Hand #244031211253: Tournament #3598866622, $0.92+$0.08 USD Hold'em No Limit - Level I (10/20) - 2023/06/01 17:42:55 CET [2023/06/01 11:42:55 ET]
Table '3598866622 1' 3-max Seat #1 is the button
Seat 1: Mahu2021 (640 in chips) 
Seat 3: coconut1903 (860 in chips) 
Mahu2021: posts small blind 10
coconut1903: posts big blind 20
*** HOLE CARDS ***
Dealt to Mahu2021 [5c 8h]
Mahu2021: folds 
Uncalled bet (10) returned to coconut1903
coconut1903 collected 20 from pot
*** SUMMARY ***
Total pot 20 | Rake 0 
Seat 1: Mahu2021 (button) (small blind) folded before Flop
Seat 3: coconut1903 (big blind) collected (20)



PokerStars Hand #244031212351: Tournament #3598866622, $0.92+$0.08 USD Hold'em No Limit - Level I (10/20) - 2023/06/01 17:42:59 CET [2023/06/01 11:42:59 ET]
Table '3598866622 1' 3-max Seat #3 is the button
Seat 1: Mahu2021 (630 in chips) 
Seat 3: coconut1903 (870 in chips) 
coconut1903: posts small blind 10
Mahu2021: posts big blind 20
*** HOLE CARDS ***
Dealt to Mahu2021 [Ac Tc]
coconut1903: raises 850 to 870 and is all-in
Mahu2021: calls 610 and is all-in
Uncalled bet (240) returned to coconut1903
*** FLOP *** [5c 5d Qs]
*** TURN *** [5c 5d Qs] [6h]
*** RIVER *** [5c 5d Qs 6h] [4h]
*** SHOW DOWN ***
Mahu2021: shows [Ac Tc] (a pair of Fives)
coconut1903: shows [5s 9s] (three of a kind, Fives)
coconut1903 collected 1260 from pot
Mahu2021 finished the tournament in 2nd place
coconut1903 wins the tournament and receives $2.00 - congratulations!
*** SUMMARY ***
Total pot 1260 | Rake 0 
Board [5c 5d Qs 6h 4h]
Seat 1: Mahu2021 (big blind) showed [Ac Tc] and lost with a pair of Fives
Seat 3: coconut1903 (button) (small blind) showed [5s 9s] and won (1260) with three of a kind, Fives



