PokerStars Hand #248561333776: Tournament #3708287385, $1.84+$0.16 USD Hold'em No Limit - Level I (10/20) - 2024/01/29 9:12:40 CET [2024/01/29 3:12:40 ET]
Table '3708287385 1' 3-max Seat #1 is the button
Seat 1: Mahu2021 (500 in chips) 
Seat 2: rousseau777 (500 in chips) 
Seat 3: El43_aut (500 in chips) 
rousseau777: posts small blind 10
El43_aut: posts big blind 20
*** HOLE CARDS ***
Dealt to Mahu2021 [8h 8s]
Mahu2021: calls 20
rousseau777: folds 
El43_aut: checks 
*** FLOP *** [Qd Ac 6s]
El43_aut: checks 
Mahu2021: bets 20
El43_aut: calls 20
*** TURN *** [Qd Ac 6s] [7d]
El43_aut: checks 
Mahu2021: checks 
*** RIVER *** [Qd Ac 6s 7d] [Ts]
El43_aut: bets 20
Mahu2021: calls 20
*** SHOW DOWN ***
El43_aut: shows [Qs 2s] (a pair of Queens)
Mahu2021: mucks hand 
El43_aut collected 130 from pot
*** SUMMARY ***
Total pot 130 | Rake 0 
Board [Qd Ac 6s 7d Ts]
Seat 1: Mahu2021 (button) mucked [8h 8s]
Seat 2: rousseau777 (small blind) folded before Flop
Seat 3: El43_aut (big blind) showed [Qs 2s] and won (130) with a pair of Queens



PokerStars Hand #248561335498: Tournament #3708287385, $1.84+$0.16 USD Hold'em No Limit - Level I (10/20) - 2024/01/29 9:12:59 CET [2024/01/29 3:12:59 ET]
Table '3708287385 1' 3-max Seat #2 is the button
Seat 1: Mahu2021 (440 in chips) 
Seat 2: rousseau777 (490 in chips) 
Seat 3: El43_aut (570 in chips) 
El43_aut: posts small blind 10
Mahu2021: posts big blind 20
*** HOLE CARDS ***
Dealt to Mahu2021 [Jd Ac]
rousseau777: raises 20 to 40
El43_aut: calls 30
Mahu2021: calls 20
*** FLOP *** [2s 9d 2d]
El43_aut: checks 
Mahu2021: checks 
rousseau777: checks 
*** TURN *** [2s 9d 2d] [4c]
El43_aut: bets 60
Mahu2021: folds 
rousseau777: folds 
Uncalled bet (60) returned to El43_aut
El43_aut collected 120 from pot
El43_aut: doesn't show hand 
*** SUMMARY ***
Total pot 120 | Rake 0 
Board [2s 9d 2d 4c]
Seat 1: Mahu2021 (big blind) folded on the Turn
Seat 2: rousseau777 (button) folded on the Turn
Seat 3: El43_aut (small blind) collected (120)



PokerStars Hand #248561337403: Tournament #3708287385, $1.84+$0.16 USD Hold'em No Limit - Level I (10/20) - 2024/01/29 9:13:20 CET [2024/01/29 3:13:20 ET]
Table '3708287385 1' 3-max Seat #3 is the button
Seat 1: Mahu2021 (400 in chips) 
Seat 2: rousseau777 (450 in chips) 
Seat 3: El43_aut (650 in chips) 
Mahu2021: posts small blind 10
rousseau777: posts big blind 20
*** HOLE CARDS ***
Dealt to Mahu2021 [Ks 9h]
El43_aut: folds 
Mahu2021: raises 20 to 40
rousseau777: raises 410 to 450 and is all-in
Mahu2021: folds 
Uncalled bet (410) returned to rousseau777
rousseau777 collected 80 from pot
*** SUMMARY ***
Total pot 80 | Rake 0 
Seat 1: Mahu2021 (small blind) folded before Flop
Seat 2: rousseau777 (big blind) collected (80)
Seat 3: El43_aut (button) folded before Flop (didn't bet)



PokerStars Hand #248561338365: Tournament #3708287385, $1.84+$0.16 USD Hold'em No Limit - Level I (10/20) - 2024/01/29 9:13:30 CET [2024/01/29 3:13:30 ET]
Table '3708287385 1' 3-max Seat #1 is the button
Seat 1: Mahu2021 (360 in chips) 
Seat 2: rousseau777 (490 in chips) 
Seat 3: El43_aut (650 in chips) 
rousseau777: posts small blind 10
El43_aut: posts big blind 20
*** HOLE CARDS ***
Dealt to Mahu2021 [Ks 7s]
Mahu2021: raises 20 to 40
rousseau777: calls 30
El43_aut: folds 
*** FLOP *** [5c Qd 8h]
rousseau777: checks 
Mahu2021: checks 
*** TURN *** [5c Qd 8h] [Qh]
rousseau777: checks 
Mahu2021: checks 
*** RIVER *** [5c Qd 8h Qh] [9c]
rousseau777: checks 
Mahu2021: checks 
*** SHOW DOWN ***
rousseau777: shows [9d Js] (two pair, Queens and Nines)
Mahu2021: mucks hand 
rousseau777 collected 100 from pot
*** SUMMARY ***
Total pot 100 | Rake 0 
Board [5c Qd 8h Qh 9c]
Seat 1: Mahu2021 (button) mucked [Ks 7s]
Seat 2: rousseau777 (small blind) showed [9d Js] and won (100) with two pair, Queens and Nines
Seat 3: El43_aut (big blind) folded before Flop



PokerStars Hand #248561339840: Tournament #3708287385, $1.84+$0.16 USD Hold'em No Limit - Level I (10/20) - 2024/01/29 9:13:46 CET [2024/01/29 3:13:46 ET]
Table '3708287385 1' 3-max Seat #2 is the button
Seat 1: Mahu2021 (320 in chips) 
Seat 2: rousseau777 (550 in chips) 
Seat 3: El43_aut (630 in chips) 
El43_aut: posts small blind 10
Mahu2021: posts big blind 20
*** HOLE CARDS ***
Dealt to Mahu2021 [4c 7d]
rousseau777: calls 20
El43_aut: calls 10
Mahu2021: checks 
*** FLOP *** [8c 7s 6h]
El43_aut: checks 
Mahu2021: bets 20
rousseau777: raises 20 to 40
El43_aut: calls 40
Mahu2021: folds 
*** TURN *** [8c 7s 6h] [Kh]
El43_aut: checks 
rousseau777: checks 
*** RIVER *** [8c 7s 6h Kh] [3c]
El43_aut: checks 
rousseau777: checks 
*** SHOW DOWN ***
El43_aut: shows [6c Ad] (a pair of Sixes)
rousseau777: shows [5c 7c] (a pair of Sevens)
rousseau777 collected 160 from pot
*** SUMMARY ***
Total pot 160 | Rake 0 
Board [8c 7s 6h Kh 3c]
Seat 1: Mahu2021 (big blind) folded on the Flop
Seat 2: rousseau777 (button) showed [5c 7c] and won (160) with a pair of Sevens
Seat 3: El43_aut (small blind) showed [6c Ad] and lost with a pair of Sixes



PokerStars Hand #248561342127: Tournament #3708287385, $1.84+$0.16 USD Hold'em No Limit - Level I (10/20) - 2024/01/29 9:14:11 CET [2024/01/29 3:14:11 ET]
Table '3708287385 1' 3-max Seat #3 is the button
Seat 1: Mahu2021 (280 in chips) 
Seat 2: rousseau777 (650 in chips) 
Seat 3: El43_aut (570 in chips) 
Mahu2021: posts small blind 10
rousseau777: posts big blind 20
*** HOLE CARDS ***
Dealt to Mahu2021 [Jc 8h]
El43_aut: folds 
Mahu2021: calls 10
rousseau777: raises 630 to 650 and is all-in
Mahu2021: folds 
Uncalled bet (630) returned to rousseau777
rousseau777 collected 40 from pot
*** SUMMARY ***
Total pot 40 | Rake 0 
Seat 1: Mahu2021 (small blind) folded before Flop
Seat 2: rousseau777 (big blind) collected (40)
Seat 3: El43_aut (button) folded before Flop (didn't bet)



PokerStars Hand #248561343110: Tournament #3708287385, $1.84+$0.16 USD Hold'em No Limit - Level I (10/20) - 2024/01/29 9:14:22 CET [2024/01/29 3:14:22 ET]
Table '3708287385 1' 3-max Seat #1 is the button
Seat 1: Mahu2021 (260 in chips) 
Seat 2: rousseau777 (670 in chips) 
Seat 3: El43_aut (570 in chips) 
rousseau777: posts small blind 10
El43_aut: posts big blind 20
*** HOLE CARDS ***
Dealt to Mahu2021 [Kd Td]
Mahu2021: raises 40 to 60
rousseau777: folds 
El43_aut: calls 40
*** FLOP *** [9c 9s Qs]
El43_aut: checks 
Mahu2021: checks 
*** TURN *** [9c 9s Qs] [4d]
El43_aut: checks 
Mahu2021: checks 
*** RIVER *** [9c 9s Qs 4d] [2s]
El43_aut: checks 
Mahu2021: checks 
*** SHOW DOWN ***
El43_aut: shows [8c 5c] (a pair of Nines)
Mahu2021: shows [Kd Td] (a pair of Nines - King kicker)
Mahu2021 collected 130 from pot
*** SUMMARY ***
Total pot 130 | Rake 0 
Board [9c 9s Qs 4d 2s]
Seat 1: Mahu2021 (button) showed [Kd Td] and won (130) with a pair of Nines
Seat 2: rousseau777 (small blind) folded before Flop
Seat 3: El43_aut (big blind) showed [8c 5c] and lost with a pair of Nines



PokerStars Hand #248561344374: Tournament #3708287385, $1.84+$0.16 USD Hold'em No Limit - Level I (10/20) - 2024/01/29 9:14:35 CET [2024/01/29 3:14:35 ET]
Table '3708287385 1' 3-max Seat #2 is the button
Seat 1: Mahu2021 (330 in chips) 
Seat 2: rousseau777 (660 in chips) 
Seat 3: El43_aut (510 in chips) 
El43_aut: posts small blind 10
Mahu2021: posts big blind 20
*** HOLE CARDS ***
Dealt to Mahu2021 [2s 8c]
rousseau777: calls 20
El43_aut: calls 10
Mahu2021: checks 
*** FLOP *** [Kc Ac 8s]
El43_aut: checks 
Mahu2021: checks 
rousseau777: checks 
*** TURN *** [Kc Ac 8s] [3c]
El43_aut: checks 
Mahu2021: bets 20
rousseau777: calls 20
El43_aut: folds 
*** RIVER *** [Kc Ac 8s 3c] [2c]
Mahu2021: bets 20
rousseau777: raises 70 to 90
Mahu2021: calls 70
*** SHOW DOWN ***
rousseau777: shows [Tc 9d] (a flush, Ace high)
Mahu2021: mucks hand 
rousseau777 collected 280 from pot
*** SUMMARY ***
Total pot 280 | Rake 0 
Board [Kc Ac 8s 3c 2c]
Seat 1: Mahu2021 (big blind) mucked [2s 8c]
Seat 2: rousseau777 (button) showed [Tc 9d] and won (280) with a flush, Ace high
Seat 3: El43_aut (small blind) folded on the Turn



PokerStars Hand #248561347153: Tournament #3708287385, $1.84+$0.16 USD Hold'em No Limit - Level II (15/30) - 2024/01/29 9:15:05 CET [2024/01/29 3:15:05 ET]
Table '3708287385 1' 3-max Seat #3 is the button
Seat 1: Mahu2021 (200 in chips) 
Seat 2: rousseau777 (810 in chips) 
Seat 3: El43_aut (490 in chips) 
Mahu2021: posts small blind 15
rousseau777: posts big blind 30
*** HOLE CARDS ***
Dealt to Mahu2021 [Ts 2d]
El43_aut: folds 
Mahu2021: folds 
Uncalled bet (15) returned to rousseau777
rousseau777 collected 30 from pot
*** SUMMARY ***
Total pot 30 | Rake 0 
Seat 1: Mahu2021 (small blind) folded before Flop
Seat 2: rousseau777 (big blind) collected (30)
Seat 3: El43_aut (button) folded before Flop (didn't bet)



PokerStars Hand #248561347642: Tournament #3708287385, $1.84+$0.16 USD Hold'em No Limit - Level II (15/30) - 2024/01/29 9:15:10 CET [2024/01/29 3:15:10 ET]
Table '3708287385 1' 3-max Seat #1 is the button
Seat 1: Mahu2021 (185 in chips) 
Seat 2: rousseau777 (825 in chips) 
Seat 3: El43_aut (490 in chips) 
rousseau777: posts small blind 15
El43_aut: posts big blind 30
*** HOLE CARDS ***
Dealt to Mahu2021 [7h 5d]
Mahu2021: folds 
rousseau777: calls 15
El43_aut: checks 
*** FLOP *** [6c Kc Qh]
rousseau777: checks 
El43_aut: checks 
*** TURN *** [6c Kc Qh] [Th]
rousseau777: bets 30
El43_aut: calls 30
*** RIVER *** [6c Kc Qh Th] [9c]
rousseau777: checks 
El43_aut: checks 
*** SHOW DOWN ***
rousseau777: shows [Tc 8s] (a pair of Tens)
El43_aut: shows [Qs 5c] (a pair of Queens)
El43_aut collected 120 from pot
*** SUMMARY ***
Total pot 120 | Rake 0 
Board [6c Kc Qh Th 9c]
Seat 1: Mahu2021 (button) folded before Flop (didn't bet)
Seat 2: rousseau777 (small blind) showed [Tc 8s] and lost with a pair of Tens
Seat 3: El43_aut (big blind) showed [Qs 5c] and won (120) with a pair of Queens



PokerStars Hand #248561349375: Tournament #3708287385, $1.84+$0.16 USD Hold'em No Limit - Level II (15/30) - 2024/01/29 9:15:29 CET [2024/01/29 3:15:29 ET]
Table '3708287385 1' 3-max Seat #2 is the button
Seat 1: Mahu2021 (185 in chips) 
Seat 2: rousseau777 (765 in chips) 
Seat 3: El43_aut (550 in chips) 
El43_aut: posts small blind 15
Mahu2021: posts big blind 30
*** HOLE CARDS ***
Dealt to Mahu2021 [8h 3h]
rousseau777: raises 30 to 60
El43_aut: folds 
Mahu2021: folds 
Uncalled bet (30) returned to rousseau777
rousseau777 collected 75 from pot
*** SUMMARY ***
Total pot 75 | Rake 0 
Seat 1: Mahu2021 (big blind) folded before Flop
Seat 2: rousseau777 (button) collected (75)
Seat 3: El43_aut (small blind) folded before Flop



PokerStars Hand #248561350068: Tournament #3708287385, $1.84+$0.16 USD Hold'em No Limit - Level II (15/30) - 2024/01/29 9:15:36 CET [2024/01/29 3:15:36 ET]
Table '3708287385 1' 3-max Seat #3 is the button
Seat 1: Mahu2021 (155 in chips) 
Seat 2: rousseau777 (810 in chips) 
Seat 3: El43_aut (535 in chips) 
Mahu2021: posts small blind 15
rousseau777: posts big blind 30
*** HOLE CARDS ***
Dealt to Mahu2021 [Tc 8c]
El43_aut: raises 30 to 60
Mahu2021: folds 
rousseau777: folds 
Uncalled bet (30) returned to El43_aut
El43_aut collected 75 from pot
El43_aut: doesn't show hand 
*** SUMMARY ***
Total pot 75 | Rake 0 
Seat 1: Mahu2021 (small blind) folded before Flop
Seat 2: rousseau777 (big blind) folded before Flop
Seat 3: El43_aut (button) collected (75)



PokerStars Hand #248561350700: Tournament #3708287385, $1.84+$0.16 USD Hold'em No Limit - Level II (15/30) - 2024/01/29 9:15:43 CET [2024/01/29 3:15:43 ET]
Table '3708287385 1' 3-max Seat #1 is the button
Seat 1: Mahu2021 (140 in chips) 
Seat 2: rousseau777 (780 in chips) 
Seat 3: El43_aut (580 in chips) 
rousseau777: posts small blind 15
El43_aut: posts big blind 30
*** HOLE CARDS ***
Dealt to Mahu2021 [Qs 2c]
Mahu2021: raises 110 to 140 and is all-in
rousseau777: folds 
El43_aut: folds 
Uncalled bet (110) returned to Mahu2021
Mahu2021 collected 75 from pot
Mahu2021: doesn't show hand 
*** SUMMARY ***
Total pot 75 | Rake 0 
Seat 1: Mahu2021 (button) collected (75)
Seat 2: rousseau777 (small blind) folded before Flop
Seat 3: El43_aut (big blind) folded before Flop



PokerStars Hand #248561351365: Tournament #3708287385, $1.84+$0.16 USD Hold'em No Limit - Level II (15/30) - 2024/01/29 9:15:50 CET [2024/01/29 3:15:50 ET]
Table '3708287385 1' 3-max Seat #2 is the button
Seat 1: Mahu2021 (185 in chips) 
Seat 2: rousseau777 (765 in chips) 
Seat 3: El43_aut (550 in chips) 
El43_aut: posts small blind 15
Mahu2021: posts big blind 30
*** HOLE CARDS ***
Dealt to Mahu2021 [Qh 9c]
rousseau777: raises 735 to 765 and is all-in
El43_aut: folds 
Mahu2021: folds 
Uncalled bet (735) returned to rousseau777
rousseau777 collected 75 from pot
*** SUMMARY ***
Total pot 75 | Rake 0 
Seat 1: Mahu2021 (big blind) folded before Flop
Seat 2: rousseau777 (button) collected (75)
Seat 3: El43_aut (small blind) folded before Flop



PokerStars Hand #248561352191: Tournament #3708287385, $1.84+$0.16 USD Hold'em No Limit - Level II (15/30) - 2024/01/29 9:15:59 CET [2024/01/29 3:15:59 ET]
Table '3708287385 1' 3-max Seat #3 is the button
Seat 1: Mahu2021 (155 in chips) 
Seat 2: rousseau777 (810 in chips) 
Seat 3: El43_aut (535 in chips) 
Mahu2021: posts small blind 15
rousseau777: posts big blind 30
*** HOLE CARDS ***
Dealt to Mahu2021 [Kd 3s]
El43_aut: folds 
Mahu2021: raises 125 to 155 and is all-in
rousseau777: folds 
Uncalled bet (125) returned to Mahu2021
Mahu2021 collected 60 from pot
Mahu2021: doesn't show hand 
*** SUMMARY ***
Total pot 60 | Rake 0 
Seat 1: Mahu2021 (small blind) collected (60)
Seat 2: rousseau777 (big blind) folded before Flop
Seat 3: El43_aut (button) folded before Flop (didn't bet)



PokerStars Hand #248561352915: Tournament #3708287385, $1.84+$0.16 USD Hold'em No Limit - Level II (15/30) - 2024/01/29 9:16:06 CET [2024/01/29 3:16:06 ET]
Table '3708287385 1' 3-max Seat #1 is the button
Seat 1: Mahu2021 (185 in chips) 
Seat 2: rousseau777 (780 in chips) 
Seat 3: El43_aut (535 in chips) 
rousseau777: posts small blind 15
El43_aut: posts big blind 30
*** HOLE CARDS ***
Dealt to Mahu2021 [Ac Th]
Mahu2021: raises 155 to 185 and is all-in
rousseau777: folds 
El43_aut: folds 
Uncalled bet (155) returned to Mahu2021
Mahu2021 collected 75 from pot
Mahu2021: doesn't show hand 
*** SUMMARY ***
Total pot 75 | Rake 0 
Seat 1: Mahu2021 (button) collected (75)
Seat 2: rousseau777 (small blind) folded before Flop
Seat 3: El43_aut (big blind) folded before Flop



PokerStars Hand #248561353624: Tournament #3708287385, $1.84+$0.16 USD Hold'em No Limit - Level II (15/30) - 2024/01/29 9:16:14 CET [2024/01/29 3:16:14 ET]
Table '3708287385 1' 3-max Seat #2 is the button
Seat 1: Mahu2021 (230 in chips) 
Seat 2: rousseau777 (765 in chips) 
Seat 3: El43_aut (505 in chips) 
El43_aut: posts small blind 15
Mahu2021: posts big blind 30
*** HOLE CARDS ***
Dealt to Mahu2021 [5d 5s]
rousseau777: raises 30 to 60
El43_aut: folds 
Mahu2021: raises 170 to 230 and is all-in
rousseau777: calls 170
*** FLOP *** [Qh 6c 6h]
*** TURN *** [Qh 6c 6h] [Th]
*** RIVER *** [Qh 6c 6h Th] [7s]
*** SHOW DOWN ***
Mahu2021: shows [5d 5s] (two pair, Sixes and Fives)
rousseau777: shows [Ks Tc] (two pair, Tens and Sixes)
rousseau777 collected 475 from pot
Mahu2021 finished the tournament in 3rd place
*** SUMMARY ***
Total pot 475 | Rake 0 
Board [Qh 6c 6h Th 7s]
Seat 1: Mahu2021 (big blind) showed [5d 5s] and lost with two pair, Sixes and Fives
Seat 2: rousseau777 (button) showed [Ks Tc] and won (475) with two pair, Tens and Sixes
Seat 3: El43_aut (small blind) folded before Flop



