PokerStars Hand #248873784600: Tournament #3715597713, $4.60+$0.40 USD Hold'em No Limit - Level I (10/20) - 2024/02/14 14:19:48 CET [2024/02/14 8:19:48 ET]
Table '3715597713 1' 3-max Seat #1 is the button
Seat 1: MoiseurDimitrov (500 in chips) 
Seat 2: Arespol (500 in chips) 
Seat 3: Mahu2021 (500 in chips) 
Arespol: posts small blind 10
Mahu2021: posts big blind 20
*** HOLE CARDS ***
Dealt to Mahu2021 [Ah Kd]
MoiseurDimitrov: folds 
Arespol: raises 20 to 40
Mahu2021: calls 20
*** FLOP *** [8h Qd 9s]
Arespol: checks 
Mahu2021: checks 
*** TURN *** [8h Qd 9s] [5h]
Arespol: bets 60
Mahu2021: folds 
Uncalled bet (60) returned to Arespol
Arespol collected 80 from pot
Arespol: doesn't show hand 
*** SUMMARY ***
Total pot 80 | Rake 0 
Board [8h Qd 9s 5h]
Seat 1: MoiseurDimitrov (button) folded before Flop (didn't bet)
Seat 2: Arespol (small blind) collected (80)
Seat 3: Mahu2021 (big blind) folded on the Turn



PokerStars Hand #248873788645: Tournament #3715597713, $4.60+$0.40 USD Hold'em No Limit - Level I (10/20) - 2024/02/14 14:20:11 CET [2024/02/14 8:20:11 ET]
Table '3715597713 1' 3-max Seat #2 is the button
Seat 1: MoiseurDimitrov (500 in chips) 
Seat 2: Arespol (540 in chips) 
Seat 3: Mahu2021 (460 in chips) 
Mahu2021: posts small blind 10
MoiseurDimitrov: posts big blind 20
*** HOLE CARDS ***
Dealt to Mahu2021 [4s Th]
Arespol: raises 20 to 40
Mahu2021: folds 
MoiseurDimitrov is connected 
MoiseurDimitrov is connected 
MoiseurDimitrov: calls 20
*** FLOP *** [5c Ac 2s]
MoiseurDimitrov: bets 20
Arespol: raises 50 to 70
MoiseurDimitrov: calls 50
*** TURN *** [5c Ac 2s] [4d]
MoiseurDimitrov: checks 
Arespol: bets 76
MoiseurDimitrov: raises 76 to 152
Arespol: folds 
Uncalled bet (76) returned to MoiseurDimitrov
MoiseurDimitrov collected 382 from pot
*** SUMMARY ***
Total pot 382 | Rake 0 
Board [5c Ac 2s 4d]
Seat 1: MoiseurDimitrov (big blind) collected (382)
Seat 2: Arespol (button) folded on the Turn
Seat 3: Mahu2021 (small blind) folded before Flop



PokerStars Hand #248873792619: Tournament #3715597713, $4.60+$0.40 USD Hold'em No Limit - Level I (10/20) - 2024/02/14 14:20:33 CET [2024/02/14 8:20:33 ET]
Table '3715597713 1' 3-max Seat #3 is the button
Seat 1: MoiseurDimitrov (696 in chips) 
Seat 2: Arespol (354 in chips) 
Seat 3: Mahu2021 (450 in chips) 
MoiseurDimitrov: posts small blind 10
Arespol: posts big blind 20
*** HOLE CARDS ***
Dealt to Mahu2021 [4d 3h]
Mahu2021: folds 
MoiseurDimitrov: calls 10
Arespol: raises 30 to 50
MoiseurDimitrov: calls 30
*** FLOP *** [7h 8d 9c]
MoiseurDimitrov: bets 50
Arespol: calls 50
*** TURN *** [7h 8d 9c] [5c]
MoiseurDimitrov: bets 100
Arespol: calls 100
*** RIVER *** [7h 8d 9c 5c] [8c]
MoiseurDimitrov: bets 154
Arespol: calls 154 and is all-in
*** SHOW DOWN ***
MoiseurDimitrov: shows [2c 4h] (a pair of Eights)
Arespol: shows [Th Jh] (a straight, Seven to Jack)
Arespol collected 708 from pot
*** SUMMARY ***
Total pot 708 | Rake 0 
Board [7h 8d 9c 5c 8c]
Seat 1: MoiseurDimitrov (small blind) showed [2c 4h] and lost with a pair of Eights
Seat 2: Arespol (big blind) showed [Th Jh] and won (708) with a straight, Seven to Jack
Seat 3: Mahu2021 (button) folded before Flop (didn't bet)



PokerStars Hand #248873798033: Tournament #3715597713, $4.60+$0.40 USD Hold'em No Limit - Level I (10/20) - 2024/02/14 14:21:04 CET [2024/02/14 8:21:04 ET]
Table '3715597713 1' 3-max Seat #1 is the button
Seat 1: MoiseurDimitrov (342 in chips) 
Seat 2: Arespol (708 in chips) 
Seat 3: Mahu2021 (450 in chips) 
Arespol: posts small blind 10
Mahu2021: posts big blind 20
*** HOLE CARDS ***
Dealt to Mahu2021 [7d 2h]
MoiseurDimitrov: folds 
Arespol: raises 20 to 40
Mahu2021: folds 
Uncalled bet (20) returned to Arespol
Arespol collected 40 from pot
Arespol: doesn't show hand 
*** SUMMARY ***
Total pot 40 | Rake 0 
Seat 1: MoiseurDimitrov (button) folded before Flop (didn't bet)
Seat 2: Arespol (small blind) collected (40)
Seat 3: Mahu2021 (big blind) folded before Flop



PokerStars Hand #248873799024: Tournament #3715597713, $4.60+$0.40 USD Hold'em No Limit - Level I (10/20) - 2024/02/14 14:21:09 CET [2024/02/14 8:21:09 ET]
Table '3715597713 1' 3-max Seat #2 is the button
Seat 1: MoiseurDimitrov (342 in chips) 
Seat 2: Arespol (728 in chips) 
Seat 3: Mahu2021 (430 in chips) 
Mahu2021: posts small blind 10
MoiseurDimitrov: posts big blind 20
*** HOLE CARDS ***
Dealt to Mahu2021 [Qh 5s]
Arespol: folds 
Mahu2021: folds 
Uncalled bet (10) returned to MoiseurDimitrov
MoiseurDimitrov collected 20 from pot
*** SUMMARY ***
Total pot 20 | Rake 0 
Seat 1: MoiseurDimitrov (big blind) collected (20)
Seat 2: Arespol (button) folded before Flop (didn't bet)
Seat 3: Mahu2021 (small blind) folded before Flop



PokerStars Hand #248873800052: Tournament #3715597713, $4.60+$0.40 USD Hold'em No Limit - Level I (10/20) - 2024/02/14 14:21:15 CET [2024/02/14 8:21:15 ET]
Table '3715597713 1' 3-max Seat #3 is the button
Seat 1: MoiseurDimitrov (352 in chips) 
Seat 2: Arespol (728 in chips) 
Seat 3: Mahu2021 (420 in chips) 
MoiseurDimitrov: posts small blind 10
Arespol: posts big blind 20
*** HOLE CARDS ***
Dealt to Mahu2021 [3s 4d]
Mahu2021: folds 
MoiseurDimitrov: calls 10
Arespol: raises 708 to 728 and is all-in
MoiseurDimitrov: calls 332 and is all-in
Uncalled bet (376) returned to Arespol
*** FLOP *** [Qs Kd 9d]
*** TURN *** [Qs Kd 9d] [Jd]
*** RIVER *** [Qs Kd 9d Jd] [Qc]
*** SHOW DOWN ***
MoiseurDimitrov: shows [6c Tc] (a straight, Nine to King)
Arespol: shows [3h As] (a pair of Queens)
MoiseurDimitrov collected 704 from pot
*** SUMMARY ***
Total pot 704 | Rake 0 
Board [Qs Kd 9d Jd Qc]
Seat 1: MoiseurDimitrov (small blind) showed [6c Tc] and won (704) with a straight, Nine to King
Seat 2: Arespol (big blind) showed [3h As] and lost with a pair of Queens
Seat 3: Mahu2021 (button) folded before Flop (didn't bet)



PokerStars Hand #248873802658: Tournament #3715597713, $4.60+$0.40 USD Hold'em No Limit - Level I (10/20) - 2024/02/14 14:21:29 CET [2024/02/14 8:21:29 ET]
Table '3715597713 1' 3-max Seat #1 is the button
Seat 1: MoiseurDimitrov (704 in chips) 
Seat 2: Arespol (376 in chips) 
Seat 3: Mahu2021 (420 in chips) 
Arespol: posts small blind 10
Mahu2021: posts big blind 20
*** HOLE CARDS ***
Dealt to Mahu2021 [2h Jc]
MoiseurDimitrov: folds 
Arespol: raises 20 to 40
Mahu2021: calls 20
*** FLOP *** [Jd 8s 9s]
Arespol: checks 
Mahu2021: bets 40
Arespol: calls 40
*** TURN *** [Jd 8s 9s] [7h]
Arespol: checks 
Mahu2021: bets 40
Arespol: calls 40
*** RIVER *** [Jd 8s 9s 7h] [6d]
Arespol: checks 
Mahu2021: checks 
*** SHOW DOWN ***
Arespol: shows [8c 7d] (two pair, Eights and Sevens)
Mahu2021: mucks hand 
Arespol collected 240 from pot
*** SUMMARY ***
Total pot 240 | Rake 0 
Board [Jd 8s 9s 7h 6d]
Seat 1: MoiseurDimitrov (button) folded before Flop (didn't bet)
Seat 2: Arespol (small blind) showed [8c 7d] and won (240) with two pair, Eights and Sevens
Seat 3: Mahu2021 (big blind) mucked [2h Jc]



PokerStars Hand #248873806897: Tournament #3715597713, $4.60+$0.40 USD Hold'em No Limit - Level I (10/20) - 2024/02/14 14:21:54 CET [2024/02/14 8:21:54 ET]
Table '3715597713 1' 3-max Seat #2 is the button
Seat 1: MoiseurDimitrov (704 in chips) 
Seat 2: Arespol (496 in chips) 
Seat 3: Mahu2021 (300 in chips) 
Mahu2021: posts small blind 10
MoiseurDimitrov: posts big blind 20
*** HOLE CARDS ***
Dealt to Mahu2021 [8c 2h]
Arespol: raises 20 to 40
Mahu2021: folds 
MoiseurDimitrov: calls 20
*** FLOP *** [Ac 7s 7d]
MoiseurDimitrov: checks 
Arespol: bets 30
MoiseurDimitrov: calls 30
*** TURN *** [Ac 7s 7d] [Ah]
MoiseurDimitrov: bets 75
Arespol: folds 
Uncalled bet (75) returned to MoiseurDimitrov
MoiseurDimitrov collected 150 from pot
*** SUMMARY ***
Total pot 150 | Rake 0 
Board [Ac 7s 7d Ah]
Seat 1: MoiseurDimitrov (big blind) collected (150)
Seat 2: Arespol (button) folded on the Turn
Seat 3: Mahu2021 (small blind) folded before Flop



PokerStars Hand #248873809674: Tournament #3715597713, $4.60+$0.40 USD Hold'em No Limit - Level I (10/20) - 2024/02/14 14:22:10 CET [2024/02/14 8:22:10 ET]
Table '3715597713 1' 3-max Seat #3 is the button
Seat 1: MoiseurDimitrov (784 in chips) 
Seat 2: Arespol (426 in chips) 
Seat 3: Mahu2021 (290 in chips) 
MoiseurDimitrov: posts small blind 10
Arespol: posts big blind 20
*** HOLE CARDS ***
Dealt to Mahu2021 [3s 6c]
Mahu2021: folds 
MoiseurDimitrov: calls 10
Arespol: raises 40 to 60
MoiseurDimitrov: calls 40
*** FLOP *** [Ks As Ah]
MoiseurDimitrov: checks 
Arespol: checks 
*** TURN *** [Ks As Ah] [8d]
MoiseurDimitrov: bets 60
Arespol: folds 
Uncalled bet (60) returned to MoiseurDimitrov
MoiseurDimitrov collected 120 from pot
*** SUMMARY ***
Total pot 120 | Rake 0 
Board [Ks As Ah 8d]
Seat 1: MoiseurDimitrov (small blind) collected (120)
Seat 2: Arespol (big blind) folded on the Turn
Seat 3: Mahu2021 (button) folded before Flop (didn't bet)



PokerStars Hand #248873813366: Tournament #3715597713, $4.60+$0.40 USD Hold'em No Limit - Level I (10/20) - 2024/02/14 14:22:30 CET [2024/02/14 8:22:30 ET]
Table '3715597713 1' 3-max Seat #1 is the button
Seat 1: MoiseurDimitrov (844 in chips) 
Seat 2: Arespol (366 in chips) 
Seat 3: Mahu2021 (290 in chips) 
Arespol: posts small blind 10
Mahu2021: posts big blind 20
*** HOLE CARDS ***
Dealt to Mahu2021 [Qd Kd]
MoiseurDimitrov: raises 20 to 40
Arespol: folds 
Mahu2021: calls 20
*** FLOP *** [7h 9s 4s]
Mahu2021: checks 
MoiseurDimitrov: bets 45
Mahu2021: calls 45
*** TURN *** [7h 9s 4s] [5c]
Mahu2021: checks 
MoiseurDimitrov: bets 40
Mahu2021: raises 165 to 205 and is all-in
MoiseurDimitrov: folds 
Uncalled bet (165) returned to Mahu2021
Mahu2021 collected 260 from pot
Mahu2021: doesn't show hand 
*** SUMMARY ***
Total pot 260 | Rake 0 
Board [7h 9s 4s 5c]
Seat 1: MoiseurDimitrov (button) folded on the Turn
Seat 2: Arespol (small blind) folded before Flop
Seat 3: Mahu2021 (big blind) collected (260)



PokerStars Hand #248873816596: Tournament #3715597713, $4.60+$0.40 USD Hold'em No Limit - Level I (10/20) - 2024/02/14 14:22:48 CET [2024/02/14 8:22:48 ET]
Table '3715597713 1' 3-max Seat #2 is the button
Seat 1: MoiseurDimitrov (719 in chips) 
Seat 2: Arespol (356 in chips) 
Seat 3: Mahu2021 (425 in chips) 
Mahu2021: posts small blind 10
MoiseurDimitrov: posts big blind 20
*** HOLE CARDS ***
Dealt to Mahu2021 [2h 4s]
Arespol: folds 
Mahu2021: folds 
Uncalled bet (10) returned to MoiseurDimitrov
MoiseurDimitrov collected 20 from pot
*** SUMMARY ***
Total pot 20 | Rake 0 
Seat 1: MoiseurDimitrov (big blind) collected (20)
Seat 2: Arespol (button) folded before Flop (didn't bet)
Seat 3: Mahu2021 (small blind) folded before Flop



PokerStars Hand #248873817886: Tournament #3715597713, $4.60+$0.40 USD Hold'em No Limit - Level II (15/30) - 2024/02/14 14:22:56 CET [2024/02/14 8:22:56 ET]
Table '3715597713 1' 3-max Seat #3 is the button
Seat 1: MoiseurDimitrov (729 in chips) 
Seat 2: Arespol (356 in chips) 
Seat 3: Mahu2021 (415 in chips) 
MoiseurDimitrov: posts small blind 15
Arespol: posts big blind 30
*** HOLE CARDS ***
Dealt to Mahu2021 [3c 3s]
Mahu2021: folds 
MoiseurDimitrov: calls 15
Arespol: raises 45 to 75
MoiseurDimitrov: calls 45
*** FLOP *** [Ad 4c Qh]
MoiseurDimitrov: checks 
Arespol: checks 
*** TURN *** [Ad 4c Qh] [5h]
MoiseurDimitrov: bets 60
Arespol: calls 60
*** RIVER *** [Ad 4c Qh 5h] [Qc]
MoiseurDimitrov: bets 90
Arespol: calls 90
*** SHOW DOWN ***
MoiseurDimitrov: shows [2d As] (two pair, Aces and Queens)
Arespol: mucks hand 
MoiseurDimitrov collected 450 from pot
*** SUMMARY ***
Total pot 450 | Rake 0 
Board [Ad 4c Qh 5h Qc]
Seat 1: MoiseurDimitrov (small blind) showed [2d As] and won (450) with two pair, Aces and Queens
Seat 2: Arespol (big blind) mucked [Ks Kd]
Seat 3: Mahu2021 (button) folded before Flop (didn't bet)



PokerStars Hand #248873822005: Tournament #3715597713, $4.60+$0.40 USD Hold'em No Limit - Level II (15/30) - 2024/02/14 14:23:19 CET [2024/02/14 8:23:19 ET]
Table '3715597713 1' 3-max Seat #1 is the button
Seat 1: MoiseurDimitrov (954 in chips) 
Seat 2: Arespol (131 in chips) 
Seat 3: Mahu2021 (415 in chips) 
Arespol: posts small blind 15
Mahu2021: posts big blind 30
*** HOLE CARDS ***
Dealt to Mahu2021 [7d 6s]
MoiseurDimitrov: raises 30 to 60
Arespol: folds 
Mahu2021: calls 30
*** FLOP *** [9d Ac 7s]
Mahu2021: checks 
MoiseurDimitrov: checks 
*** TURN *** [9d Ac 7s] [3h]
Mahu2021: checks 
MoiseurDimitrov: bets 60
Mahu2021: calls 60
*** RIVER *** [9d Ac 7s 3h] [Qs]
Mahu2021: checks 
MoiseurDimitrov: bets 255
Mahu2021: folds 
Uncalled bet (255) returned to MoiseurDimitrov
MoiseurDimitrov collected 255 from pot
*** SUMMARY ***
Total pot 255 | Rake 0 
Board [9d Ac 7s 3h Qs]
Seat 1: MoiseurDimitrov (button) collected (255)
Seat 2: Arespol (small blind) folded before Flop
Seat 3: Mahu2021 (big blind) folded on the River



PokerStars Hand #248873825159: Tournament #3715597713, $4.60+$0.40 USD Hold'em No Limit - Level II (15/30) - 2024/02/14 14:23:36 CET [2024/02/14 8:23:36 ET]
Table '3715597713 1' 3-max Seat #2 is the button
Seat 1: MoiseurDimitrov (1089 in chips) 
Seat 2: Arespol (116 in chips) 
Seat 3: Mahu2021 (295 in chips) 
Mahu2021: posts small blind 15
MoiseurDimitrov: posts big blind 30
*** HOLE CARDS ***
Dealt to Mahu2021 [9h 4c]
Arespol: folds 
Mahu2021: folds 
Uncalled bet (15) returned to MoiseurDimitrov
MoiseurDimitrov collected 30 from pot
*** SUMMARY ***
Total pot 30 | Rake 0 
Seat 1: MoiseurDimitrov (big blind) collected (30)
Seat 2: Arespol (button) folded before Flop (didn't bet)
Seat 3: Mahu2021 (small blind) folded before Flop



PokerStars Hand #248873826102: Tournament #3715597713, $4.60+$0.40 USD Hold'em No Limit - Level II (15/30) - 2024/02/14 14:23:41 CET [2024/02/14 8:23:41 ET]
Table '3715597713 1' 3-max Seat #3 is the button
Seat 1: MoiseurDimitrov (1104 in chips) 
Seat 2: Arespol (116 in chips) 
Seat 3: Mahu2021 (280 in chips) 
MoiseurDimitrov: posts small blind 15
Arespol: posts big blind 30
*** HOLE CARDS ***
Dealt to Mahu2021 [Jd 9s]
Mahu2021: folds 
MoiseurDimitrov: calls 15
Arespol: raises 86 to 116 and is all-in
MoiseurDimitrov: calls 86
*** FLOP *** [Ah 8s 8c]
*** TURN *** [Ah 8s 8c] [7h]
*** RIVER *** [Ah 8s 8c 7h] [Js]
*** SHOW DOWN ***
MoiseurDimitrov: shows [Ad 5c] (two pair, Aces and Eights)
Arespol: shows [Ac Qc] (two pair, Aces and Eights - Queen kicker)
Arespol collected 232 from pot
*** SUMMARY ***
Total pot 232 | Rake 0 
Board [Ah 8s 8c 7h Js]
Seat 1: MoiseurDimitrov (small blind) showed [Ad 5c] and lost with two pair, Aces and Eights
Seat 2: Arespol (big blind) showed [Ac Qc] and won (232) with two pair, Aces and Eights
Seat 3: Mahu2021 (button) folded before Flop (didn't bet)



PokerStars Hand #248873829077: Tournament #3715597713, $4.60+$0.40 USD Hold'em No Limit - Level II (15/30) - 2024/02/14 14:23:58 CET [2024/02/14 8:23:58 ET]
Table '3715597713 1' 3-max Seat #1 is the button
Seat 1: MoiseurDimitrov (988 in chips) 
Seat 2: Arespol (232 in chips) 
Seat 3: Mahu2021 (280 in chips) 
Arespol: posts small blind 15
Mahu2021: posts big blind 30
*** HOLE CARDS ***
Dealt to Mahu2021 [5h 3s]
MoiseurDimitrov: folds 
Arespol: raises 202 to 232 and is all-in
Mahu2021: folds 
Uncalled bet (202) returned to Arespol
Arespol collected 60 from pot
Arespol: doesn't show hand 
*** SUMMARY ***
Total pot 60 | Rake 0 
Seat 1: MoiseurDimitrov (button) folded before Flop (didn't bet)
Seat 2: Arespol (small blind) collected (60)
Seat 3: Mahu2021 (big blind) folded before Flop



PokerStars Hand #248873830382: Tournament #3715597713, $4.60+$0.40 USD Hold'em No Limit - Level II (15/30) - 2024/02/14 14:24:05 CET [2024/02/14 8:24:05 ET]
Table '3715597713 1' 3-max Seat #2 is the button
Seat 1: MoiseurDimitrov (988 in chips) 
Seat 2: Arespol (262 in chips) 
Seat 3: Mahu2021 (250 in chips) 
Mahu2021: posts small blind 15
MoiseurDimitrov: posts big blind 30
*** HOLE CARDS ***
Dealt to Mahu2021 [3d 3c]
Arespol: folds 
Mahu2021: raises 220 to 250 and is all-in
MoiseurDimitrov: folds 
Uncalled bet (220) returned to Mahu2021
Mahu2021 collected 60 from pot
Mahu2021: doesn't show hand 
*** SUMMARY ***
Total pot 60 | Rake 0 
Seat 1: MoiseurDimitrov (big blind) folded before Flop
Seat 2: Arespol (button) folded before Flop (didn't bet)
Seat 3: Mahu2021 (small blind) collected (60)



PokerStars Hand #248873831579: Tournament #3715597713, $4.60+$0.40 USD Hold'em No Limit - Level II (15/30) - 2024/02/14 14:24:12 CET [2024/02/14 8:24:12 ET]
Table '3715597713 1' 3-max Seat #3 is the button
Seat 1: MoiseurDimitrov (958 in chips) 
Seat 2: Arespol (262 in chips) 
Seat 3: Mahu2021 (280 in chips) 
MoiseurDimitrov: posts small blind 15
Arespol: posts big blind 30
*** HOLE CARDS ***
Dealt to Mahu2021 [8s 5h]
Mahu2021: folds 
MoiseurDimitrov: calls 15
Arespol: checks 
*** FLOP *** [Ts 8d Ah]
MoiseurDimitrov: bets 60
Arespol: calls 60
*** TURN *** [Ts 8d Ah] [7h]
MoiseurDimitrov: checks 
Arespol: bets 172 and is all-in
MoiseurDimitrov: folds 
Uncalled bet (172) returned to Arespol
Arespol collected 180 from pot
Arespol: doesn't show hand 
*** SUMMARY ***
Total pot 180 | Rake 0 
Board [Ts 8d Ah 7h]
Seat 1: MoiseurDimitrov (small blind) folded on the Turn
Seat 2: Arespol (big blind) collected (180)
Seat 3: Mahu2021 (button) folded before Flop (didn't bet)



PokerStars Hand #248873834972: Tournament #3715597713, $4.60+$0.40 USD Hold'em No Limit - Level II (15/30) - 2024/02/14 14:24:31 CET [2024/02/14 8:24:31 ET]
Table '3715597713 1' 3-max Seat #1 is the button
Seat 1: MoiseurDimitrov (868 in chips) 
Seat 2: Arespol (352 in chips) 
Seat 3: Mahu2021 (280 in chips) 
Arespol: posts small blind 15
Mahu2021: posts big blind 30
*** HOLE CARDS ***
Dealt to Mahu2021 [8s 9s]
MoiseurDimitrov: folds 
Arespol: folds 
Uncalled bet (15) returned to Mahu2021
Mahu2021 collected 30 from pot
Mahu2021: doesn't show hand 
*** SUMMARY ***
Total pot 30 | Rake 0 
Seat 1: MoiseurDimitrov (button) folded before Flop (didn't bet)
Seat 2: Arespol (small blind) folded before Flop
Seat 3: Mahu2021 (big blind) collected (30)



PokerStars Hand #248873835687: Tournament #3715597713, $4.60+$0.40 USD Hold'em No Limit - Level II (15/30) - 2024/02/14 14:24:34 CET [2024/02/14 8:24:34 ET]
Table '3715597713 1' 3-max Seat #2 is the button
Seat 1: MoiseurDimitrov (868 in chips) 
Seat 2: Arespol (337 in chips) 
Seat 3: Mahu2021 (295 in chips) 
Mahu2021: posts small blind 15
MoiseurDimitrov: posts big blind 30
*** HOLE CARDS ***
Dealt to Mahu2021 [6c 9d]
Arespol: raises 307 to 337 and is all-in
Mahu2021: folds 
MoiseurDimitrov: calls 307
*** FLOP *** [8s Ts 4h]
*** TURN *** [8s Ts 4h] [2s]
*** RIVER *** [8s Ts 4h 2s] [6h]
*** SHOW DOWN ***
MoiseurDimitrov: shows [3c 4c] (a pair of Fours)
Arespol: shows [5c 5s] (a pair of Fives)
Arespol collected 689 from pot
*** SUMMARY ***
Total pot 689 | Rake 0 
Board [8s Ts 4h 2s 6h]
Seat 1: MoiseurDimitrov (big blind) showed [3c 4c] and lost with a pair of Fours
Seat 2: Arespol (button) showed [5c 5s] and won (689) with a pair of Fives
Seat 3: Mahu2021 (small blind) folded before Flop



PokerStars Hand #248873838435: Tournament #3715597713, $4.60+$0.40 USD Hold'em No Limit - Level II (15/30) - 2024/02/14 14:24:49 CET [2024/02/14 8:24:49 ET]
Table '3715597713 1' 3-max Seat #3 is the button
Seat 1: MoiseurDimitrov (531 in chips) 
Seat 2: Arespol (689 in chips) 
Seat 3: Mahu2021 (280 in chips) 
MoiseurDimitrov: posts small blind 15
Arespol: posts big blind 30
*** HOLE CARDS ***
Dealt to Mahu2021 [Qc 3d]
Mahu2021: folds 
MoiseurDimitrov: calls 15
Arespol: checks 
*** FLOP *** [Jd 9h 3c]
MoiseurDimitrov: bets 60
Arespol: folds 
Uncalled bet (60) returned to MoiseurDimitrov
MoiseurDimitrov collected 60 from pot
*** SUMMARY ***
Total pot 60 | Rake 0 
Board [Jd 9h 3c]
Seat 1: MoiseurDimitrov (small blind) collected (60)
Seat 2: Arespol (big blind) folded on the Flop
Seat 3: Mahu2021 (button) folded before Flop (didn't bet)



PokerStars Hand #248873840492: Tournament #3715597713, $4.60+$0.40 USD Hold'em No Limit - Level II (15/30) - 2024/02/14 14:25:01 CET [2024/02/14 8:25:01 ET]
Table '3715597713 1' 3-max Seat #1 is the button
Seat 1: MoiseurDimitrov (561 in chips) 
Seat 2: Arespol (659 in chips) 
Seat 3: Mahu2021 (280 in chips) 
Arespol: posts small blind 15
Mahu2021: posts big blind 30
*** HOLE CARDS ***
Dealt to Mahu2021 [Jd Js]
MoiseurDimitrov: calls 30
Arespol: calls 15
Mahu2021: raises 250 to 280 and is all-in
MoiseurDimitrov: calls 250
Arespol: folds 
*** FLOP *** [Ac Ks 7c]
*** TURN *** [Ac Ks 7c] [2s]
*** RIVER *** [Ac Ks 7c 2s] [9s]
*** SHOW DOWN ***
Mahu2021: shows [Jd Js] (a pair of Jacks)
MoiseurDimitrov: shows [Tc 3c] (high card Ace)
Mahu2021 collected 590 from pot
*** SUMMARY ***
Total pot 590 | Rake 0 
Board [Ac Ks 7c 2s 9s]
Seat 1: MoiseurDimitrov (button) showed [Tc 3c] and lost with high card Ace
Seat 2: Arespol (small blind) folded before Flop
Seat 3: Mahu2021 (big blind) showed [Jd Js] and won (590) with a pair of Jacks



PokerStars Hand #248873843772: Tournament #3715597713, $4.60+$0.40 USD Hold'em No Limit - Level II (15/30) - 2024/02/14 14:25:19 CET [2024/02/14 8:25:19 ET]
Table '3715597713 1' 3-max Seat #2 is the button
Seat 1: MoiseurDimitrov (281 in chips) 
Seat 2: Arespol (629 in chips) 
Seat 3: Mahu2021 (590 in chips) 
Mahu2021: posts small blind 15
MoiseurDimitrov: posts big blind 30
*** HOLE CARDS ***
Dealt to Mahu2021 [8d 9s]
Arespol: folds 
Mahu2021: folds 
Uncalled bet (15) returned to MoiseurDimitrov
MoiseurDimitrov collected 30 from pot
*** SUMMARY ***
Total pot 30 | Rake 0 
Seat 1: MoiseurDimitrov (big blind) collected (30)
Seat 2: Arespol (button) folded before Flop (didn't bet)
Seat 3: Mahu2021 (small blind) folded before Flop



PokerStars Hand #248873844757: Tournament #3715597713, $4.60+$0.40 USD Hold'em No Limit - Level II (15/30) - 2024/02/14 14:25:24 CET [2024/02/14 8:25:24 ET]
Table '3715597713 1' 3-max Seat #3 is the button
Seat 1: MoiseurDimitrov (296 in chips) 
Seat 2: Arespol (629 in chips) 
Seat 3: Mahu2021 (575 in chips) 
MoiseurDimitrov: posts small blind 15
Arespol: posts big blind 30
*** HOLE CARDS ***
Dealt to Mahu2021 [9s 7d]
Mahu2021: folds 
MoiseurDimitrov: calls 15
Arespol: checks 
*** FLOP *** [Kd Ad Jc]
MoiseurDimitrov: bets 60
Arespol: folds 
Uncalled bet (60) returned to MoiseurDimitrov
MoiseurDimitrov collected 60 from pot
*** SUMMARY ***
Total pot 60 | Rake 0 
Board [Kd Ad Jc]
Seat 1: MoiseurDimitrov (small blind) collected (60)
Seat 2: Arespol (big blind) folded on the Flop
Seat 3: Mahu2021 (button) folded before Flop (didn't bet)



PokerStars Hand #248873846752: Tournament #3715597713, $4.60+$0.40 USD Hold'em No Limit - Level II (15/30) - 2024/02/14 14:25:35 CET [2024/02/14 8:25:35 ET]
Table '3715597713 1' 3-max Seat #1 is the button
Seat 1: MoiseurDimitrov (326 in chips) 
Seat 2: Arespol (599 in chips) 
Seat 3: Mahu2021 (575 in chips) 
Arespol: posts small blind 15
Mahu2021: posts big blind 30
*** HOLE CARDS ***
Dealt to Mahu2021 [4c 7s]
MoiseurDimitrov: raises 30 to 60
Arespol: folds 
Mahu2021: folds 
Uncalled bet (30) returned to MoiseurDimitrov
MoiseurDimitrov collected 75 from pot
*** SUMMARY ***
Total pot 75 | Rake 0 
Seat 1: MoiseurDimitrov (button) collected (75)
Seat 2: Arespol (small blind) folded before Flop
Seat 3: Mahu2021 (big blind) folded before Flop



PokerStars Hand #248873847945: Tournament #3715597713, $4.60+$0.40 USD Hold'em No Limit - Level II (15/30) - 2024/02/14 14:25:42 CET [2024/02/14 8:25:42 ET]
Table '3715597713 1' 3-max Seat #2 is the button
Seat 1: MoiseurDimitrov (371 in chips) 
Seat 2: Arespol (584 in chips) 
Seat 3: Mahu2021 (545 in chips) 
Mahu2021: posts small blind 15
MoiseurDimitrov: posts big blind 30
*** HOLE CARDS ***
Dealt to Mahu2021 [8d Kd]
Arespol: folds 
Mahu2021: raises 30 to 60
MoiseurDimitrov: calls 30
*** FLOP *** [9d Ts 5c]
Mahu2021: checks 
MoiseurDimitrov: bets 120
Mahu2021: folds 
Uncalled bet (120) returned to MoiseurDimitrov
MoiseurDimitrov collected 120 from pot
*** SUMMARY ***
Total pot 120 | Rake 0 
Board [9d Ts 5c]
Seat 1: MoiseurDimitrov (big blind) collected (120)
Seat 2: Arespol (button) folded before Flop (didn't bet)
Seat 3: Mahu2021 (small blind) folded on the Flop



PokerStars Hand #248873850542: Tournament #3715597713, $4.60+$0.40 USD Hold'em No Limit - Level III (20/40) - 2024/02/14 14:25:56 CET [2024/02/14 8:25:56 ET]
Table '3715597713 1' 3-max Seat #3 is the button
Seat 1: MoiseurDimitrov (431 in chips) 
Seat 2: Arespol (584 in chips) 
Seat 3: Mahu2021 (485 in chips) 
MoiseurDimitrov: posts small blind 20
Arespol: posts big blind 40
*** HOLE CARDS ***
Dealt to Mahu2021 [Tc Ah]
Mahu2021: raises 40 to 80
MoiseurDimitrov: raises 351 to 431 and is all-in
Arespol: folds 
Mahu2021: calls 351
*** FLOP *** [5s 3s Td]
*** TURN *** [5s 3s Td] [4c]
*** RIVER *** [5s 3s Td 4c] [3d]
*** SHOW DOWN ***
MoiseurDimitrov: shows [Qd Kd] (a pair of Threes)
Mahu2021: shows [Tc Ah] (two pair, Tens and Threes)
Mahu2021 collected 902 from pot
MoiseurDimitrov finished the tournament in 3rd place
*** SUMMARY ***
Total pot 902 | Rake 0 
Board [5s 3s Td 4c 3d]
Seat 1: MoiseurDimitrov (small blind) showed [Qd Kd] and lost with a pair of Threes
Seat 2: Arespol (big blind) folded before Flop
Seat 3: Mahu2021 (button) showed [Tc Ah] and won (902) with two pair, Tens and Threes



PokerStars Hand #248873854408: Tournament #3715597713, $4.60+$0.40 USD Hold'em No Limit - Level III (20/40) - 2024/02/14 14:26:17 CET [2024/02/14 8:26:17 ET]
Table '3715597713 1' 3-max Seat #2 is the button
Seat 2: Arespol (544 in chips) 
Seat 3: Mahu2021 (956 in chips) 
Arespol: posts small blind 20
Mahu2021: posts big blind 40
*** HOLE CARDS ***
Dealt to Mahu2021 [Jh 4d]
Arespol: raises 40 to 80
Mahu2021: calls 40
*** FLOP *** [8c 2h 5d]
Mahu2021: checks 
Arespol: checks 
*** TURN *** [8c 2h 5d] [Qc]
Mahu2021: checks 
Arespol: bets 80
Mahu2021: folds 
Uncalled bet (80) returned to Arespol
Arespol collected 160 from pot
Arespol: doesn't show hand 
*** SUMMARY ***
Total pot 160 | Rake 0 
Board [8c 2h 5d Qc]
Seat 2: Arespol (button) (small blind) collected (160)
Seat 3: Mahu2021 (big blind) folded on the Turn



PokerStars Hand #248873856749: Tournament #3715597713, $4.60+$0.40 USD Hold'em No Limit - Level III (20/40) - 2024/02/14 14:26:30 CET [2024/02/14 8:26:30 ET]
Table '3715597713 1' 3-max Seat #3 is the button
Seat 2: Arespol (624 in chips) 
Seat 3: Mahu2021 (876 in chips) 
Mahu2021: posts small blind 20
Arespol: posts big blind 40
*** HOLE CARDS ***
Dealt to Mahu2021 [4d Th]
Mahu2021: folds 
Uncalled bet (20) returned to Arespol
Arespol collected 40 from pot
Arespol: doesn't show hand 
*** SUMMARY ***
Total pot 40 | Rake 0 
Seat 2: Arespol (big blind) collected (40)
Seat 3: Mahu2021 (button) (small blind) folded before Flop



PokerStars Hand #248873857526: Tournament #3715597713, $4.60+$0.40 USD Hold'em No Limit - Level III (20/40) - 2024/02/14 14:26:34 CET [2024/02/14 8:26:34 ET]
Table '3715597713 1' 3-max Seat #2 is the button
Seat 2: Arespol (644 in chips) 
Seat 3: Mahu2021 (856 in chips) 
Arespol: posts small blind 20
Mahu2021: posts big blind 40
*** HOLE CARDS ***
Dealt to Mahu2021 [5d 3c]
Arespol: calls 20
Mahu2021: checks 
*** FLOP *** [Td 7d 9s]
Mahu2021: checks 
Arespol: checks 
*** TURN *** [Td 7d 9s] [Js]
Mahu2021: checks 
Arespol: bets 60
Mahu2021: folds 
Uncalled bet (60) returned to Arespol
Arespol collected 80 from pot
Arespol: doesn't show hand 
*** SUMMARY ***
Total pot 80 | Rake 0 
Board [Td 7d 9s Js]
Seat 2: Arespol (button) (small blind) collected (80)
Seat 3: Mahu2021 (big blind) folded on the Turn



PokerStars Hand #248873860162: Tournament #3715597713, $4.60+$0.40 USD Hold'em No Limit - Level III (20/40) - 2024/02/14 14:26:48 CET [2024/02/14 8:26:48 ET]
Table '3715597713 1' 3-max Seat #3 is the button
Seat 2: Arespol (684 in chips) 
Seat 3: Mahu2021 (816 in chips) 
Mahu2021: posts small blind 20
Arespol: posts big blind 40
*** HOLE CARDS ***
Dealt to Mahu2021 [2d Qc]
Mahu2021: calls 20
Arespol: checks 
*** FLOP *** [Kd Kh Qd]
Arespol: checks 
Mahu2021: bets 40
Arespol: calls 40
*** TURN *** [Kd Kh Qd] [Qh]
Arespol: checks 
Mahu2021: bets 40
Arespol: folds 
Uncalled bet (40) returned to Mahu2021
Mahu2021 collected 160 from pot
Mahu2021: doesn't show hand 
*** SUMMARY ***
Total pot 160 | Rake 0 
Board [Kd Kh Qd Qh]
Seat 2: Arespol (big blind) folded on the Turn
Seat 3: Mahu2021 (button) (small blind) collected (160)



PokerStars Hand #248873862488: Tournament #3715597713, $4.60+$0.40 USD Hold'em No Limit - Level III (20/40) - 2024/02/14 14:27:01 CET [2024/02/14 8:27:01 ET]
Table '3715597713 1' 3-max Seat #2 is the button
Seat 2: Arespol (604 in chips) 
Seat 3: Mahu2021 (896 in chips) 
Arespol: posts small blind 20
Mahu2021: posts big blind 40
*** HOLE CARDS ***
Dealt to Mahu2021 [8c As]
Arespol: calls 20
Mahu2021: checks 
*** FLOP *** [4s 6c Kd]
Mahu2021: checks 
Arespol: bets 40
Mahu2021: calls 40
*** TURN *** [4s 6c Kd] [Th]
Mahu2021: checks 
Arespol: bets 120
Mahu2021: folds 
Uncalled bet (120) returned to Arespol
Arespol collected 160 from pot
Arespol: doesn't show hand 
*** SUMMARY ***
Total pot 160 | Rake 0 
Board [4s 6c Kd Th]
Seat 2: Arespol (button) (small blind) collected (160)
Seat 3: Mahu2021 (big blind) folded on the Turn



PokerStars Hand #248873864903: Tournament #3715597713, $4.60+$0.40 USD Hold'em No Limit - Level III (20/40) - 2024/02/14 14:27:14 CET [2024/02/14 8:27:14 ET]
Table '3715597713 1' 3-max Seat #3 is the button
Seat 2: Arespol (684 in chips) 
Seat 3: Mahu2021 (816 in chips) 
Mahu2021: posts small blind 20
Arespol: posts big blind 40
*** HOLE CARDS ***
Dealt to Mahu2021 [7d 4h]
Mahu2021: folds 
Uncalled bet (20) returned to Arespol
Arespol collected 40 from pot
Arespol: doesn't show hand 
*** SUMMARY ***
Total pot 40 | Rake 0 
Seat 2: Arespol (big blind) collected (40)
Seat 3: Mahu2021 (button) (small blind) folded before Flop



PokerStars Hand #248873865725: Tournament #3715597713, $4.60+$0.40 USD Hold'em No Limit - Level III (20/40) - 2024/02/14 14:27:19 CET [2024/02/14 8:27:19 ET]
Table '3715597713 1' 3-max Seat #2 is the button
Seat 2: Arespol (704 in chips) 
Seat 3: Mahu2021 (796 in chips) 
Arespol: posts small blind 20
Mahu2021: posts big blind 40
*** HOLE CARDS ***
Dealt to Mahu2021 [2d Jd]
Arespol: calls 20
Mahu2021: checks 
*** FLOP *** [7s 8d 7c]
Mahu2021: checks 
Arespol: bets 40
Mahu2021: folds 
Uncalled bet (40) returned to Arespol
Arespol collected 80 from pot
Arespol: doesn't show hand 
*** SUMMARY ***
Total pot 80 | Rake 0 
Board [7s 8d 7c]
Seat 2: Arespol (button) (small blind) collected (80)
Seat 3: Mahu2021 (big blind) folded on the Flop



PokerStars Hand #248873867604: Tournament #3715597713, $4.60+$0.40 USD Hold'em No Limit - Level III (20/40) - 2024/02/14 14:27:29 CET [2024/02/14 8:27:29 ET]
Table '3715597713 1' 3-max Seat #3 is the button
Seat 2: Arespol (744 in chips) 
Seat 3: Mahu2021 (756 in chips) 
Mahu2021: posts small blind 20
Arespol: posts big blind 40
*** HOLE CARDS ***
Dealt to Mahu2021 [Jh 7c]
Mahu2021: raises 40 to 80
Arespol: calls 40
*** FLOP *** [Kh 2s 5h]
Arespol: checks 
Mahu2021: checks 
*** TURN *** [Kh 2s 5h] [Td]
Arespol: checks 
Mahu2021: checks 
*** RIVER *** [Kh 2s 5h Td] [Qc]
Arespol: bets 80
Mahu2021: folds 
Uncalled bet (80) returned to Arespol
Arespol collected 160 from pot
Arespol: doesn't show hand 
*** SUMMARY ***
Total pot 160 | Rake 0 
Board [Kh 2s 5h Td Qc]
Seat 2: Arespol (big blind) collected (160)
Seat 3: Mahu2021 (button) (small blind) folded on the River



PokerStars Hand #248873870649: Tournament #3715597713, $4.60+$0.40 USD Hold'em No Limit - Level III (20/40) - 2024/02/14 14:27:46 CET [2024/02/14 8:27:46 ET]
Table '3715597713 1' 3-max Seat #2 is the button
Seat 2: Arespol (824 in chips) 
Seat 3: Mahu2021 (676 in chips) 
Arespol: posts small blind 20
Mahu2021: posts big blind 40
*** HOLE CARDS ***
Dealt to Mahu2021 [7d Kc]
Arespol: raises 40 to 80
Mahu2021: calls 40
*** FLOP *** [Ts 5h Qc]
Mahu2021: checks 
Arespol: bets 53
Mahu2021: folds 
Uncalled bet (53) returned to Arespol
Arespol collected 160 from pot
Arespol: doesn't show hand 
*** SUMMARY ***
Total pot 160 | Rake 0 
Board [Ts 5h Qc]
Seat 2: Arespol (button) (small blind) collected (160)
Seat 3: Mahu2021 (big blind) folded on the Flop



PokerStars Hand #248873872324: Tournament #3715597713, $4.60+$0.40 USD Hold'em No Limit - Level III (20/40) - 2024/02/14 14:27:55 CET [2024/02/14 8:27:55 ET]
Table '3715597713 1' 3-max Seat #3 is the button
Seat 2: Arespol (904 in chips) 
Seat 3: Mahu2021 (596 in chips) 
Mahu2021: posts small blind 20
Arespol: posts big blind 40
*** HOLE CARDS ***
Dealt to Mahu2021 [4c Jh]
Mahu2021: folds 
Uncalled bet (20) returned to Arespol
Arespol collected 40 from pot
Arespol: doesn't show hand 
*** SUMMARY ***
Total pot 40 | Rake 0 
Seat 2: Arespol (big blind) collected (40)
Seat 3: Mahu2021 (button) (small blind) folded before Flop



PokerStars Hand #248873873077: Tournament #3715597713, $4.60+$0.40 USD Hold'em No Limit - Level III (20/40) - 2024/02/14 14:27:59 CET [2024/02/14 8:27:59 ET]
Table '3715597713 1' 3-max Seat #2 is the button
Seat 2: Arespol (924 in chips) 
Seat 3: Mahu2021 (576 in chips) 
Arespol: posts small blind 20
Mahu2021: posts big blind 40
*** HOLE CARDS ***
Dealt to Mahu2021 [Ks Qs]
Arespol: raises 40 to 80
Mahu2021: raises 120 to 200
Arespol: folds 
Uncalled bet (120) returned to Mahu2021
Mahu2021 collected 160 from pot
Mahu2021: doesn't show hand 
*** SUMMARY ***
Total pot 160 | Rake 0 
Seat 2: Arespol (button) (small blind) folded before Flop
Seat 3: Mahu2021 (big blind) collected (160)



PokerStars Hand #248873874239: Tournament #3715597713, $4.60+$0.40 USD Hold'em No Limit - Level III (20/40) - 2024/02/14 14:28:05 CET [2024/02/14 8:28:05 ET]
Table '3715597713 1' 3-max Seat #3 is the button
Seat 2: Arespol (844 in chips) 
Seat 3: Mahu2021 (656 in chips) 
Mahu2021: posts small blind 20
Arespol: posts big blind 40
*** HOLE CARDS ***
Dealt to Mahu2021 [2c 2d]
Mahu2021: raises 616 to 656 and is all-in
Arespol: folds 
Uncalled bet (616) returned to Mahu2021
Mahu2021 collected 80 from pot
Mahu2021: doesn't show hand 
*** SUMMARY ***
Total pot 80 | Rake 0 
Seat 2: Arespol (big blind) folded before Flop
Seat 3: Mahu2021 (button) (small blind) collected (80)



PokerStars Hand #248873875275: Tournament #3715597713, $4.60+$0.40 USD Hold'em No Limit - Level III (20/40) - 2024/02/14 14:28:11 CET [2024/02/14 8:28:11 ET]
Table '3715597713 1' 3-max Seat #2 is the button
Seat 2: Arespol (804 in chips) 
Seat 3: Mahu2021 (696 in chips) 
Arespol: posts small blind 20
Mahu2021: posts big blind 40
*** HOLE CARDS ***
Dealt to Mahu2021 [Jd 8h]
Arespol: calls 20
Mahu2021: checks 
*** FLOP *** [Ts Qs Ad]
Mahu2021: checks 
Arespol: bets 40
Mahu2021: calls 40
*** TURN *** [Ts Qs Ad] [6d]
Mahu2021: checks 
Arespol: checks 
*** RIVER *** [Ts Qs Ad 6d] [9c]
Mahu2021: bets 160
Arespol: folds 
Uncalled bet (160) returned to Mahu2021
Mahu2021 collected 160 from pot
Mahu2021: doesn't show hand 
*** SUMMARY ***
Total pot 160 | Rake 0 
Board [Ts Qs Ad 6d 9c]
Seat 2: Arespol (button) (small blind) folded on the River
Seat 3: Mahu2021 (big blind) collected (160)



PokerStars Hand #248873878291: Tournament #3715597713, $4.60+$0.40 USD Hold'em No Limit - Level III (20/40) - 2024/02/14 14:28:28 CET [2024/02/14 8:28:28 ET]
Table '3715597713 1' 3-max Seat #3 is the button
Seat 2: Arespol (724 in chips) 
Seat 3: Mahu2021 (776 in chips) 
Mahu2021: posts small blind 20
Arespol: posts big blind 40
*** HOLE CARDS ***
Dealt to Mahu2021 [6s 5h]
Mahu2021: calls 20
Arespol: raises 684 to 724 and is all-in
Mahu2021: folds 
Uncalled bet (684) returned to Arespol
Arespol collected 80 from pot
Arespol: doesn't show hand 
*** SUMMARY ***
Total pot 80 | Rake 0 
Seat 2: Arespol (big blind) collected (80)
Seat 3: Mahu2021 (button) (small blind) folded before Flop



PokerStars Hand #248873879627: Tournament #3715597713, $4.60+$0.40 USD Hold'em No Limit - Level III (20/40) - 2024/02/14 14:28:35 CET [2024/02/14 8:28:35 ET]
Table '3715597713 1' 3-max Seat #2 is the button
Seat 2: Arespol (764 in chips) 
Seat 3: Mahu2021 (736 in chips) 
Arespol: posts small blind 20
Mahu2021: posts big blind 40
*** HOLE CARDS ***
Dealt to Mahu2021 [Ts 4s]
Arespol: raises 40 to 80
Mahu2021: calls 40
*** FLOP *** [9h 4h Ks]
Mahu2021: checks 
Arespol: bets 53
Mahu2021: calls 53
*** TURN *** [9h 4h Ks] [6c]
Mahu2021: checks 
Arespol: checks 
*** RIVER *** [9h 4h Ks 6c] [6s]
Mahu2021: checks 
Arespol: bets 133
Mahu2021: folds 
Uncalled bet (133) returned to Arespol
Arespol collected 266 from pot
Arespol: doesn't show hand 
*** SUMMARY ***
Total pot 266 | Rake 0 
Board [9h 4h Ks 6c 6s]
Seat 2: Arespol (button) (small blind) collected (266)
Seat 3: Mahu2021 (big blind) folded on the River



PokerStars Hand #248873885218: Tournament #3715597713, $4.60+$0.40 USD Hold'em No Limit - Level IV (30/60) - 2024/02/14 14:29:05 CET [2024/02/14 8:29:05 ET]
Table '3715597713 1' 3-max Seat #3 is the button
Seat 2: Arespol (897 in chips) 
Seat 3: Mahu2021 (603 in chips) 
Mahu2021: posts small blind 30
Arespol: posts big blind 60
*** HOLE CARDS ***
Dealt to Mahu2021 [Jh 7c]
Mahu2021: calls 30
Arespol: checks 
*** FLOP *** [Kd 9h 2h]
Arespol: checks 
Mahu2021: bets 60
Arespol: calls 60
*** TURN *** [Kd 9h 2h] [9d]
Arespol: checks 
Mahu2021: bets 483 and is all-in
Arespol: calls 483
*** RIVER *** [Kd 9h 2h 9d] [Jc]
*** SHOW DOWN ***
Arespol: shows [4h 9s] (three of a kind, Nines)
Mahu2021: shows [Jh 7c] (two pair, Jacks and Nines)
Arespol collected 1206 from pot
Mahu2021 finished the tournament in 2nd place
Arespol wins the tournament and receives $15.00 - congratulations!
*** SUMMARY ***
Total pot 1206 | Rake 0 
Board [Kd 9h 2h 9d Jc]
Seat 2: Arespol (big blind) showed [4h 9s] and won (1206) with three of a kind, Nines
Seat 3: Mahu2021 (button) (small blind) showed [Jh 7c] and lost with two pair, Jacks and Nines



