PokerStars Zoom Hand #254843263732:  Hold'em No Limit ($0.05/$0.10) - 2025/02/13 10:10:55 CET [2025/02/13 4:10:55 ET]
Table 'Aludra' 6-max Seat #1 is the button
Seat 1: beas7m0de ($19 in chips) 
Seat 2: Illuri2 ($8.22 in chips) 
Seat 3: Mahu2021 ($10 in chips) 
Seat 4: LevA1989 ($10 in chips) 
Seat 5: hiding.by ($10.64 in chips) 
Seat 6: fasora ($21.86 in chips) 
Illuri2: posts small blind $0.05
Mahu2021: posts big blind $0.10
*** HOLE CARDS ***
Dealt to Mahu2021 [5s 7d]
LevA1989: folds 
hiding.by: folds 
fasora: folds 
beas7m0de: folds 
Illuri2: folds 
Uncalled bet ($0.05) returned to Mahu2021
Mahu2021 collected $0.10 from pot
Mahu2021: doesn't show hand 
*** SUMMARY ***
Total pot $0.10 | Rake $0 
Seat 1: beas7m0de (button) folded before Flop (didn't bet)
Seat 2: Illuri2 (small blind) folded before Flop
Seat 3: Mahu2021 (big blind) collected ($0.10)
Seat 4: LevA1989 folded before Flop (didn't bet)
Seat 5: hiding.by folded before Flop (didn't bet)
Seat 6: fasora folded before Flop (didn't bet)



PokerStars Zoom Hand #254843264690:  Hold'em No Limit ($0.05/$0.10) - 2025/02/13 10:11:07 CET [2025/02/13 4:11:07 ET]
Table 'Aludra' 6-max Seat #1 is the button
Seat 1: sibalgosu ($10 in chips) 
Seat 2: Mahu2021 ($10.05 in chips) 
Seat 3: beas7m0de ($18.95 in chips) 
Seat 4: karks12 ($19.38 in chips) 
Seat 5: aisle333 ($13.80 in chips) 
Seat 6: ishivremaks ($14.47 in chips) 
Mahu2021: posts small blind $0.05
beas7m0de: posts big blind $0.10
*** HOLE CARDS ***
Dealt to Mahu2021 [7d Jh]
karks12: folds 
aisle333: raises $0.13 to $0.23
ishivremaks: folds 
sibalgosu: folds 
Mahu2021: folds 
beas7m0de: folds 
Uncalled bet ($0.13) returned to aisle333
aisle333 collected $0.25 from pot
aisle333: doesn't show hand 
*** SUMMARY ***
Total pot $0.25 | Rake $0 
Seat 1: sibalgosu (button) folded before Flop (didn't bet)
Seat 2: Mahu2021 (small blind) folded before Flop
Seat 3: beas7m0de (big blind) folded before Flop
Seat 4: karks12 folded before Flop (didn't bet)
Seat 5: aisle333 collected ($0.25)
Seat 6: ishivremaks folded before Flop (didn't bet)



PokerStars Zoom Hand #254843266673:  Hold'em No Limit ($0.05/$0.10) - 2025/02/13 10:11:29 CET [2025/02/13 4:11:29 ET]
Table 'Aludra' 6-max Seat #1 is the button
Seat 1: Mahu2021 ($10 in chips) 
Seat 2: SkyBoy23 ($33.51 in chips) 
Seat 3: GrozovaIra ($12.23 in chips) 
Seat 4: hiding.by ($10.69 in chips) 
Seat 5: jamiehope17 ($3.82 in chips) 
Seat 6: Panda_Pooh_od ($12.14 in chips) 
SkyBoy23: posts small blind $0.05
GrozovaIra: posts big blind $0.10
*** HOLE CARDS ***
Dealt to Mahu2021 [Qd Kd]
hiding.by: folds 
jamiehope17: folds 
Panda_Pooh_od: folds 
Mahu2021: raises $0.20 to $0.30
SkyBoy23: folds 
GrozovaIra: folds 
Uncalled bet ($0.20) returned to Mahu2021
Mahu2021 collected $0.25 from pot
Mahu2021: doesn't show hand 
*** SUMMARY ***
Total pot $0.25 | Rake $0 
Seat 1: Mahu2021 (button) collected ($0.25)
Seat 2: SkyBoy23 (small blind) folded before Flop
Seat 3: GrozovaIra (big blind) folded before Flop
Seat 4: hiding.by folded before Flop (didn't bet)
Seat 5: jamiehope17 folded before Flop (didn't bet)
Seat 6: Panda_Pooh_od folded before Flop (didn't bet)



PokerStars Zoom Hand #254843266185:  Hold'em No Limit ($0.05/$0.10) - 2025/02/13 10:11:23 CET [2025/02/13 4:11:23 ET]
Table 'Aludra' 6-max Seat #1 is the button
Seat 1: SkyBoy23 ($13 in chips) 
Seat 2: Panda_Pooh_od ($11.07 in chips) 
Seat 3: sibalgosu ($13.24 in chips) 
Seat 4: Mahu2021 ($10 in chips) 
Seat 5: UNKNOWN_x_13 ($5.79 in chips) 
Seat 6: beas7m0de ($18.85 in chips) 
Panda_Pooh_od: posts small blind $0.05
sibalgosu: posts big blind $0.10
*** HOLE CARDS ***
Dealt to Mahu2021 [5d 8s]
Mahu2021: folds 
UNKNOWN_x_13: folds 
beas7m0de: folds 
SkyBoy23: folds 
Panda_Pooh_od: raises $0.20 to $0.30
sibalgosu: calls $0.20
*** FLOP *** [6d Jh Js]
Panda_Pooh_od: bets $0.19
sibalgosu: calls $0.19
*** TURN *** [6d Jh Js] [7s]
Panda_Pooh_od: checks 
sibalgosu: checks 
*** RIVER *** [6d Jh Js 7s] [7c]
Panda_Pooh_od: checks 
sibalgosu: checks 
*** SHOW DOWN ***
Panda_Pooh_od: shows [Kc 3c] (two pair, Jacks and Sevens)
sibalgosu: mucks hand 
Panda_Pooh_od collected $0.94 from pot
*** SUMMARY ***
Total pot $0.98 | Rake $0.04 
Board [6d Jh Js 7s 7c]
Seat 1: SkyBoy23 (button) folded before Flop (didn't bet)
Seat 2: Panda_Pooh_od (small blind) showed [Kc 3c] and won ($0.94) with two pair, Jacks and Sevens
Seat 3: sibalgosu (big blind) mucked [6c Tc]
Seat 4: Mahu2021 folded before Flop (didn't bet)
Seat 5: UNKNOWN_x_13 folded before Flop (didn't bet)
Seat 6: beas7m0de folded before Flop (didn't bet)



PokerStars Zoom Hand #254843268016:  Hold'em No Limit ($0.05/$0.10) - 2025/02/13 10:11:45 CET [2025/02/13 4:11:45 ET]
Table 'Aludra' 6-max Seat #1 is the button
Seat 1: LevA1989 ($14.19 in chips) 
Seat 2: sibalgosu ($10.05 in chips) 
Seat 3: Vernster850 ($10.42 in chips) 
Seat 4: SkyBoy23 ($28.47 in chips) 
Seat 5: hummbold ($10.84 in chips) 
Seat 6: Mahu2021 ($10.15 in chips) 
sibalgosu: posts small blind $0.05
Vernster850: posts big blind $0.10
*** HOLE CARDS ***
Dealt to Mahu2021 [Ah Ad]
SkyBoy23: folds 
hummbold: folds 
Mahu2021: raises $10.05 to $10.15 and is all-in
LevA1989: folds 
sibalgosu: folds 
Vernster850: calls $10.05
*** FLOP *** [Tc 5d 7d]
*** TURN *** [Tc 5d 7d] [5c]
*** RIVER *** [Tc 5d 7d 5c] [Jc]
*** SHOW DOWN ***
Vernster850: shows [Qc Qd] (two pair, Queens and Fives)
Mahu2021: shows [Ah Ad] (two pair, Aces and Fives)
Mahu2021 cashed out the hand for $15.52 | Cash Out Fee $0.32
*** SUMMARY ***
Total pot $20.35 | Rake $0.92 
Board [Tc 5d 7d 5c Jc]
Seat 1: LevA1989 (button) folded before Flop (didn't bet)
Seat 2: sibalgosu (small blind) folded before Flop
Seat 3: Vernster850 (big blind) showed [Qc Qd] and lost with two pair, Queens and Fives
Seat 4: SkyBoy23 folded before Flop (didn't bet)
Seat 5: hummbold folded before Flop (didn't bet)
Seat 6: Mahu2021 showed [Ah Ad] and won ($19.43) with two pair, Aces and Fives (pot not awarded as player cashed out)



