PokerStars Hand #253159561308: Tournament #3817810132, $1.84+$0.16 USD Hold'em No Limit - Level I (10/20) - 2024/10/29 18:36:17 CET [2024/10/29 13:36:17 ET]
Table '3817810132 1' 3-max Seat #1 is the button
Seat 1: Sisy_O. (500 in chips) 
Seat 2: Zen Larry (500 in chips) 
Seat 3: Mahu2021 (500 in chips) 
Zen Larry: posts small blind 10
Mahu2021: posts big blind 20
*** HOLE CARDS ***
Dealt to Mahu2021 [Ks 2d]
Sisy_O.: folds 
Zen Larry: folds 
Uncalled bet (10) returned to Mahu2021
Mahu2021 collected 20 from pot
Mahu2021: doesn't show hand 
*** SUMMARY ***
Total pot 20 | Rake 0 
Seat 1: Sisy_O. (button) folded before Flop (didn't bet)
Seat 2: Zen Larry (small blind) folded before Flop
Seat 3: Mahu2021 (big blind) collected (20)



PokerStars Hand #253159562972: Tournament #3817810132, $1.84+$0.16 USD Hold'em No Limit - Level I (10/20) - 2024/10/29 18:36:24 CET [2024/10/29 13:36:24 ET]
Table '3817810132 1' 3-max Seat #2 is the button
Seat 1: Sisy_O. (500 in chips) 
Seat 2: Zen Larry (490 in chips) 
Seat 3: Mahu2021 (510 in chips) 
Mahu2021: posts small blind 10
Sisy_O.: posts big blind 20
*** HOLE CARDS ***
Dealt to Mahu2021 [9c 5c]
Zen Larry: raises 20 to 40
Mahu2021: folds 
Sisy_O.: folds 
Uncalled bet (20) returned to Zen Larry
Zen Larry collected 50 from pot
*** SUMMARY ***
Total pot 50 | Rake 0 
Seat 1: Sisy_O. (big blind) folded before Flop
Seat 2: Zen Larry (button) collected (50)
Seat 3: Mahu2021 (small blind) folded before Flop



PokerStars Hand #253159564721: Tournament #3817810132, $1.84+$0.16 USD Hold'em No Limit - Level I (10/20) - 2024/10/29 18:36:30 CET [2024/10/29 13:36:30 ET]
Table '3817810132 1' 3-max Seat #3 is the button
Seat 1: Sisy_O. (480 in chips) 
Seat 2: Zen Larry (520 in chips) 
Seat 3: Mahu2021 (500 in chips) 
Sisy_O.: posts small blind 10
Zen Larry: posts big blind 20
*** HOLE CARDS ***
Dealt to Mahu2021 [6h Ad]
Mahu2021: raises 20 to 40
Sisy_O.: folds 
Zen Larry: calls 20
*** FLOP *** [4d 8c Ts]
Zen Larry: checks 
Mahu2021: checks 
*** TURN *** [4d 8c Ts] [9s]
Zen Larry: checks 
Mahu2021: checks 
*** RIVER *** [4d 8c Ts 9s] [5h]
Zen Larry: checks 
Mahu2021: checks 
*** SHOW DOWN ***
Zen Larry: shows [2c Kd] (high card King)
Mahu2021: shows [6h Ad] (high card Ace)
Mahu2021 collected 90 from pot
*** SUMMARY ***
Total pot 90 | Rake 0 
Board [4d 8c Ts 9s 5h]
Seat 1: Sisy_O. (small blind) folded before Flop
Seat 2: Zen Larry (big blind) showed [2c Kd] and lost with high card King
Seat 3: Mahu2021 (button) showed [6h Ad] and won (90) with high card Ace



PokerStars Hand #253159568613: Tournament #3817810132, $1.84+$0.16 USD Hold'em No Limit - Level I (10/20) - 2024/10/29 18:36:46 CET [2024/10/29 13:36:46 ET]
Table '3817810132 1' 3-max Seat #1 is the button
Seat 1: Sisy_O. (470 in chips) 
Seat 2: Zen Larry (480 in chips) 
Seat 3: Mahu2021 (550 in chips) 
Zen Larry: posts small blind 10
Mahu2021: posts big blind 20
*** HOLE CARDS ***
Dealt to Mahu2021 [8h 6d]
Sisy_O.: folds 
Zen Larry: folds 
Uncalled bet (10) returned to Mahu2021
Mahu2021 collected 20 from pot
Mahu2021: doesn't show hand 
*** SUMMARY ***
Total pot 20 | Rake 0 
Seat 1: Sisy_O. (button) folded before Flop (didn't bet)
Seat 2: Zen Larry (small blind) folded before Flop
Seat 3: Mahu2021 (big blind) collected (20)



PokerStars Hand #253159569845: Tournament #3817810132, $1.84+$0.16 USD Hold'em No Limit - Level I (10/20) - 2024/10/29 18:36:52 CET [2024/10/29 13:36:52 ET]
Table '3817810132 1' 3-max Seat #2 is the button
Seat 1: Sisy_O. (470 in chips) 
Seat 2: Zen Larry (470 in chips) 
Seat 3: Mahu2021 (560 in chips) 
Mahu2021: posts small blind 10
Sisy_O.: posts big blind 20
*** HOLE CARDS ***
Dealt to Mahu2021 [5d 2s]
Zen Larry: raises 20 to 40
Mahu2021: folds 
Sisy_O.: folds 
Uncalled bet (20) returned to Zen Larry
Zen Larry collected 50 from pot
*** SUMMARY ***
Total pot 50 | Rake 0 
Seat 1: Sisy_O. (big blind) folded before Flop
Seat 2: Zen Larry (button) collected (50)
Seat 3: Mahu2021 (small blind) folded before Flop



PokerStars Hand #253159571227: Tournament #3817810132, $1.84+$0.16 USD Hold'em No Limit - Level I (10/20) - 2024/10/29 18:36:57 CET [2024/10/29 13:36:57 ET]
Table '3817810132 1' 3-max Seat #3 is the button
Seat 1: Sisy_O. (450 in chips) 
Seat 2: Zen Larry (500 in chips) 
Seat 3: Mahu2021 (550 in chips) 
Sisy_O.: posts small blind 10
Zen Larry: posts big blind 20
*** HOLE CARDS ***
Dealt to Mahu2021 [Th Jd]
Mahu2021: raises 20 to 40
Sisy_O.: folds 
Zen Larry: calls 20
*** FLOP *** [9h Ah Qh]
Zen Larry: checks 
Mahu2021: checks 
*** TURN *** [9h Ah Qh] [Js]
Zen Larry: bets 20
Mahu2021: calls 20
*** RIVER *** [9h Ah Qh Js] [9d]
Zen Larry: bets 65
Mahu2021: folds 
Uncalled bet (65) returned to Zen Larry
Zen Larry collected 130 from pot
*** SUMMARY ***
Total pot 130 | Rake 0 
Board [9h Ah Qh Js 9d]
Seat 1: Sisy_O. (small blind) folded before Flop
Seat 2: Zen Larry (big blind) collected (130)
Seat 3: Mahu2021 (button) folded on the River



PokerStars Hand #253159576368: Tournament #3817810132, $1.84+$0.16 USD Hold'em No Limit - Level I (10/20) - 2024/10/29 18:37:18 CET [2024/10/29 13:37:18 ET]
Table '3817810132 1' 3-max Seat #1 is the button
Seat 1: Sisy_O. (440 in chips) 
Seat 2: Zen Larry (570 in chips) 
Seat 3: Mahu2021 (490 in chips) 
Zen Larry: posts small blind 10
Mahu2021: posts big blind 20
*** HOLE CARDS ***
Dealt to Mahu2021 [Ad 7h]
Sisy_O.: folds 
Zen Larry: folds 
Uncalled bet (10) returned to Mahu2021
Mahu2021 collected 20 from pot
Mahu2021: doesn't show hand 
*** SUMMARY ***
Total pot 20 | Rake 0 
Seat 1: Sisy_O. (button) folded before Flop (didn't bet)
Seat 2: Zen Larry (small blind) folded before Flop
Seat 3: Mahu2021 (big blind) collected (20)



PokerStars Hand #253159578271: Tournament #3817810132, $1.84+$0.16 USD Hold'em No Limit - Level I (10/20) - 2024/10/29 18:37:25 CET [2024/10/29 13:37:25 ET]
Table '3817810132 1' 3-max Seat #2 is the button
Seat 1: Sisy_O. (440 in chips) 
Seat 2: Zen Larry (560 in chips) 
Seat 3: Mahu2021 (500 in chips) 
Mahu2021: posts small blind 10
Sisy_O.: posts big blind 20
*** HOLE CARDS ***
Dealt to Mahu2021 [Js Ad]
Zen Larry: calls 20
Mahu2021: raises 40 to 60
Sisy_O.: calls 40
Zen Larry: calls 40
*** FLOP *** [Kc 7h Kd]
Mahu2021: checks 
Sisy_O.: bets 90
Zen Larry: folds 
Mahu2021: folds 
Uncalled bet (90) returned to Sisy_O.
Sisy_O. collected 180 from pot
*** SUMMARY ***
Total pot 180 | Rake 0 
Board [Kc 7h Kd]
Seat 1: Sisy_O. (big blind) collected (180)
Seat 2: Zen Larry (button) folded on the Flop
Seat 3: Mahu2021 (small blind) folded on the Flop



PokerStars Hand #253159584276: Tournament #3817810132, $1.84+$0.16 USD Hold'em No Limit - Level I (10/20) - 2024/10/29 18:37:50 CET [2024/10/29 13:37:50 ET]
Table '3817810132 1' 3-max Seat #3 is the button
Seat 1: Sisy_O. (560 in chips) 
Seat 2: Zen Larry (500 in chips) 
Seat 3: Mahu2021 (440 in chips) 
Sisy_O.: posts small blind 10
Zen Larry: posts big blind 20
*** HOLE CARDS ***
Dealt to Mahu2021 [5h Ks]
Mahu2021: calls 20
Sisy_O.: calls 10
Zen Larry: checks 
*** FLOP *** [7d 2c 6c]
Sisy_O.: checks 
Zen Larry: checks 
Mahu2021: checks 
*** TURN *** [7d 2c 6c] [Td]
Sisy_O.: bets 30
Zen Larry: folds 
Mahu2021: folds 
Uncalled bet (30) returned to Sisy_O.
Sisy_O. collected 60 from pot
*** SUMMARY ***
Total pot 60 | Rake 0 
Board [7d 2c 6c Td]
Seat 1: Sisy_O. (small blind) collected (60)
Seat 2: Zen Larry (big blind) folded on the Turn
Seat 3: Mahu2021 (button) folded on the Turn



PokerStars Hand #253159592713: Tournament #3817810132, $1.84+$0.16 USD Hold'em No Limit - Level I (10/20) - 2024/10/29 18:38:24 CET [2024/10/29 13:38:24 ET]
Table '3817810132 1' 3-max Seat #1 is the button
Seat 1: Sisy_O. (600 in chips) 
Seat 2: Zen Larry (480 in chips) 
Seat 3: Mahu2021 (420 in chips) 
Zen Larry: posts small blind 10
Mahu2021: posts big blind 20
*** HOLE CARDS ***
Dealt to Mahu2021 [Ks 7c]
Sisy_O.: folds 
Zen Larry: folds 
Uncalled bet (10) returned to Mahu2021
Mahu2021 collected 20 from pot
Mahu2021: doesn't show hand 
*** SUMMARY ***
Total pot 20 | Rake 0 
Seat 1: Sisy_O. (button) folded before Flop (didn't bet)
Seat 2: Zen Larry (small blind) folded before Flop
Seat 3: Mahu2021 (big blind) collected (20)



PokerStars Hand #253159594596: Tournament #3817810132, $1.84+$0.16 USD Hold'em No Limit - Level I (10/20) - 2024/10/29 18:38:31 CET [2024/10/29 13:38:31 ET]
Table '3817810132 1' 3-max Seat #2 is the button
Seat 1: Sisy_O. (600 in chips) 
Seat 2: Zen Larry (470 in chips) 
Seat 3: Mahu2021 (430 in chips) 
Mahu2021: posts small blind 10
Sisy_O.: posts big blind 20
*** HOLE CARDS ***
Dealt to Mahu2021 [2c 5c]
Zen Larry: folds 
Mahu2021: calls 10
Sisy_O.: raises 40 to 60
Mahu2021: folds 
Uncalled bet (40) returned to Sisy_O.
Sisy_O. collected 40 from pot
*** SUMMARY ***
Total pot 40 | Rake 0 
Seat 1: Sisy_O. (big blind) collected (40)
Seat 2: Zen Larry (button) folded before Flop (didn't bet)
Seat 3: Mahu2021 (small blind) folded before Flop



PokerStars Hand #253159597543: Tournament #3817810132, $1.84+$0.16 USD Hold'em No Limit - Level I (10/20) - 2024/10/29 18:38:43 CET [2024/10/29 13:38:43 ET]
Table '3817810132 1' 3-max Seat #3 is the button
Seat 1: Sisy_O. (620 in chips) 
Seat 2: Zen Larry (470 in chips) 
Seat 3: Mahu2021 (410 in chips) 
Sisy_O.: posts small blind 10
Zen Larry: posts big blind 20
*** HOLE CARDS ***
Dealt to Mahu2021 [8c Kd]
Mahu2021: calls 20
Sisy_O.: folds 
Zen Larry: raises 40 to 60
Mahu2021: calls 40
*** FLOP *** [6s Js 6d]
Zen Larry: bets 65
Mahu2021: folds 
Uncalled bet (65) returned to Zen Larry
Zen Larry collected 130 from pot
*** SUMMARY ***
Total pot 130 | Rake 0 
Board [6s Js 6d]
Seat 1: Sisy_O. (small blind) folded before Flop
Seat 2: Zen Larry (big blind) collected (130)
Seat 3: Mahu2021 (button) folded on the Flop



PokerStars Hand #253159601700: Tournament #3817810132, $1.84+$0.16 USD Hold'em No Limit - Level I (10/20) - 2024/10/29 18:39:00 CET [2024/10/29 13:39:00 ET]
Table '3817810132 1' 3-max Seat #1 is the button
Seat 1: Sisy_O. (610 in chips) 
Seat 2: Zen Larry (540 in chips) 
Seat 3: Mahu2021 (350 in chips) 
Zen Larry: posts small blind 10
Mahu2021: posts big blind 20
*** HOLE CARDS ***
Dealt to Mahu2021 [3h Kh]
Sisy_O.: folds 
Zen Larry: raises 40 to 60
Mahu2021: calls 40
*** FLOP *** [Th 8d 8s]
Zen Larry: bets 60
Mahu2021: calls 60
*** TURN *** [Th 8d 8s] [9d]
Zen Larry: bets 60
Mahu2021: raises 170 to 230 and is all-in
Zen Larry: calls 170
*** RIVER *** [Th 8d 8s 9d] [4s]
*** SHOW DOWN ***
Zen Larry: shows [2h 2c] (two pair, Eights and Deuces)
Mahu2021: shows [3h Kh] (a pair of Eights)
Zen Larry collected 700 from pot
Mahu2021 finished the tournament in 3rd place
*** SUMMARY ***
Total pot 700 | Rake 0 
Board [Th 8d 8s 9d 4s]
Seat 1: Sisy_O. (button) folded before Flop (didn't bet)
Seat 2: Zen Larry (small blind) showed [2h 2c] and won (700) with two pair, Eights and Deuces
Seat 3: Mahu2021 (big blind) showed [3h Kh] and lost with a pair of Eights



