PokerStars Hand #251338608312: Tournament #3774399890, $0.46+$0.04 USD Hold'em No Limit - Level I (10/20) - 2024/07/05 8:46:50 CET [2024/07/05 2:46:50 ET]
Table '3774399890 1' 3-max Seat #1 is the button
Seat 1: cenard (500 in chips) 
Seat 2: pati278 (500 in chips) 
Seat 3: Mahu2021 (500 in chips) 
pati278: posts small blind 10
Mahu2021: posts big blind 20
*** HOLE CARDS ***
Dealt to Mahu2021 [Qd 9c]
cenard: raises 20 to 40
pati278: calls 30
Mahu2021: calls 20
*** FLOP *** [2d 4c 7s]
pati278: checks 
Mahu2021: checks 
cenard: checks 
*** TURN *** [2d 4c 7s] [2c]
pati278: bets 20
Mahu2021: folds 
cenard: raises 20 to 40
pati278: calls 20
*** RIVER *** [2d 4c 7s 2c] [7c]
pati278: checks 
cenard: checks 
*** SHOW DOWN ***
pati278: shows [3s Kc] (two pair, Sevens and Deuces)
cenard: shows [Ah Jd] (two pair, Sevens and Deuces - Ace kicker)
cenard collected 200 from pot
*** SUMMARY ***
Total pot 200 | Rake 0 
Board [2d 4c 7s 2c 7c]
Seat 1: cenard (button) showed [Ah Jd] and won (200) with two pair, Sevens and Deuces
Seat 2: pati278 (small blind) showed [3s Kc] and lost with two pair, Sevens and Deuces
Seat 3: Mahu2021 (big blind) folded on the Turn



PokerStars Hand #251338610760: Tournament #3774399890, $0.46+$0.04 USD Hold'em No Limit - Level I (10/20) - 2024/07/05 8:47:18 CET [2024/07/05 2:47:18 ET]
Table '3774399890 1' 3-max Seat #2 is the button
Seat 1: cenard (620 in chips) 
Seat 2: pati278 (420 in chips) 
Seat 3: Mahu2021 (460 in chips) 
Mahu2021: posts small blind 10
cenard: posts big blind 20
*** HOLE CARDS ***
Dealt to Mahu2021 [8h 8s]
pati278: raises 400 to 420 and is all-in
Mahu2021: raises 40 to 460 and is all-in
cenard: folds 
Uncalled bet (40) returned to Mahu2021
*** FLOP *** [Kh 5c As]
*** TURN *** [Kh 5c As] [Tc]
*** RIVER *** [Kh 5c As Tc] [5h]
*** SHOW DOWN ***
Mahu2021: shows [8h 8s] (two pair, Eights and Fives)
pati278: shows [Ac 5s] (a full house, Fives full of Aces)
pati278 collected 860 from pot
*** SUMMARY ***
Total pot 860 | Rake 0 
Board [Kh 5c As Tc 5h]
Seat 1: cenard (big blind) folded before Flop
Seat 2: pati278 (button) showed [Ac 5s] and won (860) with a full house, Fives full of Aces
Seat 3: Mahu2021 (small blind) showed [8h 8s] and lost with two pair, Eights and Fives



PokerStars Hand #251338612049: Tournament #3774399890, $0.46+$0.04 USD Hold'em No Limit - Level I (10/20) - 2024/07/05 8:47:32 CET [2024/07/05 2:47:32 ET]
Table '3774399890 1' 3-max Seat #3 is the button
Seat 1: cenard (600 in chips) 
Seat 2: pati278 (860 in chips) 
Seat 3: Mahu2021 (40 in chips) 
cenard: posts small blind 10
pati278: posts big blind 20
*** HOLE CARDS ***
Dealt to Mahu2021 [Jc Kd]
Mahu2021: raises 20 to 40 and is all-in
cenard: calls 30
pati278: calls 20
*** FLOP *** [Ts 9h 4d]
cenard: bets 20
pati278: calls 20
*** TURN *** [Ts 9h 4d] [Js]
cenard: bets 20
pati278: calls 20
*** RIVER *** [Ts 9h 4d Js] [8c]
cenard: bets 60
pati278: raises 720 to 780 and is all-in
cenard: calls 460 and is all-in
Uncalled bet (260) returned to pati278
*** SHOW DOWN ***
pati278: shows [3d Qs] (a straight, Eight to Queen)
cenard: shows [7d Jd] (a straight, Seven to Jack)
pati278 collected 1120 from side pot
Mahu2021: shows [Jc Kd] (a pair of Jacks)
pati278 collected 120 from main pot
cenard finished the tournament in 2nd place
Mahu2021 finished the tournament in 3rd place
pati278 wins the tournament - congratulations!
pati278 wins a '$1.50 Power Path Step 2 Ticket' ticket
*** SUMMARY ***
Total pot 1240 Main pot 120. Side pot 1120. | Rake 0 
Board [Ts 9h 4d Js 8c]
Seat 1: cenard (small blind) showed [7d Jd] and lost with a straight, Seven to Jack
Seat 2: pati278 (big blind) showed [3d Qs] and won (1240) with a straight, Eight to Queen
Seat 3: Mahu2021 (button) showed [Jc Kd] and lost with a pair of Jacks



