PokerStars Hand #245460610566: Tournament #3633048367, $0.92+$0.08 USD Hold'em No Limit - Level I (10/20) - 2023/08/18 18:56:24 CET [2023/08/18 12:56:24 ET]
Table '3633048367 1' 3-max Seat #1 is the button
Seat 1: Hashtrood (500 in chips) 
Seat 2: Mr.Up'n'Down (500 in chips) 
Seat 3: Mahu2021 (500 in chips) 
Mr.Up'n'Down: posts small blind 10
Mahu2021: posts big blind 20
*** HOLE CARDS ***
Dealt to Mahu2021 [4s 9s]
Hashtrood: raises 20 to 40
Mr.Up'n'Down: raises 460 to 500 and is all-in
Mahu2021: folds 
Hashtrood: folds 
Uncalled bet (460) returned to Mr.Up'n'Down
Mr.Up'n'Down collected 100 from pot
*** SUMMARY ***
Total pot 100 | Rake 0 
Seat 1: Hashtrood (button) folded before Flop
Seat 2: Mr.Up'n'Down (small blind) collected (100)
Seat 3: Mahu2021 (big blind) folded before Flop



PokerStars Hand #245460612957: Tournament #3633048367, $0.92+$0.08 USD Hold'em No Limit - Level I (10/20) - 2023/08/18 18:56:36 CET [2023/08/18 12:56:36 ET]
Table '3633048367 1' 3-max Seat #2 is the button
Seat 1: Hashtrood (460 in chips) 
Seat 2: Mr.Up'n'Down (560 in chips) 
Seat 3: Mahu2021 (480 in chips) 
Mahu2021: posts small blind 10
Hashtrood: posts big blind 20
*** HOLE CARDS ***
Dealt to Mahu2021 [Jc Kd]
Mr.Up'n'Down: folds 
Mahu2021: calls 10
Hashtrood: checks 
*** FLOP *** [Qd 6s 6h]
Mahu2021: checks 
Hashtrood: checks 
*** TURN *** [Qd 6s 6h] [Qh]
Mahu2021: bets 20
Hashtrood: folds 
Uncalled bet (20) returned to Mahu2021
Mahu2021 collected 40 from pot
Mahu2021: doesn't show hand 
*** SUMMARY ***
Total pot 40 | Rake 0 
Board [Qd 6s 6h Qh]
Seat 1: Hashtrood (big blind) folded on the Turn
Seat 2: Mr.Up'n'Down (button) folded before Flop (didn't bet)
Seat 3: Mahu2021 (small blind) collected (40)



PokerStars Hand #245460616905: Tournament #3633048367, $0.92+$0.08 USD Hold'em No Limit - Level I (10/20) - 2023/08/18 18:56:55 CET [2023/08/18 12:56:55 ET]
Table '3633048367 1' 3-max Seat #3 is the button
Seat 1: Hashtrood (440 in chips) 
Seat 2: Mr.Up'n'Down (560 in chips) 
Seat 3: Mahu2021 (500 in chips) 
Hashtrood: posts small blind 10
Mr.Up'n'Down: posts big blind 20
*** HOLE CARDS ***
Dealt to Mahu2021 [Kc Qh]
Mahu2021: raises 20 to 40
Hashtrood: folds 
Mr.Up'n'Down: raises 520 to 560 and is all-in
Mahu2021: folds 
Uncalled bet (520) returned to Mr.Up'n'Down
Mr.Up'n'Down collected 90 from pot
*** SUMMARY ***
Total pot 90 | Rake 0 
Seat 1: Hashtrood (small blind) folded before Flop
Seat 2: Mr.Up'n'Down (big blind) collected (90)
Seat 3: Mahu2021 (button) folded before Flop



PokerStars Hand #245460621368: Tournament #3633048367, $0.92+$0.08 USD Hold'em No Limit - Level I (10/20) - 2023/08/18 18:57:17 CET [2023/08/18 12:57:17 ET]
Table '3633048367 1' 3-max Seat #1 is the button
Seat 1: Hashtrood (430 in chips) 
Seat 2: Mr.Up'n'Down (610 in chips) 
Seat 3: Mahu2021 (460 in chips) 
Mr.Up'n'Down: posts small blind 10
Mahu2021: posts big blind 20
*** HOLE CARDS ***
Dealt to Mahu2021 [Qc 9s]
Hashtrood: folds 
Mr.Up'n'Down: folds 
Uncalled bet (10) returned to Mahu2021
Mahu2021 collected 20 from pot
Mahu2021: doesn't show hand 
*** SUMMARY ***
Total pot 20 | Rake 0 
Seat 1: Hashtrood (button) folded before Flop (didn't bet)
Seat 2: Mr.Up'n'Down (small blind) folded before Flop
Seat 3: Mahu2021 (big blind) collected (20)



PokerStars Hand #245460622415: Tournament #3633048367, $0.92+$0.08 USD Hold'em No Limit - Level I (10/20) - 2023/08/18 18:57:22 CET [2023/08/18 12:57:22 ET]
Table '3633048367 1' 3-max Seat #2 is the button
Seat 1: Hashtrood (430 in chips) 
Seat 2: Mr.Up'n'Down (600 in chips) 
Seat 3: Mahu2021 (470 in chips) 
Mahu2021: posts small blind 10
Hashtrood: posts big blind 20
*** HOLE CARDS ***
Dealt to Mahu2021 [5d 8c]
Mr.Up'n'Down: folds 
Mahu2021: folds 
Uncalled bet (10) returned to Hashtrood
Hashtrood collected 20 from pot
*** SUMMARY ***
Total pot 20 | Rake 0 
Seat 1: Hashtrood (big blind) collected (20)
Seat 2: Mr.Up'n'Down (button) folded before Flop (didn't bet)
Seat 3: Mahu2021 (small blind) folded before Flop



PokerStars Hand #245460623409: Tournament #3633048367, $0.92+$0.08 USD Hold'em No Limit - Level I (10/20) - 2023/08/18 18:57:26 CET [2023/08/18 12:57:26 ET]
Table '3633048367 1' 3-max Seat #3 is the button
Seat 1: Hashtrood (440 in chips) 
Seat 2: Mr.Up'n'Down (600 in chips) 
Seat 3: Mahu2021 (460 in chips) 
Hashtrood: posts small blind 10
Mr.Up'n'Down: posts big blind 20
*** HOLE CARDS ***
Dealt to Mahu2021 [Td 4c]
Mahu2021: folds 
Hashtrood: folds 
Uncalled bet (10) returned to Mr.Up'n'Down
Mr.Up'n'Down collected 20 from pot
*** SUMMARY ***
Total pot 20 | Rake 0 
Seat 1: Hashtrood (small blind) folded before Flop
Seat 2: Mr.Up'n'Down (big blind) collected (20)
Seat 3: Mahu2021 (button) folded before Flop (didn't bet)



PokerStars Hand #245460624564: Tournament #3633048367, $0.92+$0.08 USD Hold'em No Limit - Level I (10/20) - 2023/08/18 18:57:32 CET [2023/08/18 12:57:32 ET]
Table '3633048367 1' 3-max Seat #1 is the button
Seat 1: Hashtrood (430 in chips) 
Seat 2: Mr.Up'n'Down (610 in chips) 
Seat 3: Mahu2021 (460 in chips) 
Mr.Up'n'Down: posts small blind 10
Mahu2021: posts big blind 20
*** HOLE CARDS ***
Dealt to Mahu2021 [Ad Ah]
Hashtrood: folds 
Mr.Up'n'Down: calls 10
Mahu2021: raises 440 to 460 and is all-in
Mr.Up'n'Down: folds 
Uncalled bet (440) returned to Mahu2021
Mahu2021 collected 40 from pot
Mahu2021: doesn't show hand 
*** SUMMARY ***
Total pot 40 | Rake 0 
Seat 1: Hashtrood (button) folded before Flop (didn't bet)
Seat 2: Mr.Up'n'Down (small blind) folded before Flop
Seat 3: Mahu2021 (big blind) collected (40)



PokerStars Hand #245460627475: Tournament #3633048367, $0.92+$0.08 USD Hold'em No Limit - Level I (10/20) - 2023/08/18 18:57:46 CET [2023/08/18 12:57:46 ET]
Table '3633048367 1' 3-max Seat #2 is the button
Seat 1: Hashtrood (430 in chips) 
Seat 2: Mr.Up'n'Down (590 in chips) 
Seat 3: Mahu2021 (480 in chips) 
Mahu2021: posts small blind 10
Hashtrood: posts big blind 20
*** HOLE CARDS ***
Dealt to Mahu2021 [6h Th]
Mr.Up'n'Down: raises 50 to 70
Mahu2021: folds 
Hashtrood: raises 360 to 430 and is all-in
Mr.Up'n'Down: calls 360
*** FLOP *** [Jd 5h Jh]
*** TURN *** [Jd 5h Jh] [7c]
*** RIVER *** [Jd 5h Jh 7c] [4h]
*** SHOW DOWN ***
Hashtrood: shows [Ac Ah] (two pair, Aces and Jacks)
Mr.Up'n'Down: shows [As 3s] (a pair of Jacks)
Hashtrood collected 870 from pot
*** SUMMARY ***
Total pot 870 | Rake 0 
Board [Jd 5h Jh 7c 4h]
Seat 1: Hashtrood (big blind) showed [Ac Ah] and won (870) with two pair, Aces and Jacks
Seat 2: Mr.Up'n'Down (button) showed [As 3s] and lost with a pair of Jacks
Seat 3: Mahu2021 (small blind) folded before Flop



PokerStars Hand #245460631421: Tournament #3633048367, $0.92+$0.08 USD Hold'em No Limit - Level I (10/20) - 2023/08/18 18:58:05 CET [2023/08/18 12:58:05 ET]
Table '3633048367 1' 3-max Seat #3 is the button
Seat 1: Hashtrood (870 in chips) 
Seat 2: Mr.Up'n'Down (160 in chips) 
Seat 3: Mahu2021 (470 in chips) 
Hashtrood: posts small blind 10
Mr.Up'n'Down: posts big blind 20
*** HOLE CARDS ***
Dealt to Mahu2021 [4c 6h]
Mahu2021: folds 
Hashtrood: calls 10
Mr.Up'n'Down: checks 
*** FLOP *** [Js 9s Jd]
Hashtrood: checks 
Mr.Up'n'Down: checks 
*** TURN *** [Js 9s Jd] [Ad]
Hashtrood: bets 20
Mr.Up'n'Down: folds 
Uncalled bet (20) returned to Hashtrood
Hashtrood collected 40 from pot
*** SUMMARY ***
Total pot 40 | Rake 0 
Board [Js 9s Jd Ad]
Seat 1: Hashtrood (small blind) collected (40)
Seat 2: Mr.Up'n'Down (big blind) folded on the Turn
Seat 3: Mahu2021 (button) folded before Flop (didn't bet)



PokerStars Hand #245460634284: Tournament #3633048367, $0.92+$0.08 USD Hold'em No Limit - Level I (10/20) - 2023/08/18 18:58:19 CET [2023/08/18 12:58:19 ET]
Table '3633048367 1' 3-max Seat #1 is the button
Seat 1: Hashtrood (890 in chips) 
Seat 2: Mr.Up'n'Down (140 in chips) 
Seat 3: Mahu2021 (470 in chips) 
Mr.Up'n'Down: posts small blind 10
Mahu2021: posts big blind 20
*** HOLE CARDS ***
Dealt to Mahu2021 [6c Th]
Hashtrood: folds 
Mr.Up'n'Down: folds 
Uncalled bet (10) returned to Mahu2021
Mahu2021 collected 20 from pot
Mahu2021: doesn't show hand 
*** SUMMARY ***
Total pot 20 | Rake 0 
Seat 1: Hashtrood (button) folded before Flop (didn't bet)
Seat 2: Mr.Up'n'Down (small blind) folded before Flop
Seat 3: Mahu2021 (big blind) collected (20)



PokerStars Hand #245460635648: Tournament #3633048367, $0.92+$0.08 USD Hold'em No Limit - Level I (10/20) - 2023/08/18 18:58:26 CET [2023/08/18 12:58:26 ET]
Table '3633048367 1' 3-max Seat #2 is the button
Seat 1: Hashtrood (890 in chips) 
Seat 2: Mr.Up'n'Down (130 in chips) 
Seat 3: Mahu2021 (480 in chips) 
Mahu2021: posts small blind 10
Hashtrood: posts big blind 20
*** HOLE CARDS ***
Dealt to Mahu2021 [Qd 4c]
Mr.Up'n'Down: raises 110 to 130 and is all-in
Mahu2021: folds 
Hashtrood: calls 110
*** FLOP *** [6d Jh Ad]
*** TURN *** [6d Jh Ad] [Js]
*** RIVER *** [6d Jh Ad Js] [3d]
*** SHOW DOWN ***
Hashtrood: shows [As 8s] (two pair, Aces and Jacks)
Mr.Up'n'Down: shows [7s Kh] (a pair of Jacks)
Hashtrood collected 270 from pot
Mr.Up'n'Down finished the tournament in 3rd place
*** SUMMARY ***
Total pot 270 | Rake 0 
Board [6d Jh Ad Js 3d]
Seat 1: Hashtrood (big blind) showed [As 8s] and won (270) with two pair, Aces and Jacks
Seat 2: Mr.Up'n'Down (button) showed [7s Kh] and lost with a pair of Jacks
Seat 3: Mahu2021 (small blind) folded before Flop



PokerStars Hand #245460639284: Tournament #3633048367, $0.92+$0.08 USD Hold'em No Limit - Level I (10/20) - 2023/08/18 18:58:43 CET [2023/08/18 12:58:43 ET]
Table '3633048367 1' 3-max Seat #1 is the button
Seat 1: Hashtrood (1030 in chips) 
Seat 3: Mahu2021 (470 in chips) 
Hashtrood: posts small blind 10
Mahu2021: posts big blind 20
*** HOLE CARDS ***
Dealt to Mahu2021 [Ks 9d]
Hashtrood: calls 10
Mahu2021: checks 
*** FLOP *** [Ah 9h Th]
Mahu2021: checks 
Hashtrood: checks 
*** TURN *** [Ah 9h Th] [2c]
Mahu2021: checks 
Hashtrood: bets 20
Mahu2021: calls 20
*** RIVER *** [Ah 9h Th 2c] [Kd]
Mahu2021: checks 
Hashtrood: bets 80
Mahu2021: calls 80
*** SHOW DOWN ***
Hashtrood: shows [2h 3c] (a pair of Deuces)
Mahu2021: shows [Ks 9d] (two pair, Kings and Nines)
Mahu2021 collected 240 from pot
*** SUMMARY ***
Total pot 240 | Rake 0 
Board [Ah 9h Th 2c Kd]
Seat 1: Hashtrood (button) (small blind) showed [2h 3c] and lost with a pair of Deuces
Seat 3: Mahu2021 (big blind) showed [Ks 9d] and won (240) with two pair, Kings and Nines



PokerStars Hand #245460643349: Tournament #3633048367, $0.92+$0.08 USD Hold'em No Limit - Level I (10/20) - 2023/08/18 18:59:02 CET [2023/08/18 12:59:02 ET]
Table '3633048367 1' 3-max Seat #3 is the button
Seat 1: Hashtrood (910 in chips) 
Seat 3: Mahu2021 (590 in chips) 
Mahu2021: posts small blind 10
Hashtrood: posts big blind 20
*** HOLE CARDS ***
Dealt to Mahu2021 [8h 6s]
Mahu2021: folds 
Uncalled bet (10) returned to Hashtrood
Hashtrood collected 20 from pot
*** SUMMARY ***
Total pot 20 | Rake 0 
Seat 1: Hashtrood (big blind) collected (20)
Seat 3: Mahu2021 (button) (small blind) folded before Flop



PokerStars Hand #245460644424: Tournament #3633048367, $0.92+$0.08 USD Hold'em No Limit - Level I (10/20) - 2023/08/18 18:59:08 CET [2023/08/18 12:59:08 ET]
Table '3633048367 1' 3-max Seat #1 is the button
Seat 1: Hashtrood (920 in chips) 
Seat 3: Mahu2021 (580 in chips) 
Hashtrood: posts small blind 10
Mahu2021: posts big blind 20
*** HOLE CARDS ***
Dealt to Mahu2021 [Qs 4d]
Hashtrood: raises 20 to 40
Mahu2021: folds 
Uncalled bet (20) returned to Hashtrood
Hashtrood collected 40 from pot
*** SUMMARY ***
Total pot 40 | Rake 0 
Seat 1: Hashtrood (button) (small blind) collected (40)
Seat 3: Mahu2021 (big blind) folded before Flop



PokerStars Hand #245460645699: Tournament #3633048367, $0.92+$0.08 USD Hold'em No Limit - Level I (10/20) - 2023/08/18 18:59:14 CET [2023/08/18 12:59:14 ET]
Table '3633048367 1' 3-max Seat #3 is the button
Seat 1: Hashtrood (940 in chips) 
Seat 3: Mahu2021 (560 in chips) 
Mahu2021: posts small blind 10
Hashtrood: posts big blind 20
*** HOLE CARDS ***
Dealt to Mahu2021 [Tc 6c]
Mahu2021: calls 10
Hashtrood: checks 
*** FLOP *** [Kc 3c 4h]
Hashtrood: bets 20
Mahu2021: calls 20
*** TURN *** [Kc 3c 4h] [3h]
Hashtrood: bets 40
Mahu2021: calls 40
*** RIVER *** [Kc 3c 4h 3h] [8d]
Hashtrood: bets 80
Mahu2021: folds 
Uncalled bet (80) returned to Hashtrood
Hashtrood collected 160 from pot
*** SUMMARY ***
Total pot 160 | Rake 0 
Board [Kc 3c 4h 3h 8d]
Seat 1: Hashtrood (big blind) collected (160)
Seat 3: Mahu2021 (button) (small blind) folded on the River



PokerStars Hand #245460650039: Tournament #3633048367, $0.92+$0.08 USD Hold'em No Limit - Level II (15/30) - 2023/08/18 18:59:35 CET [2023/08/18 12:59:35 ET]
Table '3633048367 1' 3-max Seat #1 is the button
Seat 1: Hashtrood (1020 in chips) 
Seat 3: Mahu2021 (480 in chips) 
Hashtrood: posts small blind 15
Mahu2021: posts big blind 30
*** HOLE CARDS ***
Dealt to Mahu2021 [Jh 9h]
Hashtrood: calls 15
Mahu2021: checks 
*** FLOP *** [Kc 8s Ah]
Mahu2021: checks 
Hashtrood: checks 
*** TURN *** [Kc 8s Ah] [8h]
Mahu2021: bets 60
Hashtrood: folds 
Uncalled bet (60) returned to Mahu2021
Mahu2021 collected 60 from pot
Mahu2021: doesn't show hand 
*** SUMMARY ***
Total pot 60 | Rake 0 
Board [Kc 8s Ah 8h]
Seat 1: Hashtrood (button) (small blind) folded on the Turn
Seat 3: Mahu2021 (big blind) collected (60)



PokerStars Hand #245460652738: Tournament #3633048367, $0.92+$0.08 USD Hold'em No Limit - Level II (15/30) - 2023/08/18 18:59:48 CET [2023/08/18 12:59:48 ET]
Table '3633048367 1' 3-max Seat #3 is the button
Seat 1: Hashtrood (990 in chips) 
Seat 3: Mahu2021 (510 in chips) 
Mahu2021: posts small blind 15
Hashtrood: posts big blind 30
*** HOLE CARDS ***
Dealt to Mahu2021 [Js 8c]
Mahu2021: calls 15
Hashtrood: raises 60 to 90
Mahu2021: calls 60
*** FLOP *** [5h 9d 9h]
Hashtrood: bets 90
Mahu2021: folds 
Uncalled bet (90) returned to Hashtrood
Hashtrood collected 180 from pot
*** SUMMARY ***
Total pot 180 | Rake 0 
Board [5h 9d 9h]
Seat 1: Hashtrood (big blind) collected (180)
Seat 3: Mahu2021 (button) (small blind) folded on the Flop



PokerStars Hand #245460655381: Tournament #3633048367, $0.92+$0.08 USD Hold'em No Limit - Level II (15/30) - 2023/08/18 19:00:00 CET [2023/08/18 13:00:00 ET]
Table '3633048367 1' 3-max Seat #1 is the button
Seat 1: Hashtrood (1080 in chips) 
Seat 3: Mahu2021 (420 in chips) 
Hashtrood: posts small blind 15
Mahu2021: posts big blind 30
*** HOLE CARDS ***
Dealt to Mahu2021 [9h Kd]
Hashtrood: calls 15
Mahu2021: checks 
*** FLOP *** [Jh Qc 7d]
Mahu2021: checks 
Hashtrood: bets 30
Mahu2021: calls 30
*** TURN *** [Jh Qc 7d] [7h]
Mahu2021: checks 
Hashtrood: bets 30
Mahu2021: raises 330 to 360 and is all-in
Hashtrood: folds 
Uncalled bet (330) returned to Mahu2021
Mahu2021 collected 180 from pot
Mahu2021: doesn't show hand 
*** SUMMARY ***
Total pot 180 | Rake 0 
Board [Jh Qc 7d 7h]
Seat 1: Hashtrood (button) (small blind) folded on the Turn
Seat 3: Mahu2021 (big blind) collected (180)



PokerStars Hand #245460660258: Tournament #3633048367, $0.92+$0.08 USD Hold'em No Limit - Level II (15/30) - 2023/08/18 19:00:22 CET [2023/08/18 13:00:22 ET]
Table '3633048367 1' 3-max Seat #3 is the button
Seat 1: Hashtrood (990 in chips) 
Seat 3: Mahu2021 (510 in chips) 
Mahu2021: posts small blind 15
Hashtrood: posts big blind 30
*** HOLE CARDS ***
Dealt to Mahu2021 [Kd 8c]
Mahu2021: calls 15
Hashtrood: checks 
*** FLOP *** [4d 4h 5s]
Hashtrood: checks 
Mahu2021: checks 
*** TURN *** [4d 4h 5s] [2h]
Hashtrood: checks 
Mahu2021: checks 
*** RIVER *** [4d 4h 5s 2h] [Jh]
Hashtrood: bets 60
Mahu2021: folds 
Uncalled bet (60) returned to Hashtrood
Hashtrood collected 60 from pot
*** SUMMARY ***
Total pot 60 | Rake 0 
Board [4d 4h 5s 2h Jh]
Seat 1: Hashtrood (big blind) collected (60)
Seat 3: Mahu2021 (button) (small blind) folded on the River



PokerStars Hand #245460663578: Tournament #3633048367, $0.92+$0.08 USD Hold'em No Limit - Level II (15/30) - 2023/08/18 19:00:38 CET [2023/08/18 13:00:38 ET]
Table '3633048367 1' 3-max Seat #1 is the button
Seat 1: Hashtrood (1020 in chips) 
Seat 3: Mahu2021 (480 in chips) 
Hashtrood: posts small blind 15
Mahu2021: posts big blind 30
*** HOLE CARDS ***
Dealt to Mahu2021 [8c 2h]
Hashtrood: raises 30 to 60
Mahu2021: folds 
Uncalled bet (30) returned to Hashtrood
Hashtrood collected 60 from pot
*** SUMMARY ***
Total pot 60 | Rake 0 
Seat 1: Hashtrood (button) (small blind) collected (60)
Seat 3: Mahu2021 (big blind) folded before Flop



PokerStars Hand #245460664819: Tournament #3633048367, $0.92+$0.08 USD Hold'em No Limit - Level II (15/30) - 2023/08/18 19:00:43 CET [2023/08/18 13:00:43 ET]
Table '3633048367 1' 3-max Seat #3 is the button
Seat 1: Hashtrood (1050 in chips) 
Seat 3: Mahu2021 (450 in chips) 
Mahu2021: posts small blind 15
Hashtrood: posts big blind 30
*** HOLE CARDS ***
Dealt to Mahu2021 [3h Qc]
Mahu2021: folds 
Uncalled bet (15) returned to Hashtrood
Hashtrood collected 30 from pot
*** SUMMARY ***
Total pot 30 | Rake 0 
Seat 1: Hashtrood (big blind) collected (30)
Seat 3: Mahu2021 (button) (small blind) folded before Flop



PokerStars Hand #245460665902: Tournament #3633048367, $0.92+$0.08 USD Hold'em No Limit - Level II (15/30) - 2023/08/18 19:00:48 CET [2023/08/18 13:00:48 ET]
Table '3633048367 1' 3-max Seat #1 is the button
Seat 1: Hashtrood (1065 in chips) 
Seat 3: Mahu2021 (435 in chips) 
Hashtrood: posts small blind 15
Mahu2021: posts big blind 30
*** HOLE CARDS ***
Dealt to Mahu2021 [2d 5d]
Hashtrood: calls 15
Mahu2021: checks 
*** FLOP *** [7h Qh 3c]
Mahu2021: checks 
Hashtrood: checks 
*** TURN *** [7h Qh 3c] [Qs]
Mahu2021: checks 
Hashtrood: checks 
*** RIVER *** [7h Qh 3c Qs] [Qd]
Mahu2021: checks 
Hashtrood: checks 
*** SHOW DOWN ***
Mahu2021: shows [2d 5d] (three of a kind, Queens)
Hashtrood: shows [5s As] (three of a kind, Queens - Ace kicker)
Hashtrood collected 60 from pot
*** SUMMARY ***
Total pot 60 | Rake 0 
Board [7h Qh 3c Qs Qd]
Seat 1: Hashtrood (button) (small blind) showed [5s As] and won (60) with three of a kind, Queens
Seat 3: Mahu2021 (big blind) showed [2d 5d] and lost with three of a kind, Queens



PokerStars Hand #245460669206: Tournament #3633048367, $0.92+$0.08 USD Hold'em No Limit - Level II (15/30) - 2023/08/18 19:01:02 CET [2023/08/18 13:01:02 ET]
Table '3633048367 1' 3-max Seat #3 is the button
Seat 1: Hashtrood (1095 in chips) 
Seat 3: Mahu2021 (405 in chips) 
Mahu2021: posts small blind 15
Hashtrood: posts big blind 30
*** HOLE CARDS ***
Dealt to Mahu2021 [Kh 7s]
Mahu2021: calls 15
Hashtrood: checks 
*** FLOP *** [8d 7h 6c]
Hashtrood: checks 
Mahu2021: bets 30
Hashtrood: folds 
Uncalled bet (30) returned to Mahu2021
Mahu2021 collected 60 from pot
Mahu2021: doesn't show hand 
*** SUMMARY ***
Total pot 60 | Rake 0 
Board [8d 7h 6c]
Seat 1: Hashtrood (big blind) folded on the Flop
Seat 3: Mahu2021 (button) (small blind) collected (60)



PokerStars Hand #245460671990: Tournament #3633048367, $0.92+$0.08 USD Hold'em No Limit - Level II (15/30) - 2023/08/18 19:01:13 CET [2023/08/18 13:01:13 ET]
Table '3633048367 1' 3-max Seat #1 is the button
Seat 1: Hashtrood (1065 in chips) 
Seat 3: Mahu2021 (435 in chips) 
Hashtrood: posts small blind 15
Mahu2021: posts big blind 30
*** HOLE CARDS ***
Dealt to Mahu2021 [Qd 7h]
Hashtrood: calls 15
Mahu2021: checks 
*** FLOP *** [Qh 6s 8h]
Mahu2021: bets 30
Hashtrood: calls 30
*** TURN *** [Qh 6s 8h] [4d]
Mahu2021: bets 30
Hashtrood: calls 30
*** RIVER *** [Qh 6s 8h 4d] [Kd]
Mahu2021: bets 30
Hashtrood: calls 30
*** SHOW DOWN ***
Mahu2021: shows [Qd 7h] (a pair of Queens)
Hashtrood: mucks hand 
Mahu2021 collected 240 from pot
*** SUMMARY ***
Total pot 240 | Rake 0 
Board [Qh 6s 8h 4d Kd]
Seat 1: Hashtrood (button) (small blind) mucked [5h 8c]
Seat 3: Mahu2021 (big blind) showed [Qd 7h] and won (240) with a pair of Queens



PokerStars Hand #245460675846: Tournament #3633048367, $0.92+$0.08 USD Hold'em No Limit - Level II (15/30) - 2023/08/18 19:01:29 CET [2023/08/18 13:01:29 ET]
Table '3633048367 1' 3-max Seat #3 is the button
Seat 1: Hashtrood (945 in chips) 
Seat 3: Mahu2021 (555 in chips) 
Mahu2021: posts small blind 15
Hashtrood: posts big blind 30
*** HOLE CARDS ***
Dealt to Mahu2021 [Kc 3d]
Mahu2021: calls 15
Hashtrood: raises 60 to 90
Mahu2021: folds 
Uncalled bet (60) returned to Hashtrood
Hashtrood collected 60 from pot
*** SUMMARY ***
Total pot 60 | Rake 0 
Seat 1: Hashtrood (big blind) collected (60)
Seat 3: Mahu2021 (button) (small blind) folded before Flop



PokerStars Hand #245460677753: Tournament #3633048367, $0.92+$0.08 USD Hold'em No Limit - Level II (15/30) - 2023/08/18 19:01:37 CET [2023/08/18 13:01:37 ET]
Table '3633048367 1' 3-max Seat #1 is the button
Seat 1: Hashtrood (975 in chips) 
Seat 3: Mahu2021 (525 in chips) 
Hashtrood: posts small blind 15
Mahu2021: posts big blind 30
*** HOLE CARDS ***
Dealt to Mahu2021 [Qs Ts]
Hashtrood: raises 60 to 90
Mahu2021: calls 60
*** FLOP *** [8d Js 9c]
Mahu2021: checks 
Hashtrood: checks 
*** TURN *** [8d Js 9c] [Ks]
Mahu2021: checks 
Hashtrood: bets 90
Mahu2021: raises 90 to 180
Hashtrood: calls 90
*** RIVER *** [8d Js 9c Ks] [2s]
Mahu2021: bets 255 and is all-in
Hashtrood: folds 
Uncalled bet (255) returned to Mahu2021
Mahu2021 collected 540 from pot
Mahu2021: doesn't show hand 
*** SUMMARY ***
Total pot 540 | Rake 0 
Board [8d Js 9c Ks 2s]
Seat 1: Hashtrood (button) (small blind) folded on the River
Seat 3: Mahu2021 (big blind) collected (540)



PokerStars Hand #245460684900: Tournament #3633048367, $0.92+$0.08 USD Hold'em No Limit - Level II (15/30) - 2023/08/18 19:02:05 CET [2023/08/18 13:02:05 ET]
Table '3633048367 1' 3-max Seat #3 is the button
Seat 1: Hashtrood (705 in chips) 
Seat 3: Mahu2021 (795 in chips) 
Mahu2021: posts small blind 15
Hashtrood: posts big blind 30
*** HOLE CARDS ***
Dealt to Mahu2021 [Jh Jc]
Mahu2021: raises 765 to 795 and is all-in
Hashtrood: folds 
Uncalled bet (765) returned to Mahu2021
Mahu2021 collected 60 from pot
Mahu2021: doesn't show hand 
*** SUMMARY ***
Total pot 60 | Rake 0 
Seat 1: Hashtrood (big blind) folded before Flop
Seat 3: Mahu2021 (button) (small blind) collected (60)



PokerStars Hand #245460686839: Tournament #3633048367, $0.92+$0.08 USD Hold'em No Limit - Level II (15/30) - 2023/08/18 19:02:11 CET [2023/08/18 13:02:11 ET]
Table '3633048367 1' 3-max Seat #1 is the button
Seat 1: Hashtrood (675 in chips) 
Seat 3: Mahu2021 (825 in chips) 
Hashtrood: posts small blind 15
Mahu2021: posts big blind 30
*** HOLE CARDS ***
Dealt to Mahu2021 [Ts 7d]
Hashtrood: calls 15
Mahu2021: checks 
*** FLOP *** [Ad 3s 4d]
Mahu2021: checks 
Hashtrood: checks 
*** TURN *** [Ad 3s 4d] [Jh]
Mahu2021: checks 
Hashtrood: checks 
*** RIVER *** [Ad 3s 4d Jh] [Js]
Mahu2021: bets 30
Hashtrood: folds 
Uncalled bet (30) returned to Mahu2021
Mahu2021 collected 60 from pot
Mahu2021: doesn't show hand 
*** SUMMARY ***
Total pot 60 | Rake 0 
Board [Ad 3s 4d Jh Js]
Seat 1: Hashtrood (button) (small blind) folded on the River
Seat 3: Mahu2021 (big blind) collected (60)



PokerStars Hand #245460692191: Tournament #3633048367, $0.92+$0.08 USD Hold'em No Limit - Level III (20/40) - 2023/08/18 19:02:31 CET [2023/08/18 13:02:31 ET]
Table '3633048367 1' 3-max Seat #3 is the button
Seat 1: Hashtrood (645 in chips) 
Seat 3: Mahu2021 (855 in chips) 
Mahu2021: posts small blind 20
Hashtrood: posts big blind 40
*** HOLE CARDS ***
Dealt to Mahu2021 [Qd Qc]
Mahu2021: calls 20
Hashtrood: raises 80 to 120
Mahu2021: raises 735 to 855 and is all-in
Hashtrood: calls 525 and is all-in
Uncalled bet (210) returned to Mahu2021
*** FLOP *** [7s Ah 2s]
*** TURN *** [7s Ah 2s] [8d]
*** RIVER *** [7s Ah 2s 8d] [8c]
*** SHOW DOWN ***
Hashtrood: shows [9h Jh] (a pair of Eights)
Mahu2021: shows [Qd Qc] (two pair, Queens and Eights)
Mahu2021 collected 1290 from pot
Hashtrood finished the tournament in 2nd place
Mahu2021 wins the tournament and receives $3.00 - congratulations!
*** SUMMARY ***
Total pot 1290 | Rake 0 
Board [7s Ah 2s 8d 8c]
Seat 1: Hashtrood (big blind) showed [9h Jh] and lost with a pair of Eights
Seat 3: Mahu2021 (button) (small blind) showed [Qd Qc] and won (1290) with two pair, Queens and Eights



