PokerStars Hand #247127524627: Tournament #3673664949, $9.30+$0.70 USD Hold'em No Limit - Level I (10/20) - 2023/11/15 21:12:43 CET [2023/11/15 15:12:43 ET]
Table '3673664949 1' 3-max Seat #1 is the button
Seat 1: ÉnMikike (500 in chips) 
Seat 2: Mahu2021 (500 in chips) 
Seat 3: Fantom4168 (500 in chips) 
Mahu2021: posts small blind 10
Fantom4168: posts big blind 20
*** HOLE CARDS ***
Dealt to Mahu2021 [Td Ah]
ÉnMikike: folds 
Mahu2021: raises 40 to 60
Fantom4168: folds 
Uncalled bet (40) returned to Mahu2021
Mahu2021 collected 40 from pot
Mahu2021: doesn't show hand 
*** SUMMARY ***
Total pot 40 | Rake 0 
Seat 1: ÉnMikike (button) folded before Flop (didn't bet)
Seat 2: Mahu2021 (small blind) collected (40)
Seat 3: Fantom4168 (big blind) folded before Flop



PokerStars Hand #247127529970: Tournament #3673664949, $9.30+$0.70 USD Hold'em No Limit - Level I (10/20) - 2023/11/15 21:12:58 CET [2023/11/15 15:12:58 ET]
Table '3673664949 1' 3-max Seat #2 is the button
Seat 1: ÉnMikike (500 in chips) 
Seat 2: Mahu2021 (520 in chips) 
Seat 3: Fantom4168 (480 in chips) 
Fantom4168: posts small blind 10
ÉnMikike: posts big blind 20
*** HOLE CARDS ***
Dealt to Mahu2021 [Th 3s]
Mahu2021: folds 
Fantom4168: calls 10
ÉnMikike: raises 30 to 50
Fantom4168: calls 30
*** FLOP *** [8d Qs Kc]
Fantom4168: checks 
ÉnMikike: bets 50
Fantom4168: folds 
Uncalled bet (50) returned to ÉnMikike
ÉnMikike collected 100 from pot
ÉnMikike: doesn't show hand 
*** SUMMARY ***
Total pot 100 | Rake 0 
Board [8d Qs Kc]
Seat 1: ÉnMikike (big blind) collected (100)
Seat 2: Mahu2021 (button) folded before Flop (didn't bet)
Seat 3: Fantom4168 (small blind) folded on the Flop



PokerStars Hand #247127542890: Tournament #3673664949, $9.30+$0.70 USD Hold'em No Limit - Level I (10/20) - 2023/11/15 21:13:34 CET [2023/11/15 15:13:34 ET]
Table '3673664949 1' 3-max Seat #3 is the button
Seat 1: ÉnMikike (550 in chips) 
Seat 2: Mahu2021 (520 in chips) 
Seat 3: Fantom4168 (430 in chips) 
ÉnMikike: posts small blind 10
Mahu2021: posts big blind 20
*** HOLE CARDS ***
Dealt to Mahu2021 [9s As]
Fantom4168: calls 20
ÉnMikike: folds 
Mahu2021: checks 
*** FLOP *** [6s 6c 4d]
Mahu2021: checks 
Fantom4168: checks 
*** TURN *** [6s 6c 4d] [Jc]
Mahu2021: checks 
Fantom4168: bets 20
Mahu2021: calls 20
*** RIVER *** [6s 6c 4d Jc] [7s]
Mahu2021: checks 
Fantom4168: checks 
*** SHOW DOWN ***
Mahu2021: shows [9s As] (a pair of Sixes)
Fantom4168: shows [Ah Qd] (a pair of Sixes - Ace+Queen kicker)
Fantom4168 collected 90 from pot
*** SUMMARY ***
Total pot 90 | Rake 0 
Board [6s 6c 4d Jc 7s]
Seat 1: ÉnMikike (small blind) folded before Flop
Seat 2: Mahu2021 (big blind) showed [9s As] and lost with a pair of Sixes
Seat 3: Fantom4168 (button) showed [Ah Qd] and won (90) with a pair of Sixes



PokerStars Hand #247127550740: Tournament #3673664949, $9.30+$0.70 USD Hold'em No Limit - Level I (10/20) - 2023/11/15 21:13:56 CET [2023/11/15 15:13:56 ET]
Table '3673664949 1' 3-max Seat #1 is the button
Seat 1: ÉnMikike (540 in chips) 
Seat 2: Mahu2021 (480 in chips) 
Seat 3: Fantom4168 (480 in chips) 
Mahu2021: posts small blind 10
Fantom4168: posts big blind 20
*** HOLE CARDS ***
Dealt to Mahu2021 [3s 4s]
ÉnMikike: raises 20 to 40
Mahu2021: calls 30
Fantom4168: folds 
*** FLOP *** [5h 6c Jh]
Mahu2021: checks 
ÉnMikike: checks 
*** TURN *** [5h 6c Jh] [Kh]
Mahu2021: checks 
ÉnMikike: checks 
*** RIVER *** [5h 6c Jh Kh] [Ah]
Mahu2021: checks 
ÉnMikike: checks 
*** SHOW DOWN ***
Mahu2021: shows [3s 4s] (high card Ace)
ÉnMikike: shows [Qd Ad] (a pair of Aces)
ÉnMikike collected 100 from pot
*** SUMMARY ***
Total pot 100 | Rake 0 
Board [5h 6c Jh Kh Ah]
Seat 1: ÉnMikike (button) showed [Qd Ad] and won (100) with a pair of Aces
Seat 2: Mahu2021 (small blind) showed [3s 4s] and lost with high card Ace
Seat 3: Fantom4168 (big blind) folded before Flop



PokerStars Hand #247127564275: Tournament #3673664949, $9.30+$0.70 USD Hold'em No Limit - Level I (10/20) - 2023/11/15 21:14:34 CET [2023/11/15 15:14:34 ET]
Table '3673664949 1' 3-max Seat #2 is the button
Seat 1: ÉnMikike (600 in chips) 
Seat 2: Mahu2021 (440 in chips) 
Seat 3: Fantom4168 (460 in chips) 
Fantom4168: posts small blind 10
ÉnMikike: posts big blind 20
*** HOLE CARDS ***
Dealt to Mahu2021 [Ac Js]
Mahu2021: raises 20 to 40
Fantom4168: folds 
ÉnMikike: calls 20
*** FLOP *** [2s 6d 5c]
ÉnMikike: checks 
Mahu2021: bets 40
ÉnMikike: calls 40
*** TURN *** [2s 6d 5c] [Th]
ÉnMikike: checks 
Mahu2021: checks 
*** RIVER *** [2s 6d 5c Th] [6c]
ÉnMikike: bets 153
Mahu2021: folds 
Uncalled bet (153) returned to ÉnMikike
ÉnMikike collected 170 from pot
ÉnMikike: doesn't show hand 
*** SUMMARY ***
Total pot 170 | Rake 0 
Board [2s 6d 5c Th 6c]
Seat 1: ÉnMikike (big blind) collected (170)
Seat 2: Mahu2021 (button) folded on the River
Seat 3: Fantom4168 (small blind) folded before Flop



PokerStars Hand #247127579621: Tournament #3673664949, $9.30+$0.70 USD Hold'em No Limit - Level I (10/20) - 2023/11/15 21:15:16 CET [2023/11/15 15:15:16 ET]
Table '3673664949 1' 3-max Seat #3 is the button
Seat 1: ÉnMikike (690 in chips) 
Seat 2: Mahu2021 (360 in chips) 
Seat 3: Fantom4168 (450 in chips) 
ÉnMikike: posts small blind 10
Mahu2021: posts big blind 20
*** HOLE CARDS ***
Dealt to Mahu2021 [3h Jh]
Fantom4168: calls 20
ÉnMikike: folds 
Mahu2021: checks 
*** FLOP *** [Js 9c Th]
Mahu2021: bets 50
Fantom4168: calls 50
*** TURN *** [Js 9c Th] [2c]
Mahu2021: checks 
Fantom4168: checks 
*** RIVER *** [Js 9c Th 2c] [2s]
Mahu2021: bets 150
Fantom4168: folds 
Uncalled bet (150) returned to Mahu2021
Mahu2021 collected 150 from pot
Mahu2021: doesn't show hand 
*** SUMMARY ***
Total pot 150 | Rake 0 
Board [Js 9c Th 2c 2s]
Seat 1: ÉnMikike (small blind) folded before Flop
Seat 2: Mahu2021 (big blind) collected (150)
Seat 3: Fantom4168 (button) folded on the River



PokerStars Hand #247127593357: Tournament #3673664949, $9.30+$0.70 USD Hold'em No Limit - Level II (15/30) - 2023/11/15 21:15:55 CET [2023/11/15 15:15:55 ET]
Table '3673664949 1' 3-max Seat #1 is the button
Seat 1: ÉnMikike (680 in chips) 
Seat 2: Mahu2021 (440 in chips) 
Seat 3: Fantom4168 (380 in chips) 
Mahu2021: posts small blind 15
Fantom4168: posts big blind 30
*** HOLE CARDS ***
Dealt to Mahu2021 [7d 8s]
ÉnMikike: folds 
Mahu2021: calls 15
Fantom4168: checks 
*** FLOP *** [Ah 5c 2s]
Mahu2021: checks 
Fantom4168: checks 
*** TURN *** [Ah 5c 2s] [As]
Mahu2021: bets 30
Fantom4168: calls 30
*** RIVER *** [Ah 5c 2s As] [3d]
Mahu2021: checks 
Fantom4168: bets 30
Mahu2021: folds 
Uncalled bet (30) returned to Fantom4168
Fantom4168 collected 120 from pot
Fantom4168: doesn't show hand 
*** SUMMARY ***
Total pot 120 | Rake 0 
Board [Ah 5c 2s As 3d]
Seat 1: ÉnMikike (button) folded before Flop (didn't bet)
Seat 2: Mahu2021 (small blind) folded on the River
Seat 3: Fantom4168 (big blind) collected (120)



PokerStars Hand #247127600402: Tournament #3673664949, $9.30+$0.70 USD Hold'em No Limit - Level II (15/30) - 2023/11/15 21:16:14 CET [2023/11/15 15:16:14 ET]
Table '3673664949 1' 3-max Seat #2 is the button
Seat 1: ÉnMikike (680 in chips) 
Seat 2: Mahu2021 (380 in chips) 
Seat 3: Fantom4168 (440 in chips) 
Fantom4168: posts small blind 15
ÉnMikike: posts big blind 30
*** HOLE CARDS ***
Dealt to Mahu2021 [6s Ts]
Mahu2021: folds 
Fantom4168: folds 
Uncalled bet (15) returned to ÉnMikike
ÉnMikike collected 30 from pot
ÉnMikike: doesn't show hand 
*** SUMMARY ***
Total pot 30 | Rake 0 
Seat 1: ÉnMikike (big blind) collected (30)
Seat 2: Mahu2021 (button) folded before Flop (didn't bet)
Seat 3: Fantom4168 (small blind) folded before Flop



PokerStars Hand #247127605815: Tournament #3673664949, $9.30+$0.70 USD Hold'em No Limit - Level II (15/30) - 2023/11/15 21:16:29 CET [2023/11/15 15:16:29 ET]
Table '3673664949 1' 3-max Seat #3 is the button
Seat 1: ÉnMikike (695 in chips) 
Seat 2: Mahu2021 (380 in chips) 
Seat 3: Fantom4168 (425 in chips) 
ÉnMikike: posts small blind 15
Mahu2021: posts big blind 30
*** HOLE CARDS ***
Dealt to Mahu2021 [Th 4s]
Fantom4168: folds 
ÉnMikike: calls 15
Mahu2021: checks 
*** FLOP *** [7h Ac Qs]
ÉnMikike: checks 
Mahu2021: checks 
*** TURN *** [7h Ac Qs] [7c]
ÉnMikike: checks 
Mahu2021: checks 
*** RIVER *** [7h Ac Qs 7c] [9d]
ÉnMikike: checks 
Mahu2021: checks 
*** SHOW DOWN ***
ÉnMikike: shows [Kh 2d] (a pair of Sevens)
Mahu2021: mucks hand 
ÉnMikike collected 60 from pot
*** SUMMARY ***
Total pot 60 | Rake 0 
Board [7h Ac Qs 7c 9d]
Seat 1: ÉnMikike (small blind) showed [Kh 2d] and won (60) with a pair of Sevens
Seat 2: Mahu2021 (big blind) mucked [Th 4s]
Seat 3: Fantom4168 (button) folded before Flop (didn't bet)



PokerStars Hand #247127619776: Tournament #3673664949, $9.30+$0.70 USD Hold'em No Limit - Level II (15/30) - 2023/11/15 21:17:08 CET [2023/11/15 15:17:08 ET]
Table '3673664949 1' 3-max Seat #1 is the button
Seat 1: ÉnMikike (725 in chips) 
Seat 2: Mahu2021 (350 in chips) 
Seat 3: Fantom4168 (425 in chips) 
Mahu2021: posts small blind 15
Fantom4168: posts big blind 30
*** HOLE CARDS ***
Dealt to Mahu2021 [3c Th]
ÉnMikike: raises 30 to 60
Mahu2021: folds 
Fantom4168: calls 30
*** FLOP *** [4d 5h Kh]
Fantom4168: checks 
ÉnMikike: bets 61
Fantom4168: calls 61
*** TURN *** [4d 5h Kh] [5s]
Fantom4168: checks 
ÉnMikike: checks 
*** RIVER *** [4d 5h Kh 5s] [Ah]
Fantom4168: bets 30
ÉnMikike: raises 574 to 604 and is all-in
Fantom4168: folds 
Uncalled bet (574) returned to ÉnMikike
ÉnMikike collected 317 from pot
ÉnMikike: doesn't show hand 
*** SUMMARY ***
Total pot 317 | Rake 0 
Board [4d 5h Kh 5s Ah]
Seat 1: ÉnMikike (button) collected (317)
Seat 2: Mahu2021 (small blind) folded before Flop
Seat 3: Fantom4168 (big blind) folded on the River



PokerStars Hand #247127639912: Tournament #3673664949, $9.30+$0.70 USD Hold'em No Limit - Level II (15/30) - 2023/11/15 21:18:05 CET [2023/11/15 15:18:05 ET]
Table '3673664949 1' 3-max Seat #2 is the button
Seat 1: ÉnMikike (891 in chips) 
Seat 2: Mahu2021 (335 in chips) 
Seat 3: Fantom4168 (274 in chips) 
Fantom4168: posts small blind 15
ÉnMikike: posts big blind 30
*** HOLE CARDS ***
Dealt to Mahu2021 [Th 5h]
Mahu2021: folds 
Fantom4168: folds 
Uncalled bet (15) returned to ÉnMikike
ÉnMikike collected 30 from pot
ÉnMikike: doesn't show hand 
*** SUMMARY ***
Total pot 30 | Rake 0 
Seat 1: ÉnMikike (big blind) collected (30)
Seat 2: Mahu2021 (button) folded before Flop (didn't bet)
Seat 3: Fantom4168 (small blind) folded before Flop



PokerStars Hand #247127642236: Tournament #3673664949, $9.30+$0.70 USD Hold'em No Limit - Level II (15/30) - 2023/11/15 21:18:11 CET [2023/11/15 15:18:11 ET]
Table '3673664949 1' 3-max Seat #3 is the button
Seat 1: ÉnMikike (906 in chips) 
Seat 2: Mahu2021 (335 in chips) 
Seat 3: Fantom4168 (259 in chips) 
ÉnMikike: posts small blind 15
Mahu2021: posts big blind 30
*** HOLE CARDS ***
Dealt to Mahu2021 [Td 7h]
Fantom4168 has timed out
Fantom4168: folds 
Fantom4168 is sitting out
Fantom4168 has returned
ÉnMikike: folds 
Uncalled bet (15) returned to Mahu2021
Mahu2021 collected 30 from pot
Mahu2021: doesn't show hand 
*** SUMMARY ***
Total pot 30 | Rake 0 
Seat 1: ÉnMikike (small blind) folded before Flop
Seat 2: Mahu2021 (big blind) collected (30)
Seat 3: Fantom4168 (button) folded before Flop (didn't bet)



PokerStars Hand #247127648460: Tournament #3673664949, $9.30+$0.70 USD Hold'em No Limit - Level II (15/30) - 2023/11/15 21:18:29 CET [2023/11/15 15:18:29 ET]
Table '3673664949 1' 3-max Seat #1 is the button
Seat 1: ÉnMikike (891 in chips) 
Seat 2: Mahu2021 (350 in chips) 
Seat 3: Fantom4168 (259 in chips) 
Mahu2021: posts small blind 15
Fantom4168: posts big blind 30
*** HOLE CARDS ***
Dealt to Mahu2021 [7s As]
ÉnMikike: folds 
Mahu2021: raises 30 to 60
Fantom4168: folds 
Uncalled bet (30) returned to Mahu2021
Mahu2021 collected 60 from pot
Mahu2021: doesn't show hand 
*** SUMMARY ***
Total pot 60 | Rake 0 
Seat 1: ÉnMikike (button) folded before Flop (didn't bet)
Seat 2: Mahu2021 (small blind) collected (60)
Seat 3: Fantom4168 (big blind) folded before Flop



PokerStars Hand #247127651550: Tournament #3673664949, $9.30+$0.70 USD Hold'em No Limit - Level II (15/30) - 2023/11/15 21:18:37 CET [2023/11/15 15:18:37 ET]
Table '3673664949 1' 3-max Seat #2 is the button
Seat 1: ÉnMikike (891 in chips) 
Seat 2: Mahu2021 (380 in chips) 
Seat 3: Fantom4168 (229 in chips) 
Fantom4168: posts small blind 15
ÉnMikike: posts big blind 30
*** HOLE CARDS ***
Dealt to Mahu2021 [Th Kh]
Mahu2021: raises 30 to 60
Fantom4168: raises 169 to 229 and is all-in
ÉnMikike: raises 662 to 891 and is all-in
Mahu2021: folds 
Uncalled bet (662) returned to ÉnMikike
*** FLOP *** [5c 3c 9d]
*** TURN *** [5c 3c 9d] [7h]
*** RIVER *** [5c 3c 9d 7h] [8d]
*** SHOW DOWN ***
Fantom4168: shows [6s 9h] (a straight, Five to Nine)
ÉnMikike: shows [Js Jc] (a pair of Jacks)
Fantom4168 collected 518 from pot
*** SUMMARY ***
Total pot 518 | Rake 0 
Board [5c 3c 9d 7h 8d]
Seat 1: ÉnMikike (big blind) showed [Js Jc] and lost with a pair of Jacks
Seat 2: Mahu2021 (button) folded before Flop
Seat 3: Fantom4168 (small blind) showed [6s 9h] and won (518) with a straight, Five to Nine



PokerStars Hand #247127658900: Tournament #3673664949, $9.30+$0.70 USD Hold'em No Limit - Level III (20/40) - 2023/11/15 21:18:58 CET [2023/11/15 15:18:58 ET]
Table '3673664949 1' 3-max Seat #3 is the button
Seat 1: ÉnMikike (662 in chips) 
Seat 2: Mahu2021 (320 in chips) 
Seat 3: Fantom4168 (518 in chips) 
ÉnMikike: posts small blind 20
Mahu2021: posts big blind 40
*** HOLE CARDS ***
Dealt to Mahu2021 [5c Qc]
Fantom4168: folds 
ÉnMikike: raises 622 to 662 and is all-in
Mahu2021: folds 
Uncalled bet (622) returned to ÉnMikike
ÉnMikike collected 80 from pot
ÉnMikike: doesn't show hand 
*** SUMMARY ***
Total pot 80 | Rake 0 
Seat 1: ÉnMikike (small blind) collected (80)
Seat 2: Mahu2021 (big blind) folded before Flop
Seat 3: Fantom4168 (button) folded before Flop (didn't bet)



PokerStars Hand #247127661397: Tournament #3673664949, $9.30+$0.70 USD Hold'em No Limit - Level III (20/40) - 2023/11/15 21:19:05 CET [2023/11/15 15:19:05 ET]
Table '3673664949 1' 3-max Seat #1 is the button
Seat 1: ÉnMikike (702 in chips) 
Seat 2: Mahu2021 (280 in chips) 
Seat 3: Fantom4168 (518 in chips) 
Mahu2021: posts small blind 20
Fantom4168: posts big blind 40
*** HOLE CARDS ***
Dealt to Mahu2021 [7d Th]
ÉnMikike: folds 
Mahu2021: folds 
Uncalled bet (20) returned to Fantom4168
Fantom4168 collected 40 from pot
Fantom4168: doesn't show hand 
*** SUMMARY ***
Total pot 40 | Rake 0 
Seat 1: ÉnMikike (button) folded before Flop (didn't bet)
Seat 2: Mahu2021 (small blind) folded before Flop
Seat 3: Fantom4168 (big blind) collected (40)



PokerStars Hand #247127663015: Tournament #3673664949, $9.30+$0.70 USD Hold'em No Limit - Level III (20/40) - 2023/11/15 21:19:09 CET [2023/11/15 15:19:09 ET]
Table '3673664949 1' 3-max Seat #2 is the button
Seat 1: ÉnMikike (702 in chips) 
Seat 2: Mahu2021 (260 in chips) 
Seat 3: Fantom4168 (538 in chips) 
Fantom4168: posts small blind 20
ÉnMikike: posts big blind 40
*** HOLE CARDS ***
Dealt to Mahu2021 [Jd Ad]
Mahu2021: raises 220 to 260 and is all-in
Fantom4168: folds 
ÉnMikike: calls 220
*** FLOP *** [2c 8c Kc]
*** TURN *** [2c 8c Kc] [3h]
*** RIVER *** [2c 8c Kc 3h] [Jh]
*** SHOW DOWN ***
ÉnMikike: shows [As 2s] (a pair of Deuces)
Mahu2021: shows [Jd Ad] (a pair of Jacks)
Mahu2021 collected 540 from pot
*** SUMMARY ***
Total pot 540 | Rake 0 
Board [2c 8c Kc 3h Jh]
Seat 1: ÉnMikike (big blind) showed [As 2s] and lost with a pair of Deuces
Seat 2: Mahu2021 (button) showed [Jd Ad] and won (540) with a pair of Jacks
Seat 3: Fantom4168 (small blind) folded before Flop



PokerStars Hand #247127668779: Tournament #3673664949, $9.30+$0.70 USD Hold'em No Limit - Level III (20/40) - 2023/11/15 21:19:25 CET [2023/11/15 15:19:25 ET]
Table '3673664949 1' 3-max Seat #3 is the button
Seat 1: ÉnMikike (442 in chips) 
Seat 2: Mahu2021 (540 in chips) 
Seat 3: Fantom4168 (518 in chips) 
ÉnMikike: posts small blind 20
Mahu2021: posts big blind 40
*** HOLE CARDS ***
Dealt to Mahu2021 [5s 7s]
Fantom4168: folds 
ÉnMikike: folds 
Uncalled bet (20) returned to Mahu2021
Mahu2021 collected 40 from pot
Mahu2021: doesn't show hand 
*** SUMMARY ***
Total pot 40 | Rake 0 
Seat 1: ÉnMikike (small blind) folded before Flop
Seat 2: Mahu2021 (big blind) collected (40)
Seat 3: Fantom4168 (button) folded before Flop (didn't bet)



PokerStars Hand #247127672007: Tournament #3673664949, $9.30+$0.70 USD Hold'em No Limit - Level III (20/40) - 2023/11/15 21:19:34 CET [2023/11/15 15:19:34 ET]
Table '3673664949 1' 3-max Seat #1 is the button
Seat 1: ÉnMikike (422 in chips) 
Seat 2: Mahu2021 (560 in chips) 
Seat 3: Fantom4168 (518 in chips) 
Mahu2021: posts small blind 20
Fantom4168: posts big blind 40
*** HOLE CARDS ***
Dealt to Mahu2021 [Tc 2d]
ÉnMikike: folds 
Mahu2021: folds 
Uncalled bet (20) returned to Fantom4168
Fantom4168 collected 40 from pot
Fantom4168: doesn't show hand 
*** SUMMARY ***
Total pot 40 | Rake 0 
Seat 1: ÉnMikike (button) folded before Flop (didn't bet)
Seat 2: Mahu2021 (small blind) folded before Flop
Seat 3: Fantom4168 (big blind) collected (40)



PokerStars Hand #247127674621: Tournament #3673664949, $9.30+$0.70 USD Hold'em No Limit - Level III (20/40) - 2023/11/15 21:19:42 CET [2023/11/15 15:19:42 ET]
Table '3673664949 1' 3-max Seat #2 is the button
Seat 1: ÉnMikike (422 in chips) 
Seat 2: Mahu2021 (540 in chips) 
Seat 3: Fantom4168 (538 in chips) 
Fantom4168: posts small blind 20
ÉnMikike: posts big blind 40
*** HOLE CARDS ***
Dealt to Mahu2021 [6h 6c]
Mahu2021: calls 40
Fantom4168: folds 
ÉnMikike: checks 
*** FLOP *** [Ks 5h Th]
ÉnMikike: checks 
Mahu2021: bets 40
ÉnMikike: raises 60 to 100
Mahu2021: folds 
Uncalled bet (60) returned to ÉnMikike
ÉnMikike collected 180 from pot
ÉnMikike: doesn't show hand 
*** SUMMARY ***
Total pot 180 | Rake 0 
Board [Ks 5h Th]
Seat 1: ÉnMikike (big blind) collected (180)
Seat 2: Mahu2021 (button) folded on the Flop
Seat 3: Fantom4168 (small blind) folded before Flop



PokerStars Hand #247127688385: Tournament #3673664949, $9.30+$0.70 USD Hold'em No Limit - Level III (20/40) - 2023/11/15 21:20:20 CET [2023/11/15 15:20:20 ET]
Table '3673664949 1' 3-max Seat #3 is the button
Seat 1: ÉnMikike (522 in chips) 
Seat 2: Mahu2021 (460 in chips) 
Seat 3: Fantom4168 (518 in chips) 
ÉnMikike: posts small blind 20
Mahu2021: posts big blind 40
*** HOLE CARDS ***
Dealt to Mahu2021 [Qs 9h]
Fantom4168: calls 40
ÉnMikike: folds 
Mahu2021: checks 
*** FLOP *** [Ad 6d Th]
Mahu2021: checks 
Fantom4168: checks 
*** TURN *** [Ad 6d Th] [4h]
Mahu2021: checks 
Fantom4168: bets 40
Mahu2021: folds 
Uncalled bet (40) returned to Fantom4168
Fantom4168 collected 100 from pot
Fantom4168: doesn't show hand 
*** SUMMARY ***
Total pot 100 | Rake 0 
Board [Ad 6d Th 4h]
Seat 1: ÉnMikike (small blind) folded before Flop
Seat 2: Mahu2021 (big blind) folded on the Turn
Seat 3: Fantom4168 (button) collected (100)



PokerStars Hand #247127694328: Tournament #3673664949, $9.30+$0.70 USD Hold'em No Limit - Level III (20/40) - 2023/11/15 21:20:37 CET [2023/11/15 15:20:37 ET]
Table '3673664949 1' 3-max Seat #1 is the button
Seat 1: ÉnMikike (502 in chips) 
Seat 2: Mahu2021 (420 in chips) 
Seat 3: Fantom4168 (578 in chips) 
Mahu2021: posts small blind 20
Fantom4168: posts big blind 40
*** HOLE CARDS ***
Dealt to Mahu2021 [2s 5h]
ÉnMikike: folds 
Mahu2021: folds 
Uncalled bet (20) returned to Fantom4168
Fantom4168 collected 40 from pot
Fantom4168: doesn't show hand 
*** SUMMARY ***
Total pot 40 | Rake 0 
Seat 1: ÉnMikike (button) folded before Flop (didn't bet)
Seat 2: Mahu2021 (small blind) folded before Flop
Seat 3: Fantom4168 (big blind) collected (40)



PokerStars Hand #247127696163: Tournament #3673664949, $9.30+$0.70 USD Hold'em No Limit - Level III (20/40) - 2023/11/15 21:20:42 CET [2023/11/15 15:20:42 ET]
Table '3673664949 1' 3-max Seat #2 is the button
Seat 1: ÉnMikike (502 in chips) 
Seat 2: Mahu2021 (400 in chips) 
Seat 3: Fantom4168 (598 in chips) 
Fantom4168: posts small blind 20
ÉnMikike: posts big blind 40
*** HOLE CARDS ***
Dealt to Mahu2021 [Qc 9d]
Mahu2021: folds 
Fantom4168: calls 20
ÉnMikike: checks 
*** FLOP *** [Js Kd 2h]
Fantom4168: checks 
ÉnMikike: checks 
*** TURN *** [Js Kd 2h] [Jh]
Fantom4168: bets 40
ÉnMikike: calls 40
*** RIVER *** [Js Kd 2h Jh] [5d]
Fantom4168: bets 120
ÉnMikike: folds 
Uncalled bet (120) returned to Fantom4168
Fantom4168 collected 160 from pot
Fantom4168: doesn't show hand 
*** SUMMARY ***
Total pot 160 | Rake 0 
Board [Js Kd 2h Jh 5d]
Seat 1: ÉnMikike (big blind) folded on the River
Seat 2: Mahu2021 (button) folded before Flop (didn't bet)
Seat 3: Fantom4168 (small blind) collected (160)



PokerStars Hand #247127715434: Tournament #3673664949, $9.30+$0.70 USD Hold'em No Limit - Level III (20/40) - 2023/11/15 21:21:36 CET [2023/11/15 15:21:36 ET]
Table '3673664949 1' 3-max Seat #3 is the button
Seat 1: ÉnMikike (422 in chips) 
Seat 2: Mahu2021 (400 in chips) 
Seat 3: Fantom4168 (678 in chips) 
ÉnMikike: posts small blind 20
Mahu2021: posts big blind 40
*** HOLE CARDS ***
Dealt to Mahu2021 [Kc Ad]
Fantom4168: folds 
ÉnMikike: raises 382 to 422 and is all-in
Mahu2021: calls 360 and is all-in
Uncalled bet (22) returned to ÉnMikike
*** FLOP *** [2d Ac 4h]
*** TURN *** [2d Ac 4h] [9d]
*** RIVER *** [2d Ac 4h 9d] [7d]
*** SHOW DOWN ***
ÉnMikike: shows [As 6d] (a pair of Aces)
Mahu2021: shows [Kc Ad] (a pair of Aces - King kicker)
Mahu2021 collected 800 from pot
*** SUMMARY ***
Total pot 800 | Rake 0 
Board [2d Ac 4h 9d 7d]
Seat 1: ÉnMikike (small blind) showed [As 6d] and lost with a pair of Aces
Seat 2: Mahu2021 (big blind) showed [Kc Ad] and won (800) with a pair of Aces
Seat 3: Fantom4168 (button) folded before Flop (didn't bet)



PokerStars Hand #247127722800: Tournament #3673664949, $9.30+$0.70 USD Hold'em No Limit - Level IV (30/60) - 2023/11/15 21:21:56 CET [2023/11/15 15:21:56 ET]
Table '3673664949 1' 3-max Seat #1 is the button
Seat 1: ÉnMikike (22 in chips) 
Seat 2: Mahu2021 (800 in chips) 
Seat 3: Fantom4168 (678 in chips) 
Mahu2021: posts small blind 30
Fantom4168: posts big blind 60
*** HOLE CARDS ***
Dealt to Mahu2021 [9c 4d]
ÉnMikike: folds 
Mahu2021: folds 
Uncalled bet (30) returned to Fantom4168
Fantom4168 collected 60 from pot
Fantom4168: doesn't show hand 
*** SUMMARY ***
Total pot 60 | Rake 0 
Seat 1: ÉnMikike (button) folded before Flop (didn't bet)
Seat 2: Mahu2021 (small blind) folded before Flop
Seat 3: Fantom4168 (big blind) collected (60)



PokerStars Hand #247127725023: Tournament #3673664949, $9.30+$0.70 USD Hold'em No Limit - Level IV (30/60) - 2023/11/15 21:22:02 CET [2023/11/15 15:22:02 ET]
Table '3673664949 1' 3-max Seat #2 is the button
Seat 1: ÉnMikike (22 in chips) 
Seat 2: Mahu2021 (770 in chips) 
Seat 3: Fantom4168 (708 in chips) 
Fantom4168: posts small blind 30
ÉnMikike: posts big blind 22 and is all-in
*** HOLE CARDS ***
Dealt to Mahu2021 [Ac 3d]
Mahu2021: calls 60
Fantom4168: folds 
Uncalled bet (30) returned to Mahu2021
*** FLOP *** [6d 9c Ah]
*** TURN *** [6d 9c Ah] [2h]
*** RIVER *** [6d 9c Ah 2h] [Kh]
*** SHOW DOWN ***
Mahu2021: shows [Ac 3d] (a pair of Aces)
Mahu2021 collected 16 from side pot
ÉnMikike: shows [5d Kd] (a pair of Kings)
Mahu2021 collected 66 from main pot
ÉnMikike finished the tournament in 3rd place
*** SUMMARY ***
Total pot 82 Main pot 66. Side pot 16. | Rake 0 
Board [6d 9c Ah 2h Kh]
Seat 1: ÉnMikike (big blind) showed [5d Kd] and lost with a pair of Kings
Seat 2: Mahu2021 (button) showed [Ac 3d] and won (82) with a pair of Aces
Seat 3: Fantom4168 (small blind) folded before Flop



PokerStars Hand #247127731113: Tournament #3673664949, $9.30+$0.70 USD Hold'em No Limit - Level IV (30/60) - 2023/11/15 21:22:19 CET [2023/11/15 15:22:19 ET]
Table '3673664949 1' 3-max Seat #3 is the button
Seat 2: Mahu2021 (822 in chips) 
Seat 3: Fantom4168 (678 in chips) 
Fantom4168: posts small blind 30
Mahu2021: posts big blind 60
*** HOLE CARDS ***
Dealt to Mahu2021 [Ac 9d]
Fantom4168: folds 
Uncalled bet (30) returned to Mahu2021
Mahu2021 collected 60 from pot
Mahu2021: doesn't show hand 
*** SUMMARY ***
Total pot 60 | Rake 0 
Seat 2: Mahu2021 (big blind) collected (60)
Seat 3: Fantom4168 (button) (small blind) folded before Flop



PokerStars Hand #247127732681: Tournament #3673664949, $9.30+$0.70 USD Hold'em No Limit - Level IV (30/60) - 2023/11/15 21:22:24 CET [2023/11/15 15:22:24 ET]
Table '3673664949 1' 3-max Seat #2 is the button
Seat 2: Mahu2021 (852 in chips) 
Seat 3: Fantom4168 (648 in chips) 
Mahu2021: posts small blind 30
Fantom4168: posts big blind 60
*** HOLE CARDS ***
Dealt to Mahu2021 [6c 8c]
Mahu2021: calls 30
Fantom4168: checks 
*** FLOP *** [5c Kd 8s]
Fantom4168: checks 
Mahu2021: bets 60
Fantom4168: folds 
Uncalled bet (60) returned to Mahu2021
Mahu2021 collected 120 from pot
Mahu2021: doesn't show hand 
*** SUMMARY ***
Total pot 120 | Rake 0 
Board [5c Kd 8s]
Seat 2: Mahu2021 (button) (small blind) collected (120)
Seat 3: Fantom4168 (big blind) folded on the Flop



PokerStars Hand #247127738139: Tournament #3673664949, $9.30+$0.70 USD Hold'em No Limit - Level IV (30/60) - 2023/11/15 21:22:39 CET [2023/11/15 15:22:39 ET]
Table '3673664949 1' 3-max Seat #3 is the button
Seat 2: Mahu2021 (912 in chips) 
Seat 3: Fantom4168 (588 in chips) 
Fantom4168: posts small blind 30
Mahu2021: posts big blind 60
*** HOLE CARDS ***
Dealt to Mahu2021 [3h 7d]
Fantom4168: folds 
Uncalled bet (30) returned to Mahu2021
Mahu2021 collected 60 from pot
Mahu2021: doesn't show hand 
*** SUMMARY ***
Total pot 60 | Rake 0 
Seat 2: Mahu2021 (big blind) collected (60)
Seat 3: Fantom4168 (button) (small blind) folded before Flop



PokerStars Hand #247127739814: Tournament #3673664949, $9.30+$0.70 USD Hold'em No Limit - Level IV (30/60) - 2023/11/15 21:22:43 CET [2023/11/15 15:22:43 ET]
Table '3673664949 1' 3-max Seat #2 is the button
Seat 2: Mahu2021 (942 in chips) 
Seat 3: Fantom4168 (558 in chips) 
Mahu2021: posts small blind 30
Fantom4168: posts big blind 60
*** HOLE CARDS ***
Dealt to Mahu2021 [7h Js]
Mahu2021: calls 30
Fantom4168: checks 
*** FLOP *** [5c Jc Tc]
Fantom4168: checks 
Mahu2021: bets 60
Fantom4168: calls 60
*** TURN *** [5c Jc Tc] [3c]
Fantom4168: checks 
Mahu2021: checks 
*** RIVER *** [5c Jc Tc 3c] [9d]
Fantom4168: bets 240
Mahu2021: folds 
Uncalled bet (240) returned to Fantom4168
Fantom4168 collected 240 from pot
Fantom4168: doesn't show hand 
*** SUMMARY ***
Total pot 240 | Rake 0 
Board [5c Jc Tc 3c 9d]
Seat 2: Mahu2021 (button) (small blind) folded on the River
Seat 3: Fantom4168 (big blind) collected (240)



PokerStars Hand #247127746433: Tournament #3673664949, $9.30+$0.70 USD Hold'em No Limit - Level IV (30/60) - 2023/11/15 21:23:02 CET [2023/11/15 15:23:02 ET]
Table '3673664949 1' 3-max Seat #3 is the button
Seat 2: Mahu2021 (822 in chips) 
Seat 3: Fantom4168 (678 in chips) 
Fantom4168: posts small blind 30
Mahu2021: posts big blind 60
*** HOLE CARDS ***
Dealt to Mahu2021 [Qc 7h]
Fantom4168: folds 
Uncalled bet (30) returned to Mahu2021
Mahu2021 collected 60 from pot
Mahu2021: doesn't show hand 
*** SUMMARY ***
Total pot 60 | Rake 0 
Seat 2: Mahu2021 (big blind) collected (60)
Seat 3: Fantom4168 (button) (small blind) folded before Flop



PokerStars Hand #247127747914: Tournament #3673664949, $9.30+$0.70 USD Hold'em No Limit - Level IV (30/60) - 2023/11/15 21:23:06 CET [2023/11/15 15:23:06 ET]
Table '3673664949 1' 3-max Seat #2 is the button
Seat 2: Mahu2021 (852 in chips) 
Seat 3: Fantom4168 (648 in chips) 
Mahu2021: posts small blind 30
Fantom4168: posts big blind 60
*** HOLE CARDS ***
Dealt to Mahu2021 [Ad 4h]
Mahu2021: raises 60 to 120
Fantom4168: raises 528 to 648 and is all-in
Mahu2021: folds 
Uncalled bet (528) returned to Fantom4168
Fantom4168 collected 240 from pot
Fantom4168: doesn't show hand 
*** SUMMARY ***
Total pot 240 | Rake 0 
Seat 2: Mahu2021 (button) (small blind) folded before Flop
Seat 3: Fantom4168 (big blind) collected (240)



PokerStars Hand #247127751929: Tournament #3673664949, $9.30+$0.70 USD Hold'em No Limit - Level IV (30/60) - 2023/11/15 21:23:17 CET [2023/11/15 15:23:17 ET]
Table '3673664949 1' 3-max Seat #3 is the button
Seat 2: Mahu2021 (732 in chips) 
Seat 3: Fantom4168 (768 in chips) 
Fantom4168: posts small blind 30
Mahu2021: posts big blind 60
*** HOLE CARDS ***
Dealt to Mahu2021 [5s 5h]
Fantom4168: folds 
Uncalled bet (30) returned to Mahu2021
Mahu2021 collected 60 from pot
Mahu2021: doesn't show hand 
*** SUMMARY ***
Total pot 60 | Rake 0 
Seat 2: Mahu2021 (big blind) collected (60)
Seat 3: Fantom4168 (button) (small blind) folded before Flop



PokerStars Hand #247127753505: Tournament #3673664949, $9.30+$0.70 USD Hold'em No Limit - Level IV (30/60) - 2023/11/15 21:23:22 CET [2023/11/15 15:23:22 ET]
Table '3673664949 1' 3-max Seat #2 is the button
Seat 2: Mahu2021 (762 in chips) 
Seat 3: Fantom4168 (738 in chips) 
Mahu2021: posts small blind 30
Fantom4168: posts big blind 60
*** HOLE CARDS ***
Dealt to Mahu2021 [Js 8d]
Mahu2021: calls 30
Fantom4168: checks 
*** FLOP *** [6s 3d Jh]
Fantom4168: checks 
Mahu2021: bets 60
Fantom4168: folds 
Uncalled bet (60) returned to Mahu2021
Mahu2021 collected 120 from pot
Mahu2021: doesn't show hand 
*** SUMMARY ***
Total pot 120 | Rake 0 
Board [6s 3d Jh]
Seat 2: Mahu2021 (button) (small blind) collected (120)
Seat 3: Fantom4168 (big blind) folded on the Flop



PokerStars Hand #247127757023: Tournament #3673664949, $9.30+$0.70 USD Hold'em No Limit - Level IV (30/60) - 2023/11/15 21:23:32 CET [2023/11/15 15:23:32 ET]
Table '3673664949 1' 3-max Seat #3 is the button
Seat 2: Mahu2021 (822 in chips) 
Seat 3: Fantom4168 (678 in chips) 
Fantom4168: posts small blind 30
Mahu2021: posts big blind 60
*** HOLE CARDS ***
Dealt to Mahu2021 [5h Ah]
Fantom4168: folds 
Uncalled bet (30) returned to Mahu2021
Mahu2021 collected 60 from pot
Mahu2021: doesn't show hand 
*** SUMMARY ***
Total pot 60 | Rake 0 
Seat 2: Mahu2021 (big blind) collected (60)
Seat 3: Fantom4168 (button) (small blind) folded before Flop



PokerStars Hand #247127758586: Tournament #3673664949, $9.30+$0.70 USD Hold'em No Limit - Level IV (30/60) - 2023/11/15 21:23:36 CET [2023/11/15 15:23:36 ET]
Table '3673664949 1' 3-max Seat #2 is the button
Seat 2: Mahu2021 (852 in chips) 
Seat 3: Fantom4168 (648 in chips) 
Mahu2021: posts small blind 30
Fantom4168: posts big blind 60
*** HOLE CARDS ***
Dealt to Mahu2021 [Ah 3d]
Mahu2021: calls 30
Fantom4168: checks 
*** FLOP *** [Th Qd Qc]
Fantom4168: checks 
Mahu2021: bets 60
Fantom4168: folds 
Uncalled bet (60) returned to Mahu2021
Mahu2021 collected 120 from pot
Mahu2021: doesn't show hand 
*** SUMMARY ***
Total pot 120 | Rake 0 
Board [Th Qd Qc]
Seat 2: Mahu2021 (button) (small blind) collected (120)
Seat 3: Fantom4168 (big blind) folded on the Flop



PokerStars Hand #247127762186: Tournament #3673664949, $9.30+$0.70 USD Hold'em No Limit - Level IV (30/60) - 2023/11/15 21:23:46 CET [2023/11/15 15:23:46 ET]
Table '3673664949 1' 3-max Seat #3 is the button
Seat 2: Mahu2021 (912 in chips) 
Seat 3: Fantom4168 (588 in chips) 
Fantom4168: posts small blind 30
Mahu2021: posts big blind 60
*** HOLE CARDS ***
Dealt to Mahu2021 [5h Ac]
Fantom4168: folds 
Uncalled bet (30) returned to Mahu2021
Mahu2021 collected 60 from pot
Mahu2021: doesn't show hand 
*** SUMMARY ***
Total pot 60 | Rake 0 
Seat 2: Mahu2021 (big blind) collected (60)
Seat 3: Fantom4168 (button) (small blind) folded before Flop



PokerStars Hand #247127763890: Tournament #3673664949, $9.30+$0.70 USD Hold'em No Limit - Level IV (30/60) - 2023/11/15 21:23:51 CET [2023/11/15 15:23:51 ET]
Table '3673664949 1' 3-max Seat #2 is the button
Seat 2: Mahu2021 (942 in chips) 
Seat 3: Fantom4168 (558 in chips) 
Mahu2021: posts small blind 30
Fantom4168: posts big blind 60
*** HOLE CARDS ***
Dealt to Mahu2021 [As 3s]
Mahu2021: calls 30
Fantom4168: checks 
*** FLOP *** [Th Ks 8d]
Fantom4168: bets 60
Mahu2021: calls 60
*** TURN *** [Th Ks 8d] [6d]
Fantom4168: bets 60
Mahu2021: folds 
Uncalled bet (60) returned to Fantom4168
Fantom4168 collected 240 from pot
Fantom4168: doesn't show hand 
*** SUMMARY ***
Total pot 240 | Rake 0 
Board [Th Ks 8d 6d]
Seat 2: Mahu2021 (button) (small blind) folded on the Turn
Seat 3: Fantom4168 (big blind) collected (240)



PokerStars Hand #247127768083: Tournament #3673664949, $9.30+$0.70 USD Hold'em No Limit - Level IV (30/60) - 2023/11/15 21:24:03 CET [2023/11/15 15:24:03 ET]
Table '3673664949 1' 3-max Seat #3 is the button
Seat 2: Mahu2021 (822 in chips) 
Seat 3: Fantom4168 (678 in chips) 
Fantom4168: posts small blind 30
Mahu2021: posts big blind 60
*** HOLE CARDS ***
Dealt to Mahu2021 [4c 9s]
Fantom4168: calls 30
Mahu2021: checks 
*** FLOP *** [8d 8s 7s]
Mahu2021: checks 
Fantom4168: checks 
*** TURN *** [8d 8s 7s] [5h]
Mahu2021: checks 
Fantom4168: bets 60
Mahu2021: calls 60
*** RIVER *** [8d 8s 7s 5h] [Ah]
Mahu2021: checks 
Fantom4168: bets 60
Mahu2021: folds 
Uncalled bet (60) returned to Fantom4168
Fantom4168 collected 240 from pot
Fantom4168: doesn't show hand 
*** SUMMARY ***
Total pot 240 | Rake 0 
Board [8d 8s 7s 5h Ah]
Seat 2: Mahu2021 (big blind) folded on the River
Seat 3: Fantom4168 (button) (small blind) collected (240)



PokerStars Hand #247127775203: Tournament #3673664949, $9.30+$0.70 USD Hold'em No Limit - Level IV (30/60) - 2023/11/15 21:24:22 CET [2023/11/15 15:24:22 ET]
Table '3673664949 1' 3-max Seat #2 is the button
Seat 2: Mahu2021 (702 in chips) 
Seat 3: Fantom4168 (798 in chips) 
Mahu2021: posts small blind 30
Fantom4168: posts big blind 60
*** HOLE CARDS ***
Dealt to Mahu2021 [Js Kd]
Mahu2021: raises 60 to 120
Fantom4168: folds 
Uncalled bet (60) returned to Mahu2021
Mahu2021 collected 120 from pot
Mahu2021: doesn't show hand 
*** SUMMARY ***
Total pot 120 | Rake 0 
Seat 2: Mahu2021 (button) (small blind) collected (120)
Seat 3: Fantom4168 (big blind) folded before Flop



PokerStars Hand #247127777712: Tournament #3673664949, $9.30+$0.70 USD Hold'em No Limit - Level IV (30/60) - 2023/11/15 21:24:29 CET [2023/11/15 15:24:29 ET]
Table '3673664949 1' 3-max Seat #3 is the button
Seat 2: Mahu2021 (762 in chips) 
Seat 3: Fantom4168 (738 in chips) 
Fantom4168: posts small blind 30
Mahu2021: posts big blind 60
*** HOLE CARDS ***
Dealt to Mahu2021 [5c 9d]
Fantom4168: folds 
Uncalled bet (30) returned to Mahu2021
Mahu2021 collected 60 from pot
Mahu2021: doesn't show hand 
*** SUMMARY ***
Total pot 60 | Rake 0 
Seat 2: Mahu2021 (big blind) collected (60)
Seat 3: Fantom4168 (button) (small blind) folded before Flop



PokerStars Hand #247127779186: Tournament #3673664949, $9.30+$0.70 USD Hold'em No Limit - Level IV (30/60) - 2023/11/15 21:24:33 CET [2023/11/15 15:24:33 ET]
Table '3673664949 1' 3-max Seat #2 is the button
Seat 2: Mahu2021 (792 in chips) 
Seat 3: Fantom4168 (708 in chips) 
Mahu2021: posts small blind 30
Fantom4168: posts big blind 60
*** HOLE CARDS ***
Dealt to Mahu2021 [Ad 7s]
Mahu2021: calls 30
Fantom4168: raises 648 to 708 and is all-in
Mahu2021: folds 
Uncalled bet (648) returned to Fantom4168
Fantom4168 collected 120 from pot
Fantom4168: doesn't show hand 
*** SUMMARY ***
Total pot 120 | Rake 0 
Seat 2: Mahu2021 (button) (small blind) folded before Flop
Seat 3: Fantom4168 (big blind) collected (120)



PokerStars Hand #247127782543: Tournament #3673664949, $9.30+$0.70 USD Hold'em No Limit - Level IV (30/60) - 2023/11/15 21:24:42 CET [2023/11/15 15:24:42 ET]
Table '3673664949 1' 3-max Seat #3 is the button
Seat 2: Mahu2021 (732 in chips) 
Seat 3: Fantom4168 (768 in chips) 
Fantom4168: posts small blind 30
Mahu2021: posts big blind 60
*** HOLE CARDS ***
Dealt to Mahu2021 [8h 6c]
Fantom4168: folds 
Uncalled bet (30) returned to Mahu2021
Mahu2021 collected 60 from pot
Mahu2021: doesn't show hand 
*** SUMMARY ***
Total pot 60 | Rake 0 
Seat 2: Mahu2021 (big blind) collected (60)
Seat 3: Fantom4168 (button) (small blind) folded before Flop



PokerStars Hand #247127785243: Tournament #3673664949, $9.30+$0.70 USD Hold'em No Limit - Level V (40/80) - 2023/11/15 21:24:50 CET [2023/11/15 15:24:50 ET]
Table '3673664949 1' 3-max Seat #2 is the button
Seat 2: Mahu2021 (762 in chips) 
Seat 3: Fantom4168 (738 in chips) 
Mahu2021: posts small blind 40
Fantom4168: posts big blind 80
*** HOLE CARDS ***
Dealt to Mahu2021 [3h 8c]
Mahu2021: folds 
Uncalled bet (40) returned to Fantom4168
Fantom4168 collected 80 from pot
Fantom4168: doesn't show hand 
*** SUMMARY ***
Total pot 80 | Rake 0 
Seat 2: Mahu2021 (button) (small blind) folded before Flop
Seat 3: Fantom4168 (big blind) collected (80)



PokerStars Hand #247127786844: Tournament #3673664949, $9.30+$0.70 USD Hold'em No Limit - Level V (40/80) - 2023/11/15 21:24:54 CET [2023/11/15 15:24:54 ET]
Table '3673664949 1' 3-max Seat #3 is the button
Seat 2: Mahu2021 (722 in chips) 
Seat 3: Fantom4168 (778 in chips) 
Fantom4168: posts small blind 40
Mahu2021: posts big blind 80
*** HOLE CARDS ***
Dealt to Mahu2021 [6d Qh]
Fantom4168: raises 698 to 778 and is all-in
Mahu2021: folds 
Uncalled bet (698) returned to Fantom4168
Fantom4168 collected 160 from pot
Fantom4168: doesn't show hand 
*** SUMMARY ***
Total pot 160 | Rake 0 
Seat 2: Mahu2021 (big blind) folded before Flop
Seat 3: Fantom4168 (button) (small blind) collected (160)



PokerStars Hand #247127789076: Tournament #3673664949, $9.30+$0.70 USD Hold'em No Limit - Level V (40/80) - 2023/11/15 21:25:01 CET [2023/11/15 15:25:01 ET]
Table '3673664949 1' 3-max Seat #2 is the button
Seat 2: Mahu2021 (642 in chips) 
Seat 3: Fantom4168 (858 in chips) 
Mahu2021: posts small blind 40
Fantom4168: posts big blind 80
*** HOLE CARDS ***
Dealt to Mahu2021 [Th Qc]
Mahu2021: calls 40
Fantom4168: raises 778 to 858 and is all-in
Mahu2021: folds 
Uncalled bet (778) returned to Fantom4168
Fantom4168 collected 160 from pot
Fantom4168: doesn't show hand 
*** SUMMARY ***
Total pot 160 | Rake 0 
Seat 2: Mahu2021 (button) (small blind) folded before Flop
Seat 3: Fantom4168 (big blind) collected (160)



PokerStars Hand #247127791657: Tournament #3673664949, $9.30+$0.70 USD Hold'em No Limit - Level V (40/80) - 2023/11/15 21:25:08 CET [2023/11/15 15:25:08 ET]
Table '3673664949 1' 3-max Seat #3 is the button
Seat 2: Mahu2021 (562 in chips) 
Seat 3: Fantom4168 (938 in chips) 
Fantom4168: posts small blind 40
Mahu2021: posts big blind 80
*** HOLE CARDS ***
Dealt to Mahu2021 [6h Kh]
Fantom4168: folds 
Uncalled bet (40) returned to Mahu2021
Mahu2021 collected 80 from pot
Mahu2021: doesn't show hand 
*** SUMMARY ***
Total pot 80 | Rake 0 
Seat 2: Mahu2021 (big blind) collected (80)
Seat 3: Fantom4168 (button) (small blind) folded before Flop



PokerStars Hand #247127793231: Tournament #3673664949, $9.30+$0.70 USD Hold'em No Limit - Level V (40/80) - 2023/11/15 21:25:12 CET [2023/11/15 15:25:12 ET]
Table '3673664949 1' 3-max Seat #2 is the button
Seat 2: Mahu2021 (602 in chips) 
Seat 3: Fantom4168 (898 in chips) 
Mahu2021: posts small blind 40
Fantom4168: posts big blind 80
*** HOLE CARDS ***
Dealt to Mahu2021 [Qc 6h]
Mahu2021: calls 40
Fantom4168: checks 
*** FLOP *** [8h Qh Th]
Fantom4168: checks 
Mahu2021: bets 80
Fantom4168: folds 
Uncalled bet (80) returned to Mahu2021
Mahu2021 collected 160 from pot
Mahu2021: doesn't show hand 
*** SUMMARY ***
Total pot 160 | Rake 0 
Board [8h Qh Th]
Seat 2: Mahu2021 (button) (small blind) collected (160)
Seat 3: Fantom4168 (big blind) folded on the Flop



PokerStars Hand #247127798388: Tournament #3673664949, $9.30+$0.70 USD Hold'em No Limit - Level V (40/80) - 2023/11/15 21:25:26 CET [2023/11/15 15:25:26 ET]
Table '3673664949 1' 3-max Seat #3 is the button
Seat 2: Mahu2021 (682 in chips) 
Seat 3: Fantom4168 (818 in chips) 
Fantom4168: posts small blind 40
Mahu2021: posts big blind 80
*** HOLE CARDS ***
Dealt to Mahu2021 [As 6h]
Fantom4168: raises 738 to 818 and is all-in
Mahu2021: folds 
Uncalled bet (738) returned to Fantom4168
Fantom4168 collected 160 from pot
Fantom4168: doesn't show hand 
*** SUMMARY ***
Total pot 160 | Rake 0 
Seat 2: Mahu2021 (big blind) folded before Flop
Seat 3: Fantom4168 (button) (small blind) collected (160)



PokerStars Hand #247127800989: Tournament #3673664949, $9.30+$0.70 USD Hold'em No Limit - Level V (40/80) - 2023/11/15 21:25:34 CET [2023/11/15 15:25:34 ET]
Table '3673664949 1' 3-max Seat #2 is the button
Seat 2: Mahu2021 (602 in chips) 
Seat 3: Fantom4168 (898 in chips) 
Mahu2021: posts small blind 40
Fantom4168: posts big blind 80
*** HOLE CARDS ***
Dealt to Mahu2021 [Qh Td]
Mahu2021: calls 40
Fantom4168: raises 818 to 898 and is all-in
Mahu2021: folds 
Uncalled bet (818) returned to Fantom4168
Fantom4168 collected 160 from pot
Fantom4168: doesn't show hand 
*** SUMMARY ***
Total pot 160 | Rake 0 
Seat 2: Mahu2021 (button) (small blind) folded before Flop
Seat 3: Fantom4168 (big blind) collected (160)



PokerStars Hand #247127804561: Tournament #3673664949, $9.30+$0.70 USD Hold'em No Limit - Level V (40/80) - 2023/11/15 21:25:44 CET [2023/11/15 15:25:44 ET]
Table '3673664949 1' 3-max Seat #3 is the button
Seat 2: Mahu2021 (522 in chips) 
Seat 3: Fantom4168 (978 in chips) 
Fantom4168: posts small blind 40
Mahu2021: posts big blind 80
*** HOLE CARDS ***
Dealt to Mahu2021 [8h 4c]
Fantom4168: folds 
Uncalled bet (40) returned to Mahu2021
Mahu2021 collected 80 from pot
Mahu2021: doesn't show hand 
*** SUMMARY ***
Total pot 80 | Rake 0 
Seat 2: Mahu2021 (big blind) collected (80)
Seat 3: Fantom4168 (button) (small blind) folded before Flop



PokerStars Hand #247127806174: Tournament #3673664949, $9.30+$0.70 USD Hold'em No Limit - Level V (40/80) - 2023/11/15 21:25:48 CET [2023/11/15 15:25:48 ET]
Table '3673664949 1' 3-max Seat #2 is the button
Seat 2: Mahu2021 (562 in chips) 
Seat 3: Fantom4168 (938 in chips) 
Mahu2021: posts small blind 40
Fantom4168: posts big blind 80
*** HOLE CARDS ***
Dealt to Mahu2021 [Kd 6c]
Mahu2021: calls 40
Fantom4168: raises 858 to 938 and is all-in
Mahu2021: folds 
Uncalled bet (858) returned to Fantom4168
Fantom4168 collected 160 from pot
Fantom4168: doesn't show hand 
*** SUMMARY ***
Total pot 160 | Rake 0 
Seat 2: Mahu2021 (button) (small blind) folded before Flop
Seat 3: Fantom4168 (big blind) collected (160)



PokerStars Hand #247127808825: Tournament #3673664949, $9.30+$0.70 USD Hold'em No Limit - Level V (40/80) - 2023/11/15 21:25:55 CET [2023/11/15 15:25:55 ET]
Table '3673664949 1' 3-max Seat #3 is the button
Seat 2: Mahu2021 (482 in chips) 
Seat 3: Fantom4168 (1018 in chips) 
Fantom4168: posts small blind 40
Mahu2021: posts big blind 80
*** HOLE CARDS ***
Dealt to Mahu2021 [Qc 7s]
Fantom4168: raises 938 to 1018 and is all-in
Mahu2021: folds 
Uncalled bet (938) returned to Fantom4168
Fantom4168 collected 160 from pot
Fantom4168: doesn't show hand 
*** SUMMARY ***
Total pot 160 | Rake 0 
Seat 2: Mahu2021 (big blind) folded before Flop
Seat 3: Fantom4168 (button) (small blind) collected (160)



PokerStars Hand #247127810959: Tournament #3673664949, $9.30+$0.70 USD Hold'em No Limit - Level V (40/80) - 2023/11/15 21:26:01 CET [2023/11/15 15:26:01 ET]
Table '3673664949 1' 3-max Seat #2 is the button
Seat 2: Mahu2021 (402 in chips) 
Seat 3: Fantom4168 (1098 in chips) 
Mahu2021: posts small blind 40
Fantom4168: posts big blind 80
*** HOLE CARDS ***
Dealt to Mahu2021 [Jh 7c]
Mahu2021: calls 40
Fantom4168: raises 1018 to 1098 and is all-in
Mahu2021: folds 
Uncalled bet (1018) returned to Fantom4168
Fantom4168 collected 160 from pot
Fantom4168: doesn't show hand 
*** SUMMARY ***
Total pot 160 | Rake 0 
Seat 2: Mahu2021 (button) (small blind) folded before Flop
Seat 3: Fantom4168 (big blind) collected (160)



PokerStars Hand #247127813542: Tournament #3673664949, $9.30+$0.70 USD Hold'em No Limit - Level V (40/80) - 2023/11/15 21:26:09 CET [2023/11/15 15:26:09 ET]
Table '3673664949 1' 3-max Seat #3 is the button
Seat 2: Mahu2021 (322 in chips) 
Seat 3: Fantom4168 (1178 in chips) 
Fantom4168: posts small blind 40
Mahu2021: posts big blind 80
*** HOLE CARDS ***
Dealt to Mahu2021 [7h 9c]
Fantom4168: raises 1098 to 1178 and is all-in
Mahu2021: folds 
Uncalled bet (1098) returned to Fantom4168
Fantom4168 collected 160 from pot
Fantom4168: doesn't show hand 
*** SUMMARY ***
Total pot 160 | Rake 0 
Seat 2: Mahu2021 (big blind) folded before Flop
Seat 3: Fantom4168 (button) (small blind) collected (160)



PokerStars Hand #247127815246: Tournament #3673664949, $9.30+$0.70 USD Hold'em No Limit - Level V (40/80) - 2023/11/15 21:26:14 CET [2023/11/15 15:26:14 ET]
Table '3673664949 1' 3-max Seat #2 is the button
Seat 2: Mahu2021 (242 in chips) 
Seat 3: Fantom4168 (1258 in chips) 
Mahu2021: posts small blind 40
Fantom4168: posts big blind 80
*** HOLE CARDS ***
Dealt to Mahu2021 [Ts Qs]
Mahu2021: raises 162 to 242 and is all-in
Fantom4168: folds 
Uncalled bet (162) returned to Mahu2021
Mahu2021 collected 160 from pot
Mahu2021: doesn't show hand 
*** SUMMARY ***
Total pot 160 | Rake 0 
Seat 2: Mahu2021 (button) (small blind) collected (160)
Seat 3: Fantom4168 (big blind) folded before Flop



PokerStars Hand #247127817462: Tournament #3673664949, $9.30+$0.70 USD Hold'em No Limit - Level V (40/80) - 2023/11/15 21:26:20 CET [2023/11/15 15:26:20 ET]
Table '3673664949 1' 3-max Seat #3 is the button
Seat 2: Mahu2021 (322 in chips) 
Seat 3: Fantom4168 (1178 in chips) 
Fantom4168: posts small blind 40
Mahu2021: posts big blind 80
*** HOLE CARDS ***
Dealt to Mahu2021 [8c 7s]
Fantom4168: folds 
Uncalled bet (40) returned to Mahu2021
Mahu2021 collected 80 from pot
Mahu2021: doesn't show hand 
*** SUMMARY ***
Total pot 80 | Rake 0 
Seat 2: Mahu2021 (big blind) collected (80)
Seat 3: Fantom4168 (button) (small blind) folded before Flop



PokerStars Hand #247127819044: Tournament #3673664949, $9.30+$0.70 USD Hold'em No Limit - Level V (40/80) - 2023/11/15 21:26:24 CET [2023/11/15 15:26:24 ET]
Table '3673664949 1' 3-max Seat #2 is the button
Seat 2: Mahu2021 (362 in chips) 
Seat 3: Fantom4168 (1138 in chips) 
Mahu2021: posts small blind 40
Fantom4168: posts big blind 80
*** HOLE CARDS ***
Dealt to Mahu2021 [7d 9s]
Mahu2021: folds 
Uncalled bet (40) returned to Fantom4168
Fantom4168 collected 80 from pot
Fantom4168: doesn't show hand 
*** SUMMARY ***
Total pot 80 | Rake 0 
Seat 2: Mahu2021 (button) (small blind) folded before Flop
Seat 3: Fantom4168 (big blind) collected (80)



PokerStars Hand #247127820601: Tournament #3673664949, $9.30+$0.70 USD Hold'em No Limit - Level V (40/80) - 2023/11/15 21:26:28 CET [2023/11/15 15:26:28 ET]
Table '3673664949 1' 3-max Seat #3 is the button
Seat 2: Mahu2021 (322 in chips) 
Seat 3: Fantom4168 (1178 in chips) 
Fantom4168: posts small blind 40
Mahu2021: posts big blind 80
*** HOLE CARDS ***
Dealt to Mahu2021 [6h 9h]
Fantom4168: raises 1098 to 1178 and is all-in
Mahu2021: folds 
Uncalled bet (1098) returned to Fantom4168
Fantom4168 collected 160 from pot
Fantom4168: doesn't show hand 
*** SUMMARY ***
Total pot 160 | Rake 0 
Seat 2: Mahu2021 (big blind) folded before Flop
Seat 3: Fantom4168 (button) (small blind) collected (160)



PokerStars Hand #247127822679: Tournament #3673664949, $9.30+$0.70 USD Hold'em No Limit - Level V (40/80) - 2023/11/15 21:26:34 CET [2023/11/15 15:26:34 ET]
Table '3673664949 1' 3-max Seat #2 is the button
Seat 2: Mahu2021 (242 in chips) 
Seat 3: Fantom4168 (1258 in chips) 
Mahu2021: posts small blind 40
Fantom4168: posts big blind 80
*** HOLE CARDS ***
Dealt to Mahu2021 [9h 5c]
Mahu2021: folds 
Uncalled bet (40) returned to Fantom4168
Fantom4168 collected 80 from pot
Fantom4168: doesn't show hand 
*** SUMMARY ***
Total pot 80 | Rake 0 
Seat 2: Mahu2021 (button) (small blind) folded before Flop
Seat 3: Fantom4168 (big blind) collected (80)



PokerStars Hand #247127824181: Tournament #3673664949, $9.30+$0.70 USD Hold'em No Limit - Level V (40/80) - 2023/11/15 21:26:38 CET [2023/11/15 15:26:38 ET]
Table '3673664949 1' 3-max Seat #3 is the button
Seat 2: Mahu2021 (202 in chips) 
Seat 3: Fantom4168 (1298 in chips) 
Fantom4168: posts small blind 40
Mahu2021: posts big blind 80
*** HOLE CARDS ***
Dealt to Mahu2021 [2c 8c]
Fantom4168: raises 1218 to 1298 and is all-in
Mahu2021: folds 
Uncalled bet (1218) returned to Fantom4168
Fantom4168 collected 160 from pot
Fantom4168: doesn't show hand 
*** SUMMARY ***
Total pot 160 | Rake 0 
Seat 2: Mahu2021 (big blind) folded before Flop
Seat 3: Fantom4168 (button) (small blind) collected (160)



PokerStars Hand #247127825723: Tournament #3673664949, $9.30+$0.70 USD Hold'em No Limit - Level V (40/80) - 2023/11/15 21:26:43 CET [2023/11/15 15:26:43 ET]
Table '3673664949 1' 3-max Seat #2 is the button
Seat 2: Mahu2021 (122 in chips) 
Seat 3: Fantom4168 (1378 in chips) 
Mahu2021: posts small blind 40
Fantom4168: posts big blind 80
*** HOLE CARDS ***
Dealt to Mahu2021 [4d 2c]
Mahu2021: folds 
Uncalled bet (40) returned to Fantom4168
Fantom4168 collected 80 from pot
Fantom4168: doesn't show hand 
*** SUMMARY ***
Total pot 80 | Rake 0 
Seat 2: Mahu2021 (button) (small blind) folded before Flop
Seat 3: Fantom4168 (big blind) collected (80)



PokerStars Hand #247127827357: Tournament #3673664949, $9.30+$0.70 USD Hold'em No Limit - Level V (40/80) - 2023/11/15 21:26:47 CET [2023/11/15 15:26:47 ET]
Table '3673664949 1' 3-max Seat #3 is the button
Seat 2: Mahu2021 (82 in chips) 
Seat 3: Fantom4168 (1418 in chips) 
Fantom4168: posts small blind 40
Mahu2021: posts big blind 80
*** HOLE CARDS ***
Dealt to Mahu2021 [5d Jc]
Fantom4168: raises 80 to 160
Mahu2021: calls 2 and is all-in
Uncalled bet (78) returned to Fantom4168
*** FLOP *** [Jh 2d Tc]
*** TURN *** [Jh 2d Tc] [9h]
*** RIVER *** [Jh 2d Tc 9h] [Qs]
*** SHOW DOWN ***
Mahu2021: shows [5d Jc] (a pair of Jacks)
Fantom4168: shows [6c 6h] (a pair of Sixes)
Mahu2021 collected 164 from pot
*** SUMMARY ***
Total pot 164 | Rake 0 
Board [Jh 2d Tc 9h Qs]
Seat 2: Mahu2021 (big blind) showed [5d Jc] and won (164) with a pair of Jacks
Seat 3: Fantom4168 (button) (small blind) showed [6c 6h] and lost with a pair of Sixes



PokerStars Hand #247127831599: Tournament #3673664949, $9.30+$0.70 USD Hold'em No Limit - Level V (40/80) - 2023/11/15 21:26:59 CET [2023/11/15 15:26:59 ET]
Table '3673664949 1' 3-max Seat #2 is the button
Seat 2: Mahu2021 (164 in chips) 
Seat 3: Fantom4168 (1336 in chips) 
Mahu2021: posts small blind 40
Fantom4168: posts big blind 80
*** HOLE CARDS ***
Dealt to Mahu2021 [Jc 8h]
Mahu2021: raises 84 to 164 and is all-in
Fantom4168: calls 84
*** FLOP *** [6c Js 6s]
*** TURN *** [6c Js 6s] [6h]
*** RIVER *** [6c Js 6s 6h] [9c]
*** SHOW DOWN ***
Fantom4168: shows [Ks 3h] (three of a kind, Sixes)
Mahu2021: shows [Jc 8h] (a full house, Sixes full of Jacks)
Mahu2021 collected 328 from pot
*** SUMMARY ***
Total pot 328 | Rake 0 
Board [6c Js 6s 6h 9c]
Seat 2: Mahu2021 (button) (small blind) showed [Jc 8h] and won (328) with a full house, Sixes full of Jacks
Seat 3: Fantom4168 (big blind) showed [Ks 3h] and lost with three of a kind, Sixes



PokerStars Hand #247127836195: Tournament #3673664949, $9.30+$0.70 USD Hold'em No Limit - Level V (40/80) - 2023/11/15 21:27:12 CET [2023/11/15 15:27:12 ET]
Table '3673664949 1' 3-max Seat #3 is the button
Seat 2: Mahu2021 (328 in chips) 
Seat 3: Fantom4168 (1172 in chips) 
Fantom4168: posts small blind 40
Mahu2021: posts big blind 80
*** HOLE CARDS ***
Dealt to Mahu2021 [Ah Th]
Fantom4168: folds 
Uncalled bet (40) returned to Mahu2021
Mahu2021 collected 80 from pot
Mahu2021: doesn't show hand 
*** SUMMARY ***
Total pot 80 | Rake 0 
Seat 2: Mahu2021 (big blind) collected (80)
Seat 3: Fantom4168 (button) (small blind) folded before Flop



PokerStars Hand #247127837779: Tournament #3673664949, $9.30+$0.70 USD Hold'em No Limit - Level V (40/80) - 2023/11/15 21:27:16 CET [2023/11/15 15:27:16 ET]
Table '3673664949 1' 3-max Seat #2 is the button
Seat 2: Mahu2021 (368 in chips) 
Seat 3: Fantom4168 (1132 in chips) 
Mahu2021: posts small blind 40
Fantom4168: posts big blind 80
*** HOLE CARDS ***
Dealt to Mahu2021 [Kh 7h]
Mahu2021: raises 288 to 368 and is all-in
Fantom4168: calls 288
*** FLOP *** [2c 5d Qd]
*** TURN *** [2c 5d Qd] [7d]
*** RIVER *** [2c 5d Qd 7d] [9d]
*** SHOW DOWN ***
Fantom4168: shows [Jd Ah] (a flush, Queen high)
Mahu2021: shows [Kh 7h] (a pair of Sevens)
Fantom4168 collected 736 from pot
Mahu2021 finished the tournament in 2nd place
Fantom4168 wins the tournament and receives $30.00 - congratulations!
*** SUMMARY ***
Total pot 736 | Rake 0 
Board [2c 5d Qd 7d 9d]
Seat 2: Mahu2021 (button) (small blind) showed [Kh 7h] and lost with a pair of Sevens
Seat 3: Fantom4168 (big blind) showed [Jd Ah] and won (736) with a flush, Queen high



