PokerStars Hand #253411484620: Tournament #3823720343, $1.84+$0.16 USD Hold'em No Limit - Level I (10/20) - 2024/11/15 13:49:21 CET [2024/11/15 7:49:21 ET]
Table '3823720343 1' 3-max Seat #1 is the button
Seat 1: luckystr1ke9 (500 in chips) 
Seat 2: Mahu2021 (500 in chips) 
Seat 3: CityKing1 (500 in chips) 
Mahu2021: posts small blind 10
CityKing1: posts big blind 20
*** HOLE CARDS ***
Dealt to Mahu2021 [Ah 9s]
luckystr1ke9: calls 20
Mahu2021: calls 10
CityKing1: checks 
*** FLOP *** [6s 5c 4c]
Mahu2021: checks 
CityKing1: bets 480 and is all-in
luckystr1ke9: folds 
Mahu2021: folds 
Uncalled bet (480) returned to CityKing1
CityKing1 collected 60 from pot
CityKing1: doesn't show hand 
*** SUMMARY ***
Total pot 60 | Rake 0 
Board [6s 5c 4c]
Seat 1: luckystr1ke9 (button) folded on the Flop
Seat 2: Mahu2021 (small blind) folded on the Flop
Seat 3: CityKing1 (big blind) collected (60)



PokerStars Hand #253411487485: Tournament #3823720343, $1.84+$0.16 USD Hold'em No Limit - Level I (10/20) - 2024/11/15 13:49:39 CET [2024/11/15 7:49:39 ET]
Table '3823720343 1' 3-max Seat #2 is the button
Seat 1: luckystr1ke9 (480 in chips) 
Seat 2: Mahu2021 (480 in chips) 
Seat 3: CityKing1 (540 in chips) 
CityKing1: posts small blind 10
luckystr1ke9: posts big blind 20
*** HOLE CARDS ***
Dealt to Mahu2021 [Qs 6h]
Mahu2021: folds 
CityKing1: calls 10
luckystr1ke9: checks 
*** FLOP *** [Jh 8d 6d]
CityKing1: checks 
luckystr1ke9: bets 20
CityKing1: folds 
Uncalled bet (20) returned to luckystr1ke9
luckystr1ke9 collected 40 from pot
luckystr1ke9: doesn't show hand 
*** SUMMARY ***
Total pot 40 | Rake 0 
Board [Jh 8d 6d]
Seat 1: luckystr1ke9 (big blind) collected (40)
Seat 2: Mahu2021 (button) folded before Flop (didn't bet)
Seat 3: CityKing1 (small blind) folded on the Flop



PokerStars Hand #253411490765: Tournament #3823720343, $1.84+$0.16 USD Hold'em No Limit - Level I (10/20) - 2024/11/15 13:50:00 CET [2024/11/15 7:50:00 ET]
Table '3823720343 1' 3-max Seat #3 is the button
Seat 1: luckystr1ke9 (500 in chips) 
Seat 2: Mahu2021 (480 in chips) 
Seat 3: CityKing1 (520 in chips) 
luckystr1ke9: posts small blind 10
Mahu2021: posts big blind 20
*** HOLE CARDS ***
Dealt to Mahu2021 [9h Qc]
CityKing1: calls 20
luckystr1ke9: folds 
Mahu2021: checks 
*** FLOP *** [Ac Js Qh]
Mahu2021: checks 
CityKing1: checks 
*** TURN *** [Ac Js Qh] [5d]
Mahu2021: bets 20
CityKing1: calls 20
*** RIVER *** [Ac Js Qh 5d] [Jh]
Mahu2021: bets 20
CityKing1: calls 20
*** SHOW DOWN ***
Mahu2021: shows [9h Qc] (two pair, Queens and Jacks)
CityKing1: mucks hand 
Mahu2021 collected 130 from pot
*** SUMMARY ***
Total pot 130 | Rake 0 
Board [Ac Js Qh 5d Jh]
Seat 1: luckystr1ke9 (small blind) folded before Flop
Seat 2: Mahu2021 (big blind) showed [9h Qc] and won (130) with two pair, Queens and Jacks
Seat 3: CityKing1 (button) mucked [4d 6d]



PokerStars Hand #253411495250: Tournament #3823720343, $1.84+$0.16 USD Hold'em No Limit - Level I (10/20) - 2024/11/15 13:50:29 CET [2024/11/15 7:50:29 ET]
Table '3823720343 1' 3-max Seat #1 is the button
Seat 1: luckystr1ke9 (490 in chips) 
Seat 2: Mahu2021 (550 in chips) 
Seat 3: CityKing1 (460 in chips) 
Mahu2021: posts small blind 10
CityKing1: posts big blind 20
*** HOLE CARDS ***
Dealt to Mahu2021 [Js Ad]
luckystr1ke9: folds 
Mahu2021: raises 40 to 60
CityKing1: folds 
Uncalled bet (40) returned to Mahu2021
Mahu2021 collected 40 from pot
Mahu2021: doesn't show hand 
*** SUMMARY ***
Total pot 40 | Rake 0 
Seat 1: luckystr1ke9 (button) folded before Flop (didn't bet)
Seat 2: Mahu2021 (small blind) collected (40)
Seat 3: CityKing1 (big blind) folded before Flop



PokerStars Hand #253411496976: Tournament #3823720343, $1.84+$0.16 USD Hold'em No Limit - Level I (10/20) - 2024/11/15 13:50:41 CET [2024/11/15 7:50:41 ET]
Table '3823720343 1' 3-max Seat #2 is the button
Seat 1: luckystr1ke9 (490 in chips) 
Seat 2: Mahu2021 (570 in chips) 
Seat 3: CityKing1 (440 in chips) 
CityKing1: posts small blind 10
luckystr1ke9: posts big blind 20
*** HOLE CARDS ***
Dealt to Mahu2021 [6h 9c]
Mahu2021: folds 
CityKing1: calls 10
luckystr1ke9: checks 
*** FLOP *** [2s 4s 2c]
CityKing1: checks 
luckystr1ke9: checks 
*** TURN *** [2s 4s 2c] [Tc]
CityKing1: checks 
luckystr1ke9: bets 20
CityKing1: calls 20
*** RIVER *** [2s 4s 2c Tc] [3c]
CityKing1: checks 
luckystr1ke9: checks 
*** SHOW DOWN ***
CityKing1: shows [5h 7s] (a pair of Deuces)
luckystr1ke9: shows [9d Ts] (two pair, Tens and Deuces)
luckystr1ke9 collected 80 from pot
*** SUMMARY ***
Total pot 80 | Rake 0 
Board [2s 4s 2c Tc 3c]
Seat 1: luckystr1ke9 (big blind) showed [9d Ts] and won (80) with two pair, Tens and Deuces
Seat 2: Mahu2021 (button) folded before Flop (didn't bet)
Seat 3: CityKing1 (small blind) showed [5h 7s] and lost with a pair of Deuces



PokerStars Hand #253411501788: Tournament #3823720343, $1.84+$0.16 USD Hold'em No Limit - Level I (10/20) - 2024/11/15 13:51:13 CET [2024/11/15 7:51:13 ET]
Table '3823720343 1' 3-max Seat #3 is the button
Seat 1: luckystr1ke9 (530 in chips) 
Seat 2: Mahu2021 (570 in chips) 
Seat 3: CityKing1 (400 in chips) 
luckystr1ke9: posts small blind 10
Mahu2021: posts big blind 20
*** HOLE CARDS ***
Dealt to Mahu2021 [6s Qc]
CityKing1: calls 20
luckystr1ke9: raises 20 to 40
Mahu2021: folds 
CityKing1: calls 20
*** FLOP *** [3c 6d Td]
luckystr1ke9: checks 
CityKing1: checks 
*** TURN *** [3c 6d Td] [4s]
luckystr1ke9: checks 
CityKing1: checks 
*** RIVER *** [3c 6d Td 4s] [Tc]
luckystr1ke9: checks 
CityKing1: bets 20
luckystr1ke9: calls 20
*** SHOW DOWN ***
CityKing1: shows [Ks 3s] (two pair, Tens and Threes)
luckystr1ke9: shows [9c 9s] (two pair, Tens and Nines)
luckystr1ke9 collected 140 from pot
*** SUMMARY ***
Total pot 140 | Rake 0 
Board [3c 6d Td 4s Tc]
Seat 1: luckystr1ke9 (small blind) showed [9c 9s] and won (140) with two pair, Tens and Nines
Seat 2: Mahu2021 (big blind) folded before Flop
Seat 3: CityKing1 (button) showed [Ks 3s] and lost with two pair, Tens and Threes



PokerStars Hand #253411507727: Tournament #3823720343, $1.84+$0.16 USD Hold'em No Limit - Level II (15/30) - 2024/11/15 13:51:50 CET [2024/11/15 7:51:50 ET]
Table '3823720343 1' 3-max Seat #1 is the button
Seat 1: luckystr1ke9 (610 in chips) 
Seat 2: Mahu2021 (550 in chips) 
Seat 3: CityKing1 (340 in chips) 
Mahu2021: posts small blind 15
CityKing1: posts big blind 30
*** HOLE CARDS ***
Dealt to Mahu2021 [7d Jh]
luckystr1ke9: folds 
Mahu2021: calls 15
CityKing1: checks 
*** FLOP *** [Kc Jc 6h]
Mahu2021: bets 30
CityKing1: calls 30
*** TURN *** [Kc Jc 6h] [3h]
Mahu2021: bets 30
CityKing1: calls 30
*** RIVER *** [Kc Jc 6h 3h] [6d]
Mahu2021: bets 60
CityKing1: folds 
Uncalled bet (60) returned to Mahu2021
Mahu2021 collected 180 from pot
Mahu2021: doesn't show hand 
*** SUMMARY ***
Total pot 180 | Rake 0 
Board [Kc Jc 6h 3h 6d]
Seat 1: luckystr1ke9 (button) folded before Flop (didn't bet)
Seat 2: Mahu2021 (small blind) collected (180)
Seat 3: CityKing1 (big blind) folded on the River



PokerStars Hand #253411511872: Tournament #3823720343, $1.84+$0.16 USD Hold'em No Limit - Level II (15/30) - 2024/11/15 13:52:17 CET [2024/11/15 7:52:17 ET]
Table '3823720343 1' 3-max Seat #2 is the button
Seat 1: luckystr1ke9 (610 in chips) 
Seat 2: Mahu2021 (640 in chips) 
Seat 3: CityKing1 (250 in chips) 
CityKing1: posts small blind 15
luckystr1ke9: posts big blind 30
*** HOLE CARDS ***
Dealt to Mahu2021 [8d 6d]
Mahu2021: folds 
CityKing1: folds 
Uncalled bet (15) returned to luckystr1ke9
luckystr1ke9 collected 30 from pot
luckystr1ke9: doesn't show hand 
*** SUMMARY ***
Total pot 30 | Rake 0 
Seat 1: luckystr1ke9 (big blind) collected (30)
Seat 2: Mahu2021 (button) folded before Flop (didn't bet)
Seat 3: CityKing1 (small blind) folded before Flop



PokerStars Hand #253411513404: Tournament #3823720343, $1.84+$0.16 USD Hold'em No Limit - Level II (15/30) - 2024/11/15 13:52:27 CET [2024/11/15 7:52:27 ET]
Table '3823720343 1' 3-max Seat #3 is the button
Seat 1: luckystr1ke9 (625 in chips) 
Seat 2: Mahu2021 (640 in chips) 
Seat 3: CityKing1 (235 in chips) 
luckystr1ke9: posts small blind 15
Mahu2021: posts big blind 30
*** HOLE CARDS ***
Dealt to Mahu2021 [6c 2d]
CityKing1: calls 30
luckystr1ke9: calls 15
Mahu2021: checks 
*** FLOP *** [6h 7c Qd]
luckystr1ke9: checks 
Mahu2021: checks 
CityKing1: bets 30
luckystr1ke9: folds 
Mahu2021: calls 30
*** TURN *** [6h 7c Qd] [3s]
Mahu2021: checks 
CityKing1: bets 30
Mahu2021: folds 
Uncalled bet (30) returned to CityKing1
CityKing1 collected 150 from pot
CityKing1: doesn't show hand 
*** SUMMARY ***
Total pot 150 | Rake 0 
Board [6h 7c Qd 3s]
Seat 1: luckystr1ke9 (small blind) folded on the Flop
Seat 2: Mahu2021 (big blind) folded on the Turn
Seat 3: CityKing1 (button) collected (150)



PokerStars Hand #253411518038: Tournament #3823720343, $1.84+$0.16 USD Hold'em No Limit - Level II (15/30) - 2024/11/15 13:52:57 CET [2024/11/15 7:52:57 ET]
Table '3823720343 1' 3-max Seat #1 is the button
Seat 1: luckystr1ke9 (595 in chips) 
Seat 2: Mahu2021 (580 in chips) 
Seat 3: CityKing1 (325 in chips) 
Mahu2021: posts small blind 15
CityKing1: posts big blind 30
*** HOLE CARDS ***
Dealt to Mahu2021 [7s 9s]
luckystr1ke9: raises 30 to 60
Mahu2021: calls 45
CityKing1: folds 
*** FLOP *** [7d 9h 8c]
Mahu2021: bets 150
luckystr1ke9: folds 
Uncalled bet (150) returned to Mahu2021
Mahu2021 collected 150 from pot
Mahu2021: doesn't show hand 
*** SUMMARY ***
Total pot 150 | Rake 0 
Board [7d 9h 8c]
Seat 1: luckystr1ke9 (button) folded on the Flop
Seat 2: Mahu2021 (small blind) collected (150)
Seat 3: CityKing1 (big blind) folded before Flop



PokerStars Hand #253411520086: Tournament #3823720343, $1.84+$0.16 USD Hold'em No Limit - Level II (15/30) - 2024/11/15 13:53:10 CET [2024/11/15 7:53:10 ET]
Table '3823720343 1' 3-max Seat #2 is the button
Seat 1: luckystr1ke9 (535 in chips) 
Seat 2: Mahu2021 (670 in chips) 
Seat 3: CityKing1 (295 in chips) 
CityKing1: posts small blind 15
luckystr1ke9: posts big blind 30
*** HOLE CARDS ***
Dealt to Mahu2021 [6d Td]
Mahu2021: calls 30
CityKing1: folds 
luckystr1ke9: checks 
*** FLOP *** [Ah 4h 4s]
luckystr1ke9: checks 
Mahu2021: checks 
*** TURN *** [Ah 4h 4s] [7c]
luckystr1ke9: checks 
Mahu2021: checks 
*** RIVER *** [Ah 4h 4s 7c] [2s]
luckystr1ke9: checks 
Mahu2021: bets 75
luckystr1ke9: folds 
Uncalled bet (75) returned to Mahu2021
Mahu2021 collected 75 from pot
Mahu2021: doesn't show hand 
*** SUMMARY ***
Total pot 75 | Rake 0 
Board [Ah 4h 4s 7c 2s]
Seat 1: luckystr1ke9 (big blind) folded on the River
Seat 2: Mahu2021 (button) collected (75)
Seat 3: CityKing1 (small blind) folded before Flop



PokerStars Hand #253411523819: Tournament #3823720343, $1.84+$0.16 USD Hold'em No Limit - Level III (20/40) - 2024/11/15 13:53:33 CET [2024/11/15 7:53:33 ET]
Table '3823720343 1' 3-max Seat #3 is the button
Seat 1: luckystr1ke9 (505 in chips) 
Seat 2: Mahu2021 (715 in chips) 
Seat 3: CityKing1 (280 in chips) 
luckystr1ke9: posts small blind 20
Mahu2021: posts big blind 40
*** HOLE CARDS ***
Dealt to Mahu2021 [Ts 2c]
CityKing1: raises 40 to 80
luckystr1ke9: calls 60
Mahu2021: folds 
*** FLOP *** [5h 9d Js]
luckystr1ke9: checks 
CityKing1: bets 40
luckystr1ke9: folds 
Uncalled bet (40) returned to CityKing1
CityKing1 collected 200 from pot
CityKing1: doesn't show hand 
*** SUMMARY ***
Total pot 200 | Rake 0 
Board [5h 9d Js]
Seat 1: luckystr1ke9 (small blind) folded on the Flop
Seat 2: Mahu2021 (big blind) folded before Flop
Seat 3: CityKing1 (button) collected (200)



PokerStars Hand #253411526196: Tournament #3823720343, $1.84+$0.16 USD Hold'em No Limit - Level III (20/40) - 2024/11/15 13:53:49 CET [2024/11/15 7:53:49 ET]
Table '3823720343 1' 3-max Seat #1 is the button
Seat 1: luckystr1ke9 (425 in chips) 
Seat 2: Mahu2021 (675 in chips) 
Seat 3: CityKing1 (400 in chips) 
Mahu2021: posts small blind 20
CityKing1: posts big blind 40
*** HOLE CARDS ***
Dealt to Mahu2021 [Ad As]
luckystr1ke9: raises 40 to 80
Mahu2021: raises 595 to 675 and is all-in
CityKing1: folds 
luckystr1ke9: folds 
Uncalled bet (595) returned to Mahu2021
Mahu2021 collected 200 from pot
Mahu2021: doesn't show hand 
*** SUMMARY ***
Total pot 200 | Rake 0 
Seat 1: luckystr1ke9 (button) folded before Flop
Seat 2: Mahu2021 (small blind) collected (200)
Seat 3: CityKing1 (big blind) folded before Flop



PokerStars Hand #253411527995: Tournament #3823720343, $1.84+$0.16 USD Hold'em No Limit - Level III (20/40) - 2024/11/15 13:54:00 CET [2024/11/15 7:54:00 ET]
Table '3823720343 1' 3-max Seat #2 is the button
Seat 1: luckystr1ke9 (345 in chips) 
Seat 2: Mahu2021 (795 in chips) 
Seat 3: CityKing1 (360 in chips) 
CityKing1: posts small blind 20
luckystr1ke9: posts big blind 40
*** HOLE CARDS ***
Dealt to Mahu2021 [Ac 2c]
Mahu2021: calls 40
CityKing1: calls 20
luckystr1ke9: checks 
*** FLOP *** [Jc Qs 6h]
CityKing1: checks 
luckystr1ke9: checks 
Mahu2021: checks 
*** TURN *** [Jc Qs 6h] [Ts]
CityKing1: checks 
luckystr1ke9: checks 
Mahu2021: checks 
*** RIVER *** [Jc Qs 6h Ts] [Td]
CityKing1: checks 
luckystr1ke9: bets 40
Mahu2021: folds 
CityKing1: folds 
Uncalled bet (40) returned to luckystr1ke9
luckystr1ke9 collected 120 from pot
luckystr1ke9: doesn't show hand 
*** SUMMARY ***
Total pot 120 | Rake 0 
Board [Jc Qs 6h Ts Td]
Seat 1: luckystr1ke9 (big blind) collected (120)
Seat 2: Mahu2021 (button) folded on the River
Seat 3: CityKing1 (small blind) folded on the River



PokerStars Hand #253411534124: Tournament #3823720343, $1.84+$0.16 USD Hold'em No Limit - Level III (20/40) - 2024/11/15 13:54:39 CET [2024/11/15 7:54:39 ET]
Table '3823720343 1' 3-max Seat #3 is the button
Seat 1: luckystr1ke9 (425 in chips) 
Seat 2: Mahu2021 (755 in chips) 
Seat 3: CityKing1 (320 in chips) 
luckystr1ke9: posts small blind 20
Mahu2021: posts big blind 40
*** HOLE CARDS ***
Dealt to Mahu2021 [2c Kd]
CityKing1: raises 280 to 320 and is all-in
luckystr1ke9: calls 300
Mahu2021: folds 
*** FLOP *** [3h Qs 4h]
*** TURN *** [3h Qs 4h] [Qh]
*** RIVER *** [3h Qs 4h Qh] [Ks]
*** SHOW DOWN ***
luckystr1ke9: shows [8h 8c] (two pair, Queens and Eights)
CityKing1: shows [2d Qd] (three of a kind, Queens)
CityKing1 collected 680 from pot
*** SUMMARY ***
Total pot 680 | Rake 0 
Board [3h Qs 4h Qh Ks]
Seat 1: luckystr1ke9 (small blind) showed [8h 8c] and lost with two pair, Queens and Eights
Seat 2: Mahu2021 (big blind) folded before Flop
Seat 3: CityKing1 (button) showed [2d Qd] and won (680) with three of a kind, Queens



PokerStars Hand #253411536598: Tournament #3823720343, $1.84+$0.16 USD Hold'em No Limit - Level III (20/40) - 2024/11/15 13:54:55 CET [2024/11/15 7:54:55 ET]
Table '3823720343 1' 3-max Seat #1 is the button
Seat 1: luckystr1ke9 (105 in chips) 
Seat 2: Mahu2021 (715 in chips) 
Seat 3: CityKing1 (680 in chips) 
Mahu2021: posts small blind 20
CityKing1: posts big blind 40
*** HOLE CARDS ***
Dealt to Mahu2021 [7d 5h]
luckystr1ke9: raises 40 to 80
Mahu2021: folds 
CityKing1: folds 
Uncalled bet (40) returned to luckystr1ke9
luckystr1ke9 collected 100 from pot
luckystr1ke9: doesn't show hand 
*** SUMMARY ***
Total pot 100 | Rake 0 
Seat 1: luckystr1ke9 (button) collected (100)
Seat 2: Mahu2021 (small blind) folded before Flop
Seat 3: CityKing1 (big blind) folded before Flop



PokerStars Hand #253411538299: Tournament #3823720343, $1.84+$0.16 USD Hold'em No Limit - Level III (20/40) - 2024/11/15 13:55:07 CET [2024/11/15 7:55:07 ET]
Table '3823720343 1' 3-max Seat #2 is the button
Seat 1: luckystr1ke9 (165 in chips) 
Seat 2: Mahu2021 (695 in chips) 
Seat 3: CityKing1 (640 in chips) 
CityKing1: posts small blind 20
luckystr1ke9: posts big blind 40
*** HOLE CARDS ***
Dealt to Mahu2021 [5h Td]
Mahu2021: folds 
CityKing1: folds 
Uncalled bet (20) returned to luckystr1ke9
luckystr1ke9 collected 40 from pot
luckystr1ke9: doesn't show hand 
*** SUMMARY ***
Total pot 40 | Rake 0 
Seat 1: luckystr1ke9 (big blind) collected (40)
Seat 2: Mahu2021 (button) folded before Flop (didn't bet)
Seat 3: CityKing1 (small blind) folded before Flop



PokerStars Hand #253411539284: Tournament #3823720343, $1.84+$0.16 USD Hold'em No Limit - Level III (20/40) - 2024/11/15 13:55:14 CET [2024/11/15 7:55:14 ET]
Table '3823720343 1' 3-max Seat #3 is the button
Seat 1: luckystr1ke9 (185 in chips) 
Seat 2: Mahu2021 (695 in chips) 
Seat 3: CityKing1 (620 in chips) 
luckystr1ke9: posts small blind 20
Mahu2021: posts big blind 40
*** HOLE CARDS ***
Dealt to Mahu2021 [8c Jc]
CityKing1: raises 40 to 80
luckystr1ke9: folds 
Mahu2021: calls 40
*** FLOP *** [Kd 6c 9c]
Mahu2021: checks 
CityKing1: bets 40
Mahu2021: calls 40
*** TURN *** [Kd 6c 9c] [6s]
Mahu2021: checks 
CityKing1: bets 40
Mahu2021: calls 40
*** RIVER *** [Kd 6c 9c 6s] [3s]
Mahu2021: checks 
CityKing1: bets 40
Mahu2021: folds 
Uncalled bet (40) returned to CityKing1
CityKing1 collected 340 from pot
CityKing1: doesn't show hand 
*** SUMMARY ***
Total pot 340 | Rake 0 
Board [Kd 6c 9c 6s 3s]
Seat 1: luckystr1ke9 (small blind) folded before Flop
Seat 2: Mahu2021 (big blind) folded on the River
Seat 3: CityKing1 (button) collected (340)



PokerStars Hand #253411543322: Tournament #3823720343, $1.84+$0.16 USD Hold'em No Limit - Level IV (30/60) - 2024/11/15 13:55:47 CET [2024/11/15 7:55:47 ET]
Table '3823720343 1' 3-max Seat #1 is the button
Seat 1: luckystr1ke9 (165 in chips) 
Seat 2: Mahu2021 (535 in chips) 
Seat 3: CityKing1 (800 in chips) 
Mahu2021: posts small blind 30
CityKing1: posts big blind 60
*** HOLE CARDS ***
Dealt to Mahu2021 [7c 4h]
luckystr1ke9: folds 
Mahu2021: folds 
Uncalled bet (30) returned to CityKing1
CityKing1 collected 60 from pot
CityKing1: doesn't show hand 
*** SUMMARY ***
Total pot 60 | Rake 0 
Seat 1: luckystr1ke9 (button) folded before Flop (didn't bet)
Seat 2: Mahu2021 (small blind) folded before Flop
Seat 3: CityKing1 (big blind) collected (60)



PokerStars Hand #253411544216: Tournament #3823720343, $1.84+$0.16 USD Hold'em No Limit - Level IV (30/60) - 2024/11/15 13:55:53 CET [2024/11/15 7:55:53 ET]
Table '3823720343 1' 3-max Seat #2 is the button
Seat 1: luckystr1ke9 (165 in chips) 
Seat 2: Mahu2021 (505 in chips) 
Seat 3: CityKing1 (830 in chips) 
CityKing1: posts small blind 30
luckystr1ke9: posts big blind 60
*** HOLE CARDS ***
Dealt to Mahu2021 [Qc 8s]
Mahu2021: raises 60 to 120
CityKing1: calls 90
luckystr1ke9: folds 
*** FLOP *** [Qd 4c 9s]
CityKing1: checks 
Mahu2021: bets 300
CityKing1: folds 
Uncalled bet (300) returned to Mahu2021
Mahu2021 collected 300 from pot
Mahu2021: doesn't show hand 
*** SUMMARY ***
Total pot 300 | Rake 0 
Board [Qd 4c 9s]
Seat 1: luckystr1ke9 (big blind) folded before Flop
Seat 2: Mahu2021 (button) collected (300)
Seat 3: CityKing1 (small blind) folded on the Flop



PokerStars Hand #253411546777: Tournament #3823720343, $1.84+$0.16 USD Hold'em No Limit - Level IV (30/60) - 2024/11/15 13:56:13 CET [2024/11/15 7:56:13 ET]
Table '3823720343 1' 3-max Seat #3 is the button
Seat 1: luckystr1ke9 (105 in chips) 
Seat 2: Mahu2021 (685 in chips) 
Seat 3: CityKing1 (710 in chips) 
luckystr1ke9: posts small blind 30
Mahu2021: posts big blind 60
*** HOLE CARDS ***
Dealt to Mahu2021 [Ts 7s]
CityKing1: calls 60
luckystr1ke9: folds 
Mahu2021: checks 
*** FLOP *** [Ad 2d Ks]
Mahu2021: checks 
CityKing1: checks 
*** TURN *** [Ad 2d Ks] [8h]
Mahu2021: checks 
CityKing1: checks 
*** RIVER *** [Ad 2d Ks 8h] [9d]
Mahu2021: bets 120
CityKing1: folds 
Uncalled bet (120) returned to Mahu2021
Mahu2021 collected 150 from pot
Mahu2021: doesn't show hand 
*** SUMMARY ***
Total pot 150 | Rake 0 
Board [Ad 2d Ks 8h 9d]
Seat 1: luckystr1ke9 (small blind) folded before Flop
Seat 2: Mahu2021 (big blind) collected (150)
Seat 3: CityKing1 (button) folded on the River



PokerStars Hand #253411550154: Tournament #3823720343, $1.84+$0.16 USD Hold'em No Limit - Level IV (30/60) - 2024/11/15 13:56:39 CET [2024/11/15 7:56:39 ET]
Table '3823720343 1' 3-max Seat #1 is the button
Seat 1: luckystr1ke9 (75 in chips) 
Seat 2: Mahu2021 (775 in chips) 
Seat 3: CityKing1 (650 in chips) 
Mahu2021: posts small blind 30
CityKing1: posts big blind 60
*** HOLE CARDS ***
Dealt to Mahu2021 [5d 7c]
luckystr1ke9: folds 
Mahu2021: folds 
Uncalled bet (30) returned to CityKing1
CityKing1 collected 60 from pot
CityKing1: doesn't show hand 
*** SUMMARY ***
Total pot 60 | Rake 0 
Seat 1: luckystr1ke9 (button) folded before Flop (didn't bet)
Seat 2: Mahu2021 (small blind) folded before Flop
Seat 3: CityKing1 (big blind) collected (60)



PokerStars Hand #253411550913: Tournament #3823720343, $1.84+$0.16 USD Hold'em No Limit - Level IV (30/60) - 2024/11/15 13:56:45 CET [2024/11/15 7:56:45 ET]
Table '3823720343 1' 3-max Seat #2 is the button
Seat 1: luckystr1ke9 (75 in chips) 
Seat 2: Mahu2021 (745 in chips) 
Seat 3: CityKing1 (680 in chips) 
CityKing1: posts small blind 30
luckystr1ke9: posts big blind 60
*** HOLE CARDS ***
Dealt to Mahu2021 [Kd 8d]
Mahu2021: raises 60 to 120
CityKing1: folds 
luckystr1ke9: calls 15 and is all-in
Uncalled bet (45) returned to Mahu2021
*** FLOP *** [Js Jh Qd]
*** TURN *** [Js Jh Qd] [6s]
*** RIVER *** [Js Jh Qd 6s] [Qc]
*** SHOW DOWN ***
luckystr1ke9: shows [4d 7d] (two pair, Queens and Jacks)
Mahu2021: shows [Kd 8d] (two pair, Queens and Jacks - King kicker)
Mahu2021 collected 180 from pot
luckystr1ke9 finished the tournament in 3rd place
*** SUMMARY ***
Total pot 180 | Rake 0 
Board [Js Jh Qd 6s Qc]
Seat 1: luckystr1ke9 (big blind) showed [4d 7d] and lost with two pair, Queens and Jacks
Seat 2: Mahu2021 (button) showed [Kd 8d] and won (180) with two pair, Queens and Jacks
Seat 3: CityKing1 (small blind) folded before Flop



PokerStars Hand #253411553705: Tournament #3823720343, $1.84+$0.16 USD Hold'em No Limit - Level IV (30/60) - 2024/11/15 13:57:06 CET [2024/11/15 7:57:06 ET]
Table '3823720343 1' 3-max Seat #3 is the button
Seat 2: Mahu2021 (850 in chips) 
Seat 3: CityKing1 (650 in chips) 
CityKing1: posts small blind 30
Mahu2021: posts big blind 60
*** HOLE CARDS ***
Dealt to Mahu2021 [Kc 8s]
CityKing1: folds 
Uncalled bet (30) returned to Mahu2021
Mahu2021 collected 60 from pot
Mahu2021: doesn't show hand 
*** SUMMARY ***
Total pot 60 | Rake 0 
Seat 2: Mahu2021 (big blind) collected (60)
Seat 3: CityKing1 (button) (small blind) folded before Flop



PokerStars Hand #253411554529: Tournament #3823720343, $1.84+$0.16 USD Hold'em No Limit - Level IV (30/60) - 2024/11/15 13:57:12 CET [2024/11/15 7:57:12 ET]
Table '3823720343 1' 3-max Seat #2 is the button
Seat 2: Mahu2021 (880 in chips) 
Seat 3: CityKing1 (620 in chips) 
Mahu2021: posts small blind 30
CityKing1: posts big blind 60
*** HOLE CARDS ***
Dealt to Mahu2021 [3d 9s]
Mahu2021: raises 60 to 120
CityKing1: calls 60
*** FLOP *** [5d 7d 8d]
CityKing1: bets 500 and is all-in
Mahu2021: folds 
Uncalled bet (500) returned to CityKing1
CityKing1 collected 240 from pot
CityKing1: doesn't show hand 
*** SUMMARY ***
Total pot 240 | Rake 0 
Board [5d 7d 8d]
Seat 2: Mahu2021 (button) (small blind) folded on the Flop
Seat 3: CityKing1 (big blind) collected (240)



PokerStars Hand #253411557242: Tournament #3823720343, $1.84+$0.16 USD Hold'em No Limit - Level V (40/80) - 2024/11/15 13:57:34 CET [2024/11/15 7:57:34 ET]
Table '3823720343 1' 3-max Seat #3 is the button
Seat 2: Mahu2021 (760 in chips) 
Seat 3: CityKing1 (740 in chips) 
CityKing1: posts small blind 40
Mahu2021: posts big blind 80
*** HOLE CARDS ***
Dealt to Mahu2021 [Jh 5s]
CityKing1: folds 
Uncalled bet (40) returned to Mahu2021
Mahu2021 collected 80 from pot
Mahu2021: doesn't show hand 
*** SUMMARY ***
Total pot 80 | Rake 0 
Seat 2: Mahu2021 (big blind) collected (80)
Seat 3: CityKing1 (button) (small blind) folded before Flop



PokerStars Hand #253411558023: Tournament #3823720343, $1.84+$0.16 USD Hold'em No Limit - Level V (40/80) - 2024/11/15 13:57:40 CET [2024/11/15 7:57:40 ET]
Table '3823720343 1' 3-max Seat #2 is the button
Seat 2: Mahu2021 (800 in chips) 
Seat 3: CityKing1 (700 in chips) 
Mahu2021: posts small blind 40
CityKing1: posts big blind 80
*** HOLE CARDS ***
Dealt to Mahu2021 [8h 9s]
Mahu2021: calls 40
CityKing1: checks 
*** FLOP *** [8d 5c 3d]
CityKing1: checks 
Mahu2021: bets 160
CityKing1: folds 
Uncalled bet (160) returned to Mahu2021
Mahu2021 collected 160 from pot
Mahu2021: doesn't show hand 
*** SUMMARY ***
Total pot 160 | Rake 0 
Board [8d 5c 3d]
Seat 2: Mahu2021 (button) (small blind) collected (160)
Seat 3: CityKing1 (big blind) folded on the Flop



PokerStars Hand #253411559989: Tournament #3823720343, $1.84+$0.16 USD Hold'em No Limit - Level V (40/80) - 2024/11/15 13:57:55 CET [2024/11/15 7:57:55 ET]
Table '3823720343 1' 3-max Seat #3 is the button
Seat 2: Mahu2021 (880 in chips) 
Seat 3: CityKing1 (620 in chips) 
CityKing1: posts small blind 40
Mahu2021: posts big blind 80
*** HOLE CARDS ***
Dealt to Mahu2021 [9s Kc]
CityKing1: raises 80 to 160
Mahu2021: raises 720 to 880 and is all-in
CityKing1: calls 460 and is all-in
Uncalled bet (260) returned to Mahu2021
*** FLOP *** [Qd 2d Ah]
*** TURN *** [Qd 2d Ah] [8s]
*** RIVER *** [Qd 2d Ah 8s] [8d]
*** SHOW DOWN ***
Mahu2021: shows [9s Kc] (a pair of Eights)
CityKing1: shows [Jc 7s] (a pair of Eights - lower kicker)
Mahu2021 collected 1240 from pot
CityKing1 finished the tournament in 2nd place
Mahu2021 wins the tournament and receives $4.00 - congratulations!
*** SUMMARY ***
Total pot 1240 | Rake 0 
Board [Qd 2d Ah 8s 8d]
Seat 2: Mahu2021 (big blind) showed [9s Kc] and won (1240) with a pair of Eights
Seat 3: CityKing1 (button) (small blind) showed [Jc 7s] and lost with a pair of Eights



