PokerStars Hand #251519802572: Tournament #3778564283, $1.84+$0.16 USD Hold'em No Limit - Level I (10/20) - 2024/07/16 20:34:11 CET [2024/07/16 14:34:11 ET]
Table '3778564283 1' 3-max Seat #1 is the button
Seat 1: GMS2009 (500 in chips) 
Seat 2: ShiroKuro777 (500 in chips) 
Seat 3: Mahu2021 (500 in chips) 
ShiroKuro777: posts small blind 10
Mahu2021: posts big blind 20
*** HOLE CARDS ***
Dealt to Mahu2021 [4s 9s]
GMS2009: raises 60 to 80
ShiroKuro777: folds 
Mahu2021: folds 
Uncalled bet (60) returned to GMS2009
GMS2009 collected 50 from pot
*** SUMMARY ***
Total pot 50 | Rake 0 
Seat 1: GMS2009 (button) collected (50)
Seat 2: ShiroKuro777 (small blind) folded before Flop
Seat 3: Mahu2021 (big blind) folded before Flop



PokerStars Hand #251519806054: Tournament #3778564283, $1.84+$0.16 USD Hold'em No Limit - Level I (10/20) - 2024/07/16 20:34:23 CET [2024/07/16 14:34:23 ET]
Table '3778564283 1' 3-max Seat #2 is the button
Seat 1: GMS2009 (530 in chips) 
Seat 2: ShiroKuro777 (490 in chips) 
Seat 3: Mahu2021 (480 in chips) 
Mahu2021: posts small blind 10
GMS2009: posts big blind 20
*** HOLE CARDS ***
Dealt to Mahu2021 [3d 6h]
ShiroKuro777: folds 
Mahu2021: folds 
Uncalled bet (10) returned to GMS2009
GMS2009 collected 20 from pot
*** SUMMARY ***
Total pot 20 | Rake 0 
Seat 1: GMS2009 (big blind) collected (20)
Seat 2: ShiroKuro777 (button) folded before Flop (didn't bet)
Seat 3: Mahu2021 (small blind) folded before Flop



PokerStars Hand #251519807897: Tournament #3778564283, $1.84+$0.16 USD Hold'em No Limit - Level I (10/20) - 2024/07/16 20:34:29 CET [2024/07/16 14:34:29 ET]
Table '3778564283 1' 3-max Seat #3 is the button
Seat 1: GMS2009 (540 in chips) 
Seat 2: ShiroKuro777 (490 in chips) 
Seat 3: Mahu2021 (470 in chips) 
GMS2009: posts small blind 10
ShiroKuro777: posts big blind 20
*** HOLE CARDS ***
Dealt to Mahu2021 [6d 8d]
Mahu2021: folds 
GMS2009: calls 10
ShiroKuro777: checks 
*** FLOP *** [Ks 6s As]
GMS2009: bets 20
ShiroKuro777: calls 20
*** TURN *** [Ks 6s As] [9h]
GMS2009: checks 
ShiroKuro777: bets 20
GMS2009: calls 20
*** RIVER *** [Ks 6s As 9h] [2s]
GMS2009: bets 60
ShiroKuro777: calls 60
*** SHOW DOWN ***
GMS2009: shows [Qc 8h] (high card Ace)
ShiroKuro777: shows [9s 3c] (a flush, Ace high)
ShiroKuro777 collected 240 from pot
*** SUMMARY ***
Total pot 240 | Rake 0 
Board [Ks 6s As 9h 2s]
Seat 1: GMS2009 (small blind) showed [Qc 8h] and lost with high card Ace
Seat 2: ShiroKuro777 (big blind) showed [9s 3c] and won (240) with a flush, Ace high
Seat 3: Mahu2021 (button) folded before Flop (didn't bet)



PokerStars Hand #251519824876: Tournament #3778564283, $1.84+$0.16 USD Hold'em No Limit - Level I (10/20) - 2024/07/16 20:35:27 CET [2024/07/16 14:35:27 ET]
Table '3778564283 1' 3-max Seat #1 is the button
Seat 1: GMS2009 (420 in chips) 
Seat 2: ShiroKuro777 (610 in chips) 
Seat 3: Mahu2021 (470 in chips) 
ShiroKuro777: posts small blind 10
Mahu2021: posts big blind 20
*** HOLE CARDS ***
Dealt to Mahu2021 [Kd Qs]
GMS2009: raises 20 to 40
ShiroKuro777: folds 
Mahu2021: calls 20
*** FLOP *** [6h 9h 8s]
Mahu2021: checks 
GMS2009: checks 
*** TURN *** [6h 9h 8s] [Qh]
Mahu2021: checks 
GMS2009: checks 
*** RIVER *** [6h 9h 8s Qh] [8c]
Mahu2021: bets 90
GMS2009: folds 
Uncalled bet (90) returned to Mahu2021
Mahu2021 collected 90 from pot
Mahu2021: doesn't show hand 
*** SUMMARY ***
Total pot 90 | Rake 0 
Board [6h 9h 8s Qh 8c]
Seat 1: GMS2009 (button) folded on the River
Seat 2: ShiroKuro777 (small blind) folded before Flop
Seat 3: Mahu2021 (big blind) collected (90)



PokerStars Hand #251519831876: Tournament #3778564283, $1.84+$0.16 USD Hold'em No Limit - Level I (10/20) - 2024/07/16 20:35:50 CET [2024/07/16 14:35:50 ET]
Table '3778564283 1' 3-max Seat #2 is the button
Seat 1: GMS2009 (380 in chips) 
Seat 2: ShiroKuro777 (600 in chips) 
Seat 3: Mahu2021 (520 in chips) 
Mahu2021: posts small blind 10
GMS2009: posts big blind 20
*** HOLE CARDS ***
Dealt to Mahu2021 [9d 7s]
ShiroKuro777: folds 
Mahu2021: folds 
Uncalled bet (10) returned to GMS2009
GMS2009 collected 20 from pot
*** SUMMARY ***
Total pot 20 | Rake 0 
Seat 1: GMS2009 (big blind) collected (20)
Seat 2: ShiroKuro777 (button) folded before Flop (didn't bet)
Seat 3: Mahu2021 (small blind) folded before Flop



PokerStars Hand #251519833998: Tournament #3778564283, $1.84+$0.16 USD Hold'em No Limit - Level I (10/20) - 2024/07/16 20:35:58 CET [2024/07/16 14:35:58 ET]
Table '3778564283 1' 3-max Seat #3 is the button
Seat 1: GMS2009 (390 in chips) 
Seat 2: ShiroKuro777 (600 in chips) 
Seat 3: Mahu2021 (510 in chips) 
GMS2009: posts small blind 10
ShiroKuro777: posts big blind 20
*** HOLE CARDS ***
Dealt to Mahu2021 [6c 2d]
Mahu2021: folds 
GMS2009: calls 10
ShiroKuro777: raises 110 to 130
GMS2009: calls 110
*** FLOP *** [9s 8c 9d]
GMS2009: checks 
ShiroKuro777: bets 130
GMS2009: folds 
Uncalled bet (130) returned to ShiroKuro777
ShiroKuro777 collected 260 from pot
ShiroKuro777: doesn't show hand 
*** SUMMARY ***
Total pot 260 | Rake 0 
Board [9s 8c 9d]
Seat 1: GMS2009 (small blind) folded on the Flop
Seat 2: ShiroKuro777 (big blind) collected (260)
Seat 3: Mahu2021 (button) folded before Flop (didn't bet)



PokerStars Hand #251519845803: Tournament #3778564283, $1.84+$0.16 USD Hold'em No Limit - Level II (15/30) - 2024/07/16 20:36:38 CET [2024/07/16 14:36:38 ET]
Table '3778564283 1' 3-max Seat #1 is the button
Seat 1: GMS2009 (260 in chips) 
Seat 2: ShiroKuro777 (730 in chips) 
Seat 3: Mahu2021 (510 in chips) 
ShiroKuro777: posts small blind 15
Mahu2021: posts big blind 30
*** HOLE CARDS ***
Dealt to Mahu2021 [2h Th]
GMS2009: folds 
ShiroKuro777: raises 60 to 90
Mahu2021: folds 
Uncalled bet (60) returned to ShiroKuro777
ShiroKuro777 collected 60 from pot
ShiroKuro777: doesn't show hand 
*** SUMMARY ***
Total pot 60 | Rake 0 
Seat 1: GMS2009 (button) folded before Flop (didn't bet)
Seat 2: ShiroKuro777 (small blind) collected (60)
Seat 3: Mahu2021 (big blind) folded before Flop



PokerStars Hand #251519850861: Tournament #3778564283, $1.84+$0.16 USD Hold'em No Limit - Level II (15/30) - 2024/07/16 20:36:55 CET [2024/07/16 14:36:55 ET]
Table '3778564283 1' 3-max Seat #2 is the button
Seat 1: GMS2009 (260 in chips) 
Seat 2: ShiroKuro777 (760 in chips) 
Seat 3: Mahu2021 (480 in chips) 
Mahu2021: posts small blind 15
GMS2009: posts big blind 30
*** HOLE CARDS ***
Dealt to Mahu2021 [Kd Js]
ShiroKuro777: raises 30 to 60
Mahu2021: calls 45
GMS2009: calls 30
*** FLOP *** [2s 6s 3c]
Mahu2021: checks 
GMS2009: checks 
ShiroKuro777: bets 60
Mahu2021: folds 
GMS2009: calls 60
*** TURN *** [2s 6s 3c] [3s]
GMS2009: checks 
ShiroKuro777: bets 150
GMS2009: calls 140 and is all-in
Uncalled bet (10) returned to ShiroKuro777
*** RIVER *** [2s 6s 3c 3s] [3h]
*** SHOW DOWN ***
GMS2009: shows [4s Ts] (a flush, Ten high)
ShiroKuro777: shows [5d 5c] (a full house, Threes full of Fives)
ShiroKuro777 collected 580 from pot
GMS2009 finished the tournament in 3rd place
*** SUMMARY ***
Total pot 580 | Rake 0 
Board [2s 6s 3c 3s 3h]
Seat 1: GMS2009 (big blind) showed [4s Ts] and lost with a flush, Ten high
Seat 2: ShiroKuro777 (button) showed [5d 5c] and won (580) with a full house, Threes full of Fives
Seat 3: Mahu2021 (small blind) folded on the Flop



PokerStars Hand #251519868664: Tournament #3778564283, $1.84+$0.16 USD Hold'em No Limit - Level II (15/30) - 2024/07/16 20:37:55 CET [2024/07/16 14:37:55 ET]
Table '3778564283 1' 3-max Seat #3 is the button
Seat 2: ShiroKuro777 (1080 in chips) 
Seat 3: Mahu2021 (420 in chips) 
Mahu2021: posts small blind 15
ShiroKuro777: posts big blind 30
*** HOLE CARDS ***
Dealt to Mahu2021 [5d Qc]
Mahu2021: folds 
Uncalled bet (15) returned to ShiroKuro777
ShiroKuro777 collected 30 from pot
ShiroKuro777: doesn't show hand 
*** SUMMARY ***
Total pot 30 | Rake 0 
Seat 2: ShiroKuro777 (big blind) collected (30)
Seat 3: Mahu2021 (button) (small blind) folded before Flop



PokerStars Hand #251519869933: Tournament #3778564283, $1.84+$0.16 USD Hold'em No Limit - Level II (15/30) - 2024/07/16 20:37:59 CET [2024/07/16 14:37:59 ET]
Table '3778564283 1' 3-max Seat #2 is the button
Seat 2: ShiroKuro777 (1095 in chips) 
Seat 3: Mahu2021 (405 in chips) 
ShiroKuro777: posts small blind 15
Mahu2021: posts big blind 30
*** HOLE CARDS ***
Dealt to Mahu2021 [Ad Jh]
ShiroKuro777: calls 15
Mahu2021: raises 90 to 120
ShiroKuro777: folds 
Uncalled bet (90) returned to Mahu2021
Mahu2021 collected 60 from pot
Mahu2021: doesn't show hand 
*** SUMMARY ***
Total pot 60 | Rake 0 
Seat 2: ShiroKuro777 (button) (small blind) folded before Flop
Seat 3: Mahu2021 (big blind) collected (60)



PokerStars Hand #251519874803: Tournament #3778564283, $1.84+$0.16 USD Hold'em No Limit - Level III (20/40) - 2024/07/16 20:38:16 CET [2024/07/16 14:38:16 ET]
Table '3778564283 1' 3-max Seat #3 is the button
Seat 2: ShiroKuro777 (1065 in chips) 
Seat 3: Mahu2021 (435 in chips) 
Mahu2021: posts small blind 20
ShiroKuro777: posts big blind 40
*** HOLE CARDS ***
Dealt to Mahu2021 [Jc 3h]
Mahu2021: calls 20
ShiroKuro777: checks 
*** FLOP *** [2c 8d Qd]
ShiroKuro777: checks 
Mahu2021: checks 
*** TURN *** [2c 8d Qd] [8s]
ShiroKuro777: bets 60
Mahu2021: folds 
Uncalled bet (60) returned to ShiroKuro777
ShiroKuro777 collected 80 from pot
ShiroKuro777: doesn't show hand 
*** SUMMARY ***
Total pot 80 | Rake 0 
Board [2c 8d Qd 8s]
Seat 2: ShiroKuro777 (big blind) collected (80)
Seat 3: Mahu2021 (button) (small blind) folded on the Turn



PokerStars Hand #251519879627: Tournament #3778564283, $1.84+$0.16 USD Hold'em No Limit - Level III (20/40) - 2024/07/16 20:38:32 CET [2024/07/16 14:38:32 ET]
Table '3778564283 1' 3-max Seat #2 is the button
Seat 2: ShiroKuro777 (1105 in chips) 
Seat 3: Mahu2021 (395 in chips) 
ShiroKuro777: posts small blind 20
Mahu2021: posts big blind 40
*** HOLE CARDS ***
Dealt to Mahu2021 [8h Jc]
ShiroKuro777: calls 20
Mahu2021: checks 
*** FLOP *** [7h Ts 2s]
Mahu2021: checks 
ShiroKuro777: bets 40
Mahu2021: calls 40
*** TURN *** [7h Ts 2s] [7c]
Mahu2021: checks 
ShiroKuro777: checks 
*** RIVER *** [7h Ts 2s 7c] [6d]
Mahu2021: bets 160
ShiroKuro777: folds 
Uncalled bet (160) returned to Mahu2021
Mahu2021 collected 160 from pot
Mahu2021: doesn't show hand 
*** SUMMARY ***
Total pot 160 | Rake 0 
Board [7h Ts 2s 7c 6d]
Seat 2: ShiroKuro777 (button) (small blind) folded on the River
Seat 3: Mahu2021 (big blind) collected (160)



PokerStars Hand #251519890406: Tournament #3778564283, $1.84+$0.16 USD Hold'em No Limit - Level III (20/40) - 2024/07/16 20:39:09 CET [2024/07/16 14:39:09 ET]
Table '3778564283 1' 3-max Seat #3 is the button
Seat 2: ShiroKuro777 (1025 in chips) 
Seat 3: Mahu2021 (475 in chips) 
Mahu2021: posts small blind 20
ShiroKuro777: posts big blind 40
*** HOLE CARDS ***
Dealt to Mahu2021 [Kc Ad]
Mahu2021: raises 40 to 80
ShiroKuro777: raises 945 to 1025 and is all-in
Mahu2021: calls 395 and is all-in
Uncalled bet (550) returned to ShiroKuro777
*** FLOP *** [Kd 6h 5c]
*** TURN *** [Kd 6h 5c] [6c]
*** RIVER *** [Kd 6h 5c 6c] [Qd]
*** SHOW DOWN ***
ShiroKuro777: shows [5h Ac] (two pair, Sixes and Fives)
Mahu2021: shows [Kc Ad] (two pair, Kings and Sixes)
Mahu2021 collected 950 from pot
*** SUMMARY ***
Total pot 950 | Rake 0 
Board [Kd 6h 5c 6c Qd]
Seat 2: ShiroKuro777 (big blind) showed [5h Ac] and lost with two pair, Sixes and Fives
Seat 3: Mahu2021 (button) (small blind) showed [Kc Ad] and won (950) with two pair, Kings and Sixes



PokerStars Hand #251519894930: Tournament #3778564283, $1.84+$0.16 USD Hold'em No Limit - Level III (20/40) - 2024/07/16 20:39:24 CET [2024/07/16 14:39:24 ET]
Table '3778564283 1' 3-max Seat #2 is the button
Seat 2: ShiroKuro777 (550 in chips) 
Seat 3: Mahu2021 (950 in chips) 
ShiroKuro777: posts small blind 20
Mahu2021: posts big blind 40
*** HOLE CARDS ***
Dealt to Mahu2021 [3s 5c]
ShiroKuro777: calls 20
Mahu2021: checks 
*** FLOP *** [Jc 9c 4d]
Mahu2021: checks 
ShiroKuro777: checks 
*** TURN *** [Jc 9c 4d] [Jh]
Mahu2021: checks 
ShiroKuro777: checks 
*** RIVER *** [Jc 9c 4d Jh] [9h]
Mahu2021: checks 
ShiroKuro777: bets 120
Mahu2021: folds 
Uncalled bet (120) returned to ShiroKuro777
ShiroKuro777 collected 80 from pot
ShiroKuro777: doesn't show hand 
*** SUMMARY ***
Total pot 80 | Rake 0 
Board [Jc 9c 4d Jh 9h]
Seat 2: ShiroKuro777 (button) (small blind) collected (80)
Seat 3: Mahu2021 (big blind) folded on the River



PokerStars Hand #251519904218: Tournament #3778564283, $1.84+$0.16 USD Hold'em No Limit - Level III (20/40) - 2024/07/16 20:39:55 CET [2024/07/16 14:39:55 ET]
Table '3778564283 1' 3-max Seat #3 is the button
Seat 2: ShiroKuro777 (590 in chips) 
Seat 3: Mahu2021 (910 in chips) 
Mahu2021: posts small blind 20
ShiroKuro777: posts big blind 40
*** HOLE CARDS ***
Dealt to Mahu2021 [Ks 3s]
Mahu2021: raises 40 to 80
ShiroKuro777: raises 510 to 590 and is all-in
Mahu2021: folds 
Uncalled bet (510) returned to ShiroKuro777
ShiroKuro777 collected 160 from pot
ShiroKuro777: doesn't show hand 
*** SUMMARY ***
Total pot 160 | Rake 0 
Seat 2: ShiroKuro777 (big blind) collected (160)
Seat 3: Mahu2021 (button) (small blind) folded before Flop



PokerStars Hand #251519908347: Tournament #3778564283, $1.84+$0.16 USD Hold'em No Limit - Level III (20/40) - 2024/07/16 20:40:10 CET [2024/07/16 14:40:10 ET]
Table '3778564283 1' 3-max Seat #2 is the button
Seat 2: ShiroKuro777 (670 in chips) 
Seat 3: Mahu2021 (830 in chips) 
ShiroKuro777: posts small blind 20
Mahu2021: posts big blind 40
*** HOLE CARDS ***
Dealt to Mahu2021 [5h 3h]
ShiroKuro777: calls 20
Mahu2021: checks 
*** FLOP *** [Tc Qs 7s]
Mahu2021: checks 
ShiroKuro777: checks 
*** TURN *** [Tc Qs 7s] [Jd]
Mahu2021: checks 
ShiroKuro777: bets 40
Mahu2021: folds 
Uncalled bet (40) returned to ShiroKuro777
ShiroKuro777 collected 80 from pot
ShiroKuro777: doesn't show hand 
*** SUMMARY ***
Total pot 80 | Rake 0 
Board [Tc Qs 7s Jd]
Seat 2: ShiroKuro777 (button) (small blind) collected (80)
Seat 3: Mahu2021 (big blind) folded on the Turn



PokerStars Hand #251519914745: Tournament #3778564283, $1.84+$0.16 USD Hold'em No Limit - Level IV (30/60) - 2024/07/16 20:40:31 CET [2024/07/16 14:40:31 ET]
Table '3778564283 1' 3-max Seat #3 is the button
Seat 2: ShiroKuro777 (710 in chips) 
Seat 3: Mahu2021 (790 in chips) 
Mahu2021: posts small blind 30
ShiroKuro777: posts big blind 60
*** HOLE CARDS ***
Dealt to Mahu2021 [Th Kc]
Mahu2021: raises 60 to 120
ShiroKuro777: folds 
Uncalled bet (60) returned to Mahu2021
Mahu2021 collected 120 from pot
Mahu2021: doesn't show hand 
*** SUMMARY ***
Total pot 120 | Rake 0 
Seat 2: ShiroKuro777 (big blind) folded before Flop
Seat 3: Mahu2021 (button) (small blind) collected (120)



PokerStars Hand #251519917244: Tournament #3778564283, $1.84+$0.16 USD Hold'em No Limit - Level IV (30/60) - 2024/07/16 20:40:40 CET [2024/07/16 14:40:40 ET]
Table '3778564283 1' 3-max Seat #2 is the button
Seat 2: ShiroKuro777 (650 in chips) 
Seat 3: Mahu2021 (850 in chips) 
ShiroKuro777: posts small blind 30
Mahu2021: posts big blind 60
*** HOLE CARDS ***
Dealt to Mahu2021 [2h 6d]
ShiroKuro777: calls 30
Mahu2021: checks 
*** FLOP *** [Jc 9c Kc]
Mahu2021: checks 
ShiroKuro777: bets 60
Mahu2021: folds 
Uncalled bet (60) returned to ShiroKuro777
ShiroKuro777 collected 120 from pot
ShiroKuro777: doesn't show hand 
*** SUMMARY ***
Total pot 120 | Rake 0 
Board [Jc 9c Kc]
Seat 2: ShiroKuro777 (button) (small blind) collected (120)
Seat 3: Mahu2021 (big blind) folded on the Flop



PokerStars Hand #251519920381: Tournament #3778564283, $1.84+$0.16 USD Hold'em No Limit - Level IV (30/60) - 2024/07/16 20:40:51 CET [2024/07/16 14:40:51 ET]
Table '3778564283 1' 3-max Seat #3 is the button
Seat 2: ShiroKuro777 (710 in chips) 
Seat 3: Mahu2021 (790 in chips) 
Mahu2021: posts small blind 30
ShiroKuro777: posts big blind 60
*** HOLE CARDS ***
Dealt to Mahu2021 [Qh Td]
Mahu2021: calls 30
ShiroKuro777: checks 
*** FLOP *** [8h Th 2h]
ShiroKuro777: checks 
Mahu2021: bets 60
ShiroKuro777: folds 
Uncalled bet (60) returned to Mahu2021
Mahu2021 collected 120 from pot
Mahu2021: doesn't show hand 
*** SUMMARY ***
Total pot 120 | Rake 0 
Board [8h Th 2h]
Seat 2: ShiroKuro777 (big blind) folded on the Flop
Seat 3: Mahu2021 (button) (small blind) collected (120)



PokerStars Hand #251519924382: Tournament #3778564283, $1.84+$0.16 USD Hold'em No Limit - Level IV (30/60) - 2024/07/16 20:41:04 CET [2024/07/16 14:41:04 ET]
Table '3778564283 1' 3-max Seat #2 is the button
Seat 2: ShiroKuro777 (650 in chips) 
Seat 3: Mahu2021 (850 in chips) 
ShiroKuro777: posts small blind 30
Mahu2021: posts big blind 60
*** HOLE CARDS ***
Dealt to Mahu2021 [Kd Th]
ShiroKuro777: calls 30
Mahu2021: raises 180 to 240
ShiroKuro777: folds 
Uncalled bet (180) returned to Mahu2021
Mahu2021 collected 120 from pot
Mahu2021: doesn't show hand 
*** SUMMARY ***
Total pot 120 | Rake 0 
Seat 2: ShiroKuro777 (button) (small blind) folded before Flop
Seat 3: Mahu2021 (big blind) collected (120)



PokerStars Hand #251519926612: Tournament #3778564283, $1.84+$0.16 USD Hold'em No Limit - Level IV (30/60) - 2024/07/16 20:41:12 CET [2024/07/16 14:41:12 ET]
Table '3778564283 1' 3-max Seat #3 is the button
Seat 2: ShiroKuro777 (590 in chips) 
Seat 3: Mahu2021 (910 in chips) 
Mahu2021: posts small blind 30
ShiroKuro777: posts big blind 60
*** HOLE CARDS ***
Dealt to Mahu2021 [Kc 4h]
Mahu2021: calls 30
ShiroKuro777: raises 150 to 210
Mahu2021: folds 
Uncalled bet (150) returned to ShiroKuro777
ShiroKuro777 collected 120 from pot
ShiroKuro777: doesn't show hand 
*** SUMMARY ***
Total pot 120 | Rake 0 
Seat 2: ShiroKuro777 (big blind) collected (120)
Seat 3: Mahu2021 (button) (small blind) folded before Flop



PokerStars Hand #251519930966: Tournament #3778564283, $1.84+$0.16 USD Hold'em No Limit - Level IV (30/60) - 2024/07/16 20:41:27 CET [2024/07/16 14:41:27 ET]
Table '3778564283 1' 3-max Seat #2 is the button
Seat 2: ShiroKuro777 (650 in chips) 
Seat 3: Mahu2021 (850 in chips) 
ShiroKuro777: posts small blind 30
Mahu2021: posts big blind 60
*** HOLE CARDS ***
Dealt to Mahu2021 [Kh 5c]
ShiroKuro777: calls 30
Mahu2021: checks 
*** FLOP *** [8c 5s 7s]
Mahu2021: checks 
ShiroKuro777: checks 
*** TURN *** [8c 5s 7s] [Js]
Mahu2021: checks 
ShiroKuro777: bets 60
Mahu2021: folds 
Uncalled bet (60) returned to ShiroKuro777
ShiroKuro777 collected 120 from pot
ShiroKuro777: doesn't show hand 
*** SUMMARY ***
Total pot 120 | Rake 0 
Board [8c 5s 7s Js]
Seat 2: ShiroKuro777 (button) (small blind) collected (120)
Seat 3: Mahu2021 (big blind) folded on the Turn



PokerStars Hand #251519939170: Tournament #3778564283, $1.84+$0.16 USD Hold'em No Limit - Level IV (30/60) - 2024/07/16 20:41:55 CET [2024/07/16 14:41:55 ET]
Table '3778564283 1' 3-max Seat #3 is the button
Seat 2: ShiroKuro777 (710 in chips) 
Seat 3: Mahu2021 (790 in chips) 
Mahu2021: posts small blind 30
ShiroKuro777: posts big blind 60
*** HOLE CARDS ***
Dealt to Mahu2021 [5c Jh]
Mahu2021: folds 
Uncalled bet (30) returned to ShiroKuro777
ShiroKuro777 collected 60 from pot
ShiroKuro777: doesn't show hand 
*** SUMMARY ***
Total pot 60 | Rake 0 
Seat 2: ShiroKuro777 (big blind) collected (60)
Seat 3: Mahu2021 (button) (small blind) folded before Flop



PokerStars Hand #251519940485: Tournament #3778564283, $1.84+$0.16 USD Hold'em No Limit - Level IV (30/60) - 2024/07/16 20:41:59 CET [2024/07/16 14:41:59 ET]
Table '3778564283 1' 3-max Seat #2 is the button
Seat 2: ShiroKuro777 (740 in chips) 
Seat 3: Mahu2021 (760 in chips) 
ShiroKuro777: posts small blind 30
Mahu2021: posts big blind 60
*** HOLE CARDS ***
Dealt to Mahu2021 [5s 4d]
ShiroKuro777: calls 30
Mahu2021: checks 
*** FLOP *** [Ks Tc 7c]
Mahu2021: checks 
ShiroKuro777: bets 90
Mahu2021: folds 
Uncalled bet (90) returned to ShiroKuro777
ShiroKuro777 collected 120 from pot
ShiroKuro777: doesn't show hand 
*** SUMMARY ***
Total pot 120 | Rake 0 
Board [Ks Tc 7c]
Seat 2: ShiroKuro777 (button) (small blind) collected (120)
Seat 3: Mahu2021 (big blind) folded on the Flop



PokerStars Hand #251519945498: Tournament #3778564283, $1.84+$0.16 USD Hold'em No Limit - Level V (40/80) - 2024/07/16 20:42:16 CET [2024/07/16 14:42:16 ET]
Table '3778564283 1' 3-max Seat #3 is the button
Seat 2: ShiroKuro777 (800 in chips) 
Seat 3: Mahu2021 (700 in chips) 
Mahu2021: posts small blind 40
ShiroKuro777: posts big blind 80
*** HOLE CARDS ***
Dealt to Mahu2021 [2d 6s]
Mahu2021: folds 
Uncalled bet (40) returned to ShiroKuro777
ShiroKuro777 collected 80 from pot
ShiroKuro777: doesn't show hand 
*** SUMMARY ***
Total pot 80 | Rake 0 
Seat 2: ShiroKuro777 (big blind) collected (80)
Seat 3: Mahu2021 (button) (small blind) folded before Flop



PokerStars Hand #251519946734: Tournament #3778564283, $1.84+$0.16 USD Hold'em No Limit - Level V (40/80) - 2024/07/16 20:42:20 CET [2024/07/16 14:42:20 ET]
Table '3778564283 1' 3-max Seat #2 is the button
Seat 2: ShiroKuro777 (840 in chips) 
Seat 3: Mahu2021 (660 in chips) 
ShiroKuro777: posts small blind 40
Mahu2021: posts big blind 80
*** HOLE CARDS ***
Dealt to Mahu2021 [Th 6d]
ShiroKuro777: calls 40
Mahu2021: checks 
*** FLOP *** [7c 2d 4h]
Mahu2021: checks 
ShiroKuro777: bets 80
Mahu2021: raises 500 to 580 and is all-in
ShiroKuro777: folds 
Uncalled bet (500) returned to Mahu2021
Mahu2021 collected 320 from pot
Mahu2021: doesn't show hand 
*** SUMMARY ***
Total pot 320 | Rake 0 
Board [7c 2d 4h]
Seat 2: ShiroKuro777 (button) (small blind) folded on the Flop
Seat 3: Mahu2021 (big blind) collected (320)



PokerStars Hand #251519958711: Tournament #3778564283, $1.84+$0.16 USD Hold'em No Limit - Level V (40/80) - 2024/07/16 20:43:01 CET [2024/07/16 14:43:01 ET]
Table '3778564283 1' 3-max Seat #3 is the button
Seat 2: ShiroKuro777 (680 in chips) 
Seat 3: Mahu2021 (820 in chips) 
Mahu2021: posts small blind 40
ShiroKuro777: posts big blind 80
*** HOLE CARDS ***
Dealt to Mahu2021 [9c 3d]
Mahu2021: folds 
Uncalled bet (40) returned to ShiroKuro777
ShiroKuro777 collected 80 from pot
ShiroKuro777: doesn't show hand 
*** SUMMARY ***
Total pot 80 | Rake 0 
Seat 2: ShiroKuro777 (big blind) collected (80)
Seat 3: Mahu2021 (button) (small blind) folded before Flop



PokerStars Hand #251519959928: Tournament #3778564283, $1.84+$0.16 USD Hold'em No Limit - Level V (40/80) - 2024/07/16 20:43:05 CET [2024/07/16 14:43:05 ET]
Table '3778564283 1' 3-max Seat #2 is the button
Seat 2: ShiroKuro777 (720 in chips) 
Seat 3: Mahu2021 (780 in chips) 
ShiroKuro777: posts small blind 40
Mahu2021: posts big blind 80
*** HOLE CARDS ***
Dealt to Mahu2021 [Jd 7h]
ShiroKuro777: calls 40
Mahu2021: checks 
*** FLOP *** [4d 2c 5c]
Mahu2021: checks 
ShiroKuro777: checks 
*** TURN *** [4d 2c 5c] [4c]
Mahu2021: checks 
ShiroKuro777: bets 80
Mahu2021: folds 
Uncalled bet (80) returned to ShiroKuro777
ShiroKuro777 collected 160 from pot
ShiroKuro777: doesn't show hand 
*** SUMMARY ***
Total pot 160 | Rake 0 
Board [4d 2c 5c 4c]
Seat 2: ShiroKuro777 (button) (small blind) collected (160)
Seat 3: Mahu2021 (big blind) folded on the Turn



PokerStars Hand #251519965779: Tournament #3778564283, $1.84+$0.16 USD Hold'em No Limit - Level V (40/80) - 2024/07/16 20:43:24 CET [2024/07/16 14:43:24 ET]
Table '3778564283 1' 3-max Seat #3 is the button
Seat 2: ShiroKuro777 (800 in chips) 
Seat 3: Mahu2021 (700 in chips) 
Mahu2021: posts small blind 40
ShiroKuro777: posts big blind 80
*** HOLE CARDS ***
Dealt to Mahu2021 [Ks Qd]
Mahu2021: calls 40
ShiroKuro777: checks 
*** FLOP *** [6d 6c 5s]
ShiroKuro777: checks 
Mahu2021: checks 
*** TURN *** [6d 6c 5s] [Qs]
ShiroKuro777: checks 
Mahu2021: bets 80
ShiroKuro777: calls 80
*** RIVER *** [6d 6c 5s Qs] [Ts]
ShiroKuro777: checks 
Mahu2021: bets 320
ShiroKuro777: folds 
Uncalled bet (320) returned to Mahu2021
Mahu2021 collected 320 from pot
Mahu2021: doesn't show hand 
*** SUMMARY ***
Total pot 320 | Rake 0 
Board [6d 6c 5s Qs Ts]
Seat 2: ShiroKuro777 (big blind) folded on the River
Seat 3: Mahu2021 (button) (small blind) collected (320)



PokerStars Hand #251519981254: Tournament #3778564283, $1.84+$0.16 USD Hold'em No Limit - Level VI (50/100) - 2024/07/16 20:44:16 CET [2024/07/16 14:44:16 ET]
Table '3778564283 1' 3-max Seat #2 is the button
Seat 2: ShiroKuro777 (640 in chips) 
Seat 3: Mahu2021 (860 in chips) 
ShiroKuro777: posts small blind 50
Mahu2021: posts big blind 100
*** HOLE CARDS ***
Dealt to Mahu2021 [Jh 5s]
ShiroKuro777: calls 50
Mahu2021: checks 
*** FLOP *** [7h 8h 9d]
Mahu2021: checks 
ShiroKuro777: checks 
*** TURN *** [7h 8h 9d] [5d]
Mahu2021: bets 100
ShiroKuro777: calls 100
*** RIVER *** [7h 8h 9d 5d] [4c]
Mahu2021: checks 
ShiroKuro777: bets 200
Mahu2021: folds 
Uncalled bet (200) returned to ShiroKuro777
ShiroKuro777 collected 400 from pot
ShiroKuro777: doesn't show hand 
*** SUMMARY ***
Total pot 400 | Rake 0 
Board [7h 8h 9d 5d 4c]
Seat 2: ShiroKuro777 (button) (small blind) collected (400)
Seat 3: Mahu2021 (big blind) folded on the River



PokerStars Hand #251519997546: Tournament #3778564283, $1.84+$0.16 USD Hold'em No Limit - Level VI (50/100) - 2024/07/16 20:45:11 CET [2024/07/16 14:45:11 ET]
Table '3778564283 1' 3-max Seat #3 is the button
Seat 2: ShiroKuro777 (840 in chips) 
Seat 3: Mahu2021 (660 in chips) 
Mahu2021: posts small blind 50
ShiroKuro777: posts big blind 100
*** HOLE CARDS ***
Dealt to Mahu2021 [Qs Tc]
Mahu2021: raises 100 to 200
ShiroKuro777: folds 
Uncalled bet (100) returned to Mahu2021
Mahu2021 collected 200 from pot
Mahu2021: doesn't show hand 
*** SUMMARY ***
Total pot 200 | Rake 0 
Seat 2: ShiroKuro777 (big blind) folded before Flop
Seat 3: Mahu2021 (button) (small blind) collected (200)



PokerStars Hand #251520000438: Tournament #3778564283, $1.84+$0.16 USD Hold'em No Limit - Level VI (50/100) - 2024/07/16 20:45:20 CET [2024/07/16 14:45:20 ET]
Table '3778564283 1' 3-max Seat #2 is the button
Seat 2: ShiroKuro777 (740 in chips) 
Seat 3: Mahu2021 (760 in chips) 
ShiroKuro777: posts small blind 50
Mahu2021: posts big blind 100
*** HOLE CARDS ***
Dealt to Mahu2021 [Tc As]
ShiroKuro777: calls 50
Mahu2021: raises 660 to 760 and is all-in
ShiroKuro777: folds 
Uncalled bet (660) returned to Mahu2021
Mahu2021 collected 200 from pot
Mahu2021: doesn't show hand 
*** SUMMARY ***
Total pot 200 | Rake 0 
Seat 2: ShiroKuro777 (button) (small blind) folded before Flop
Seat 3: Mahu2021 (big blind) collected (200)



PokerStars Hand #251520005442: Tournament #3778564283, $1.84+$0.16 USD Hold'em No Limit - Level VI (50/100) - 2024/07/16 20:45:37 CET [2024/07/16 14:45:37 ET]
Table '3778564283 1' 3-max Seat #3 is the button
Seat 2: ShiroKuro777 (640 in chips) 
Seat 3: Mahu2021 (860 in chips) 
Mahu2021: posts small blind 50
ShiroKuro777: posts big blind 100
*** HOLE CARDS ***
Dealt to Mahu2021 [2h Qh]
Mahu2021: calls 50
ShiroKuro777: checks 
*** FLOP *** [8d Qd 9d]
ShiroKuro777: checks 
Mahu2021: bets 100
ShiroKuro777: calls 100
*** TURN *** [8d Qd 9d] [8c]
ShiroKuro777: checks 
Mahu2021: bets 200
ShiroKuro777: folds 
Uncalled bet (200) returned to Mahu2021
Mahu2021 collected 400 from pot
Mahu2021: doesn't show hand 
*** SUMMARY ***
Total pot 400 | Rake 0 
Board [8d Qd 9d 8c]
Seat 2: ShiroKuro777 (big blind) folded on the Turn
Seat 3: Mahu2021 (button) (small blind) collected (400)



PokerStars Hand #251520017297: Tournament #3778564283, $1.84+$0.16 USD Hold'em No Limit - Level VII (60/120) - 2024/07/16 20:46:17 CET [2024/07/16 14:46:17 ET]
Table '3778564283 1' 3-max Seat #2 is the button
Seat 2: ShiroKuro777 (440 in chips) 
Seat 3: Mahu2021 (1060 in chips) 
ShiroKuro777: posts small blind 60
Mahu2021: posts big blind 120
*** HOLE CARDS ***
Dealt to Mahu2021 [Tc 9c]
ShiroKuro777: folds 
Uncalled bet (60) returned to Mahu2021
Mahu2021 collected 120 from pot
Mahu2021: doesn't show hand 
*** SUMMARY ***
Total pot 120 | Rake 0 
Seat 2: ShiroKuro777 (button) (small blind) folded before Flop
Seat 3: Mahu2021 (big blind) collected (120)



PokerStars Hand #251520018826: Tournament #3778564283, $1.84+$0.16 USD Hold'em No Limit - Level VII (60/120) - 2024/07/16 20:46:22 CET [2024/07/16 14:46:22 ET]
Table '3778564283 1' 3-max Seat #3 is the button
Seat 2: ShiroKuro777 (380 in chips) 
Seat 3: Mahu2021 (1120 in chips) 
Mahu2021: posts small blind 60
ShiroKuro777: posts big blind 120
*** HOLE CARDS ***
Dealt to Mahu2021 [4c 9s]
Mahu2021: folds 
Uncalled bet (60) returned to ShiroKuro777
ShiroKuro777 collected 120 from pot
ShiroKuro777: doesn't show hand 
*** SUMMARY ***
Total pot 120 | Rake 0 
Seat 2: ShiroKuro777 (big blind) collected (120)
Seat 3: Mahu2021 (button) (small blind) folded before Flop



PokerStars Hand #251520020096: Tournament #3778564283, $1.84+$0.16 USD Hold'em No Limit - Level VII (60/120) - 2024/07/16 20:46:26 CET [2024/07/16 14:46:26 ET]
Table '3778564283 1' 3-max Seat #2 is the button
Seat 2: ShiroKuro777 (440 in chips) 
Seat 3: Mahu2021 (1060 in chips) 
ShiroKuro777: posts small blind 60
Mahu2021: posts big blind 120
*** HOLE CARDS ***
Dealt to Mahu2021 [4s Ks]
ShiroKuro777: raises 320 to 440 and is all-in
Mahu2021: folds 
Uncalled bet (320) returned to ShiroKuro777
ShiroKuro777 collected 240 from pot
ShiroKuro777: doesn't show hand 
*** SUMMARY ***
Total pot 240 | Rake 0 
Seat 2: ShiroKuro777 (button) (small blind) collected (240)
Seat 3: Mahu2021 (big blind) folded before Flop



PokerStars Hand #251520026321: Tournament #3778564283, $1.84+$0.16 USD Hold'em No Limit - Level VII (60/120) - 2024/07/16 20:46:47 CET [2024/07/16 14:46:47 ET]
Table '3778564283 1' 3-max Seat #3 is the button
Seat 2: ShiroKuro777 (560 in chips) 
Seat 3: Mahu2021 (940 in chips) 
Mahu2021: posts small blind 60
ShiroKuro777: posts big blind 120
*** HOLE CARDS ***
Dealt to Mahu2021 [2h Kc]
Mahu2021: calls 60
ShiroKuro777: raises 440 to 560 and is all-in
Mahu2021: folds 
Uncalled bet (440) returned to ShiroKuro777
ShiroKuro777 collected 240 from pot
ShiroKuro777: doesn't show hand 
*** SUMMARY ***
Total pot 240 | Rake 0 
Seat 2: ShiroKuro777 (big blind) collected (240)
Seat 3: Mahu2021 (button) (small blind) folded before Flop



PokerStars Hand #251520029710: Tournament #3778564283, $1.84+$0.16 USD Hold'em No Limit - Level VII (60/120) - 2024/07/16 20:46:59 CET [2024/07/16 14:46:59 ET]
Table '3778564283 1' 3-max Seat #2 is the button
Seat 2: ShiroKuro777 (680 in chips) 
Seat 3: Mahu2021 (820 in chips) 
ShiroKuro777: posts small blind 60
Mahu2021: posts big blind 120
*** HOLE CARDS ***
Dealt to Mahu2021 [3c 8h]
ShiroKuro777: raises 560 to 680 and is all-in
Mahu2021: folds 
Uncalled bet (560) returned to ShiroKuro777
ShiroKuro777 collected 240 from pot
ShiroKuro777: doesn't show hand 
*** SUMMARY ***
Total pot 240 | Rake 0 
Seat 2: ShiroKuro777 (button) (small blind) collected (240)
Seat 3: Mahu2021 (big blind) folded before Flop



PokerStars Hand #251520032445: Tournament #3778564283, $1.84+$0.16 USD Hold'em No Limit - Level VII (60/120) - 2024/07/16 20:47:08 CET [2024/07/16 14:47:08 ET]
Table '3778564283 1' 3-max Seat #3 is the button
Seat 2: ShiroKuro777 (800 in chips) 
Seat 3: Mahu2021 (700 in chips) 
Mahu2021: posts small blind 60
ShiroKuro777: posts big blind 120
*** HOLE CARDS ***
Dealt to Mahu2021 [3s Jc]
Mahu2021: raises 580 to 700 and is all-in
ShiroKuro777: calls 580
*** FLOP *** [Ac 7d 6s]
*** TURN *** [Ac 7d 6s] [Qs]
*** RIVER *** [Ac 7d 6s Qs] [2s]
*** SHOW DOWN ***
ShiroKuro777: shows [8d 9d] (high card Ace)
Mahu2021: shows [3s Jc] (high card Ace - Queen+Jack kicker)
Mahu2021 collected 1400 from pot
*** SUMMARY ***
Total pot 1400 | Rake 0 
Board [Ac 7d 6s Qs 2s]
Seat 2: ShiroKuro777 (big blind) showed [8d 9d] and lost with high card Ace
Seat 3: Mahu2021 (button) (small blind) showed [3s Jc] and won (1400) with high card Ace



PokerStars Hand #251520037370: Tournament #3778564283, $1.84+$0.16 USD Hold'em No Limit - Level VII (60/120) - 2024/07/16 20:47:25 CET [2024/07/16 14:47:25 ET]
Table '3778564283 1' 3-max Seat #2 is the button
Seat 2: ShiroKuro777 (100 in chips) 
Seat 3: Mahu2021 (1400 in chips) 
ShiroKuro777: posts small blind 60
Mahu2021: posts big blind 120
*** HOLE CARDS ***
Dealt to Mahu2021 [7d 2d]
ShiroKuro777: calls 40 and is all-in
Uncalled bet (20) returned to Mahu2021
*** FLOP *** [Jd Js 3s]
*** TURN *** [Jd Js 3s] [8s]
*** RIVER *** [Jd Js 3s 8s] [3c]
*** SHOW DOWN ***
Mahu2021: shows [7d 2d] (two pair, Jacks and Threes)
ShiroKuro777: shows [Kc 4d] (two pair, Jacks and Threes - King kicker)
ShiroKuro777 collected 200 from pot
*** SUMMARY ***
Total pot 200 | Rake 0 
Board [Jd Js 3s 8s 3c]
Seat 2: ShiroKuro777 (button) (small blind) showed [Kc 4d] and won (200) with two pair, Jacks and Threes
Seat 3: Mahu2021 (big blind) showed [7d 2d] and lost with two pair, Jacks and Threes



PokerStars Hand #251520040566: Tournament #3778564283, $1.84+$0.16 USD Hold'em No Limit - Level VII (60/120) - 2024/07/16 20:47:35 CET [2024/07/16 14:47:35 ET]
Table '3778564283 1' 3-max Seat #3 is the button
Seat 2: ShiroKuro777 (200 in chips) 
Seat 3: Mahu2021 (1300 in chips) 
Mahu2021: posts small blind 60
ShiroKuro777: posts big blind 120
*** HOLE CARDS ***
Dealt to Mahu2021 [Kh 3h]
Mahu2021: raises 120 to 240
ShiroKuro777: calls 80 and is all-in
Uncalled bet (40) returned to Mahu2021
*** FLOP *** [Ad Jd Th]
*** TURN *** [Ad Jd Th] [Qs]
*** RIVER *** [Ad Jd Th Qs] [7c]
*** SHOW DOWN ***
ShiroKuro777: shows [2d 8h] (high card Ace)
Mahu2021: shows [Kh 3h] (a straight, Ten to Ace)
Mahu2021 collected 400 from pot
ShiroKuro777 finished the tournament in 2nd place
Mahu2021 wins the tournament and receives $4.00 - congratulations!
*** SUMMARY ***
Total pot 400 | Rake 0 
Board [Ad Jd Th Qs 7c]
Seat 2: ShiroKuro777 (big blind) showed [2d 8h] and lost with high card Ace
Seat 3: Mahu2021 (button) (small blind) showed [Kh 3h] and won (400) with a straight, Ten to Ace



