PokerStars Hand #246980275382: Tournament #3669633935, $1.84+$0.16 USD Hold'em No Limit - Level I (10/20) - 2023/11/07 18:18:39 CET [2023/11/07 12:18:39 ET]
Table '3669633935 1' 3-max Seat #1 is the button
Seat 1: Javra86 (500 in chips) 
Seat 2: Mahu2021 (500 in chips) 
Seat 3: RobAyv (500 in chips) 
Mahu2021: posts small blind 10
RobAyv: posts big blind 20
*** HOLE CARDS ***
Dealt to Mahu2021 [7h 2d]
Javra86: raises 20 to 40
Mahu2021: folds 
RobAyv: folds 
Uncalled bet (20) returned to Javra86
Javra86 collected 50 from pot
Javra86: doesn't show hand 
*** SUMMARY ***
Total pot 50 | Rake 0 
Seat 1: Javra86 (button) collected (50)
Seat 2: Mahu2021 (small blind) folded before Flop
Seat 3: RobAyv (big blind) folded before Flop



PokerStars Hand #246980277059: Tournament #3669633935, $1.84+$0.16 USD Hold'em No Limit - Level I (10/20) - 2023/11/07 18:18:45 CET [2023/11/07 12:18:45 ET]
Table '3669633935 1' 3-max Seat #2 is the button
Seat 1: Javra86 (530 in chips) 
Seat 2: Mahu2021 (490 in chips) 
Seat 3: RobAyv (480 in chips) 
RobAyv: posts small blind 10
Javra86: posts big blind 20
*** HOLE CARDS ***
Dealt to Mahu2021 [6h Ks]
Mahu2021: folds 
RobAyv: calls 10
Javra86: checks 
*** FLOP *** [9s 6c Th]
RobAyv: bets 20
Javra86: folds 
Uncalled bet (20) returned to RobAyv
RobAyv collected 40 from pot
*** SUMMARY ***
Total pot 40 | Rake 0 
Board [9s 6c Th]
Seat 1: Javra86 (big blind) folded on the Flop
Seat 2: Mahu2021 (button) folded before Flop (didn't bet)
Seat 3: RobAyv (small blind) collected (40)



PokerStars Hand #246980280747: Tournament #3669633935, $1.84+$0.16 USD Hold'em No Limit - Level I (10/20) - 2023/11/07 18:18:58 CET [2023/11/07 12:18:58 ET]
Table '3669633935 1' 3-max Seat #3 is the button
Seat 1: Javra86 (510 in chips) 
Seat 2: Mahu2021 (490 in chips) 
Seat 3: RobAyv (500 in chips) 
Javra86: posts small blind 10
Mahu2021: posts big blind 20
*** HOLE CARDS ***
Dealt to Mahu2021 [6s Ts]
RobAyv: folds 
Javra86: raises 20 to 40
Mahu2021: calls 20
*** FLOP *** [4c 3c 8d]
Javra86: bets 46
Mahu2021: folds 
Uncalled bet (46) returned to Javra86
Javra86 collected 80 from pot
Javra86: doesn't show hand 
*** SUMMARY ***
Total pot 80 | Rake 0 
Board [4c 3c 8d]
Seat 1: Javra86 (small blind) collected (80)
Seat 2: Mahu2021 (big blind) folded on the Flop
Seat 3: RobAyv (button) folded before Flop (didn't bet)



PokerStars Hand #246980284283: Tournament #3669633935, $1.84+$0.16 USD Hold'em No Limit - Level I (10/20) - 2023/11/07 18:19:10 CET [2023/11/07 12:19:10 ET]
Table '3669633935 1' 3-max Seat #1 is the button
Seat 1: Javra86 (550 in chips) 
Seat 2: Mahu2021 (450 in chips) 
Seat 3: RobAyv (500 in chips) 
Mahu2021: posts small blind 10
RobAyv: posts big blind 20
*** HOLE CARDS ***
Dealt to Mahu2021 [2d 8s]
Javra86: folds 
Mahu2021: folds 
Uncalled bet (10) returned to RobAyv
RobAyv collected 20 from pot
*** SUMMARY ***
Total pot 20 | Rake 0 
Seat 1: Javra86 (button) folded before Flop (didn't bet)
Seat 2: Mahu2021 (small blind) folded before Flop
Seat 3: RobAyv (big blind) collected (20)



PokerStars Hand #246980285847: Tournament #3669633935, $1.84+$0.16 USD Hold'em No Limit - Level I (10/20) - 2023/11/07 18:19:16 CET [2023/11/07 12:19:16 ET]
Table '3669633935 1' 3-max Seat #2 is the button
Seat 1: Javra86 (550 in chips) 
Seat 2: Mahu2021 (440 in chips) 
Seat 3: RobAyv (510 in chips) 
RobAyv: posts small blind 10
Javra86: posts big blind 20
*** HOLE CARDS ***
Dealt to Mahu2021 [7h Ks]
Mahu2021: folds 
RobAyv: calls 10
Javra86: checks 
*** FLOP *** [Kd Ad 3d]
RobAyv: checks 
Javra86: checks 
*** TURN *** [Kd Ad 3d] [5d]
RobAyv: checks 
Javra86: checks 
*** RIVER *** [Kd Ad 3d 5d] [Th]
RobAyv: checks 
Javra86: checks 
*** SHOW DOWN ***
RobAyv: shows [6h 4s] (high card Ace)
Javra86: shows [Ts 2h] (a pair of Tens)
Javra86 collected 40 from pot
*** SUMMARY ***
Total pot 40 | Rake 0 
Board [Kd Ad 3d 5d Th]
Seat 1: Javra86 (big blind) showed [Ts 2h] and won (40) with a pair of Tens
Seat 2: Mahu2021 (button) folded before Flop (didn't bet)
Seat 3: RobAyv (small blind) showed [6h 4s] and lost with high card Ace



PokerStars Hand #246980290223: Tournament #3669633935, $1.84+$0.16 USD Hold'em No Limit - Level I (10/20) - 2023/11/07 18:19:31 CET [2023/11/07 12:19:31 ET]
Table '3669633935 1' 3-max Seat #3 is the button
Seat 1: Javra86 (570 in chips) 
Seat 2: Mahu2021 (440 in chips) 
Seat 3: RobAyv (490 in chips) 
Javra86: posts small blind 10
Mahu2021: posts big blind 20
*** HOLE CARDS ***
Dealt to Mahu2021 [8d 3s]
RobAyv: raises 20 to 40
Javra86: calls 30
Mahu2021: folds 
*** FLOP *** [Ks Kc Qh]
Javra86: checks 
RobAyv: bets 40
Javra86: folds 
Uncalled bet (40) returned to RobAyv
RobAyv collected 100 from pot
*** SUMMARY ***
Total pot 100 | Rake 0 
Board [Ks Kc Qh]
Seat 1: Javra86 (small blind) folded on the Flop
Seat 2: Mahu2021 (big blind) folded before Flop
Seat 3: RobAyv (button) collected (100)



PokerStars Hand #246980294609: Tournament #3669633935, $1.84+$0.16 USD Hold'em No Limit - Level I (10/20) - 2023/11/07 18:19:46 CET [2023/11/07 12:19:46 ET]
Table '3669633935 1' 3-max Seat #1 is the button
Seat 1: Javra86 (530 in chips) 
Seat 2: Mahu2021 (420 in chips) 
Seat 3: RobAyv (550 in chips) 
Mahu2021: posts small blind 10
RobAyv: posts big blind 20
*** HOLE CARDS ***
Dealt to Mahu2021 [4c 4s]
Javra86: folds 
Mahu2021: raises 20 to 40
RobAyv: calls 20
*** FLOP *** [Ad 8d 5s]
Mahu2021: checks 
RobAyv: checks 
*** TURN *** [Ad 8d 5s] [Qc]
Mahu2021: checks 
RobAyv: checks 
*** RIVER *** [Ad 8d 5s Qc] [7s]
Mahu2021: checks 
RobAyv: checks 
*** SHOW DOWN ***
Mahu2021: shows [4c 4s] (a pair of Fours)
RobAyv: mucks hand 
Mahu2021 collected 80 from pot
*** SUMMARY ***
Total pot 80 | Rake 0 
Board [Ad 8d 5s Qc 7s]
Seat 1: Javra86 (button) folded before Flop (didn't bet)
Seat 2: Mahu2021 (small blind) showed [4c 4s] and won (80) with a pair of Fours
Seat 3: RobAyv (big blind) mucked [6h Tc]



PokerStars Hand #246980299560: Tournament #3669633935, $1.84+$0.16 USD Hold'em No Limit - Level I (10/20) - 2023/11/07 18:20:03 CET [2023/11/07 12:20:03 ET]
Table '3669633935 1' 3-max Seat #2 is the button
Seat 1: Javra86 (530 in chips) 
Seat 2: Mahu2021 (460 in chips) 
Seat 3: RobAyv (510 in chips) 
RobAyv: posts small blind 10
Javra86: posts big blind 20
*** HOLE CARDS ***
Dealt to Mahu2021 [As 3c]
Mahu2021: raises 20 to 40
RobAyv: calls 30
Javra86: folds 
*** FLOP *** [7c Ks 9s]
RobAyv: checks 
Mahu2021: checks 
*** TURN *** [7c Ks 9s] [3h]
RobAyv: bets 20
Mahu2021: calls 20
*** RIVER *** [7c Ks 9s 3h] [7d]
RobAyv: bets 60
Mahu2021: calls 60
*** SHOW DOWN ***
RobAyv: shows [Ah 9d] (two pair, Nines and Sevens)
Mahu2021: mucks hand 
RobAyv collected 260 from pot
*** SUMMARY ***
Total pot 260 | Rake 0 
Board [7c Ks 9s 3h 7d]
Seat 1: Javra86 (big blind) folded before Flop
Seat 2: Mahu2021 (button) mucked [As 3c]
Seat 3: RobAyv (small blind) showed [Ah 9d] and won (260) with two pair, Nines and Sevens



PokerStars Hand #246980304814: Tournament #3669633935, $1.84+$0.16 USD Hold'em No Limit - Level I (10/20) - 2023/11/07 18:20:21 CET [2023/11/07 12:20:21 ET]
Table '3669633935 1' 3-max Seat #3 is the button
Seat 1: Javra86 (510 in chips) 
Seat 2: Mahu2021 (340 in chips) 
Seat 3: RobAyv (650 in chips) 
Javra86: posts small blind 10
Mahu2021: posts big blind 20
*** HOLE CARDS ***
Dealt to Mahu2021 [9c Js]
RobAyv: folds 
Javra86: raises 20 to 40
Mahu2021: calls 20
*** FLOP *** [Kd 7c Ah]
Javra86: bets 46
Mahu2021: folds 
Uncalled bet (46) returned to Javra86
Javra86 collected 80 from pot
Javra86: doesn't show hand 
*** SUMMARY ***
Total pot 80 | Rake 0 
Board [Kd 7c Ah]
Seat 1: Javra86 (small blind) collected (80)
Seat 2: Mahu2021 (big blind) folded on the Flop
Seat 3: RobAyv (button) folded before Flop (didn't bet)



PokerStars Hand #246980308028: Tournament #3669633935, $1.84+$0.16 USD Hold'em No Limit - Level I (10/20) - 2023/11/07 18:20:33 CET [2023/11/07 12:20:33 ET]
Table '3669633935 1' 3-max Seat #1 is the button
Seat 1: Javra86 (550 in chips) 
Seat 2: Mahu2021 (300 in chips) 
Seat 3: RobAyv (650 in chips) 
Mahu2021: posts small blind 10
RobAyv: posts big blind 20
*** HOLE CARDS ***
Dealt to Mahu2021 [Ah 5c]
Javra86: folds 
Mahu2021: raises 20 to 40
RobAyv: calls 20
*** FLOP *** [4s Qh Js]
Mahu2021: checks 
RobAyv: checks 
*** TURN *** [4s Qh Js] [9d]
Mahu2021: checks 
RobAyv: checks 
*** RIVER *** [4s Qh Js 9d] [7d]
Mahu2021: checks 
RobAyv: checks 
*** SHOW DOWN ***
Mahu2021: shows [Ah 5c] (high card Ace)
RobAyv: shows [7c Ad] (a pair of Sevens)
RobAyv collected 80 from pot
*** SUMMARY ***
Total pot 80 | Rake 0 
Board [4s Qh Js 9d 7d]
Seat 1: Javra86 (button) folded before Flop (didn't bet)
Seat 2: Mahu2021 (small blind) showed [Ah 5c] and lost with high card Ace
Seat 3: RobAyv (big blind) showed [7c Ad] and won (80) with a pair of Sevens



PokerStars Hand #246980312654: Tournament #3669633935, $1.84+$0.16 USD Hold'em No Limit - Level I (10/20) - 2023/11/07 18:20:49 CET [2023/11/07 12:20:49 ET]
Table '3669633935 1' 3-max Seat #2 is the button
Seat 1: Javra86 (550 in chips) 
Seat 2: Mahu2021 (260 in chips) 
Seat 3: RobAyv (690 in chips) 
RobAyv: posts small blind 10
Javra86: posts big blind 20
*** HOLE CARDS ***
Dealt to Mahu2021 [4h Kh]
Mahu2021: raises 40 to 60
RobAyv: folds 
Javra86: raises 490 to 550 and is all-in
Mahu2021: calls 200 and is all-in
Uncalled bet (290) returned to Javra86
*** FLOP *** [3c Ad 8c]
*** TURN *** [3c Ad 8c] [8s]
*** RIVER *** [3c Ad 8c 8s] [8d]
*** SHOW DOWN ***
Javra86: shows [Qh Qs] (a full house, Eights full of Queens)
Mahu2021: shows [4h Kh] (three of a kind, Eights)
Javra86 collected 530 from pot
Mahu2021 finished the tournament in 3rd place
*** SUMMARY ***
Total pot 530 | Rake 0 
Board [3c Ad 8c 8s 8d]
Seat 1: Javra86 (big blind) showed [Qh Qs] and won (530) with a full house, Eights full of Queens
Seat 2: Mahu2021 (button) showed [4h Kh] and lost with three of a kind, Eights
Seat 3: RobAyv (small blind) folded before Flop



