PokerStars Hand #252316973050: Tournament #3797378220, $1.84+$0.16 USD Hold'em No Limit - Level I (10/20) - 2024/09/06 17:16:10 CET [2024/09/06 11:16:10 ET]
Table '3797378220 1' 3-max Seat #1 is the button
Seat 1: Mahu2021 (500 in chips) 
Seat 2: Earl A Eh! (500 in chips) 
Seat 3: semirami2 (500 in chips) 
Earl A Eh!: posts small blind 10
semirami2: posts big blind 20
*** HOLE CARDS ***
Dealt to Mahu2021 [9h Kd]
Mahu2021: raises 20 to 40
Earl A Eh!: folds 
semirami2: raises 460 to 500 and is all-in
Mahu2021: calls 460 and is all-in
*** FLOP *** [Qh 4d Qc]
*** TURN *** [Qh 4d Qc] [4c]
*** RIVER *** [Qh 4d Qc 4c] [8c]
*** SHOW DOWN ***
semirami2: shows [Ts Tc] (two pair, Queens and Tens)
Mahu2021: shows [9h Kd] (two pair, Queens and Fours)
semirami2 collected 1010 from pot
Mahu2021 finished the tournament in 3rd place
*** SUMMARY ***
Total pot 1010 | Rake 0 
Board [Qh 4d Qc 4c 8c]
Seat 1: Mahu2021 (button) showed [9h Kd] and lost with two pair, Queens and Fours
Seat 2: Earl A Eh! (small blind) folded before Flop
Seat 3: semirami2 (big blind) showed [Ts Tc] and won (1010) with two pair, Queens and Tens



