PokerStars Hand #246941898770: Tournament #3668735480, $1.84+$0.16 USD Hold'em No Limit - Level I (10/20) - 2023/11/05 17:09:07 CET [2023/11/05 11:09:07 ET]
Table '3668735480 1' 3-max Seat #1 is the button
Seat 1: Mahu2021 (500 in chips) 
Seat 2: Anastasia0207 (500 in chips) 
Seat 3: truman1522 (500 in chips) 
Anastasia0207: posts small blind 10
truman1522: posts big blind 20
*** HOLE CARDS ***
Dealt to Mahu2021 [3s Qs]
Mahu2021: calls 20
Anastasia0207: calls 10
truman1522: checks 
*** FLOP *** [Jd 6c 8h]
Anastasia0207: checks 
truman1522: checks 
Mahu2021: checks 
*** TURN *** [Jd 6c 8h] [3c]
Anastasia0207: bets 60
truman1522: folds 
Mahu2021: folds 
Uncalled bet (60) returned to Anastasia0207
Anastasia0207 collected 60 from pot
*** SUMMARY ***
Total pot 60 | Rake 0 
Board [Jd 6c 8h 3c]
Seat 1: Mahu2021 (button) folded on the Turn
Seat 2: Anastasia0207 (small blind) collected (60)
Seat 3: truman1522 (big blind) folded on the Turn



PokerStars Hand #246941907243: Tournament #3668735480, $1.84+$0.16 USD Hold'em No Limit - Level I (10/20) - 2023/11/05 17:09:34 CET [2023/11/05 11:09:34 ET]
Table '3668735480 1' 3-max Seat #2 is the button
Seat 1: Mahu2021 (480 in chips) 
Seat 2: Anastasia0207 (540 in chips) 
Seat 3: truman1522 (480 in chips) 
truman1522: posts small blind 10
Mahu2021: posts big blind 20
*** HOLE CARDS ***
Dealt to Mahu2021 [Ah 2c]
Anastasia0207: raises 20 to 40
truman1522: folds 
Mahu2021: calls 20
*** FLOP *** [As Kd 7d]
Mahu2021: checks 
Anastasia0207: bets 45
Mahu2021: calls 45
*** TURN *** [As Kd 7d] [4d]
Mahu2021: checks 
Anastasia0207: checks 
*** RIVER *** [As Kd 7d 4d] [Jc]
Mahu2021: checks 
Anastasia0207: bets 90
Mahu2021: calls 90
*** SHOW DOWN ***
Anastasia0207: shows [3c Ac] (a pair of Aces)
Mahu2021: shows [Ah 2c] (a pair of Aces)
Mahu2021 collected 180 from pot
Anastasia0207 collected 180 from pot
*** SUMMARY ***
Total pot 360 | Rake 0 
Board [As Kd 7d 4d Jc]
Seat 1: Mahu2021 (big blind) showed [Ah 2c] and won (180) with a pair of Aces
Seat 2: Anastasia0207 (button) showed [3c Ac] and won (180) with a pair of Aces
Seat 3: truman1522 (small blind) folded before Flop



PokerStars Hand #246941913311: Tournament #3668735480, $1.84+$0.16 USD Hold'em No Limit - Level I (10/20) - 2023/11/05 17:09:54 CET [2023/11/05 11:09:54 ET]
Table '3668735480 1' 3-max Seat #3 is the button
Seat 1: Mahu2021 (485 in chips) 
Seat 2: Anastasia0207 (545 in chips) 
Seat 3: truman1522 (470 in chips) 
Mahu2021: posts small blind 10
Anastasia0207: posts big blind 20
*** HOLE CARDS ***
Dealt to Mahu2021 [5s 8c]
truman1522: folds 
Mahu2021: folds 
Uncalled bet (10) returned to Anastasia0207
Anastasia0207 collected 20 from pot
*** SUMMARY ***
Total pot 20 | Rake 0 
Seat 1: Mahu2021 (small blind) folded before Flop
Seat 2: Anastasia0207 (big blind) collected (20)
Seat 3: truman1522 (button) folded before Flop (didn't bet)



PokerStars Hand #246941914820: Tournament #3668735480, $1.84+$0.16 USD Hold'em No Limit - Level I (10/20) - 2023/11/05 17:09:58 CET [2023/11/05 11:09:58 ET]
Table '3668735480 1' 3-max Seat #1 is the button
Seat 1: Mahu2021 (475 in chips) 
Seat 2: Anastasia0207 (555 in chips) 
Seat 3: truman1522 (470 in chips) 
Anastasia0207: posts small blind 10
truman1522: posts big blind 20
*** HOLE CARDS ***
Dealt to Mahu2021 [7d 5h]
Mahu2021: folds 
Anastasia0207: calls 10
truman1522: checks 
*** FLOP *** [4h 6s Td]
Anastasia0207: checks 
truman1522: checks 
*** TURN *** [4h 6s Td] [Qh]
Anastasia0207: checks 
truman1522: bets 38
Anastasia0207: folds 
Uncalled bet (38) returned to truman1522
truman1522 collected 40 from pot
truman1522: doesn't show hand 
*** SUMMARY ***
Total pot 40 | Rake 0 
Board [4h 6s Td Qh]
Seat 1: Mahu2021 (button) folded before Flop (didn't bet)
Seat 2: Anastasia0207 (small blind) folded on the Turn
Seat 3: truman1522 (big blind) collected (40)



PokerStars Hand #246941920591: Tournament #3668735480, $1.84+$0.16 USD Hold'em No Limit - Level I (10/20) - 2023/11/05 17:10:16 CET [2023/11/05 11:10:16 ET]
Table '3668735480 1' 3-max Seat #2 is the button
Seat 1: Mahu2021 (475 in chips) 
Seat 2: Anastasia0207 (535 in chips) 
Seat 3: truman1522 (490 in chips) 
truman1522: posts small blind 10
Mahu2021: posts big blind 20
*** HOLE CARDS ***
Dealt to Mahu2021 [As 2c]
Anastasia0207: folds 
truman1522: raises 34 to 54
Mahu2021: folds 
Uncalled bet (34) returned to truman1522
truman1522 collected 40 from pot
truman1522: doesn't show hand 
*** SUMMARY ***
Total pot 40 | Rake 0 
Seat 1: Mahu2021 (big blind) folded before Flop
Seat 2: Anastasia0207 (button) folded before Flop (didn't bet)
Seat 3: truman1522 (small blind) collected (40)



PokerStars Hand #246941923471: Tournament #3668735480, $1.84+$0.16 USD Hold'em No Limit - Level I (10/20) - 2023/11/05 17:10:25 CET [2023/11/05 11:10:25 ET]
Table '3668735480 1' 3-max Seat #3 is the button
Seat 1: Mahu2021 (455 in chips) 
Seat 2: Anastasia0207 (535 in chips) 
Seat 3: truman1522 (510 in chips) 
Mahu2021: posts small blind 10
Anastasia0207: posts big blind 20
*** HOLE CARDS ***
Dealt to Mahu2021 [5d 8c]
truman1522: raises 20 to 40
Mahu2021: folds 
Anastasia0207: folds 
Uncalled bet (20) returned to truman1522
truman1522 collected 50 from pot
truman1522: doesn't show hand 
*** SUMMARY ***
Total pot 50 | Rake 0 
Seat 1: Mahu2021 (small blind) folded before Flop
Seat 2: Anastasia0207 (big blind) folded before Flop
Seat 3: truman1522 (button) collected (50)



PokerStars Hand #246941925495: Tournament #3668735480, $1.84+$0.16 USD Hold'em No Limit - Level I (10/20) - 2023/11/05 17:10:32 CET [2023/11/05 11:10:32 ET]
Table '3668735480 1' 3-max Seat #1 is the button
Seat 1: Mahu2021 (445 in chips) 
Seat 2: Anastasia0207 (515 in chips) 
Seat 3: truman1522 (540 in chips) 
Anastasia0207: posts small blind 10
truman1522: posts big blind 20
*** HOLE CARDS ***
Dealt to Mahu2021 [Ah Ac]
Mahu2021: raises 60 to 80
Anastasia0207: folds 
truman1522: calls 60
*** FLOP *** [Jc 6h 4h]
truman1522: checks 
Mahu2021: bets 365 and is all-in
truman1522: folds 
Uncalled bet (365) returned to Mahu2021
Mahu2021 collected 170 from pot
Mahu2021: doesn't show hand 
*** SUMMARY ***
Total pot 170 | Rake 0 
Board [Jc 6h 4h]
Seat 1: Mahu2021 (button) collected (170)
Seat 2: Anastasia0207 (small blind) folded before Flop
Seat 3: truman1522 (big blind) folded on the Flop



PokerStars Hand #246941930192: Tournament #3668735480, $1.84+$0.16 USD Hold'em No Limit - Level I (10/20) - 2023/11/05 17:10:47 CET [2023/11/05 11:10:47 ET]
Table '3668735480 1' 3-max Seat #2 is the button
Seat 1: Mahu2021 (535 in chips) 
Seat 2: Anastasia0207 (505 in chips) 
Seat 3: truman1522 (460 in chips) 
truman1522: posts small blind 10
Mahu2021: posts big blind 20
*** HOLE CARDS ***
Dealt to Mahu2021 [2s 9s]
Anastasia0207: folds 
truman1522: calls 10
Mahu2021: checks 
*** FLOP *** [4c 4d 3d]
truman1522: checks 
Mahu2021: checks 
*** TURN *** [4c 4d 3d] [Ad]
truman1522: checks 
Mahu2021: bets 40
truman1522: folds 
Uncalled bet (40) returned to Mahu2021
Mahu2021 collected 40 from pot
Mahu2021: doesn't show hand 
*** SUMMARY ***
Total pot 40 | Rake 0 
Board [4c 4d 3d Ad]
Seat 1: Mahu2021 (big blind) collected (40)
Seat 2: Anastasia0207 (button) folded before Flop (didn't bet)
Seat 3: truman1522 (small blind) folded on the Turn



PokerStars Hand #246941950713: Tournament #3668735480, $1.84+$0.16 USD Hold'em No Limit - Level II (15/30) - 2023/11/05 17:11:51 CET [2023/11/05 11:11:51 ET]
Table '3668735480 1' 3-max Seat #3 is the button
Seat 1: Mahu2021 (555 in chips) 
Seat 2: Anastasia0207 (505 in chips) 
Seat 3: truman1522 (440 in chips) 
Mahu2021: posts small blind 15
Anastasia0207: posts big blind 30
*** HOLE CARDS ***
Dealt to Mahu2021 [2s Kd]
truman1522: folds 
Mahu2021: calls 15
Anastasia0207: raises 60 to 90
Mahu2021: folds 
Uncalled bet (60) returned to Anastasia0207
Anastasia0207 collected 60 from pot
*** SUMMARY ***
Total pot 60 | Rake 0 
Seat 1: Mahu2021 (small blind) folded before Flop
Seat 2: Anastasia0207 (big blind) collected (60)
Seat 3: truman1522 (button) folded before Flop (didn't bet)



PokerStars Hand #246941953363: Tournament #3668735480, $1.84+$0.16 USD Hold'em No Limit - Level II (15/30) - 2023/11/05 17:12:00 CET [2023/11/05 11:12:00 ET]
Table '3668735480 1' 3-max Seat #1 is the button
Seat 1: Mahu2021 (525 in chips) 
Seat 2: Anastasia0207 (535 in chips) 
Seat 3: truman1522 (440 in chips) 
Anastasia0207: posts small blind 15
truman1522: posts big blind 30
*** HOLE CARDS ***
Dealt to Mahu2021 [Jh Qc]
Mahu2021: raises 30 to 60
Anastasia0207: calls 45
truman1522: folds 
*** FLOP *** [6h 8c Ks]
Anastasia0207: checks 
Mahu2021: checks 
*** TURN *** [6h 8c Ks] [2c]
Anastasia0207: checks 
Mahu2021: checks 
*** RIVER *** [6h 8c Ks 2c] [4d]
Anastasia0207: checks 
Mahu2021: checks 
*** SHOW DOWN ***
Anastasia0207: shows [Js Ts] (high card King)
Mahu2021: shows [Jh Qc] (high card King - Queen kicker)
Mahu2021 collected 150 from pot
*** SUMMARY ***
Total pot 150 | Rake 0 
Board [6h 8c Ks 2c 4d]
Seat 1: Mahu2021 (button) showed [Jh Qc] and won (150) with high card King
Seat 2: Anastasia0207 (small blind) showed [Js Ts] and lost with high card King
Seat 3: truman1522 (big blind) folded before Flop



PokerStars Hand #246941957588: Tournament #3668735480, $1.84+$0.16 USD Hold'em No Limit - Level II (15/30) - 2023/11/05 17:12:13 CET [2023/11/05 11:12:13 ET]
Table '3668735480 1' 3-max Seat #2 is the button
Seat 1: Mahu2021 (615 in chips) 
Seat 2: Anastasia0207 (475 in chips) 
Seat 3: truman1522 (410 in chips) 
truman1522: posts small blind 15
Mahu2021: posts big blind 30
*** HOLE CARDS ***
Dealt to Mahu2021 [Ks 4s]
Anastasia0207: raises 30 to 60
truman1522: folds 
Mahu2021: calls 30
*** FLOP *** [2c 3h 5c]
Mahu2021: checks 
Anastasia0207: checks 
*** TURN *** [2c 3h 5c] [Jd]
Mahu2021: bets 30
Anastasia0207: calls 30
*** RIVER *** [2c 3h 5c Jd] [Kh]
Mahu2021: bets 195
Anastasia0207: calls 195
*** SHOW DOWN ***
Mahu2021: shows [Ks 4s] (a pair of Kings)
Anastasia0207: mucks hand 
Mahu2021 collected 585 from pot
*** SUMMARY ***
Total pot 585 | Rake 0 
Board [2c 3h 5c Jd Kh]
Seat 1: Mahu2021 (big blind) showed [Ks 4s] and won (585) with a pair of Kings
Seat 2: Anastasia0207 (button) mucked [Js Td]
Seat 3: truman1522 (small blind) folded before Flop



PokerStars Hand #246941963558: Tournament #3668735480, $1.84+$0.16 USD Hold'em No Limit - Level II (15/30) - 2023/11/05 17:12:32 CET [2023/11/05 11:12:32 ET]
Table '3668735480 1' 3-max Seat #3 is the button
Seat 1: Mahu2021 (915 in chips) 
Seat 2: Anastasia0207 (190 in chips) 
Seat 3: truman1522 (395 in chips) 
Mahu2021: posts small blind 15
Anastasia0207: posts big blind 30
*** HOLE CARDS ***
Dealt to Mahu2021 [Ad 7d]
truman1522: calls 30
Mahu2021: calls 15
Anastasia0207: checks 
*** FLOP *** [Jh 5d 8c]
Mahu2021: checks 
Anastasia0207: bets 45
truman1522: calls 45
Mahu2021: folds 
*** TURN *** [Jh 5d 8c] [3h]
Anastasia0207: checks 
truman1522: checks 
*** RIVER *** [Jh 5d 8c 3h] [4s]
Anastasia0207: bets 30
truman1522: folds 
Uncalled bet (30) returned to Anastasia0207
Anastasia0207 collected 180 from pot
*** SUMMARY ***
Total pot 180 | Rake 0 
Board [Jh 5d 8c 3h 4s]
Seat 1: Mahu2021 (small blind) folded on the Flop
Seat 2: Anastasia0207 (big blind) collected (180)
Seat 3: truman1522 (button) folded on the River



PokerStars Hand #246941971408: Tournament #3668735480, $1.84+$0.16 USD Hold'em No Limit - Level II (15/30) - 2023/11/05 17:12:56 CET [2023/11/05 11:12:56 ET]
Table '3668735480 1' 3-max Seat #1 is the button
Seat 1: Mahu2021 (885 in chips) 
Seat 2: Anastasia0207 (295 in chips) 
Seat 3: truman1522 (320 in chips) 
Anastasia0207: posts small blind 15
truman1522: posts big blind 30
*** HOLE CARDS ***
Dealt to Mahu2021 [4c Ah]
Mahu2021: folds 
Anastasia0207: raises 30 to 60
truman1522 is disconnected 
truman1522 has timed out while being disconnected
truman1522: folds 
truman1522 is sitting out
Uncalled bet (30) returned to Anastasia0207
Anastasia0207 collected 60 from pot
*** SUMMARY ***
Total pot 60 | Rake 0 
Seat 1: Mahu2021 (button) folded before Flop (didn't bet)
Seat 2: Anastasia0207 (small blind) collected (60)
Seat 3: truman1522 (big blind) folded before Flop



PokerStars Hand #246941981258: Tournament #3668735480, $1.84+$0.16 USD Hold'em No Limit - Level III (20/40) - 2023/11/05 17:13:27 CET [2023/11/05 11:13:27 ET]
Table '3668735480 1' 3-max Seat #2 is the button
Seat 1: Mahu2021 (885 in chips) 
Seat 2: Anastasia0207 (325 in chips) 
Seat 3: truman1522 (290 in chips) is sitting out
truman1522: posts small blind 20
Mahu2021: posts big blind 40
*** HOLE CARDS ***
Dealt to Mahu2021 [7d Qd]
Anastasia0207: raises 40 to 80
truman1522: folds 
Mahu2021: calls 40
*** FLOP *** [3s Th 7h]
Mahu2021: checks 
truman1522 has returned
Anastasia0207: bets 180
Mahu2021: raises 625 to 805 and is all-in
Anastasia0207: calls 65 and is all-in
Uncalled bet (560) returned to Mahu2021
*** TURN *** [3s Th 7h] [7s]
*** RIVER *** [3s Th 7h 7s] [Ad]
*** SHOW DOWN ***
Mahu2021: shows [7d Qd] (three of a kind, Sevens)
Anastasia0207: shows [8s Tc] (two pair, Tens and Sevens)
Mahu2021 collected 670 from pot
Anastasia0207 finished the tournament in 3rd place
*** SUMMARY ***
Total pot 670 | Rake 0 
Board [3s Th 7h 7s Ad]
Seat 1: Mahu2021 (big blind) showed [7d Qd] and won (670) with three of a kind, Sevens
Seat 2: Anastasia0207 (button) showed [8s Tc] and lost with two pair, Tens and Sevens
Seat 3: truman1522 (small blind) folded before Flop



PokerStars Hand #246941988683: Tournament #3668735480, $1.84+$0.16 USD Hold'em No Limit - Level III (20/40) - 2023/11/05 17:13:50 CET [2023/11/05 11:13:50 ET]
Table '3668735480 1' 3-max Seat #1 is the button
Seat 1: Mahu2021 (1230 in chips) 
Seat 3: truman1522 (270 in chips) 
Mahu2021: posts small blind 20
truman1522: posts big blind 40
*** HOLE CARDS ***
Dealt to Mahu2021 [8h 7d]
Mahu2021: calls 20
truman1522: checks 
*** FLOP *** [3s 7h 4h]
truman1522: bets 40
Mahu2021: raises 1150 to 1190 and is all-in
truman1522: calls 190 and is all-in
Uncalled bet (960) returned to Mahu2021
*** TURN *** [3s 7h 4h] [8c]
*** RIVER *** [3s 7h 4h 8c] [4d]
*** SHOW DOWN ***
truman1522: shows [5s 3d] (two pair, Fours and Threes)
Mahu2021: shows [8h 7d] (two pair, Eights and Sevens)
Mahu2021 collected 540 from pot
truman1522 finished the tournament in 2nd place
Mahu2021 wins the tournament and receives $4.00 - congratulations!
*** SUMMARY ***
Total pot 540 | Rake 0 
Board [3s 7h 4h 8c 4d]
Seat 1: Mahu2021 (button) (small blind) showed [8h 7d] and won (540) with two pair, Eights and Sevens
Seat 3: truman1522 (big blind) showed [5s 3d] and lost with two pair, Fours and Threes



