PokerStars Hand #243466978010: Tournament #3586088381, $0.92+$0.08 USD Hold'em No Limit - Level I (10/20) - 2023/05/03 19:45:14 CET [2023/05/03 13:45:14 ET]
Table '3586088381 1' 3-max Seat #1 is the button
Seat 1: FredonPok (500 in chips) 
Seat 2: Mahu2021 (500 in chips) 
Seat 3: Bri Gray (500 in chips) 
Mahu2021: posts small blind 10
Bri Gray: posts big blind 20
*** HOLE CARDS ***
Dealt to Mahu2021 [Qc Tc]
FredonPok: folds 
Mahu2021: raises 20 to 40
Bri Gray: calls 20
*** FLOP *** [Ad Ks 7h]
Mahu2021: bets 40
Bri Gray: folds 
Uncalled bet (40) returned to Mahu2021
Mahu2021 collected 80 from pot
Mahu2021: doesn't show hand 
*** SUMMARY ***
Total pot 80 | Rake 0 
Board [Ad Ks 7h]
Seat 1: FredonPok (button) folded before Flop (didn't bet)
Seat 2: Mahu2021 (small blind) collected (80)
Seat 3: Bri Gray (big blind) folded on the Flop



PokerStars Hand #243466982281: Tournament #3586088381, $0.92+$0.08 USD Hold'em No Limit - Level I (10/20) - 2023/05/03 19:45:26 CET [2023/05/03 13:45:26 ET]
Table '3586088381 1' 3-max Seat #2 is the button
Seat 1: FredonPok (500 in chips) 
Seat 2: Mahu2021 (540 in chips) 
Seat 3: Bri Gray (460 in chips) 
Bri Gray: posts small blind 10
FredonPok: posts big blind 20
*** HOLE CARDS ***
Dealt to Mahu2021 [3c 8h]
Mahu2021: folds 
Bri Gray: raises 40 to 60
FredonPok: raises 440 to 500 and is all-in
Bri Gray: calls 400 and is all-in
Uncalled bet (40) returned to FredonPok
*** FLOP *** [5d 7d Qc]
*** TURN *** [5d 7d Qc] [Kc]
*** RIVER *** [5d 7d Qc Kc] [7c]
*** SHOW DOWN ***
Bri Gray: shows [Ks Qs] (two pair, Kings and Queens)
FredonPok: shows [Td Ah] (a pair of Sevens)
Bri Gray collected 920 from pot
*** SUMMARY ***
Total pot 920 | Rake 0 
Board [5d 7d Qc Kc 7c]
Seat 1: FredonPok (big blind) showed [Td Ah] and lost with a pair of Sevens
Seat 2: Mahu2021 (button) folded before Flop (didn't bet)
Seat 3: Bri Gray (small blind) showed [Ks Qs] and won (920) with two pair, Kings and Queens



PokerStars Hand #243466987716: Tournament #3586088381, $0.92+$0.08 USD Hold'em No Limit - Level I (10/20) - 2023/05/03 19:45:41 CET [2023/05/03 13:45:41 ET]
Table '3586088381 1' 3-max Seat #3 is the button
Seat 1: FredonPok (40 in chips) 
Seat 2: Mahu2021 (540 in chips) 
Seat 3: Bri Gray (920 in chips) 
FredonPok: posts small blind 10
Mahu2021: posts big blind 20
*** HOLE CARDS ***
Dealt to Mahu2021 [4s 2h]
Bri Gray: folds 
FredonPok: raises 20 to 40 and is all-in
Mahu2021: calls 20
*** FLOP *** [3c 2d Qc]
*** TURN *** [3c 2d Qc] [7d]
*** RIVER *** [3c 2d Qc 7d] [2c]
*** SHOW DOWN ***
FredonPok: shows [6s Tc] (a pair of Deuces)
Mahu2021: shows [4s 2h] (three of a kind, Deuces)
Mahu2021 collected 80 from pot
FredonPok finished the tournament in 3rd place
*** SUMMARY ***
Total pot 80 | Rake 0 
Board [3c 2d Qc 7d 2c]
Seat 1: FredonPok (small blind) showed [6s Tc] and lost with a pair of Deuces
Seat 2: Mahu2021 (big blind) showed [4s 2h] and won (80) with three of a kind, Deuces
Seat 3: Bri Gray (button) folded before Flop (didn't bet)



PokerStars Hand #243466993699: Tournament #3586088381, $0.92+$0.08 USD Hold'em No Limit - Level I (10/20) - 2023/05/03 19:45:58 CET [2023/05/03 13:45:58 ET]
Table '3586088381 1' 3-max Seat #2 is the button
Seat 2: Mahu2021 (580 in chips) 
Seat 3: Bri Gray (920 in chips) 
Mahu2021: posts small blind 10
Bri Gray: posts big blind 20
*** HOLE CARDS ***
Dealt to Mahu2021 [3h 5s]
Mahu2021: calls 10
Bri Gray: raises 40 to 60
Mahu2021: calls 40
*** FLOP *** [8c Th Kc]
Bri Gray: bets 860 and is all-in
Mahu2021: folds 
Uncalled bet (860) returned to Bri Gray
Bri Gray collected 120 from pot
Bri Gray: doesn't show hand 
*** SUMMARY ***
Total pot 120 | Rake 0 
Board [8c Th Kc]
Seat 2: Mahu2021 (button) (small blind) folded on the Flop
Seat 3: Bri Gray (big blind) collected (120)



PokerStars Hand #243466997107: Tournament #3586088381, $0.92+$0.08 USD Hold'em No Limit - Level I (10/20) - 2023/05/03 19:46:07 CET [2023/05/03 13:46:07 ET]
Table '3586088381 1' 3-max Seat #3 is the button
Seat 2: Mahu2021 (520 in chips) 
Seat 3: Bri Gray (980 in chips) 
Bri Gray: posts small blind 10
Mahu2021: posts big blind 20
*** HOLE CARDS ***
Dealt to Mahu2021 [3h 4d]
Bri Gray: calls 10
Mahu2021: checks 
*** FLOP *** [Jd 9d 2h]
Mahu2021: checks 
Bri Gray: bets 20
Mahu2021: folds 
Uncalled bet (20) returned to Bri Gray
Bri Gray collected 40 from pot
Bri Gray: doesn't show hand 
*** SUMMARY ***
Total pot 40 | Rake 0 
Board [Jd 9d 2h]
Seat 2: Mahu2021 (big blind) folded on the Flop
Seat 3: Bri Gray (button) (small blind) collected (40)



PokerStars Hand #243467000101: Tournament #3586088381, $0.92+$0.08 USD Hold'em No Limit - Level I (10/20) - 2023/05/03 19:46:16 CET [2023/05/03 13:46:16 ET]
Table '3586088381 1' 3-max Seat #2 is the button
Seat 2: Mahu2021 (500 in chips) 
Seat 3: Bri Gray (1000 in chips) 
Mahu2021: posts small blind 10
Bri Gray: posts big blind 20
*** HOLE CARDS ***
Dealt to Mahu2021 [8c Kc]
Mahu2021: calls 10
Bri Gray: checks 
*** FLOP *** [5h 7d 2s]
Bri Gray: checks 
Mahu2021: bets 20
Bri Gray: folds 
Uncalled bet (20) returned to Mahu2021
Mahu2021 collected 40 from pot
Mahu2021: doesn't show hand 
*** SUMMARY ***
Total pot 40 | Rake 0 
Board [5h 7d 2s]
Seat 2: Mahu2021 (button) (small blind) collected (40)
Seat 3: Bri Gray (big blind) folded on the Flop



PokerStars Hand #243467003225: Tournament #3586088381, $0.92+$0.08 USD Hold'em No Limit - Level I (10/20) - 2023/05/03 19:46:25 CET [2023/05/03 13:46:25 ET]
Table '3586088381 1' 3-max Seat #3 is the button
Seat 2: Mahu2021 (520 in chips) 
Seat 3: Bri Gray (980 in chips) 
Bri Gray: posts small blind 10
Mahu2021: posts big blind 20
*** HOLE CARDS ***
Dealt to Mahu2021 [3c 7h]
Bri Gray: raises 20 to 40
Mahu2021: folds 
Uncalled bet (20) returned to Bri Gray
Bri Gray collected 40 from pot
Bri Gray: doesn't show hand 
*** SUMMARY ***
Total pot 40 | Rake 0 
Seat 2: Mahu2021 (big blind) folded before Flop
Seat 3: Bri Gray (button) (small blind) collected (40)



PokerStars Hand #243467004964: Tournament #3586088381, $0.92+$0.08 USD Hold'em No Limit - Level I (10/20) - 2023/05/03 19:46:30 CET [2023/05/03 13:46:30 ET]
Table '3586088381 1' 3-max Seat #2 is the button
Seat 2: Mahu2021 (500 in chips) 
Seat 3: Bri Gray (1000 in chips) 
Mahu2021: posts small blind 10
Bri Gray: posts big blind 20
*** HOLE CARDS ***
Dealt to Mahu2021 [4c 8h]
Mahu2021: folds 
Uncalled bet (10) returned to Bri Gray
Bri Gray collected 20 from pot
Bri Gray: doesn't show hand 
*** SUMMARY ***
Total pot 20 | Rake 0 
Seat 2: Mahu2021 (button) (small blind) folded before Flop
Seat 3: Bri Gray (big blind) collected (20)



PokerStars Hand #243467006555: Tournament #3586088381, $0.92+$0.08 USD Hold'em No Limit - Level I (10/20) - 2023/05/03 19:46:34 CET [2023/05/03 13:46:34 ET]
Table '3586088381 1' 3-max Seat #3 is the button
Seat 2: Mahu2021 (490 in chips) 
Seat 3: Bri Gray (1010 in chips) 
Bri Gray: posts small blind 10
Mahu2021: posts big blind 20
*** HOLE CARDS ***
Dealt to Mahu2021 [2s Ac]
Bri Gray: calls 10
Mahu2021: checks 
*** FLOP *** [3c 8d 4h]
Mahu2021: checks 
Bri Gray: checks 
*** TURN *** [3c 8d 4h] [Ks]
Mahu2021: bets 20
Bri Gray: folds 
Uncalled bet (20) returned to Mahu2021
Mahu2021 collected 40 from pot
Mahu2021: doesn't show hand 
*** SUMMARY ***
Total pot 40 | Rake 0 
Board [3c 8d 4h Ks]
Seat 2: Mahu2021 (big blind) collected (40)
Seat 3: Bri Gray (button) (small blind) folded on the Turn



PokerStars Hand #243467010816: Tournament #3586088381, $0.92+$0.08 USD Hold'em No Limit - Level I (10/20) - 2023/05/03 19:46:46 CET [2023/05/03 13:46:46 ET]
Table '3586088381 1' 3-max Seat #2 is the button
Seat 2: Mahu2021 (510 in chips) 
Seat 3: Bri Gray (990 in chips) 
Mahu2021: posts small blind 10
Bri Gray: posts big blind 20
*** HOLE CARDS ***
Dealt to Mahu2021 [8h Qh]
Mahu2021: calls 10
Bri Gray: checks 
*** FLOP *** [9c 4h 7h]
Bri Gray: checks 
Mahu2021: bets 20
Bri Gray: calls 20
*** TURN *** [9c 4h 7h] [8s]
Bri Gray: checks 
Mahu2021: checks 
*** RIVER *** [9c 4h 7h 8s] [3h]
Bri Gray: bets 20
Mahu2021: raises 60 to 80
Bri Gray: calls 60
*** SHOW DOWN ***
Mahu2021: shows [8h Qh] (a flush, Queen high)
Bri Gray: mucks hand 
Mahu2021 collected 240 from pot
*** SUMMARY ***
Total pot 240 | Rake 0 
Board [9c 4h 7h 8s 3h]
Seat 2: Mahu2021 (button) (small blind) showed [8h Qh] and won (240) with a flush, Queen high
Seat 3: Bri Gray (big blind) mucked [8c 6s]



PokerStars Hand #243467016497: Tournament #3586088381, $0.92+$0.08 USD Hold'em No Limit - Level I (10/20) - 2023/05/03 19:47:02 CET [2023/05/03 13:47:02 ET]
Table '3586088381 1' 3-max Seat #3 is the button
Seat 2: Mahu2021 (630 in chips) 
Seat 3: Bri Gray (870 in chips) 
Bri Gray: posts small blind 10
Mahu2021: posts big blind 20
*** HOLE CARDS ***
Dealt to Mahu2021 [4s Ks]
Bri Gray: raises 20 to 40
Mahu2021: calls 20
*** FLOP *** [9d 6c 3s]
Mahu2021: checks 
Bri Gray: checks 
*** TURN *** [9d 6c 3s] [2d]
Mahu2021: checks 
Bri Gray: checks 
*** RIVER *** [9d 6c 3s 2d] [6d]
Mahu2021: checks 
Bri Gray: checks 
*** SHOW DOWN ***
Mahu2021: shows [4s Ks] (a pair of Sixes)
Bri Gray: mucks hand 
Mahu2021 collected 80 from pot
*** SUMMARY ***
Total pot 80 | Rake 0 
Board [9d 6c 3s 2d 6d]
Seat 2: Mahu2021 (big blind) showed [4s Ks] and won (80) with a pair of Sixes
Seat 3: Bri Gray (button) (small blind) mucked [5d Qc]



PokerStars Hand #243467020474: Tournament #3586088381, $0.92+$0.08 USD Hold'em No Limit - Level I (10/20) - 2023/05/03 19:47:14 CET [2023/05/03 13:47:14 ET]
Table '3586088381 1' 3-max Seat #2 is the button
Seat 2: Mahu2021 (670 in chips) 
Seat 3: Bri Gray (830 in chips) 
Mahu2021: posts small blind 10
Bri Gray: posts big blind 20
*** HOLE CARDS ***
Dealt to Mahu2021 [Js 3s]
Mahu2021: calls 10
Bri Gray: checks 
*** FLOP *** [Tc 2h 9d]
Bri Gray: checks 
Mahu2021: checks 
*** TURN *** [Tc 2h 9d] [9c]
Bri Gray: checks 
Mahu2021: checks 
*** RIVER *** [Tc 2h 9d 9c] [Kh]
Bri Gray: checks 
Mahu2021: checks 
*** SHOW DOWN ***
Bri Gray: shows [4d 7h] (a pair of Nines)
Mahu2021: shows [Js 3s] (a pair of Nines - King+Jack kicker)
Mahu2021 collected 40 from pot
*** SUMMARY ***
Total pot 40 | Rake 0 
Board [Tc 2h 9d 9c Kh]
Seat 2: Mahu2021 (button) (small blind) showed [Js 3s] and won (40) with a pair of Nines
Seat 3: Bri Gray (big blind) showed [4d 7h] and lost with a pair of Nines



PokerStars Hand #243467024342: Tournament #3586088381, $0.92+$0.08 USD Hold'em No Limit - Level I (10/20) - 2023/05/03 19:47:25 CET [2023/05/03 13:47:25 ET]
Table '3586088381 1' 3-max Seat #3 is the button
Seat 2: Mahu2021 (690 in chips) 
Seat 3: Bri Gray (810 in chips) 
Bri Gray: posts small blind 10
Mahu2021: posts big blind 20
*** HOLE CARDS ***
Dealt to Mahu2021 [6d Ts]
Bri Gray: calls 10
Mahu2021: checks 
*** FLOP *** [4d 6h Jc]
Mahu2021: checks 
Bri Gray: checks 
*** TURN *** [4d 6h Jc] [6c]
Mahu2021: checks 
Bri Gray: checks 
*** RIVER *** [4d 6h Jc 6c] [8d]
Mahu2021: bets 40
Bri Gray: folds 
Uncalled bet (40) returned to Mahu2021
Mahu2021 collected 40 from pot
Mahu2021: doesn't show hand 
*** SUMMARY ***
Total pot 40 | Rake 0 
Board [4d 6h Jc 6c 8d]
Seat 2: Mahu2021 (big blind) collected (40)
Seat 3: Bri Gray (button) (small blind) folded on the River



PokerStars Hand #243467028382: Tournament #3586088381, $0.92+$0.08 USD Hold'em No Limit - Level I (10/20) - 2023/05/03 19:47:36 CET [2023/05/03 13:47:36 ET]
Table '3586088381 1' 3-max Seat #2 is the button
Seat 2: Mahu2021 (710 in chips) 
Seat 3: Bri Gray (790 in chips) 
Mahu2021: posts small blind 10
Bri Gray: posts big blind 20
*** HOLE CARDS ***
Dealt to Mahu2021 [7d 9h]
Mahu2021: folds 
Uncalled bet (10) returned to Bri Gray
Bri Gray collected 20 from pot
Bri Gray: doesn't show hand 
*** SUMMARY ***
Total pot 20 | Rake 0 
Seat 2: Mahu2021 (button) (small blind) folded before Flop
Seat 3: Bri Gray (big blind) collected (20)



PokerStars Hand #243467030037: Tournament #3586088381, $0.92+$0.08 USD Hold'em No Limit - Level I (10/20) - 2023/05/03 19:47:41 CET [2023/05/03 13:47:41 ET]
Table '3586088381 1' 3-max Seat #3 is the button
Seat 2: Mahu2021 (700 in chips) 
Seat 3: Bri Gray (800 in chips) 
Bri Gray: posts small blind 10
Mahu2021: posts big blind 20
*** HOLE CARDS ***
Dealt to Mahu2021 [3c 3d]
Bri Gray: raises 20 to 40
Mahu2021: calls 20
*** FLOP *** [2h 9d Jc]
Mahu2021: checks 
Bri Gray: checks 
*** TURN *** [2h 9d Jc] [4s]
Mahu2021: checks 
Bri Gray: checks 
*** RIVER *** [2h 9d Jc 4s] [Js]
Mahu2021: checks 
Bri Gray: checks 
*** SHOW DOWN ***
Mahu2021: shows [3c 3d] (two pair, Jacks and Threes)
Bri Gray: mucks hand 
Mahu2021 collected 80 from pot
*** SUMMARY ***
Total pot 80 | Rake 0 
Board [2h 9d Jc 4s Js]
Seat 2: Mahu2021 (big blind) showed [3c 3d] and won (80) with two pair, Jacks and Threes
Seat 3: Bri Gray (button) (small blind) mucked [Ah 7h]



PokerStars Hand #243467033627: Tournament #3586088381, $0.92+$0.08 USD Hold'em No Limit - Level I (10/20) - 2023/05/03 19:47:51 CET [2023/05/03 13:47:51 ET]
Table '3586088381 1' 3-max Seat #2 is the button
Seat 2: Mahu2021 (740 in chips) 
Seat 3: Bri Gray (760 in chips) 
Mahu2021: posts small blind 10
Bri Gray: posts big blind 20
*** HOLE CARDS ***
Dealt to Mahu2021 [8d 9c]
Mahu2021: raises 20 to 40
Bri Gray: calls 20
*** FLOP *** [2h 2c 5s]
Bri Gray: checks 
Mahu2021: bets 40
Bri Gray: folds 
Uncalled bet (40) returned to Mahu2021
Mahu2021 collected 80 from pot
Mahu2021: doesn't show hand 
*** SUMMARY ***
Total pot 80 | Rake 0 
Board [2h 2c 5s]
Seat 2: Mahu2021 (button) (small blind) collected (80)
Seat 3: Bri Gray (big blind) folded on the Flop



PokerStars Hand #243467037314: Tournament #3586088381, $0.92+$0.08 USD Hold'em No Limit - Level I (10/20) - 2023/05/03 19:48:02 CET [2023/05/03 13:48:02 ET]
Table '3586088381 1' 3-max Seat #3 is the button
Seat 2: Mahu2021 (780 in chips) 
Seat 3: Bri Gray (720 in chips) 
Bri Gray: posts small blind 10
Mahu2021: posts big blind 20
*** HOLE CARDS ***
Dealt to Mahu2021 [Kd Ks]
Bri Gray: raises 40 to 60
Mahu2021: raises 720 to 780 and is all-in
Bri Gray: calls 660 and is all-in
Uncalled bet (60) returned to Mahu2021
*** FLOP *** [6d 7h 2c]
*** TURN *** [6d 7h 2c] [7s]
*** RIVER *** [6d 7h 2c 7s] [Td]
*** SHOW DOWN ***
Mahu2021: shows [Kd Ks] (two pair, Kings and Sevens)
Bri Gray: shows [As Ad] (two pair, Aces and Sevens)
Bri Gray collected 1440 from pot
*** SUMMARY ***
Total pot 1440 | Rake 0 
Board [6d 7h 2c 7s Td]
Seat 2: Mahu2021 (big blind) showed [Kd Ks] and lost with two pair, Kings and Sevens
Seat 3: Bri Gray (button) (small blind) showed [As Ad] and won (1440) with two pair, Aces and Sevens



PokerStars Hand #243467043326: Tournament #3586088381, $0.92+$0.08 USD Hold'em No Limit - Level II (15/30) - 2023/05/03 19:48:19 CET [2023/05/03 13:48:19 ET]
Table '3586088381 1' 3-max Seat #2 is the button
Seat 2: Mahu2021 (60 in chips) 
Seat 3: Bri Gray (1440 in chips) 
Mahu2021: posts small blind 15
Bri Gray: posts big blind 30
*** HOLE CARDS ***
Dealt to Mahu2021 [5h 2h]
Mahu2021: raises 30 to 60 and is all-in
Bri Gray: calls 30
*** FLOP *** [Jd Js 5c]
*** TURN *** [Jd Js 5c] [Qd]
*** RIVER *** [Jd Js 5c Qd] [3c]
*** SHOW DOWN ***
Bri Gray: shows [Qs 8h] (two pair, Queens and Jacks)
Mahu2021: shows [5h 2h] (two pair, Jacks and Fives)
Bri Gray collected 120 from pot
Mahu2021 finished the tournament in 2nd place
Bri Gray wins the tournament and receives $3.00 - congratulations!
*** SUMMARY ***
Total pot 120 | Rake 0 
Board [Jd Js 5c Qd 3c]
Seat 2: Mahu2021 (button) (small blind) showed [5h 2h] and lost with two pair, Jacks and Fives
Seat 3: Bri Gray (big blind) showed [Qs 8h] and won (120) with two pair, Queens and Jacks



