PokerStars Hand #245425108199: Tournament #3632176345, $0.92+$0.08 USD Hold'em No Limit - Level I (10/20) - 2023/08/16 19:38:47 CET [2023/08/16 13:38:47 ET]
Table '3632176345 1' 3-max Seat #1 is the button
Seat 1: cebuanamyrna (500 in chips) 
Seat 2: Mahu2021 (500 in chips) 
Seat 3: hgpperez (500 in chips) 
Mahu2021: posts small blind 10
hgpperez: posts big blind 20
*** HOLE CARDS ***
Dealt to Mahu2021 [6d 8c]
cebuanamyrna: calls 20
Mahu2021: calls 10
hgpperez: raises 100 to 120
cebuanamyrna: folds 
Mahu2021: folds 
Uncalled bet (100) returned to hgpperez
hgpperez collected 60 from pot
hgpperez: doesn't show hand 
*** SUMMARY ***
Total pot 60 | Rake 0 
Seat 1: cebuanamyrna (button) folded before Flop
Seat 2: Mahu2021 (small blind) folded before Flop
Seat 3: hgpperez (big blind) collected (60)



PokerStars Hand #245425112594: Tournament #3632176345, $0.92+$0.08 USD Hold'em No Limit - Level I (10/20) - 2023/08/16 19:39:03 CET [2023/08/16 13:39:03 ET]
Table '3632176345 1' 3-max Seat #2 is the button
Seat 1: cebuanamyrna (480 in chips) 
Seat 2: Mahu2021 (480 in chips) 
Seat 3: hgpperez (540 in chips) 
hgpperez: posts small blind 10
cebuanamyrna: posts big blind 20
*** HOLE CARDS ***
Dealt to Mahu2021 [8h 7s]
Mahu2021: folds 
hgpperez: folds 
Uncalled bet (10) returned to cebuanamyrna
cebuanamyrna collected 20 from pot
cebuanamyrna: doesn't show hand 
*** SUMMARY ***
Total pot 20 | Rake 0 
Seat 1: cebuanamyrna (big blind) collected (20)
Seat 2: Mahu2021 (button) folded before Flop (didn't bet)
Seat 3: hgpperez (small blind) folded before Flop



PokerStars Hand #245425114329: Tournament #3632176345, $0.92+$0.08 USD Hold'em No Limit - Level I (10/20) - 2023/08/16 19:39:09 CET [2023/08/16 13:39:09 ET]
Table '3632176345 1' 3-max Seat #3 is the button
Seat 1: cebuanamyrna (490 in chips) 
Seat 2: Mahu2021 (480 in chips) 
Seat 3: hgpperez (530 in chips) 
cebuanamyrna: posts small blind 10
Mahu2021: posts big blind 20
*** HOLE CARDS ***
Dealt to Mahu2021 [5c 2d]
hgpperez: raises 40 to 60
cebuanamyrna: folds 
Mahu2021: folds 
Uncalled bet (40) returned to hgpperez
hgpperez collected 50 from pot
hgpperez: doesn't show hand 
*** SUMMARY ***
Total pot 50 | Rake 0 
Seat 1: cebuanamyrna (small blind) folded before Flop
Seat 2: Mahu2021 (big blind) folded before Flop
Seat 3: hgpperez (button) collected (50)



PokerStars Hand #245425117088: Tournament #3632176345, $0.92+$0.08 USD Hold'em No Limit - Level I (10/20) - 2023/08/16 19:39:19 CET [2023/08/16 13:39:19 ET]
Table '3632176345 1' 3-max Seat #1 is the button
Seat 1: cebuanamyrna (480 in chips) 
Seat 2: Mahu2021 (460 in chips) 
Seat 3: hgpperez (560 in chips) 
Mahu2021: posts small blind 10
hgpperez: posts big blind 20
*** HOLE CARDS ***
Dealt to Mahu2021 [9c Kd]
cebuanamyrna: folds 
Mahu2021: calls 10
hgpperez: checks 
*** FLOP *** [9h Ad 7d]
Mahu2021: bets 20
hgpperez: folds 
Uncalled bet (20) returned to Mahu2021
Mahu2021 collected 40 from pot
Mahu2021: doesn't show hand 
*** SUMMARY ***
Total pot 40 | Rake 0 
Board [9h Ad 7d]
Seat 1: cebuanamyrna (button) folded before Flop (didn't bet)
Seat 2: Mahu2021 (small blind) collected (40)
Seat 3: hgpperez (big blind) folded on the Flop



PokerStars Hand #245425120447: Tournament #3632176345, $0.92+$0.08 USD Hold'em No Limit - Level I (10/20) - 2023/08/16 19:39:31 CET [2023/08/16 13:39:31 ET]
Table '3632176345 1' 3-max Seat #2 is the button
Seat 1: cebuanamyrna (480 in chips) 
Seat 2: Mahu2021 (480 in chips) 
Seat 3: hgpperez (540 in chips) 
hgpperez: posts small blind 10
cebuanamyrna: posts big blind 20
*** HOLE CARDS ***
Dealt to Mahu2021 [Qh Jh]
Mahu2021: raises 20 to 40
hgpperez: folds 
cebuanamyrna: folds 
Uncalled bet (20) returned to Mahu2021
Mahu2021 collected 50 from pot
Mahu2021: doesn't show hand 
*** SUMMARY ***
Total pot 50 | Rake 0 
Seat 1: cebuanamyrna (big blind) folded before Flop
Seat 2: Mahu2021 (button) collected (50)
Seat 3: hgpperez (small blind) folded before Flop



PokerStars Hand #245425122644: Tournament #3632176345, $0.92+$0.08 USD Hold'em No Limit - Level I (10/20) - 2023/08/16 19:39:38 CET [2023/08/16 13:39:38 ET]
Table '3632176345 1' 3-max Seat #3 is the button
Seat 1: cebuanamyrna (460 in chips) 
Seat 2: Mahu2021 (510 in chips) 
Seat 3: hgpperez (530 in chips) 
cebuanamyrna: posts small blind 10
Mahu2021: posts big blind 20
*** HOLE CARDS ***
Dealt to Mahu2021 [7s 2d]
hgpperez: raises 20 to 40
cebuanamyrna: folds 
Mahu2021: folds 
Uncalled bet (20) returned to hgpperez
hgpperez collected 50 from pot
hgpperez: doesn't show hand 
*** SUMMARY ***
Total pot 50 | Rake 0 
Seat 1: cebuanamyrna (small blind) folded before Flop
Seat 2: Mahu2021 (big blind) folded before Flop
Seat 3: hgpperez (button) collected (50)



PokerStars Hand #245425124249: Tournament #3632176345, $0.92+$0.08 USD Hold'em No Limit - Level I (10/20) - 2023/08/16 19:39:44 CET [2023/08/16 13:39:44 ET]
Table '3632176345 1' 3-max Seat #1 is the button
Seat 1: cebuanamyrna (450 in chips) 
Seat 2: Mahu2021 (490 in chips) 
Seat 3: hgpperez (560 in chips) 
Mahu2021: posts small blind 10
hgpperez: posts big blind 20
*** HOLE CARDS ***
Dealt to Mahu2021 [8h 6h]
cebuanamyrna: calls 20
Mahu2021: calls 10
hgpperez: checks 
*** FLOP *** [3s 7d As]
Mahu2021: checks 
hgpperez: checks 
cebuanamyrna: bets 30
Mahu2021: folds 
hgpperez: calls 30
*** TURN *** [3s 7d As] [Jc]
hgpperez: checks 
cebuanamyrna: bets 40
hgpperez: calls 40
*** RIVER *** [3s 7d As Jc] [7h]
hgpperez: checks 
cebuanamyrna: bets 140
hgpperez: calls 140
*** SHOW DOWN ***
cebuanamyrna: shows [6s 2s] (a pair of Sevens)
hgpperez: shows [3c 5c] (two pair, Sevens and Threes)
hgpperez collected 480 from pot
*** SUMMARY ***
Total pot 480 | Rake 0 
Board [3s 7d As Jc 7h]
Seat 1: cebuanamyrna (button) showed [6s 2s] and lost with a pair of Sevens
Seat 2: Mahu2021 (small blind) folded on the Flop
Seat 3: hgpperez (big blind) showed [3c 5c] and won (480) with two pair, Sevens and Threes



PokerStars Hand #245425132857: Tournament #3632176345, $0.92+$0.08 USD Hold'em No Limit - Level I (10/20) - 2023/08/16 19:40:15 CET [2023/08/16 13:40:15 ET]
Table '3632176345 1' 3-max Seat #2 is the button
Seat 1: cebuanamyrna (220 in chips) 
Seat 2: Mahu2021 (470 in chips) 
Seat 3: hgpperez (810 in chips) 
hgpperez: posts small blind 10
cebuanamyrna: posts big blind 20
*** HOLE CARDS ***
Dealt to Mahu2021 [As 6c]
Mahu2021: calls 20
hgpperez: calls 10
cebuanamyrna: checks 
*** FLOP *** [Kh 2c 4h]
hgpperez: checks 
cebuanamyrna: bets 20
Mahu2021: folds 
hgpperez: folds 
Uncalled bet (20) returned to cebuanamyrna
cebuanamyrna collected 60 from pot
cebuanamyrna: doesn't show hand 
*** SUMMARY ***
Total pot 60 | Rake 0 
Board [Kh 2c 4h]
Seat 1: cebuanamyrna (big blind) collected (60)
Seat 2: Mahu2021 (button) folded on the Flop
Seat 3: hgpperez (small blind) folded on the Flop



PokerStars Hand #245425137001: Tournament #3632176345, $0.92+$0.08 USD Hold'em No Limit - Level I (10/20) - 2023/08/16 19:40:30 CET [2023/08/16 13:40:30 ET]
Table '3632176345 1' 3-max Seat #3 is the button
Seat 1: cebuanamyrna (260 in chips) 
Seat 2: Mahu2021 (450 in chips) 
Seat 3: hgpperez (790 in chips) 
cebuanamyrna: posts small blind 10
Mahu2021: posts big blind 20
*** HOLE CARDS ***
Dealt to Mahu2021 [Td 6h]
hgpperez: raises 20 to 40
cebuanamyrna: folds 
Mahu2021: folds 
Uncalled bet (20) returned to hgpperez
hgpperez collected 50 from pot
hgpperez: doesn't show hand 
*** SUMMARY ***
Total pot 50 | Rake 0 
Seat 1: cebuanamyrna (small blind) folded before Flop
Seat 2: Mahu2021 (big blind) folded before Flop
Seat 3: hgpperez (button) collected (50)



PokerStars Hand #245425138698: Tournament #3632176345, $0.92+$0.08 USD Hold'em No Limit - Level I (10/20) - 2023/08/16 19:40:36 CET [2023/08/16 13:40:36 ET]
Table '3632176345 1' 3-max Seat #1 is the button
Seat 1: cebuanamyrna (250 in chips) 
Seat 2: Mahu2021 (430 in chips) 
Seat 3: hgpperez (820 in chips) 
Mahu2021: posts small blind 10
hgpperez: posts big blind 20
*** HOLE CARDS ***
Dealt to Mahu2021 [6s 5c]
cebuanamyrna: calls 20
Mahu2021: calls 10
hgpperez: checks 
*** FLOP *** [9d Qs 2s]
Mahu2021: checks 
hgpperez: checks 
cebuanamyrna: checks 
*** TURN *** [9d Qs 2s] [Tc]
Mahu2021: checks 
hgpperez: checks 
cebuanamyrna: checks 
*** RIVER *** [9d Qs 2s Tc] [Kc]
Mahu2021: checks 
hgpperez: checks 
cebuanamyrna: checks 
*** SHOW DOWN ***
Mahu2021: shows [6s 5c] (high card King)
hgpperez: shows [5h 8d] (high card King - Queen+Ten+Nine+Eight kicker)
cebuanamyrna: shows [3c 3h] (a pair of Threes)
cebuanamyrna collected 60 from pot
*** SUMMARY ***
Total pot 60 | Rake 0 
Board [9d Qs 2s Tc Kc]
Seat 1: cebuanamyrna (button) showed [3c 3h] and won (60) with a pair of Threes
Seat 2: Mahu2021 (small blind) showed [6s 5c] and lost with high card King
Seat 3: hgpperez (big blind) showed [5h 8d] and lost with high card King



PokerStars Hand #245425147583: Tournament #3632176345, $0.92+$0.08 USD Hold'em No Limit - Level I (10/20) - 2023/08/16 19:41:07 CET [2023/08/16 13:41:07 ET]
Table '3632176345 1' 3-max Seat #2 is the button
Seat 1: cebuanamyrna (290 in chips) 
Seat 2: Mahu2021 (410 in chips) 
Seat 3: hgpperez (800 in chips) 
hgpperez: posts small blind 10
cebuanamyrna: posts big blind 20
*** HOLE CARDS ***
Dealt to Mahu2021 [Js As]
Mahu2021: raises 40 to 60
hgpperez: folds 
cebuanamyrna: folds 
Uncalled bet (40) returned to Mahu2021
Mahu2021 collected 50 from pot
Mahu2021: doesn't show hand 
*** SUMMARY ***
Total pot 50 | Rake 0 
Seat 1: cebuanamyrna (big blind) folded before Flop
Seat 2: Mahu2021 (button) collected (50)
Seat 3: hgpperez (small blind) folded before Flop



PokerStars Hand #245425150630: Tournament #3632176345, $0.92+$0.08 USD Hold'em No Limit - Level I (10/20) - 2023/08/16 19:41:18 CET [2023/08/16 13:41:18 ET]
Table '3632176345 1' 3-max Seat #3 is the button
Seat 1: cebuanamyrna (270 in chips) 
Seat 2: Mahu2021 (440 in chips) 
Seat 3: hgpperez (790 in chips) 
cebuanamyrna: posts small blind 10
Mahu2021: posts big blind 20
*** HOLE CARDS ***
Dealt to Mahu2021 [5d 9c]
hgpperez: folds 
cebuanamyrna: folds 
Uncalled bet (10) returned to Mahu2021
Mahu2021 collected 20 from pot
Mahu2021: doesn't show hand 
*** SUMMARY ***
Total pot 20 | Rake 0 
Seat 1: cebuanamyrna (small blind) folded before Flop
Seat 2: Mahu2021 (big blind) collected (20)
Seat 3: hgpperez (button) folded before Flop (didn't bet)



PokerStars Hand #245425152161: Tournament #3632176345, $0.92+$0.08 USD Hold'em No Limit - Level I (10/20) - 2023/08/16 19:41:23 CET [2023/08/16 13:41:23 ET]
Table '3632176345 1' 3-max Seat #1 is the button
Seat 1: cebuanamyrna (260 in chips) 
Seat 2: Mahu2021 (450 in chips) 
Seat 3: hgpperez (790 in chips) 
Mahu2021: posts small blind 10
hgpperez: posts big blind 20
*** HOLE CARDS ***
Dealt to Mahu2021 [5d 5s]
cebuanamyrna: raises 240 to 260 and is all-in
Mahu2021: folds 
hgpperez: folds 
Uncalled bet (240) returned to cebuanamyrna
cebuanamyrna collected 50 from pot
cebuanamyrna: doesn't show hand 
*** SUMMARY ***
Total pot 50 | Rake 0 
Seat 1: cebuanamyrna (button) collected (50)
Seat 2: Mahu2021 (small blind) folded before Flop
Seat 3: hgpperez (big blind) folded before Flop



PokerStars Hand #245425154630: Tournament #3632176345, $0.92+$0.08 USD Hold'em No Limit - Level I (10/20) - 2023/08/16 19:41:33 CET [2023/08/16 13:41:33 ET]
Table '3632176345 1' 3-max Seat #2 is the button
Seat 1: cebuanamyrna (290 in chips) 
Seat 2: Mahu2021 (440 in chips) 
Seat 3: hgpperez (770 in chips) 
hgpperez: posts small blind 10
cebuanamyrna: posts big blind 20
*** HOLE CARDS ***
Dealt to Mahu2021 [7s 6h]
Mahu2021: folds 
hgpperez: raises 750 to 770 and is all-in
cebuanamyrna: folds 
Uncalled bet (750) returned to hgpperez
hgpperez collected 40 from pot
hgpperez: doesn't show hand 
*** SUMMARY ***
Total pot 40 | Rake 0 
Seat 1: cebuanamyrna (big blind) folded before Flop
Seat 2: Mahu2021 (button) folded before Flop (didn't bet)
Seat 3: hgpperez (small blind) collected (40)



PokerStars Hand #245425157315: Tournament #3632176345, $0.92+$0.08 USD Hold'em No Limit - Level I (10/20) - 2023/08/16 19:41:42 CET [2023/08/16 13:41:42 ET]
Table '3632176345 1' 3-max Seat #3 is the button
Seat 1: cebuanamyrna (270 in chips) 
Seat 2: Mahu2021 (440 in chips) 
Seat 3: hgpperez (790 in chips) 
cebuanamyrna: posts small blind 10
Mahu2021: posts big blind 20
*** HOLE CARDS ***
Dealt to Mahu2021 [Tc 2c]
hgpperez: raises 20 to 40
cebuanamyrna: raises 230 to 270 and is all-in
Mahu2021: folds 
hgpperez: calls 230
*** FLOP *** [8h 9s Kc]
*** TURN *** [8h 9s Kc] [Ah]
*** RIVER *** [8h 9s Kc Ah] [4s]
*** SHOW DOWN ***
cebuanamyrna: shows [3d Ad] (a pair of Aces)
hgpperez: shows [Ks 5c] (a pair of Kings)
cebuanamyrna collected 560 from pot
*** SUMMARY ***
Total pot 560 | Rake 0 
Board [8h 9s Kc Ah 4s]
Seat 1: cebuanamyrna (small blind) showed [3d Ad] and won (560) with a pair of Aces
Seat 2: Mahu2021 (big blind) folded before Flop
Seat 3: hgpperez (button) showed [Ks 5c] and lost with a pair of Kings



PokerStars Hand #245425162907: Tournament #3632176345, $0.92+$0.08 USD Hold'em No Limit - Level II (15/30) - 2023/08/16 19:42:02 CET [2023/08/16 13:42:02 ET]
Table '3632176345 1' 3-max Seat #1 is the button
Seat 1: cebuanamyrna (560 in chips) 
Seat 2: Mahu2021 (420 in chips) 
Seat 3: hgpperez (520 in chips) 
Mahu2021: posts small blind 15
hgpperez: posts big blind 30
*** HOLE CARDS ***
Dealt to Mahu2021 [Jh 5d]
cebuanamyrna: folds 
Mahu2021: folds 
Uncalled bet (15) returned to hgpperez
hgpperez collected 30 from pot
hgpperez: doesn't show hand 
*** SUMMARY ***
Total pot 30 | Rake 0 
Seat 1: cebuanamyrna (button) folded before Flop (didn't bet)
Seat 2: Mahu2021 (small blind) folded before Flop
Seat 3: hgpperez (big blind) collected (30)



PokerStars Hand #245425164760: Tournament #3632176345, $0.92+$0.08 USD Hold'em No Limit - Level II (15/30) - 2023/08/16 19:42:08 CET [2023/08/16 13:42:08 ET]
Table '3632176345 1' 3-max Seat #2 is the button
Seat 1: cebuanamyrna (560 in chips) 
Seat 2: Mahu2021 (405 in chips) 
Seat 3: hgpperez (535 in chips) 
hgpperez: posts small blind 15
cebuanamyrna: posts big blind 30
*** HOLE CARDS ***
Dealt to Mahu2021 [5d Jd]
Mahu2021: raises 30 to 60
hgpperez: calls 45
cebuanamyrna: calls 30
*** FLOP *** [Ad 7s 2h]
hgpperez: checks 
cebuanamyrna: checks 
Mahu2021: checks 
*** TURN *** [Ad 7s 2h] [Qs]
hgpperez: checks 
cebuanamyrna: bets 30
Mahu2021: folds 
hgpperez: folds 
Uncalled bet (30) returned to cebuanamyrna
cebuanamyrna collected 180 from pot
cebuanamyrna: doesn't show hand 
*** SUMMARY ***
Total pot 180 | Rake 0 
Board [Ad 7s 2h Qs]
Seat 1: cebuanamyrna (big blind) collected (180)
Seat 2: Mahu2021 (button) folded on the Turn
Seat 3: hgpperez (small blind) folded on the Turn



PokerStars Hand #245425170966: Tournament #3632176345, $0.92+$0.08 USD Hold'em No Limit - Level II (15/30) - 2023/08/16 19:42:31 CET [2023/08/16 13:42:31 ET]
Table '3632176345 1' 3-max Seat #3 is the button
Seat 1: cebuanamyrna (680 in chips) 
Seat 2: Mahu2021 (345 in chips) 
Seat 3: hgpperez (475 in chips) 
cebuanamyrna: posts small blind 15
Mahu2021: posts big blind 30
*** HOLE CARDS ***
Dealt to Mahu2021 [3h 5h]
hgpperez: raises 30 to 60
cebuanamyrna: folds 
Mahu2021: calls 30
*** FLOP *** [5s Tc 5d]
Mahu2021: checks 
hgpperez: checks 
*** TURN *** [5s Tc 5d] [5c]
Mahu2021: checks 
hgpperez: bets 60
Mahu2021: raises 60 to 120
hgpperez: calls 60
*** RIVER *** [5s Tc 5d 5c] [Jd]
Mahu2021: bets 60
hgpperez: calls 60
*** SHOW DOWN ***
Mahu2021: shows [3h 5h] (four of a kind, Fives)
hgpperez: mucks hand 
Mahu2021 collected 495 from pot
*** SUMMARY ***
Total pot 495 | Rake 0 
Board [5s Tc 5d 5c Jd]
Seat 1: cebuanamyrna (small blind) folded before Flop
Seat 2: Mahu2021 (big blind) showed [3h 5h] and won (495) with four of a kind, Fives
Seat 3: hgpperez (button) mucked [9c Ac]



PokerStars Hand #245425179546: Tournament #3632176345, $0.92+$0.08 USD Hold'em No Limit - Level II (15/30) - 2023/08/16 19:43:02 CET [2023/08/16 13:43:02 ET]
Table '3632176345 1' 3-max Seat #1 is the button
Seat 1: cebuanamyrna (665 in chips) 
Seat 2: Mahu2021 (600 in chips) 
Seat 3: hgpperez (235 in chips) 
Mahu2021: posts small blind 15
hgpperez: posts big blind 30
*** HOLE CARDS ***
Dealt to Mahu2021 [Kc 3c]
cebuanamyrna: folds 
Mahu2021: calls 15
hgpperez: raises 205 to 235 and is all-in
Mahu2021: calls 205
*** FLOP *** [5d 4c Ac]
*** TURN *** [5d 4c Ac] [3h]
*** RIVER *** [5d 4c Ac 3h] [4s]
*** SHOW DOWN ***
Mahu2021: shows [Kc 3c] (two pair, Fours and Threes)
hgpperez: shows [As 2d] (a straight, Ace to Five)
hgpperez collected 470 from pot
*** SUMMARY ***
Total pot 470 | Rake 0 
Board [5d 4c Ac 3h 4s]
Seat 1: cebuanamyrna (button) folded before Flop (didn't bet)
Seat 2: Mahu2021 (small blind) showed [Kc 3c] and lost with two pair, Fours and Threes
Seat 3: hgpperez (big blind) showed [As 2d] and won (470) with a straight, Ace to Five



PokerStars Hand #245425184276: Tournament #3632176345, $0.92+$0.08 USD Hold'em No Limit - Level II (15/30) - 2023/08/16 19:43:18 CET [2023/08/16 13:43:18 ET]
Table '3632176345 1' 3-max Seat #2 is the button
Seat 1: cebuanamyrna (665 in chips) 
Seat 2: Mahu2021 (365 in chips) 
Seat 3: hgpperez (470 in chips) 
hgpperez: posts small blind 15
cebuanamyrna: posts big blind 30
*** HOLE CARDS ***
Dealt to Mahu2021 [Jc 3s]
Mahu2021: folds 
hgpperez: calls 15
cebuanamyrna: checks 
*** FLOP *** [9d 8h 6s]
hgpperez: bets 30
cebuanamyrna: calls 30
*** TURN *** [9d 8h 6s] [8s]
hgpperez: bets 60
cebuanamyrna: calls 60
*** RIVER *** [9d 8h 6s 8s] [2h]
hgpperez: bets 60
cebuanamyrna: raises 360 to 420
hgpperez: calls 290 and is all-in
Uncalled bet (70) returned to cebuanamyrna
*** SHOW DOWN ***
cebuanamyrna: shows [5s Qs] (a pair of Eights)
hgpperez: shows [8c Tc] (three of a kind, Eights)
hgpperez collected 940 from pot
*** SUMMARY ***
Total pot 940 | Rake 0 
Board [9d 8h 6s 8s 2h]
Seat 1: cebuanamyrna (big blind) showed [5s Qs] and lost with a pair of Eights
Seat 2: Mahu2021 (button) folded before Flop (didn't bet)
Seat 3: hgpperez (small blind) showed [8c Tc] and won (940) with three of a kind, Eights



PokerStars Hand #245425192281: Tournament #3632176345, $0.92+$0.08 USD Hold'em No Limit - Level II (15/30) - 2023/08/16 19:43:47 CET [2023/08/16 13:43:47 ET]
Table '3632176345 1' 3-max Seat #3 is the button
Seat 1: cebuanamyrna (195 in chips) 
Seat 2: Mahu2021 (365 in chips) 
Seat 3: hgpperez (940 in chips) 
cebuanamyrna: posts small blind 15
Mahu2021: posts big blind 30
*** HOLE CARDS ***
Dealt to Mahu2021 [Kh 3c]
hgpperez: raises 30 to 60
cebuanamyrna: raises 135 to 195 and is all-in
Mahu2021: folds 
hgpperez: calls 135
*** FLOP *** [Tc 5s 7h]
*** TURN *** [Tc 5s 7h] [6s]
*** RIVER *** [Tc 5s 7h 6s] [Kc]
*** SHOW DOWN ***
cebuanamyrna: shows [4d 6d] (a pair of Sixes)
hgpperez: shows [8d Jd] (high card King)
cebuanamyrna collected 420 from pot
*** SUMMARY ***
Total pot 420 | Rake 0 
Board [Tc 5s 7h 6s Kc]
Seat 1: cebuanamyrna (small blind) showed [4d 6d] and won (420) with a pair of Sixes
Seat 2: Mahu2021 (big blind) folded before Flop
Seat 3: hgpperez (button) showed [8d Jd] and lost with high card King



PokerStars Hand #245425196936: Tournament #3632176345, $0.92+$0.08 USD Hold'em No Limit - Level II (15/30) - 2023/08/16 19:44:04 CET [2023/08/16 13:44:04 ET]
Table '3632176345 1' 3-max Seat #1 is the button
Seat 1: cebuanamyrna (420 in chips) 
Seat 2: Mahu2021 (335 in chips) 
Seat 3: hgpperez (745 in chips) 
Mahu2021: posts small blind 15
hgpperez: posts big blind 30
*** HOLE CARDS ***
Dealt to Mahu2021 [Jc Jd]
cebuanamyrna: raises 390 to 420 and is all-in
Mahu2021: calls 320 and is all-in
hgpperez: folds 
Uncalled bet (85) returned to cebuanamyrna
*** FLOP *** [4c 4s 7s]
*** TURN *** [4c 4s 7s] [6d]
*** RIVER *** [4c 4s 7s 6d] [5c]
*** SHOW DOWN ***
Mahu2021: shows [Jc Jd] (two pair, Jacks and Fours)
cebuanamyrna: shows [7d Ah] (two pair, Sevens and Fours)
Mahu2021 collected 700 from pot
*** SUMMARY ***
Total pot 700 | Rake 0 
Board [4c 4s 7s 6d 5c]
Seat 1: cebuanamyrna (button) showed [7d Ah] and lost with two pair, Sevens and Fours
Seat 2: Mahu2021 (small blind) showed [Jc Jd] and won (700) with two pair, Jacks and Fours
Seat 3: hgpperez (big blind) folded before Flop



PokerStars Hand #245425201179: Tournament #3632176345, $0.92+$0.08 USD Hold'em No Limit - Level II (15/30) - 2023/08/16 19:44:19 CET [2023/08/16 13:44:19 ET]
Table '3632176345 1' 3-max Seat #2 is the button
Seat 1: cebuanamyrna (85 in chips) 
Seat 2: Mahu2021 (700 in chips) 
Seat 3: hgpperez (715 in chips) 
hgpperez: posts small blind 15
cebuanamyrna: posts big blind 30
*** HOLE CARDS ***
Dealt to Mahu2021 [Ad Kh]
Mahu2021: raises 60 to 90
hgpperez: folds 
cebuanamyrna: calls 55 and is all-in
Uncalled bet (5) returned to Mahu2021
*** FLOP *** [8d As Tc]
*** TURN *** [8d As Tc] [5s]
*** RIVER *** [8d As Tc 5s] [7s]
*** SHOW DOWN ***
cebuanamyrna: shows [Ah 9c] (a pair of Aces)
Mahu2021: shows [Ad Kh] (a pair of Aces - King kicker)
Mahu2021 collected 185 from pot
cebuanamyrna finished the tournament in 3rd place
*** SUMMARY ***
Total pot 185 | Rake 0 
Board [8d As Tc 5s 7s]
Seat 1: cebuanamyrna (big blind) showed [Ah 9c] and lost with a pair of Aces
Seat 2: Mahu2021 (button) showed [Ad Kh] and won (185) with a pair of Aces
Seat 3: hgpperez (small blind) folded before Flop



PokerStars Hand #245425206375: Tournament #3632176345, $0.92+$0.08 USD Hold'em No Limit - Level II (15/30) - 2023/08/16 19:44:37 CET [2023/08/16 13:44:37 ET]
Table '3632176345 1' 3-max Seat #3 is the button
Seat 2: Mahu2021 (800 in chips) 
Seat 3: hgpperez (700 in chips) 
hgpperez: posts small blind 15
Mahu2021: posts big blind 30
*** HOLE CARDS ***
Dealt to Mahu2021 [2d Js]
hgpperez: raises 30 to 60
Mahu2021: calls 30
*** FLOP *** [5c Tc 8d]
Mahu2021: checks 
hgpperez: bets 60
Mahu2021: folds 
Uncalled bet (60) returned to hgpperez
hgpperez collected 120 from pot
hgpperez: doesn't show hand 
*** SUMMARY ***
Total pot 120 | Rake 0 
Board [5c Tc 8d]
Seat 2: Mahu2021 (big blind) folded on the Flop
Seat 3: hgpperez (button) (small blind) collected (120)



PokerStars Hand #245425211672: Tournament #3632176345, $0.92+$0.08 USD Hold'em No Limit - Level III (20/40) - 2023/08/16 19:44:56 CET [2023/08/16 13:44:56 ET]
Table '3632176345 1' 3-max Seat #2 is the button
Seat 2: Mahu2021 (740 in chips) 
Seat 3: hgpperez (760 in chips) 
Mahu2021: posts small blind 20
hgpperez: posts big blind 40
*** HOLE CARDS ***
Dealt to Mahu2021 [Qs As]
Mahu2021: raises 40 to 80
hgpperez: calls 40
*** FLOP *** [5d 6h 9h]
hgpperez: checks 
Mahu2021: bets 40
hgpperez: calls 40
*** TURN *** [5d 6h 9h] [9s]
hgpperez: checks 
Mahu2021: checks 
*** RIVER *** [5d 6h 9h 9s] [Kh]
hgpperez: bets 40
Mahu2021: folds 
Uncalled bet (40) returned to hgpperez
hgpperez collected 240 from pot
hgpperez: doesn't show hand 
*** SUMMARY ***
Total pot 240 | Rake 0 
Board [5d 6h 9h 9s Kh]
Seat 2: Mahu2021 (button) (small blind) folded on the River
Seat 3: hgpperez (big blind) collected (240)



PokerStars Hand #245425217444: Tournament #3632176345, $0.92+$0.08 USD Hold'em No Limit - Level III (20/40) - 2023/08/16 19:45:17 CET [2023/08/16 13:45:17 ET]
Table '3632176345 1' 3-max Seat #3 is the button
Seat 2: Mahu2021 (620 in chips) 
Seat 3: hgpperez (880 in chips) 
hgpperez: posts small blind 20
Mahu2021: posts big blind 40
*** HOLE CARDS ***
Dealt to Mahu2021 [9c Th]
hgpperez: calls 20
Mahu2021: checks 
*** FLOP *** [2h Jc Qs]
Mahu2021: checks 
hgpperez: bets 40
Mahu2021: calls 40
*** TURN *** [2h Jc Qs] [Ad]
Mahu2021: checks 
hgpperez: checks 
*** RIVER *** [2h Jc Qs Ad] [8c]
Mahu2021: bets 160
hgpperez: calls 160
*** SHOW DOWN ***
Mahu2021: shows [9c Th] (a straight, Eight to Queen)
hgpperez: mucks hand 
Mahu2021 collected 480 from pot
*** SUMMARY ***
Total pot 480 | Rake 0 
Board [2h Jc Qs Ad 8c]
Seat 2: Mahu2021 (big blind) showed [9c Th] and won (480) with a straight, Eight to Queen
Seat 3: hgpperez (button) (small blind) mucked [Qd 5h]



PokerStars Hand #245425222839: Tournament #3632176345, $0.92+$0.08 USD Hold'em No Limit - Level III (20/40) - 2023/08/16 19:45:36 CET [2023/08/16 13:45:36 ET]
Table '3632176345 1' 3-max Seat #2 is the button
Seat 2: Mahu2021 (860 in chips) 
Seat 3: hgpperez (640 in chips) 
Mahu2021: posts small blind 20
hgpperez: posts big blind 40
*** HOLE CARDS ***
Dealt to Mahu2021 [9s 4d]
Mahu2021: folds 
Uncalled bet (20) returned to hgpperez
hgpperez collected 40 from pot
hgpperez: doesn't show hand 
*** SUMMARY ***
Total pot 40 | Rake 0 
Seat 2: Mahu2021 (button) (small blind) folded before Flop
Seat 3: hgpperez (big blind) collected (40)



PokerStars Hand #245425224229: Tournament #3632176345, $0.92+$0.08 USD Hold'em No Limit - Level III (20/40) - 2023/08/16 19:45:41 CET [2023/08/16 13:45:41 ET]
Table '3632176345 1' 3-max Seat #3 is the button
Seat 2: Mahu2021 (840 in chips) 
Seat 3: hgpperez (660 in chips) 
hgpperez: posts small blind 20
Mahu2021: posts big blind 40
*** HOLE CARDS ***
Dealt to Mahu2021 [Ac Qc]
hgpperez: calls 20
Mahu2021: raises 80 to 120
hgpperez: folds 
Uncalled bet (80) returned to Mahu2021
Mahu2021 collected 80 from pot
Mahu2021: doesn't show hand 
*** SUMMARY ***
Total pot 80 | Rake 0 
Seat 2: Mahu2021 (big blind) collected (80)
Seat 3: hgpperez (button) (small blind) folded before Flop



PokerStars Hand #245425226615: Tournament #3632176345, $0.92+$0.08 USD Hold'em No Limit - Level III (20/40) - 2023/08/16 19:45:50 CET [2023/08/16 13:45:50 ET]
Table '3632176345 1' 3-max Seat #2 is the button
Seat 2: Mahu2021 (880 in chips) 
Seat 3: hgpperez (620 in chips) 
Mahu2021: posts small blind 20
hgpperez: posts big blind 40
*** HOLE CARDS ***
Dealt to Mahu2021 [9h Jc]
Mahu2021: calls 20
hgpperez: raises 80 to 120
Mahu2021: calls 80
*** FLOP *** [2c Kh 6h]
hgpperez: checks 
Mahu2021: checks 
*** TURN *** [2c Kh 6h] [9s]
hgpperez: bets 173
Mahu2021: calls 173
*** RIVER *** [2c Kh 6h 9s] [Jh]
hgpperez: bets 327 and is all-in
Mahu2021: calls 327
*** SHOW DOWN ***
hgpperez: shows [Ad Th] (high card Ace)
Mahu2021: shows [9h Jc] (two pair, Jacks and Nines)
Mahu2021 collected 1240 from pot
hgpperez finished the tournament in 2nd place
Mahu2021 wins the tournament and receives $3.00 - congratulations!
*** SUMMARY ***
Total pot 1240 | Rake 0 
Board [2c Kh 6h 9s Jh]
Seat 2: Mahu2021 (button) (small blind) showed [9h Jc] and won (1240) with two pair, Jacks and Nines
Seat 3: hgpperez (big blind) showed [Ad Th] and lost with high card Ace



