PokerStars Hand #252557563286: Tournament #3803521572, $1.84+$0.16 USD Hold'em No Limit - Level I (10/20) - 2024/09/21 17:49:43 CET [2024/09/21 11:49:43 ET]
Table '3803521572 1' 3-max Seat #1 is the button
Seat 1: Vzzlaaaaa (500 in chips) 
Seat 2: Mahu2021 (500 in chips) 
Seat 3: Xuquelão (500 in chips) 
Mahu2021: posts small blind 10
Xuquelão: posts big blind 20
*** HOLE CARDS ***
Dealt to Mahu2021 [Ad Kd]
Vzzlaaaaa: raises 20 to 40
Mahu2021: calls 30
Xuquelão: folds 
*** FLOP *** [Qc 3c 7d]
Mahu2021: checks 
Vzzlaaaaa: bets 26
Mahu2021: calls 26
*** TURN *** [Qc 3c 7d] [3h]
Mahu2021: checks 
Vzzlaaaaa: checks 
*** RIVER *** [Qc 3c 7d 3h] [3d]
Mahu2021: bets 152
Vzzlaaaaa: folds 
Uncalled bet (152) returned to Mahu2021
Mahu2021 collected 152 from pot
Mahu2021: doesn't show hand 
*** SUMMARY ***
Total pot 152 | Rake 0 
Board [Qc 3c 7d 3h 3d]
Seat 1: Vzzlaaaaa (button) folded on the River
Seat 2: Mahu2021 (small blind) collected (152)
Seat 3: Xuquelão (big blind) folded before Flop



PokerStars Hand #252557570665: Tournament #3803521572, $1.84+$0.16 USD Hold'em No Limit - Level I (10/20) - 2024/09/21 17:50:16 CET [2024/09/21 11:50:16 ET]
Table '3803521572 1' 3-max Seat #2 is the button
Seat 1: Vzzlaaaaa (434 in chips) 
Seat 2: Mahu2021 (586 in chips) 
Seat 3: Xuquelão (480 in chips) 
Xuquelão: posts small blind 10
Vzzlaaaaa: posts big blind 20
*** HOLE CARDS ***
Dealt to Mahu2021 [Qs Tc]
Mahu2021: calls 20
Xuquelão: raises 20 to 40
Vzzlaaaaa: calls 20
Mahu2021: calls 20
*** FLOP *** [2c 6c 2d]
Xuquelão: checks 
Vzzlaaaaa: checks 
Mahu2021: checks 
*** TURN *** [2c 6c 2d] [Th]
Xuquelão: bets 60
Vzzlaaaaa: folds 
Mahu2021: calls 60
*** RIVER *** [2c 6c 2d Th] [4h]
Xuquelão: bets 120
Mahu2021: calls 120
*** SHOW DOWN ***
Xuquelão: shows [Ks 8s] (a pair of Deuces)
Mahu2021: shows [Qs Tc] (two pair, Tens and Deuces)
Mahu2021 collected 480 from pot
*** SUMMARY ***
Total pot 480 | Rake 0 
Board [2c 6c 2d Th 4h]
Seat 1: Vzzlaaaaa (big blind) folded on the Turn
Seat 2: Mahu2021 (button) showed [Qs Tc] and won (480) with two pair, Tens and Deuces
Seat 3: Xuquelão (small blind) showed [Ks 8s] and lost with a pair of Deuces



PokerStars Hand #252557579694: Tournament #3803521572, $1.84+$0.16 USD Hold'em No Limit - Level I (10/20) - 2024/09/21 17:50:56 CET [2024/09/21 11:50:56 ET]
Table '3803521572 1' 3-max Seat #3 is the button
Seat 1: Vzzlaaaaa (394 in chips) 
Seat 2: Mahu2021 (846 in chips) 
Seat 3: Xuquelão (260 in chips) 
Vzzlaaaaa: posts small blind 10
Mahu2021: posts big blind 20
*** HOLE CARDS ***
Dealt to Mahu2021 [9h 5h]
Xuquelão: folds 
Vzzlaaaaa: calls 10
Mahu2021: checks 
*** FLOP *** [7s Ac Jd]
Vzzlaaaaa: bets 20
Mahu2021: folds 
Uncalled bet (20) returned to Vzzlaaaaa
Vzzlaaaaa collected 40 from pot
*** SUMMARY ***
Total pot 40 | Rake 0 
Board [7s Ac Jd]
Seat 1: Vzzlaaaaa (small blind) collected (40)
Seat 2: Mahu2021 (big blind) folded on the Flop
Seat 3: Xuquelão (button) folded before Flop (didn't bet)



PokerStars Hand #252557584802: Tournament #3803521572, $1.84+$0.16 USD Hold'em No Limit - Level I (10/20) - 2024/09/21 17:51:19 CET [2024/09/21 11:51:19 ET]
Table '3803521572 1' 3-max Seat #1 is the button
Seat 1: Vzzlaaaaa (414 in chips) 
Seat 2: Mahu2021 (826 in chips) 
Seat 3: Xuquelão (260 in chips) 
Mahu2021: posts small blind 10
Xuquelão: posts big blind 20
*** HOLE CARDS ***
Dealt to Mahu2021 [9h Qs]
Vzzlaaaaa: folds 
Mahu2021: calls 10
Xuquelão: checks 
*** FLOP *** [Jh Ts Qc]
Mahu2021: bets 20
Xuquelão: raises 40 to 60
Mahu2021: raises 746 to 806 and is all-in
Xuquelão: calls 180 and is all-in
Uncalled bet (566) returned to Mahu2021
*** TURN *** [Jh Ts Qc] [9c]
*** RIVER *** [Jh Ts Qc 9c] [Ad]
*** SHOW DOWN ***
Mahu2021: shows [9h Qs] (two pair, Queens and Nines)
Xuquelão: shows [7d Qh] (a pair of Queens)
Mahu2021 collected 520 from pot
Xuquelão finished the tournament in 3rd place
*** SUMMARY ***
Total pot 520 | Rake 0 
Board [Jh Ts Qc 9c Ad]
Seat 1: Vzzlaaaaa (button) folded before Flop (didn't bet)
Seat 2: Mahu2021 (small blind) showed [9h Qs] and won (520) with two pair, Queens and Nines
Seat 3: Xuquelão (big blind) showed [7d Qh] and lost with a pair of Queens



PokerStars Hand #252557590842: Tournament #3803521572, $1.84+$0.16 USD Hold'em No Limit - Level I (10/20) - 2024/09/21 17:51:46 CET [2024/09/21 11:51:46 ET]
Table '3803521572 1' 3-max Seat #2 is the button
Seat 1: Vzzlaaaaa (414 in chips) 
Seat 2: Mahu2021 (1086 in chips) 
Mahu2021: posts small blind 10
Vzzlaaaaa: posts big blind 20
*** HOLE CARDS ***
Dealt to Mahu2021 [6d Js]
Mahu2021: calls 10
Vzzlaaaaa: checks 
*** FLOP *** [7h 9c 6h]
Vzzlaaaaa: checks 
Mahu2021: bets 20
Vzzlaaaaa: calls 20
*** TURN *** [7h 9c 6h] [Td]
Vzzlaaaaa: checks 
Mahu2021: checks 
*** RIVER *** [7h 9c 6h Td] [As]
Vzzlaaaaa: bets 80
Mahu2021: folds 
Uncalled bet (80) returned to Vzzlaaaaa
Vzzlaaaaa collected 80 from pot
*** SUMMARY ***
Total pot 80 | Rake 0 
Board [7h 9c 6h Td As]
Seat 1: Vzzlaaaaa (big blind) collected (80)
Seat 2: Mahu2021 (button) (small blind) folded on the River



PokerStars Hand #252557597343: Tournament #3803521572, $1.84+$0.16 USD Hold'em No Limit - Level I (10/20) - 2024/09/21 17:52:15 CET [2024/09/21 11:52:15 ET]
Table '3803521572 1' 3-max Seat #1 is the button
Seat 1: Vzzlaaaaa (454 in chips) 
Seat 2: Mahu2021 (1046 in chips) 
Vzzlaaaaa: posts small blind 10
Mahu2021: posts big blind 20
*** HOLE CARDS ***
Dealt to Mahu2021 [2c Ad]
Vzzlaaaaa: folds 
Uncalled bet (10) returned to Mahu2021
Mahu2021 collected 20 from pot
Mahu2021: doesn't show hand 
*** SUMMARY ***
Total pot 20 | Rake 0 
Seat 1: Vzzlaaaaa (button) (small blind) folded before Flop
Seat 2: Mahu2021 (big blind) collected (20)



PokerStars Hand #252557598213: Tournament #3803521572, $1.84+$0.16 USD Hold'em No Limit - Level I (10/20) - 2024/09/21 17:52:18 CET [2024/09/21 11:52:18 ET]
Table '3803521572 1' 3-max Seat #2 is the button
Seat 1: Vzzlaaaaa (444 in chips) 
Seat 2: Mahu2021 (1056 in chips) 
Mahu2021: posts small blind 10
Vzzlaaaaa: posts big blind 20
*** HOLE CARDS ***
Dealt to Mahu2021 [Kd 9h]
Mahu2021: raises 20 to 40
Vzzlaaaaa: calls 20
*** FLOP *** [9d Kc 3h]
Vzzlaaaaa: checks 
Mahu2021: bets 40
Vzzlaaaaa: folds 
Uncalled bet (40) returned to Mahu2021
Mahu2021 collected 80 from pot
Mahu2021: doesn't show hand 
*** SUMMARY ***
Total pot 80 | Rake 0 
Board [9d Kc 3h]
Seat 1: Vzzlaaaaa (big blind) folded on the Flop
Seat 2: Mahu2021 (button) (small blind) collected (80)



PokerStars Hand #252557603067: Tournament #3803521572, $1.84+$0.16 USD Hold'em No Limit - Level I (10/20) - 2024/09/21 17:52:40 CET [2024/09/21 11:52:40 ET]
Table '3803521572 1' 3-max Seat #1 is the button
Seat 1: Vzzlaaaaa (404 in chips) 
Seat 2: Mahu2021 (1096 in chips) 
Vzzlaaaaa: posts small blind 10
Mahu2021: posts big blind 20
*** HOLE CARDS ***
Dealt to Mahu2021 [Ad Jh]
Vzzlaaaaa: raises 20 to 40
Mahu2021: raises 1056 to 1096 and is all-in
Vzzlaaaaa: calls 364 and is all-in
Uncalled bet (692) returned to Mahu2021
*** FLOP *** [9s 8s Qs]
*** TURN *** [9s 8s Qs] [3s]
*** RIVER *** [9s 8s Qs 3s] [7c]
*** SHOW DOWN ***
Mahu2021: shows [Ad Jh] (high card Ace)
Vzzlaaaaa: shows [Tc Kc] (high card King)
Mahu2021 collected 808 from pot
Vzzlaaaaa finished the tournament in 2nd place
Mahu2021 wins the tournament and receives $6.00 - congratulations!
*** SUMMARY ***
Total pot 808 | Rake 0 
Board [9s 8s Qs 3s 7c]
Seat 1: Vzzlaaaaa (button) (small blind) showed [Tc Kc] and lost with high card King
Seat 2: Mahu2021 (big blind) showed [Ad Jh] and won (808) with high card Ace



