PokerStars Hand #249558373908: Tournament #3732087841, $1.84+$0.16 USD Hold'em No Limit - Level I (10/20) - 2024/03/22 15:01:29 CET [2024/03/22 10:01:29 ET]
Table '3732087841 1' 3-max Seat #1 is the button
Seat 1: juju070 (500 in chips) 
Seat 2: potusthedog (500 in chips) 
Seat 3: Mahu2021 (500 in chips) 
potusthedog: posts small blind 10
Mahu2021: posts big blind 20
*** HOLE CARDS ***
Dealt to Mahu2021 [4s 8s]
juju070: calls 20
potusthedog: calls 10
Mahu2021: checks 
*** FLOP *** [3d 2d Ac]
potusthedog: bets 20
Mahu2021: calls 20
juju070: calls 20
*** TURN *** [3d 2d Ac] [8h]
potusthedog: checks 
Mahu2021: checks 
juju070: bets 60
potusthedog: folds 
Mahu2021: calls 60
*** RIVER *** [3d 2d Ac 8h] [4d]
Mahu2021: bets 240
juju070: raises 160 to 400 and is all-in
Mahu2021: calls 160 and is all-in
*** SHOW DOWN ***
juju070: shows [9d 8d] (a flush, Nine high)
Mahu2021: shows [4s 8s] (two pair, Eights and Fours)
juju070 collected 1040 from pot
Mahu2021 finished the tournament in 3rd place
*** SUMMARY ***
Total pot 1040 | Rake 0 
Board [3d 2d Ac 8h 4d]
Seat 1: juju070 (button) showed [9d 8d] and won (1040) with a flush, Nine high
Seat 2: potusthedog (small blind) folded on the Turn
Seat 3: Mahu2021 (big blind) showed [4s 8s] and lost with two pair, Eights and Fours



