PokerStars Hand #252317482155: Tournament #3797391445, $1.84+$0.16 USD Hold'em No Limit - Level I (10/20) - 2024/09/06 17:57:25 CET [2024/09/06 11:57:25 ET]
Table '3797391445 1' 3-max Seat #1 is the button
Seat 1: Mahu2021 (500 in chips) 
Seat 2: mitsaras889 (500 in chips) 
Seat 3: bismarck 36 (500 in chips) 
mitsaras889: posts small blind 10
bismarck 36: posts big blind 20
*** HOLE CARDS ***
Dealt to Mahu2021 [Kd 9c]
Mahu2021: raises 20 to 40
mitsaras889: folds 
bismarck 36: calls 20
*** FLOP *** [Kc 7s 4d]
bismarck 36: bets 20
Mahu2021: raises 40 to 60
bismarck 36: calls 40
*** TURN *** [Kc 7s 4d] [2c]
bismarck 36: checks 
Mahu2021: checks 
*** RIVER *** [Kc 7s 4d 2c] [Jc]
bismarck 36: checks 
Mahu2021: bets 60
bismarck 36: folds 
Uncalled bet (60) returned to Mahu2021
Mahu2021 collected 210 from pot
Mahu2021: doesn't show hand 
*** SUMMARY ***
Total pot 210 | Rake 0 
Board [Kc 7s 4d 2c Jc]
Seat 1: Mahu2021 (button) collected (210)
Seat 2: mitsaras889 (small blind) folded before Flop
Seat 3: bismarck 36 (big blind) folded on the River



PokerStars Hand #252317486487: Tournament #3797391445, $1.84+$0.16 USD Hold'em No Limit - Level I (10/20) - 2024/09/06 17:57:51 CET [2024/09/06 11:57:51 ET]
Table '3797391445 1' 3-max Seat #2 is the button
Seat 1: Mahu2021 (610 in chips) 
Seat 2: mitsaras889 (490 in chips) 
Seat 3: bismarck 36 (400 in chips) 
bismarck 36: posts small blind 10
Mahu2021: posts big blind 20
*** HOLE CARDS ***
Dealt to Mahu2021 [Ah Td]
mitsaras889: folds 
bismarck 36: raises 40 to 60
Mahu2021: calls 40
*** FLOP *** [7s 9d 8c]
bismarck 36: bets 340 and is all-in
Mahu2021: calls 340
*** TURN *** [7s 9d 8c] [Ac]
*** RIVER *** [7s 9d 8c Ac] [4c]
*** SHOW DOWN ***
bismarck 36: shows [Jd Ad] (a pair of Aces)
Mahu2021: shows [Ah Td] (a pair of Aces - lower kicker)
bismarck 36 collected 800 from pot
*** SUMMARY ***
Total pot 800 | Rake 0 
Board [7s 9d 8c Ac 4c]
Seat 1: Mahu2021 (big blind) showed [Ah Td] and lost with a pair of Aces
Seat 2: mitsaras889 (button) folded before Flop (didn't bet)
Seat 3: bismarck 36 (small blind) showed [Jd Ad] and won (800) with a pair of Aces



PokerStars Hand #252317489544: Tournament #3797391445, $1.84+$0.16 USD Hold'em No Limit - Level I (10/20) - 2024/09/06 17:58:09 CET [2024/09/06 11:58:09 ET]
Table '3797391445 1' 3-max Seat #3 is the button
Seat 1: Mahu2021 (210 in chips) 
Seat 2: mitsaras889 (490 in chips) 
Seat 3: bismarck 36 (800 in chips) 
Mahu2021: posts small blind 10
mitsaras889: posts big blind 20
*** HOLE CARDS ***
Dealt to Mahu2021 [6d Qs]
bismarck 36: calls 20
Mahu2021: calls 10
mitsaras889: checks 
*** FLOP *** [Js 4h 5h]
Mahu2021: checks 
mitsaras889: checks 
bismarck 36: checks 
*** TURN *** [Js 4h 5h] [Ks]
Mahu2021: checks 
mitsaras889: checks 
bismarck 36: checks 
*** RIVER *** [Js 4h 5h Ks] [Qc]
Mahu2021: bets 40
mitsaras889: calls 40
bismarck 36: folds 
*** SHOW DOWN ***
Mahu2021: shows [6d Qs] (a pair of Queens)
mitsaras889: mucks hand 
Mahu2021 collected 140 from pot
*** SUMMARY ***
Total pot 140 | Rake 0 
Board [Js 4h 5h Ks Qc]
Seat 1: Mahu2021 (small blind) showed [6d Qs] and won (140) with a pair of Queens
Seat 2: mitsaras889 (big blind) mucked [4c Tc]
Seat 3: bismarck 36 (button) folded on the River



PokerStars Hand #252317493101: Tournament #3797391445, $1.84+$0.16 USD Hold'em No Limit - Level I (10/20) - 2024/09/06 17:58:30 CET [2024/09/06 11:58:30 ET]
Table '3797391445 1' 3-max Seat #1 is the button
Seat 1: Mahu2021 (290 in chips) 
Seat 2: mitsaras889 (430 in chips) 
Seat 3: bismarck 36 (780 in chips) 
mitsaras889: posts small blind 10
bismarck 36: posts big blind 20
*** HOLE CARDS ***
Dealt to Mahu2021 [Td 4s]
Mahu2021: folds 
mitsaras889: folds 
Uncalled bet (10) returned to bismarck 36
bismarck 36 collected 20 from pot
bismarck 36: doesn't show hand 
*** SUMMARY ***
Total pot 20 | Rake 0 
Seat 1: Mahu2021 (button) folded before Flop (didn't bet)
Seat 2: mitsaras889 (small blind) folded before Flop
Seat 3: bismarck 36 (big blind) collected (20)



PokerStars Hand #252317494331: Tournament #3797391445, $1.84+$0.16 USD Hold'em No Limit - Level I (10/20) - 2024/09/06 17:58:38 CET [2024/09/06 11:58:38 ET]
Table '3797391445 1' 3-max Seat #2 is the button
Seat 1: Mahu2021 (290 in chips) 
Seat 2: mitsaras889 (420 in chips) 
Seat 3: bismarck 36 (790 in chips) 
bismarck 36: posts small blind 10
Mahu2021: posts big blind 20
*** HOLE CARDS ***
Dealt to Mahu2021 [8d 9c]
mitsaras889: folds 
bismarck 36: raises 40 to 60
Mahu2021: calls 40
*** FLOP *** [2c 8s 3c]
bismarck 36: bets 80
Mahu2021: raises 150 to 230 and is all-in
bismarck 36: calls 150
*** TURN *** [2c 8s 3c] [4s]
*** RIVER *** [2c 8s 3c 4s] [3d]
*** SHOW DOWN ***
bismarck 36: shows [Ah Ad] (two pair, Aces and Threes)
Mahu2021: shows [8d 9c] (two pair, Eights and Threes)
bismarck 36 collected 580 from pot
Mahu2021 finished the tournament in 3rd place
*** SUMMARY ***
Total pot 580 | Rake 0 
Board [2c 8s 3c 4s 3d]
Seat 1: Mahu2021 (big blind) showed [8d 9c] and lost with two pair, Eights and Threes
Seat 2: mitsaras889 (button) folded before Flop (didn't bet)
Seat 3: bismarck 36 (small blind) showed [Ah Ad] and won (580) with two pair, Aces and Threes



