PokerStars Hand #252606174136: Tournament #3804570286, $1.84+$0.16 USD Hold'em No Limit - Level I (10/20) - 2024/09/24 17:35:15 CET [2024/09/24 11:35:15 ET]
Table '3804570286 1' 3-max Seat #1 is the button
Seat 1: fara159 (500 in chips) 
Seat 2: Mahu2021 (500 in chips) 
Seat 3: osip.yung (500 in chips) 
Mahu2021: posts small blind 10
osip.yung: posts big blind 20
*** HOLE CARDS ***
Dealt to Mahu2021 [2s 8h]
fara159: calls 20
Mahu2021: folds 
osip.yung: checks 
*** FLOP *** [Kd 4c 8d]
osip.yung: checks 
fara159: checks 
*** TURN *** [Kd 4c 8d] [Tc]
osip.yung: bets 50
fara159: calls 50
*** RIVER *** [Kd 4c 8d Tc] [Jh]
osip.yung: bets 75
fara159: folds 
Uncalled bet (75) returned to osip.yung
osip.yung collected 150 from pot
*** SUMMARY ***
Total pot 150 | Rake 0 
Board [Kd 4c 8d Tc Jh]
Seat 1: fara159 (button) folded on the River
Seat 2: Mahu2021 (small blind) folded before Flop
Seat 3: osip.yung (big blind) collected (150)



PokerStars Hand #252606179158: Tournament #3804570286, $1.84+$0.16 USD Hold'em No Limit - Level I (10/20) - 2024/09/24 17:35:37 CET [2024/09/24 11:35:37 ET]
Table '3804570286 1' 3-max Seat #2 is the button
Seat 1: fara159 (430 in chips) 
Seat 2: Mahu2021 (490 in chips) 
Seat 3: osip.yung (580 in chips) 
osip.yung: posts small blind 10
fara159: posts big blind 20
*** HOLE CARDS ***
Dealt to Mahu2021 [8c 4s]
Mahu2021: folds 
osip.yung: calls 10
fara159: checks 
*** FLOP *** [Qs 3s 9d]
osip.yung: checks 
fara159: checks 
*** TURN *** [Qs 3s 9d] [7c]
osip.yung: checks 
fara159: checks 
*** RIVER *** [Qs 3s 9d 7c] [Jc]
osip.yung: bets 40
fara159: raises 370 to 410 and is all-in
osip.yung: folds 
Uncalled bet (370) returned to fara159
fara159 collected 120 from pot
*** SUMMARY ***
Total pot 120 | Rake 0 
Board [Qs 3s 9d 7c Jc]
Seat 1: fara159 (big blind) collected (120)
Seat 2: Mahu2021 (button) folded before Flop (didn't bet)
Seat 3: osip.yung (small blind) folded on the River



PokerStars Hand #252606185410: Tournament #3804570286, $1.84+$0.16 USD Hold'em No Limit - Level I (10/20) - 2024/09/24 17:36:05 CET [2024/09/24 11:36:05 ET]
Table '3804570286 1' 3-max Seat #3 is the button
Seat 1: fara159 (490 in chips) 
Seat 2: Mahu2021 (490 in chips) 
Seat 3: osip.yung (520 in chips) 
fara159: posts small blind 10
Mahu2021: posts big blind 20
*** HOLE CARDS ***
Dealt to Mahu2021 [8d 5d]
osip.yung: raises 20 to 40
fara159: calls 30
Mahu2021: calls 20
*** FLOP *** [6c Ad Jd]
fara159: checks 
Mahu2021: checks 
osip.yung: checks 
*** TURN *** [6c Ad Jd] [Qh]
fara159: checks 
Mahu2021: checks 
osip.yung: checks 
*** RIVER *** [6c Ad Jd Qh] [As]
fara159: checks 
Mahu2021: checks 
osip.yung: checks 
*** SHOW DOWN ***
fara159: shows [Qc 4c] (two pair, Aces and Queens)
Mahu2021: mucks hand 
osip.yung: mucks hand 
fara159 collected 120 from pot
*** SUMMARY ***
Total pot 120 | Rake 0 
Board [6c Ad Jd Qh As]
Seat 1: fara159 (small blind) showed [Qc 4c] and won (120) with two pair, Aces and Queens
Seat 2: Mahu2021 (big blind) mucked [8d 5d]
Seat 3: osip.yung (button) mucked [8h 7h]



PokerStars Hand #252606193823: Tournament #3804570286, $1.84+$0.16 USD Hold'em No Limit - Level I (10/20) - 2024/09/24 17:36:44 CET [2024/09/24 11:36:44 ET]
Table '3804570286 1' 3-max Seat #1 is the button
Seat 1: fara159 (570 in chips) 
Seat 2: Mahu2021 (450 in chips) 
Seat 3: osip.yung (480 in chips) 
Mahu2021: posts small blind 10
osip.yung: posts big blind 20
*** HOLE CARDS ***
Dealt to Mahu2021 [4d 7h]
fara159: folds 
Mahu2021: folds 
Uncalled bet (10) returned to osip.yung
osip.yung collected 20 from pot
*** SUMMARY ***
Total pot 20 | Rake 0 
Seat 1: fara159 (button) folded before Flop (didn't bet)
Seat 2: Mahu2021 (small blind) folded before Flop
Seat 3: osip.yung (big blind) collected (20)



PokerStars Hand #252606194912: Tournament #3804570286, $1.84+$0.16 USD Hold'em No Limit - Level I (10/20) - 2024/09/24 17:36:49 CET [2024/09/24 11:36:49 ET]
Table '3804570286 1' 3-max Seat #2 is the button
Seat 1: fara159 (570 in chips) 
Seat 2: Mahu2021 (440 in chips) 
Seat 3: osip.yung (490 in chips) 
osip.yung: posts small blind 10
fara159: posts big blind 20
*** HOLE CARDS ***
Dealt to Mahu2021 [8s 7h]
Mahu2021: calls 20
osip.yung: raises 20 to 40
fara159: calls 20
Mahu2021: calls 20
*** FLOP *** [Qh 2d 4c]
osip.yung: bets 60
fara159: folds 
Mahu2021: folds 
Uncalled bet (60) returned to osip.yung
osip.yung collected 120 from pot
*** SUMMARY ***
Total pot 120 | Rake 0 
Board [Qh 2d 4c]
Seat 1: fara159 (big blind) folded on the Flop
Seat 2: Mahu2021 (button) folded on the Flop
Seat 3: osip.yung (small blind) collected (120)



PokerStars Hand #252606199567: Tournament #3804570286, $1.84+$0.16 USD Hold'em No Limit - Level I (10/20) - 2024/09/24 17:37:10 CET [2024/09/24 11:37:10 ET]
Table '3804570286 1' 3-max Seat #3 is the button
Seat 1: fara159 (530 in chips) 
Seat 2: Mahu2021 (400 in chips) 
Seat 3: osip.yung (570 in chips) 
fara159: posts small blind 10
Mahu2021: posts big blind 20
*** HOLE CARDS ***
Dealt to Mahu2021 [2s Ks]
osip.yung: raises 20 to 40
fara159: folds 
Mahu2021: calls 20
*** FLOP *** [6c Kd 7s]
Mahu2021: checks 
osip.yung: bets 50
Mahu2021: calls 50
*** TURN *** [6c Kd 7s] [As]
Mahu2021: checks 
osip.yung: bets 190
Mahu2021: calls 190
*** RIVER *** [6c Kd 7s As] [7c]
Mahu2021: checks 
osip.yung: bets 290 and is all-in
Mahu2021: calls 120 and is all-in
Uncalled bet (170) returned to osip.yung
*** SHOW DOWN ***
osip.yung: shows [8c Js] (a pair of Sevens)
Mahu2021: shows [2s Ks] (two pair, Kings and Sevens)
Mahu2021 collected 810 from pot
*** SUMMARY ***
Total pot 810 | Rake 0 
Board [6c Kd 7s As 7c]
Seat 1: fara159 (small blind) folded before Flop
Seat 2: Mahu2021 (big blind) showed [2s Ks] and won (810) with two pair, Kings and Sevens
Seat 3: osip.yung (button) showed [8c Js] and lost with a pair of Sevens



PokerStars Hand #252606209571: Tournament #3804570286, $1.84+$0.16 USD Hold'em No Limit - Level II (15/30) - 2024/09/24 17:37:55 CET [2024/09/24 11:37:55 ET]
Table '3804570286 1' 3-max Seat #1 is the button
Seat 1: fara159 (520 in chips) 
Seat 2: Mahu2021 (810 in chips) 
Seat 3: osip.yung (170 in chips) 
Mahu2021: posts small blind 15
osip.yung: posts big blind 30
*** HOLE CARDS ***
Dealt to Mahu2021 [9h 8d]
fara159: folds 
Mahu2021: folds 
Uncalled bet (15) returned to osip.yung
osip.yung collected 30 from pot
*** SUMMARY ***
Total pot 30 | Rake 0 
Seat 1: fara159 (button) folded before Flop (didn't bet)
Seat 2: Mahu2021 (small blind) folded before Flop
Seat 3: osip.yung (big blind) collected (30)



PokerStars Hand #252606211048: Tournament #3804570286, $1.84+$0.16 USD Hold'em No Limit - Level II (15/30) - 2024/09/24 17:38:01 CET [2024/09/24 11:38:01 ET]
Table '3804570286 1' 3-max Seat #2 is the button
Seat 1: fara159 (520 in chips) 
Seat 2: Mahu2021 (795 in chips) 
Seat 3: osip.yung (185 in chips) 
osip.yung: posts small blind 15
fara159: posts big blind 30
*** HOLE CARDS ***
Dealt to Mahu2021 [5d 8h]
Mahu2021: folds 
osip.yung: raises 155 to 185 and is all-in
fara159: calls 155
*** FLOP *** [6d 9s 4s]
*** TURN *** [6d 9s 4s] [Tc]
*** RIVER *** [6d 9s 4s Tc] [8s]
*** SHOW DOWN ***
osip.yung: shows [3h Ad] (high card Ace)
fara159: shows [Ks Jh] (high card King)
osip.yung collected 370 from pot
*** SUMMARY ***
Total pot 370 | Rake 0 
Board [6d 9s 4s Tc 8s]
Seat 1: fara159 (big blind) showed [Ks Jh] and lost with high card King
Seat 2: Mahu2021 (button) folded before Flop (didn't bet)
Seat 3: osip.yung (small blind) showed [3h Ad] and won (370) with high card Ace



PokerStars Hand #252606214416: Tournament #3804570286, $1.84+$0.16 USD Hold'em No Limit - Level II (15/30) - 2024/09/24 17:38:17 CET [2024/09/24 11:38:17 ET]
Table '3804570286 1' 3-max Seat #3 is the button
Seat 1: fara159 (335 in chips) 
Seat 2: Mahu2021 (795 in chips) 
Seat 3: osip.yung (370 in chips) 
fara159: posts small blind 15
Mahu2021: posts big blind 30
*** HOLE CARDS ***
Dealt to Mahu2021 [6d Kd]
osip.yung: raises 340 to 370 and is all-in
fara159: calls 320 and is all-in
Mahu2021: folds 
Uncalled bet (35) returned to osip.yung
*** FLOP *** [Jd Qc Ks]
*** TURN *** [Jd Qc Ks] [As]
*** RIVER *** [Jd Qc Ks As] [7s]
*** SHOW DOWN ***
fara159: shows [Ad 2h] (a pair of Aces)
osip.yung: shows [Qd 9h] (a pair of Queens)
fara159 collected 700 from pot
*** SUMMARY ***
Total pot 700 | Rake 0 
Board [Jd Qc Ks As 7s]
Seat 1: fara159 (small blind) showed [Ad 2h] and won (700) with a pair of Aces
Seat 2: Mahu2021 (big blind) folded before Flop
Seat 3: osip.yung (button) showed [Qd 9h] and lost with a pair of Queens



PokerStars Hand #252606217320: Tournament #3804570286, $1.84+$0.16 USD Hold'em No Limit - Level II (15/30) - 2024/09/24 17:38:30 CET [2024/09/24 11:38:30 ET]
Table '3804570286 1' 3-max Seat #1 is the button
Seat 1: fara159 (700 in chips) 
Seat 2: Mahu2021 (765 in chips) 
Seat 3: osip.yung (35 in chips) 
Mahu2021: posts small blind 15
osip.yung: posts big blind 30
*** HOLE CARDS ***
Dealt to Mahu2021 [3c 5c]
fara159: folds 
Mahu2021: raises 30 to 60
osip.yung: calls 5 and is all-in
Uncalled bet (25) returned to Mahu2021
*** FLOP *** [7c 5d Kd]
*** TURN *** [7c 5d Kd] [5h]
*** RIVER *** [7c 5d Kd 5h] [9h]
*** SHOW DOWN ***
Mahu2021: shows [3c 5c] (three of a kind, Fives)
osip.yung: shows [Td 8d] (a pair of Fives)
Mahu2021 collected 70 from pot
osip.yung finished the tournament in 3rd place
*** SUMMARY ***
Total pot 70 | Rake 0 
Board [7c 5d Kd 5h 9h]
Seat 1: fara159 (button) folded before Flop (didn't bet)
Seat 2: Mahu2021 (small blind) showed [3c 5c] and won (70) with three of a kind, Fives
Seat 3: osip.yung (big blind) showed [Td 8d] and lost with a pair of Fives



PokerStars Hand #252606221723: Tournament #3804570286, $1.84+$0.16 USD Hold'em No Limit - Level II (15/30) - 2024/09/24 17:38:50 CET [2024/09/24 11:38:50 ET]
Table '3804570286 1' 3-max Seat #2 is the button
Seat 1: fara159 (700 in chips) 
Seat 2: Mahu2021 (800 in chips) 
Mahu2021: posts small blind 15
fara159: posts big blind 30
*** HOLE CARDS ***
Dealt to Mahu2021 [5d Kd]
Mahu2021: raises 30 to 60
fara159: raises 640 to 700 and is all-in
Mahu2021: folds 
Uncalled bet (640) returned to fara159
fara159 collected 120 from pot
*** SUMMARY ***
Total pot 120 | Rake 0 
Seat 1: fara159 (big blind) collected (120)
Seat 2: Mahu2021 (button) (small blind) folded before Flop



PokerStars Hand #252606223483: Tournament #3804570286, $1.84+$0.16 USD Hold'em No Limit - Level II (15/30) - 2024/09/24 17:38:58 CET [2024/09/24 11:38:58 ET]
Table '3804570286 1' 3-max Seat #1 is the button
Seat 1: fara159 (760 in chips) 
Seat 2: Mahu2021 (740 in chips) 
fara159: posts small blind 15
Mahu2021: posts big blind 30
*** HOLE CARDS ***
Dealt to Mahu2021 [5d 3c]
fara159: folds 
Uncalled bet (15) returned to Mahu2021
Mahu2021 collected 30 from pot
Mahu2021: doesn't show hand 
*** SUMMARY ***
Total pot 30 | Rake 0 
Seat 1: fara159 (button) (small blind) folded before Flop
Seat 2: Mahu2021 (big blind) collected (30)



PokerStars Hand #252606224510: Tournament #3804570286, $1.84+$0.16 USD Hold'em No Limit - Level II (15/30) - 2024/09/24 17:39:03 CET [2024/09/24 11:39:03 ET]
Table '3804570286 1' 3-max Seat #2 is the button
Seat 1: fara159 (745 in chips) 
Seat 2: Mahu2021 (755 in chips) 
Mahu2021: posts small blind 15
fara159: posts big blind 30
*** HOLE CARDS ***
Dealt to Mahu2021 [5c 3s]
Mahu2021: folds 
Uncalled bet (15) returned to fara159
fara159 collected 30 from pot
*** SUMMARY ***
Total pot 30 | Rake 0 
Seat 1: fara159 (big blind) collected (30)
Seat 2: Mahu2021 (button) (small blind) folded before Flop



PokerStars Hand #252606225459: Tournament #3804570286, $1.84+$0.16 USD Hold'em No Limit - Level II (15/30) - 2024/09/24 17:39:07 CET [2024/09/24 11:39:07 ET]
Table '3804570286 1' 3-max Seat #1 is the button
Seat 1: fara159 (760 in chips) 
Seat 2: Mahu2021 (740 in chips) 
fara159: posts small blind 15
Mahu2021: posts big blind 30
*** HOLE CARDS ***
Dealt to Mahu2021 [Kc Jd]
fara159: calls 15
Mahu2021: checks 
*** FLOP *** [3d 2d Ts]
Mahu2021: checks 
fara159: checks 
*** TURN *** [3d 2d Ts] [8d]
Mahu2021: checks 
fara159: checks 
*** RIVER *** [3d 2d Ts 8d] [5d]
Mahu2021: bets 60
fara159: folds 
Uncalled bet (60) returned to Mahu2021
Mahu2021 collected 60 from pot
Mahu2021: doesn't show hand 
*** SUMMARY ***
Total pot 60 | Rake 0 
Board [3d 2d Ts 8d 5d]
Seat 1: fara159 (button) (small blind) folded on the River
Seat 2: Mahu2021 (big blind) collected (60)



PokerStars Hand #252606229216: Tournament #3804570286, $1.84+$0.16 USD Hold'em No Limit - Level III (20/40) - 2024/09/24 17:39:24 CET [2024/09/24 11:39:24 ET]
Table '3804570286 1' 3-max Seat #2 is the button
Seat 1: fara159 (730 in chips) 
Seat 2: Mahu2021 (770 in chips) 
Mahu2021: posts small blind 20
fara159: posts big blind 40
*** HOLE CARDS ***
Dealt to Mahu2021 [4s 9h]
Mahu2021: folds 
Uncalled bet (20) returned to fara159
fara159 collected 40 from pot
*** SUMMARY ***
Total pot 40 | Rake 0 
Seat 1: fara159 (big blind) collected (40)
Seat 2: Mahu2021 (button) (small blind) folded before Flop



PokerStars Hand #252606230140: Tournament #3804570286, $1.84+$0.16 USD Hold'em No Limit - Level III (20/40) - 2024/09/24 17:39:28 CET [2024/09/24 11:39:28 ET]
Table '3804570286 1' 3-max Seat #1 is the button
Seat 1: fara159 (750 in chips) 
Seat 2: Mahu2021 (750 in chips) 
fara159: posts small blind 20
Mahu2021: posts big blind 40
*** HOLE CARDS ***
Dealt to Mahu2021 [Kc 6d]
fara159: calls 20
Mahu2021: checks 
*** FLOP *** [Ac Qs 5s]
Mahu2021: checks 
fara159: checks 
*** TURN *** [Ac Qs 5s] [8h]
Mahu2021: checks 
fara159: checks 
*** RIVER *** [Ac Qs 5s 8h] [2h]
Mahu2021: checks 
fara159: bets 80
Mahu2021: folds 
Uncalled bet (80) returned to fara159
fara159 collected 80 from pot
*** SUMMARY ***
Total pot 80 | Rake 0 
Board [Ac Qs 5s 8h 2h]
Seat 1: fara159 (button) (small blind) collected (80)
Seat 2: Mahu2021 (big blind) folded on the River



PokerStars Hand #252606233559: Tournament #3804570286, $1.84+$0.16 USD Hold'em No Limit - Level III (20/40) - 2024/09/24 17:39:43 CET [2024/09/24 11:39:43 ET]
Table '3804570286 1' 3-max Seat #2 is the button
Seat 1: fara159 (790 in chips) 
Seat 2: Mahu2021 (710 in chips) 
Mahu2021: posts small blind 20
fara159: posts big blind 40
*** HOLE CARDS ***
Dealt to Mahu2021 [4d 5c]
Mahu2021: calls 20
fara159: checks 
*** FLOP *** [Kc 9h 9s]
fara159: checks 
Mahu2021: checks 
*** TURN *** [Kc 9h 9s] [3h]
fara159: checks 
Mahu2021: checks 
*** RIVER *** [Kc 9h 9s 3h] [Js]
fara159: checks 
Mahu2021: checks 
*** SHOW DOWN ***
fara159: shows [Ah 4h] (a pair of Nines)
Mahu2021: mucks hand 
fara159 collected 80 from pot
*** SUMMARY ***
Total pot 80 | Rake 0 
Board [Kc 9h 9s 3h Js]
Seat 1: fara159 (big blind) showed [Ah 4h] and won (80) with a pair of Nines
Seat 2: Mahu2021 (button) (small blind) mucked [4d 5c]



PokerStars Hand #252606236342: Tournament #3804570286, $1.84+$0.16 USD Hold'em No Limit - Level III (20/40) - 2024/09/24 17:39:56 CET [2024/09/24 11:39:56 ET]
Table '3804570286 1' 3-max Seat #1 is the button
Seat 1: fara159 (830 in chips) 
Seat 2: Mahu2021 (670 in chips) 
fara159: posts small blind 20
Mahu2021: posts big blind 40
*** HOLE CARDS ***
Dealt to Mahu2021 [Kc 8h]
fara159: folds 
Uncalled bet (20) returned to Mahu2021
Mahu2021 collected 40 from pot
Mahu2021: doesn't show hand 
*** SUMMARY ***
Total pot 40 | Rake 0 
Seat 1: fara159 (button) (small blind) folded before Flop
Seat 2: Mahu2021 (big blind) collected (40)



PokerStars Hand #252606237348: Tournament #3804570286, $1.84+$0.16 USD Hold'em No Limit - Level III (20/40) - 2024/09/24 17:40:00 CET [2024/09/24 11:40:00 ET]
Table '3804570286 1' 3-max Seat #2 is the button
Seat 1: fara159 (810 in chips) 
Seat 2: Mahu2021 (690 in chips) 
Mahu2021: posts small blind 20
fara159: posts big blind 40
*** HOLE CARDS ***
Dealt to Mahu2021 [Kh 7d]
Mahu2021: raises 40 to 80
fara159: calls 40
*** FLOP *** [7h Jc 6c]
fara159: checks 
Mahu2021: bets 80
fara159: calls 80
*** TURN *** [7h Jc 6c] [9d]
fara159: checks 
Mahu2021: bets 80
fara159: calls 80
*** RIVER *** [7h Jc 6c 9d] [Qd]
fara159: checks 
Mahu2021: bets 450 and is all-in
fara159: folds 
Uncalled bet (450) returned to Mahu2021
Mahu2021 collected 480 from pot
Mahu2021: doesn't show hand 
*** SUMMARY ***
Total pot 480 | Rake 0 
Board [7h Jc 6c 9d Qd]
Seat 1: fara159 (big blind) folded on the River
Seat 2: Mahu2021 (button) (small blind) collected (480)



PokerStars Hand #252606241917: Tournament #3804570286, $1.84+$0.16 USD Hold'em No Limit - Level III (20/40) - 2024/09/24 17:40:21 CET [2024/09/24 11:40:21 ET]
Table '3804570286 1' 3-max Seat #1 is the button
Seat 1: fara159 (570 in chips) 
Seat 2: Mahu2021 (930 in chips) 
fara159: posts small blind 20
Mahu2021: posts big blind 40
*** HOLE CARDS ***
Dealt to Mahu2021 [Jc Ac]
fara159: calls 20
Mahu2021: raises 120 to 160
fara159: calls 120
*** FLOP *** [4h 3h 8h]
Mahu2021: checks 
fara159: bets 410 and is all-in
Mahu2021: folds 
Uncalled bet (410) returned to fara159
fara159 collected 320 from pot
*** SUMMARY ***
Total pot 320 | Rake 0 
Board [4h 3h 8h]
Seat 1: fara159 (button) (small blind) collected (320)
Seat 2: Mahu2021 (big blind) folded on the Flop



PokerStars Hand #252606245474: Tournament #3804570286, $1.84+$0.16 USD Hold'em No Limit - Level III (20/40) - 2024/09/24 17:40:37 CET [2024/09/24 11:40:37 ET]
Table '3804570286 1' 3-max Seat #2 is the button
Seat 1: fara159 (730 in chips) 
Seat 2: Mahu2021 (770 in chips) 
Mahu2021: posts small blind 20
fara159: posts big blind 40
*** HOLE CARDS ***
Dealt to Mahu2021 [9s 5c]
Mahu2021: folds 
Uncalled bet (20) returned to fara159
fara159 collected 40 from pot
*** SUMMARY ***
Total pot 40 | Rake 0 
Seat 1: fara159 (big blind) collected (40)
Seat 2: Mahu2021 (button) (small blind) folded before Flop



PokerStars Hand #252606246376: Tournament #3804570286, $1.84+$0.16 USD Hold'em No Limit - Level III (20/40) - 2024/09/24 17:40:41 CET [2024/09/24 11:40:41 ET]
Table '3804570286 1' 3-max Seat #1 is the button
Seat 1: fara159 (750 in chips) 
Seat 2: Mahu2021 (750 in chips) 
fara159: posts small blind 20
Mahu2021: posts big blind 40
*** HOLE CARDS ***
Dealt to Mahu2021 [Qh 2s]
fara159: folds 
Uncalled bet (20) returned to Mahu2021
Mahu2021 collected 40 from pot
Mahu2021: doesn't show hand 
*** SUMMARY ***
Total pot 40 | Rake 0 
Seat 1: fara159 (button) (small blind) folded before Flop
Seat 2: Mahu2021 (big blind) collected (40)



PokerStars Hand #252606247456: Tournament #3804570286, $1.84+$0.16 USD Hold'em No Limit - Level III (20/40) - 2024/09/24 17:40:46 CET [2024/09/24 11:40:46 ET]
Table '3804570286 1' 3-max Seat #2 is the button
Seat 1: fara159 (730 in chips) 
Seat 2: Mahu2021 (770 in chips) 
Mahu2021: posts small blind 20
fara159: posts big blind 40
*** HOLE CARDS ***
Dealt to Mahu2021 [4s As]
Mahu2021: raises 40 to 80
fara159: calls 40
*** FLOP *** [4d Qh Js]
fara159: checks 
Mahu2021: bets 80
fara159: folds 
Uncalled bet (80) returned to Mahu2021
Mahu2021 collected 160 from pot
Mahu2021: doesn't show hand 
*** SUMMARY ***
Total pot 160 | Rake 0 
Board [4d Qh Js]
Seat 1: fara159 (big blind) folded on the Flop
Seat 2: Mahu2021 (button) (small blind) collected (160)



PokerStars Hand #252606249647: Tournament #3804570286, $1.84+$0.16 USD Hold'em No Limit - Level III (20/40) - 2024/09/24 17:40:56 CET [2024/09/24 11:40:56 ET]
Table '3804570286 1' 3-max Seat #1 is the button
Seat 1: fara159 (650 in chips) 
Seat 2: Mahu2021 (850 in chips) 
fara159: posts small blind 20
Mahu2021: posts big blind 40
*** HOLE CARDS ***
Dealt to Mahu2021 [Ts 8h]
fara159: folds 
Uncalled bet (20) returned to Mahu2021
Mahu2021 collected 40 from pot
Mahu2021: doesn't show hand 
*** SUMMARY ***
Total pot 40 | Rake 0 
Seat 1: fara159 (button) (small blind) folded before Flop
Seat 2: Mahu2021 (big blind) collected (40)



PokerStars Hand #252606250700: Tournament #3804570286, $1.84+$0.16 USD Hold'em No Limit - Level III (20/40) - 2024/09/24 17:41:00 CET [2024/09/24 11:41:00 ET]
Table '3804570286 1' 3-max Seat #2 is the button
Seat 1: fara159 (630 in chips) 
Seat 2: Mahu2021 (870 in chips) 
Mahu2021: posts small blind 20
fara159: posts big blind 40
*** HOLE CARDS ***
Dealt to Mahu2021 [Kc 8d]
Mahu2021: raises 40 to 80
fara159: calls 40
*** FLOP *** [3h Qc Qs]
fara159: checks 
Mahu2021: checks 
*** TURN *** [3h Qc Qs] [Jd]
fara159: checks 
Mahu2021: bets 40
fara159: folds 
Uncalled bet (40) returned to Mahu2021
Mahu2021 collected 160 from pot
Mahu2021: doesn't show hand 
*** SUMMARY ***
Total pot 160 | Rake 0 
Board [3h Qc Qs Jd]
Seat 1: fara159 (big blind) folded on the Turn
Seat 2: Mahu2021 (button) (small blind) collected (160)



PokerStars Hand #252606253185: Tournament #3804570286, $1.84+$0.16 USD Hold'em No Limit - Level III (20/40) - 2024/09/24 17:41:11 CET [2024/09/24 11:41:11 ET]
Table '3804570286 1' 3-max Seat #1 is the button
Seat 1: fara159 (550 in chips) 
Seat 2: Mahu2021 (950 in chips) 
fara159: posts small blind 20
Mahu2021: posts big blind 40
*** HOLE CARDS ***
Dealt to Mahu2021 [3d 7c]
fara159: folds 
Uncalled bet (20) returned to Mahu2021
Mahu2021 collected 40 from pot
Mahu2021: doesn't show hand 
*** SUMMARY ***
Total pot 40 | Rake 0 
Seat 1: fara159 (button) (small blind) folded before Flop
Seat 2: Mahu2021 (big blind) collected (40)



PokerStars Hand #252606254209: Tournament #3804570286, $1.84+$0.16 USD Hold'em No Limit - Level III (20/40) - 2024/09/24 17:41:16 CET [2024/09/24 11:41:16 ET]
Table '3804570286 1' 3-max Seat #2 is the button
Seat 1: fara159 (530 in chips) 
Seat 2: Mahu2021 (970 in chips) 
Mahu2021: posts small blind 20
fara159: posts big blind 40
*** HOLE CARDS ***
Dealt to Mahu2021 [3d 6h]
Mahu2021: folds 
Uncalled bet (20) returned to fara159
fara159 collected 40 from pot
*** SUMMARY ***
Total pot 40 | Rake 0 
Seat 1: fara159 (big blind) collected (40)
Seat 2: Mahu2021 (button) (small blind) folded before Flop



PokerStars Hand #252606255767: Tournament #3804570286, $1.84+$0.16 USD Hold'em No Limit - Level IV (30/60) - 2024/09/24 17:41:23 CET [2024/09/24 11:41:23 ET]
Table '3804570286 1' 3-max Seat #1 is the button
Seat 1: fara159 (550 in chips) 
Seat 2: Mahu2021 (950 in chips) 
fara159: posts small blind 30
Mahu2021: posts big blind 60
*** HOLE CARDS ***
Dealt to Mahu2021 [Kd As]
fara159: calls 30
Mahu2021: raises 890 to 950 and is all-in
fara159: folds 
Uncalled bet (890) returned to Mahu2021
Mahu2021 collected 120 from pot
Mahu2021: doesn't show hand 
*** SUMMARY ***
Total pot 120 | Rake 0 
Seat 1: fara159 (button) (small blind) folded before Flop
Seat 2: Mahu2021 (big blind) collected (120)



PokerStars Hand #252606257954: Tournament #3804570286, $1.84+$0.16 USD Hold'em No Limit - Level IV (30/60) - 2024/09/24 17:41:33 CET [2024/09/24 11:41:33 ET]
Table '3804570286 1' 3-max Seat #2 is the button
Seat 1: fara159 (490 in chips) 
Seat 2: Mahu2021 (1010 in chips) 
Mahu2021: posts small blind 30
fara159: posts big blind 60
*** HOLE CARDS ***
Dealt to Mahu2021 [2c 4d]
Mahu2021: folds 
Uncalled bet (30) returned to fara159
fara159 collected 60 from pot
*** SUMMARY ***
Total pot 60 | Rake 0 
Seat 1: fara159 (big blind) collected (60)
Seat 2: Mahu2021 (button) (small blind) folded before Flop



PokerStars Hand #252606258888: Tournament #3804570286, $1.84+$0.16 USD Hold'em No Limit - Level IV (30/60) - 2024/09/24 17:41:37 CET [2024/09/24 11:41:37 ET]
Table '3804570286 1' 3-max Seat #1 is the button
Seat 1: fara159 (520 in chips) 
Seat 2: Mahu2021 (980 in chips) 
fara159: posts small blind 30
Mahu2021: posts big blind 60
*** HOLE CARDS ***
Dealt to Mahu2021 [2h 3d]
fara159: calls 30
Mahu2021: checks 
*** FLOP *** [5s 8h 9c]
Mahu2021: checks 
fara159: checks 
*** TURN *** [5s 8h 9c] [3h]
Mahu2021: bets 60
fara159: calls 60
*** RIVER *** [5s 8h 9c 3h] [Kh]
Mahu2021: checks 
fara159: checks 
*** SHOW DOWN ***
Mahu2021: shows [2h 3d] (a pair of Threes)
fara159: mucks hand 
Mahu2021 collected 240 from pot
*** SUMMARY ***
Total pot 240 | Rake 0 
Board [5s 8h 9c 3h Kh]
Seat 1: fara159 (button) (small blind) mucked [Td Ah]
Seat 2: Mahu2021 (big blind) showed [2h 3d] and won (240) with a pair of Threes



PokerStars Hand #252606262627: Tournament #3804570286, $1.84+$0.16 USD Hold'em No Limit - Level IV (30/60) - 2024/09/24 17:41:54 CET [2024/09/24 11:41:54 ET]
Table '3804570286 1' 3-max Seat #2 is the button
Seat 1: fara159 (400 in chips) 
Seat 2: Mahu2021 (1100 in chips) 
Mahu2021: posts small blind 30
fara159: posts big blind 60
*** HOLE CARDS ***
Dealt to Mahu2021 [8c 2c]
Mahu2021: folds 
Uncalled bet (30) returned to fara159
fara159 collected 60 from pot
*** SUMMARY ***
Total pot 60 | Rake 0 
Seat 1: fara159 (big blind) collected (60)
Seat 2: Mahu2021 (button) (small blind) folded before Flop



PokerStars Hand #252606263563: Tournament #3804570286, $1.84+$0.16 USD Hold'em No Limit - Level IV (30/60) - 2024/09/24 17:41:58 CET [2024/09/24 11:41:58 ET]
Table '3804570286 1' 3-max Seat #1 is the button
Seat 1: fara159 (430 in chips) 
Seat 2: Mahu2021 (1070 in chips) 
fara159: posts small blind 30
Mahu2021: posts big blind 60
*** HOLE CARDS ***
Dealt to Mahu2021 [4s 6d]
fara159: calls 30
Mahu2021: checks 
*** FLOP *** [Jd Kd 9c]
Mahu2021: checks 
fara159: checks 
*** TURN *** [Jd Kd 9c] [7s]
Mahu2021: checks 
fara159: checks 
*** RIVER *** [Jd Kd 9c 7s] [6s]
Mahu2021: checks 
fara159: checks 
*** SHOW DOWN ***
Mahu2021: shows [4s 6d] (a pair of Sixes)
fara159: mucks hand 
Mahu2021 collected 120 from pot
*** SUMMARY ***
Total pot 120 | Rake 0 
Board [Jd Kd 9c 7s 6s]
Seat 1: fara159 (button) (small blind) mucked [4c As]
Seat 2: Mahu2021 (big blind) showed [4s 6d] and won (120) with a pair of Sixes



PokerStars Hand #252606267351: Tournament #3804570286, $1.84+$0.16 USD Hold'em No Limit - Level IV (30/60) - 2024/09/24 17:42:15 CET [2024/09/24 11:42:15 ET]
Table '3804570286 1' 3-max Seat #2 is the button
Seat 1: fara159 (370 in chips) 
Seat 2: Mahu2021 (1130 in chips) 
Mahu2021: posts small blind 30
fara159: posts big blind 60
*** HOLE CARDS ***
Dealt to Mahu2021 [5h 4d]
Mahu2021: calls 30
fara159: raises 310 to 370 and is all-in
Mahu2021: folds 
Uncalled bet (310) returned to fara159
fara159 collected 120 from pot
*** SUMMARY ***
Total pot 120 | Rake 0 
Seat 1: fara159 (big blind) collected (120)
Seat 2: Mahu2021 (button) (small blind) folded before Flop



PokerStars Hand #252606269210: Tournament #3804570286, $1.84+$0.16 USD Hold'em No Limit - Level IV (30/60) - 2024/09/24 17:42:23 CET [2024/09/24 11:42:23 ET]
Table '3804570286 1' 3-max Seat #1 is the button
Seat 1: fara159 (430 in chips) 
Seat 2: Mahu2021 (1070 in chips) 
fara159: posts small blind 30
Mahu2021: posts big blind 60
*** HOLE CARDS ***
Dealt to Mahu2021 [Ah 6d]
fara159: folds 
Uncalled bet (30) returned to Mahu2021
Mahu2021 collected 60 from pot
Mahu2021: doesn't show hand 
*** SUMMARY ***
Total pot 60 | Rake 0 
Seat 1: fara159 (button) (small blind) folded before Flop
Seat 2: Mahu2021 (big blind) collected (60)



PokerStars Hand #252606270516: Tournament #3804570286, $1.84+$0.16 USD Hold'em No Limit - Level IV (30/60) - 2024/09/24 17:42:29 CET [2024/09/24 11:42:29 ET]
Table '3804570286 1' 3-max Seat #2 is the button
Seat 1: fara159 (400 in chips) 
Seat 2: Mahu2021 (1100 in chips) 
Mahu2021: posts small blind 30
fara159: posts big blind 60
*** HOLE CARDS ***
Dealt to Mahu2021 [Th 9s]
Mahu2021: calls 30
fara159: checks 
*** FLOP *** [8c Js 8s]
fara159: checks 
Mahu2021: bets 60
fara159: folds 
Uncalled bet (60) returned to Mahu2021
Mahu2021 collected 120 from pot
Mahu2021: doesn't show hand 
*** SUMMARY ***
Total pot 120 | Rake 0 
Board [8c Js 8s]
Seat 1: fara159 (big blind) folded on the Flop
Seat 2: Mahu2021 (button) (small blind) collected (120)



PokerStars Hand #252606273180: Tournament #3804570286, $1.84+$0.16 USD Hold'em No Limit - Level IV (30/60) - 2024/09/24 17:42:40 CET [2024/09/24 11:42:40 ET]
Table '3804570286 1' 3-max Seat #1 is the button
Seat 1: fara159 (340 in chips) 
Seat 2: Mahu2021 (1160 in chips) 
fara159: posts small blind 30
Mahu2021: posts big blind 60
*** HOLE CARDS ***
Dealt to Mahu2021 [Ah 2h]
fara159: calls 30
Mahu2021: raises 1100 to 1160 and is all-in
fara159: calls 280 and is all-in
Uncalled bet (820) returned to Mahu2021
*** FLOP *** [8h Ad 9s]
*** TURN *** [8h Ad 9s] [Qs]
*** RIVER *** [8h Ad 9s Qs] [8c]
*** SHOW DOWN ***
Mahu2021: shows [Ah 2h] (two pair, Aces and Eights)
fara159: shows [Ks 9c] (two pair, Nines and Eights)
Mahu2021 collected 680 from pot
fara159 finished the tournament in 2nd place
Mahu2021 wins the tournament and receives $4.00 - congratulations!
*** SUMMARY ***
Total pot 680 | Rake 0 
Board [8h Ad 9s Qs 8c]
Seat 1: fara159 (button) (small blind) showed [Ks 9c] and lost with two pair, Nines and Eights
Seat 2: Mahu2021 (big blind) showed [Ah 2h] and won (680) with two pair, Aces and Eights



