PokerStars Hand #253905018305: Tournament #3835240522, $0.96+$0.04 USD Hold'em No Limit - Match Round I, Level I (25/50) - 2024/12/18 6:59:35 CET [2024/12/18 0:59:35 ET]
Table '3835240522 3' 4-max Seat #1 is the button
Seat 1: zorro222_zor (500 in chips) 
Seat 2: Mahu2021 (500 in chips) 
Seat 3: Cuervin1995 (500 in chips) 
Seat 4: rubix223 (500 in chips) 
zorro222_zor: posts the ante 10
Mahu2021: posts the ante 10
Cuervin1995: posts the ante 10
rubix223: posts the ante 10
Mahu2021: posts small blind 25
Cuervin1995: posts big blind 50
*** HOLE CARDS ***
Dealt to Mahu2021 [6h 5h]
rubix223: folds 
zorro222_zor: raises 440 to 490 and is all-in
Mahu2021: folds 
Cuervin1995: folds 
Uncalled bet (440) returned to zorro222_zor
zorro222_zor collected 165 from pot
zorro222_zor: doesn't show hand 
*** SUMMARY ***
Total pot 165 | Rake 0 
Seat 1: zorro222_zor (button) collected (165)
Seat 2: Mahu2021 (small blind) folded before Flop
Seat 3: Cuervin1995 (big blind) folded before Flop
Seat 4: rubix223 folded before Flop (didn't bet)



PokerStars Hand #253905019405: Tournament #3835240522, $0.96+$0.04 USD Hold'em No Limit - Match Round I, Level I (25/50) - 2024/12/18 6:59:51 CET [2024/12/18 0:59:51 ET]
Table '3835240522 3' 4-max Seat #2 is the button
Seat 1: zorro222_zor (605 in chips) 
Seat 2: Mahu2021 (465 in chips) 
Seat 3: Cuervin1995 (440 in chips) 
Seat 4: rubix223 (490 in chips) 
zorro222_zor: posts the ante 10
Mahu2021: posts the ante 10
Cuervin1995: posts the ante 10
rubix223: posts the ante 10
Cuervin1995: posts small blind 25
rubix223: posts big blind 50
*** HOLE CARDS ***
Dealt to Mahu2021 [2c 4s]
zorro222_zor: folds 
Mahu2021: folds 
Cuervin1995: folds 
Uncalled bet (25) returned to rubix223
rubix223 collected 90 from pot
rubix223: doesn't show hand 
*** SUMMARY ***
Total pot 90 | Rake 0 
Seat 1: zorro222_zor folded before Flop (didn't bet)
Seat 2: Mahu2021 (button) folded before Flop (didn't bet)
Seat 3: Cuervin1995 (small blind) folded before Flop
Seat 4: rubix223 (big blind) collected (90)



PokerStars Hand #253905019817: Tournament #3835240522, $0.96+$0.04 USD Hold'em No Limit - Match Round I, Level I (25/50) - 2024/12/18 6:59:58 CET [2024/12/18 0:59:58 ET]
Table '3835240522 3' 4-max Seat #3 is the button
Seat 1: zorro222_zor (595 in chips) 
Seat 2: Mahu2021 (455 in chips) 
Seat 3: Cuervin1995 (405 in chips) 
Seat 4: rubix223 (545 in chips) 
zorro222_zor: posts the ante 10
Mahu2021: posts the ante 10
Cuervin1995: posts the ante 10
rubix223: posts the ante 10
rubix223: posts small blind 25
zorro222_zor: posts big blind 50
*** HOLE CARDS ***
Dealt to Mahu2021 [5h 4s]
Mahu2021: folds 
Cuervin1995: raises 50 to 100
rubix223: folds 
zorro222_zor: folds 
Uncalled bet (50) returned to Cuervin1995
Cuervin1995 collected 165 from pot
*** SUMMARY ***
Total pot 165 | Rake 0 
Seat 1: zorro222_zor (big blind) folded before Flop
Seat 2: Mahu2021 folded before Flop (didn't bet)
Seat 3: Cuervin1995 (button) collected (165)
Seat 4: rubix223 (small blind) folded before Flop



PokerStars Hand #253905020713: Tournament #3835240522, $0.96+$0.04 USD Hold'em No Limit - Match Round I, Level I (25/50) - 2024/12/18 7:00:11 CET [2024/12/18 1:00:11 ET]
Table '3835240522 3' 4-max Seat #4 is the button
Seat 1: zorro222_zor (535 in chips) 
Seat 2: Mahu2021 (445 in chips) 
Seat 3: Cuervin1995 (510 in chips) 
Seat 4: rubix223 (510 in chips) 
zorro222_zor: posts the ante 10
Mahu2021: posts the ante 10
Cuervin1995: posts the ante 10
rubix223: posts the ante 10
zorro222_zor: posts small blind 25
Mahu2021: posts big blind 50
*** HOLE CARDS ***
Dealt to Mahu2021 [Ac 5c]
Cuervin1995: folds 
rubix223: folds 
zorro222_zor: folds 
Uncalled bet (25) returned to Mahu2021
Mahu2021 collected 90 from pot
Mahu2021: doesn't show hand 
*** SUMMARY ***
Total pot 90 | Rake 0 
Seat 1: zorro222_zor (small blind) folded before Flop
Seat 2: Mahu2021 (big blind) collected (90)
Seat 3: Cuervin1995 folded before Flop (didn't bet)
Seat 4: rubix223 (button) folded before Flop (didn't bet)



PokerStars Hand #253905021098: Tournament #3835240522, $0.96+$0.04 USD Hold'em No Limit - Match Round I, Level I (25/50) - 2024/12/18 7:00:17 CET [2024/12/18 1:00:17 ET]
Table '3835240522 3' 4-max Seat #1 is the button
Seat 1: zorro222_zor (500 in chips) 
Seat 2: Mahu2021 (500 in chips) 
Seat 3: Cuervin1995 (500 in chips) 
Seat 4: rubix223 (500 in chips) 
zorro222_zor: posts the ante 10
Mahu2021: posts the ante 10
Cuervin1995: posts the ante 10
rubix223: posts the ante 10
Mahu2021: posts small blind 25
Cuervin1995: posts big blind 50
*** HOLE CARDS ***
Dealt to Mahu2021 [Kh Jd]
rubix223: folds 
zorro222_zor: folds 
Mahu2021: raises 440 to 490 and is all-in
Cuervin1995: folds 
Uncalled bet (440) returned to Mahu2021
Mahu2021 collected 140 from pot
Mahu2021: doesn't show hand 
*** SUMMARY ***
Total pot 140 | Rake 0 
Seat 1: zorro222_zor (button) folded before Flop (didn't bet)
Seat 2: Mahu2021 (small blind) collected (140)
Seat 3: Cuervin1995 (big blind) folded before Flop
Seat 4: rubix223 folded before Flop (didn't bet)



PokerStars Hand #253905021706: Tournament #3835240522, $0.96+$0.04 USD Hold'em No Limit - Match Round I, Level I (25/50) - 2024/12/18 7:00:26 CET [2024/12/18 1:00:26 ET]
Table '3835240522 3' 4-max Seat #2 is the button
Seat 1: zorro222_zor (490 in chips) 
Seat 2: Mahu2021 (580 in chips) 
Seat 3: Cuervin1995 (440 in chips) 
Seat 4: rubix223 (490 in chips) 
zorro222_zor: posts the ante 10
Mahu2021: posts the ante 10
Cuervin1995: posts the ante 10
rubix223: posts the ante 10
Cuervin1995: posts small blind 25
rubix223: posts big blind 50
*** HOLE CARDS ***
Dealt to Mahu2021 [9s 6c]
zorro222_zor: folds 
Mahu2021: folds 
Cuervin1995: raises 380 to 430 and is all-in
rubix223: folds 
Uncalled bet (380) returned to Cuervin1995
Cuervin1995 collected 140 from pot
*** SUMMARY ***
Total pot 140 | Rake 0 
Seat 1: zorro222_zor folded before Flop (didn't bet)
Seat 2: Mahu2021 (button) folded before Flop (didn't bet)
Seat 3: Cuervin1995 (small blind) collected (140)
Seat 4: rubix223 (big blind) folded before Flop



PokerStars Hand #253905022491: Tournament #3835240522, $0.96+$0.04 USD Hold'em No Limit - Match Round I, Level I (25/50) - 2024/12/18 7:00:38 CET [2024/12/18 1:00:38 ET]
Table '3835240522 3' 4-max Seat #3 is the button
Seat 1: zorro222_zor (480 in chips) 
Seat 2: Mahu2021 (570 in chips) 
Seat 3: Cuervin1995 (520 in chips) 
Seat 4: rubix223 (430 in chips) 
zorro222_zor: posts the ante 10
Mahu2021: posts the ante 10
Cuervin1995: posts the ante 10
rubix223: posts the ante 10
rubix223: posts small blind 25
zorro222_zor: posts big blind 50
*** HOLE CARDS ***
Dealt to Mahu2021 [5d 3h]
Mahu2021: folds 
Cuervin1995: raises 460 to 510 and is all-in
rubix223: folds 
zorro222_zor: folds 
Uncalled bet (460) returned to Cuervin1995
Cuervin1995 collected 165 from pot
*** SUMMARY ***
Total pot 165 | Rake 0 
Seat 1: zorro222_zor (big blind) folded before Flop
Seat 2: Mahu2021 folded before Flop (didn't bet)
Seat 3: Cuervin1995 (button) collected (165)
Seat 4: rubix223 (small blind) folded before Flop



PokerStars Hand #253905023361: Tournament #3835240522, $0.96+$0.04 USD Hold'em No Limit - Match Round I, Level I (25/50) - 2024/12/18 7:00:50 CET [2024/12/18 1:00:50 ET]
Table '3835240522 3' 4-max Seat #4 is the button
Seat 1: zorro222_zor (420 in chips) 
Seat 2: Mahu2021 (560 in chips) 
Seat 3: Cuervin1995 (625 in chips) 
Seat 4: rubix223 (395 in chips) 
zorro222_zor: posts the ante 10
Mahu2021: posts the ante 10
Cuervin1995: posts the ante 10
rubix223: posts the ante 10
zorro222_zor: posts small blind 25
Mahu2021: posts big blind 50
*** HOLE CARDS ***
Dealt to Mahu2021 [Tc 7s]
Cuervin1995: folds 
rubix223: folds 
zorro222_zor: calls 25
Mahu2021: checks 
*** FLOP *** [Td 2c 6h]
zorro222_zor: checks 
Mahu2021: bets 500 and is all-in
zorro222_zor: folds 
Uncalled bet (500) returned to Mahu2021
Mahu2021 collected 140 from pot
Mahu2021: doesn't show hand 
*** SUMMARY ***
Total pot 140 | Rake 0 
Board [Td 2c 6h]
Seat 1: zorro222_zor (small blind) folded on the Flop
Seat 2: Mahu2021 (big blind) collected (140)
Seat 3: Cuervin1995 folded before Flop (didn't bet)
Seat 4: rubix223 (button) folded before Flop (didn't bet)



PokerStars Hand #253905025230: Tournament #3835240522, $0.96+$0.04 USD Hold'em No Limit - Match Round I, Level I (25/50) - 2024/12/18 7:01:14 CET [2024/12/18 1:01:14 ET]
Table '3835240522 3' 4-max Seat #1 is the button
Seat 1: zorro222_zor (360 in chips) 
Seat 2: Mahu2021 (640 in chips) 
Seat 3: Cuervin1995 (615 in chips) 
Seat 4: rubix223 (385 in chips) 
zorro222_zor: posts the ante 10
Mahu2021: posts the ante 10
Cuervin1995: posts the ante 10
rubix223: posts the ante 10
Mahu2021: posts small blind 25
Cuervin1995: posts big blind 50
*** HOLE CARDS ***
Dealt to Mahu2021 [2s 2h]
rubix223: raises 325 to 375 and is all-in
zorro222_zor: folds 
Mahu2021: calls 350
Cuervin1995: folds 
*** FLOP *** [2d Qd 9s]
*** TURN *** [2d Qd 9s] [Kc]
*** RIVER *** [2d Qd 9s Kc] [3c]
*** SHOW DOWN ***
Mahu2021: shows [2s 2h] (three of a kind, Deuces)
rubix223: shows [8h 8s] (a pair of Eights)
Mahu2021 collected 840 from pot
rubix223 finished the tournament in 10th place
*** SUMMARY ***
Total pot 840 | Rake 0 
Board [2d Qd 9s Kc 3c]
Seat 1: zorro222_zor (button) folded before Flop (didn't bet)
Seat 2: Mahu2021 (small blind) showed [2s 2h] and won (840) with three of a kind, Deuces
Seat 3: Cuervin1995 (big blind) folded before Flop
Seat 4: rubix223 showed [8h 8s] and lost with a pair of Eights



PokerStars Hand #253905026664: Tournament #3835240522, $0.96+$0.04 USD Hold'em No Limit - Match Round I, Level I (25/50) - 2024/12/18 7:01:33 CET [2024/12/18 1:01:33 ET]
Table '3835240522 3' 4-max Seat #2 is the button
Seat 1: zorro222_zor (350 in chips) 
Seat 2: Mahu2021 (1095 in chips) 
Seat 3: Cuervin1995 (555 in chips) 
zorro222_zor: posts the ante 10
Mahu2021: posts the ante 10
Cuervin1995: posts the ante 10
Cuervin1995: posts small blind 25
zorro222_zor: posts big blind 50
*** HOLE CARDS ***
Dealt to Mahu2021 [Ad 6h]
Mahu2021: raises 1035 to 1085 and is all-in
Cuervin1995: calls 520 and is all-in
zorro222_zor: folds 
Uncalled bet (540) returned to Mahu2021
*** FLOP *** [4d Qc Kh]
*** TURN *** [4d Qc Kh] [4c]
*** RIVER *** [4d Qc Kh 4c] [8c]
*** SHOW DOWN ***
Cuervin1995: shows [Td Ts] (two pair, Tens and Fours)
Mahu2021: shows [Ad 6h] (a pair of Fours)
Cuervin1995 collected 1170 from pot
*** SUMMARY ***
Total pot 1170 | Rake 0 
Board [4d Qc Kh 4c 8c]
Seat 1: zorro222_zor (big blind) folded before Flop
Seat 2: Mahu2021 (button) showed [Ad 6h] and lost with a pair of Fours
Seat 3: Cuervin1995 (small blind) showed [Td Ts] and won (1170) with two pair, Tens and Fours



PokerStars Hand #253905027905: Tournament #3835240522, $0.96+$0.04 USD Hold'em No Limit - Match Round I, Level I (25/50) - 2024/12/18 7:01:49 CET [2024/12/18 1:01:49 ET]
Table '3835240522 3' 4-max Seat #3 is the button
Seat 1: zorro222_zor (290 in chips) 
Seat 2: Mahu2021 (540 in chips) 
Seat 3: Cuervin1995 (1170 in chips) 
zorro222_zor: posts the ante 10
Mahu2021: posts the ante 10
Cuervin1995: posts the ante 10
zorro222_zor: posts small blind 25
Mahu2021: posts big blind 50
*** HOLE CARDS ***
Dealt to Mahu2021 [4c 7h]
Cuervin1995: raises 50 to 100
zorro222_zor: calls 75
Mahu2021: folds 
*** FLOP *** [8d 8c Qh]
zorro222_zor: checks 
Cuervin1995: bets 100
zorro222_zor: folds 
Uncalled bet (100) returned to Cuervin1995
Cuervin1995 collected 280 from pot
*** SUMMARY ***
Total pot 280 | Rake 0 
Board [8d 8c Qh]
Seat 1: zorro222_zor (small blind) folded on the Flop
Seat 2: Mahu2021 (big blind) folded before Flop
Seat 3: Cuervin1995 (button) collected (280)



PokerStars Hand #253905029540: Tournament #3835240522, $0.96+$0.04 USD Hold'em No Limit - Match Round I, Level I (25/50) - 2024/12/18 7:02:11 CET [2024/12/18 1:02:11 ET]
Table '3835240522 3' 4-max Seat #1 is the button
Seat 1: zorro222_zor (180 in chips) 
Seat 2: Mahu2021 (480 in chips) 
Seat 3: Cuervin1995 (1340 in chips) 
zorro222_zor: posts the ante 10
Mahu2021: posts the ante 10
Cuervin1995: posts the ante 10
Mahu2021: posts small blind 25
Cuervin1995: posts big blind 50
*** HOLE CARDS ***
Dealt to Mahu2021 [Ad Jh]
zorro222_zor: folds 
Mahu2021: raises 420 to 470 and is all-in
Cuervin1995: folds 
Uncalled bet (420) returned to Mahu2021
Mahu2021 collected 130 from pot
Mahu2021: doesn't show hand 
*** SUMMARY ***
Total pot 130 | Rake 0 
Seat 1: zorro222_zor (button) folded before Flop (didn't bet)
Seat 2: Mahu2021 (small blind) collected (130)
Seat 3: Cuervin1995 (big blind) folded before Flop



PokerStars Hand #253905030257: Tournament #3835240522, $0.96+$0.04 USD Hold'em No Limit - Match Round I, Level I (25/50) - 2024/12/18 7:02:21 CET [2024/12/18 1:02:21 ET]
Table '3835240522 3' 4-max Seat #2 is the button
Seat 1: zorro222_zor (170 in chips) 
Seat 2: Mahu2021 (550 in chips) 
Seat 3: Cuervin1995 (1280 in chips) 
zorro222_zor: posts the ante 10
Mahu2021: posts the ante 10
Cuervin1995: posts the ante 10
Cuervin1995: posts small blind 25
zorro222_zor: posts big blind 50
*** HOLE CARDS ***
Dealt to Mahu2021 [6h 3c]
Mahu2021: folds 
Cuervin1995: folds 
Uncalled bet (25) returned to zorro222_zor
zorro222_zor collected 80 from pot
zorro222_zor: doesn't show hand 
*** SUMMARY ***
Total pot 80 | Rake 0 
Seat 1: zorro222_zor (big blind) collected (80)
Seat 2: Mahu2021 (button) folded before Flop (didn't bet)
Seat 3: Cuervin1995 (small blind) folded before Flop



PokerStars Hand #253905030789: Tournament #3835240522, $0.96+$0.04 USD Hold'em No Limit - Match Round I, Level I (25/50) - 2024/12/18 7:02:28 CET [2024/12/18 1:02:28 ET]
Table '3835240522 3' 4-max Seat #3 is the button
Seat 1: zorro222_zor (215 in chips) 
Seat 2: Mahu2021 (540 in chips) 
Seat 3: Cuervin1995 (1245 in chips) 
zorro222_zor: posts the ante 10
Mahu2021: posts the ante 10
Cuervin1995: posts the ante 10
zorro222_zor: posts small blind 25
Mahu2021: posts big blind 50
*** HOLE CARDS ***
Dealt to Mahu2021 [3h 6d]
Cuervin1995: folds 
zorro222_zor: calls 25
Mahu2021: checks 
*** FLOP *** [Ks Ts 5c]
zorro222_zor: checks 
Mahu2021: checks 
*** TURN *** [Ks Ts 5c] [2c]
zorro222_zor: checks 
Mahu2021: bets 50
zorro222_zor: calls 50
*** RIVER *** [Ks Ts 5c 2c] [Th]
zorro222_zor: checks 
Mahu2021: bets 50
zorro222_zor: folds 
Uncalled bet (50) returned to Mahu2021
Mahu2021 collected 230 from pot
Mahu2021: doesn't show hand 
*** SUMMARY ***
Total pot 230 | Rake 0 
Board [Ks Ts 5c 2c Th]
Seat 1: zorro222_zor (small blind) folded on the River
Seat 2: Mahu2021 (big blind) collected (230)
Seat 3: Cuervin1995 (button) folded before Flop (didn't bet)



PokerStars Hand #253905033102: Tournament #3835240522, $0.96+$0.04 USD Hold'em No Limit - Match Round I, Level II (50/100) - 2024/12/18 7:02:58 CET [2024/12/18 1:02:58 ET]
Table '3835240522 3' 4-max Seat #1 is the button
Seat 1: zorro222_zor (105 in chips) 
Seat 2: Mahu2021 (660 in chips) 
Seat 3: Cuervin1995 (1235 in chips) 
zorro222_zor: posts the ante 20
Mahu2021: posts the ante 20
Cuervin1995: posts the ante 20
Mahu2021: posts small blind 50
Cuervin1995: posts big blind 100
*** HOLE CARDS ***
Dealt to Mahu2021 [9h 3s]
zorro222_zor: calls 85 and is all-in
Mahu2021: folds 
Uncalled bet (15) returned to Cuervin1995
*** FLOP *** [As 9d 2s]
*** TURN *** [As 9d 2s] [8s]
*** RIVER *** [As 9d 2s 8s] [7c]
*** SHOW DOWN ***
Cuervin1995: shows [Td Kc] (high card Ace)
zorro222_zor: shows [Ac Tc] (a pair of Aces)
zorro222_zor collected 280 from pot
*** SUMMARY ***
Total pot 280 | Rake 0 
Board [As 9d 2s 8s 7c]
Seat 1: zorro222_zor (button) showed [Ac Tc] and won (280) with a pair of Aces
Seat 2: Mahu2021 (small blind) folded before Flop
Seat 3: Cuervin1995 (big blind) showed [Td Kc] and lost with high card Ace



PokerStars Hand #253905034012: Tournament #3835240522, $0.96+$0.04 USD Hold'em No Limit - Match Round I, Level II (50/100) - 2024/12/18 7:03:10 CET [2024/12/18 1:03:10 ET]
Table '3835240522 3' 4-max Seat #2 is the button
Seat 1: zorro222_zor (280 in chips) 
Seat 2: Mahu2021 (590 in chips) 
Seat 3: Cuervin1995 (1130 in chips) 
zorro222_zor: posts the ante 20
Mahu2021: posts the ante 20
Cuervin1995: posts the ante 20
Cuervin1995: posts small blind 50
zorro222_zor: posts big blind 100
*** HOLE CARDS ***
Dealt to Mahu2021 [4s Ad]
Mahu2021: raises 470 to 570 and is all-in
Cuervin1995: raises 540 to 1110 and is all-in
zorro222_zor: calls 160 and is all-in
Uncalled bet (540) returned to Cuervin1995
*** FLOP *** [3s 4c Qc]
*** TURN *** [3s 4c Qc] [Td]
*** RIVER *** [3s 4c Qc Td] [5c]
*** SHOW DOWN ***
Cuervin1995: shows [Kd Tc] (a pair of Tens)
Mahu2021: shows [4s Ad] (a pair of Fours)
Cuervin1995 collected 620 from side pot
zorro222_zor: shows [Jc Ah] (high card Ace)
Cuervin1995 collected 840 from main pot
Mahu2021 finished the tournament in 7th place
zorro222_zor finished the tournament in 8th place
*** SUMMARY ***
Total pot 1460 Main pot 840. Side pot 620. | Rake 0 
Board [3s 4c Qc Td 5c]
Seat 1: zorro222_zor (big blind) showed [Jc Ah] and lost with high card Ace
Seat 2: Mahu2021 (button) showed [4s Ad] and lost with a pair of Fours
Seat 3: Cuervin1995 (small blind) showed [Kd Tc] and won (1460) with a pair of Tens



