PokerStars Hand #243039645281: Tournament #3576299607, $0.92+$0.08 USD Hold'em No Limit - Level I (10/20) - 2023/04/12 7:33:53 CET [2023/04/12 1:33:53 ET]
Table '3576299607 1' 3-max Seat #1 is the button
Seat 1: gerakos#5 (500 in chips) 
Seat 2: Paul78337 (500 in chips) 
Seat 3: Mahu2021 (500 in chips) 
Paul78337: posts small blind 10
Mahu2021: posts big blind 20
*** HOLE CARDS ***
Dealt to Mahu2021 [Ks Jd]
gerakos#5: raises 20 to 40
Paul78337: folds 
Mahu2021: calls 20
*** FLOP *** [Ad Kc Th]
Mahu2021: checks 
gerakos#5: checks 
*** TURN *** [Ad Kc Th] [2h]
Mahu2021: checks 
gerakos#5: checks 
*** RIVER *** [Ad Kc Th 2h] [Tc]
Mahu2021: bets 40
gerakos#5: folds 
Uncalled bet (40) returned to Mahu2021
Mahu2021 collected 90 from pot
Mahu2021: doesn't show hand 
*** SUMMARY ***
Total pot 90 | Rake 0 
Board [Ad Kc Th 2h Tc]
Seat 1: gerakos#5 (button) folded on the River
Seat 2: Paul78337 (small blind) folded before Flop
Seat 3: Mahu2021 (big blind) collected (90)



PokerStars Hand #243039646939: Tournament #3576299607, $0.92+$0.08 USD Hold'em No Limit - Level I (10/20) - 2023/04/12 7:34:10 CET [2023/04/12 1:34:10 ET]
Table '3576299607 1' 3-max Seat #2 is the button
Seat 1: gerakos#5 (460 in chips) 
Seat 2: Paul78337 (490 in chips) 
Seat 3: Mahu2021 (550 in chips) 
Mahu2021: posts small blind 10
gerakos#5: posts big blind 20
*** HOLE CARDS ***
Dealt to Mahu2021 [9s Ts]
Paul78337: folds 
Mahu2021: calls 10
gerakos#5: checks 
*** FLOP *** [5d Qc 5s]
Mahu2021: checks 
gerakos#5: bets 20
Mahu2021: folds 
Uncalled bet (20) returned to gerakos#5
gerakos#5 collected 40 from pot
*** SUMMARY ***
Total pot 40 | Rake 0 
Board [5d Qc 5s]
Seat 1: gerakos#5 (big blind) collected (40)
Seat 2: Paul78337 (button) folded before Flop (didn't bet)
Seat 3: Mahu2021 (small blind) folded on the Flop



PokerStars Hand #243039647928: Tournament #3576299607, $0.92+$0.08 USD Hold'em No Limit - Level I (10/20) - 2023/04/12 7:34:20 CET [2023/04/12 1:34:20 ET]
Table '3576299607 1' 3-max Seat #3 is the button
Seat 1: gerakos#5 (480 in chips) 
Seat 2: Paul78337 (490 in chips) 
Seat 3: Mahu2021 (530 in chips) 
gerakos#5: posts small blind 10
Paul78337: posts big blind 20
*** HOLE CARDS ***
Dealt to Mahu2021 [7h Kh]
Mahu2021: calls 20
gerakos#5: folds 
Paul78337: checks 
*** FLOP *** [3s Jd 3d]
Paul78337: checks 
Mahu2021: bets 20
Paul78337: folds 
Uncalled bet (20) returned to Mahu2021
Mahu2021 collected 50 from pot
Mahu2021: doesn't show hand 
*** SUMMARY ***
Total pot 50 | Rake 0 
Board [3s Jd 3d]
Seat 1: gerakos#5 (small blind) folded before Flop
Seat 2: Paul78337 (big blind) folded on the Flop
Seat 3: Mahu2021 (button) collected (50)



PokerStars Hand #243039648966: Tournament #3576299607, $0.92+$0.08 USD Hold'em No Limit - Level I (10/20) - 2023/04/12 7:34:31 CET [2023/04/12 1:34:31 ET]
Table '3576299607 1' 3-max Seat #1 is the button
Seat 1: gerakos#5 (470 in chips) 
Seat 2: Paul78337 (470 in chips) 
Seat 3: Mahu2021 (560 in chips) 
Paul78337: posts small blind 10
Mahu2021: posts big blind 20
*** HOLE CARDS ***
Dealt to Mahu2021 [Ks 3d]
gerakos#5: folds 
Paul78337: folds 
Uncalled bet (10) returned to Mahu2021
Mahu2021 collected 20 from pot
Mahu2021: doesn't show hand 
*** SUMMARY ***
Total pot 20 | Rake 0 
Seat 1: gerakos#5 (button) folded before Flop (didn't bet)
Seat 2: Paul78337 (small blind) folded before Flop
Seat 3: Mahu2021 (big blind) collected (20)



PokerStars Hand #243039649517: Tournament #3576299607, $0.92+$0.08 USD Hold'em No Limit - Level I (10/20) - 2023/04/12 7:34:37 CET [2023/04/12 1:34:37 ET]
Table '3576299607 1' 3-max Seat #2 is the button
Seat 1: gerakos#5 (470 in chips) 
Seat 2: Paul78337 (460 in chips) 
Seat 3: Mahu2021 (570 in chips) 
Mahu2021: posts small blind 10
gerakos#5: posts big blind 20
*** HOLE CARDS ***
Dealt to Mahu2021 [5c 6s]
Paul78337: folds 
Mahu2021: calls 10
gerakos#5: checks 
*** FLOP *** [9c As Qd]
Mahu2021: checks 
gerakos#5: checks 
*** TURN *** [9c As Qd] [Ks]
Mahu2021: bets 20
gerakos#5: calls 20
*** RIVER *** [9c As Qd Ks] [8d]
Mahu2021: checks 
gerakos#5: checks 
*** SHOW DOWN ***
Mahu2021: shows [5c 6s] (high card Ace)
gerakos#5: shows [2c 3c] (high card Ace)
Mahu2021 collected 40 from pot
gerakos#5 collected 40 from pot
*** SUMMARY ***
Total pot 80 | Rake 0 
Board [9c As Qd Ks 8d]
Seat 1: gerakos#5 (big blind) showed [2c 3c] and won (40) with high card Ace
Seat 2: Paul78337 (button) folded before Flop (didn't bet)
Seat 3: Mahu2021 (small blind) showed [5c 6s] and won (40) with high card Ace



PokerStars Hand #243039650816: Tournament #3576299607, $0.92+$0.08 USD Hold'em No Limit - Level I (10/20) - 2023/04/12 7:34:50 CET [2023/04/12 1:34:50 ET]
Table '3576299607 1' 3-max Seat #3 is the button
Seat 1: gerakos#5 (470 in chips) 
Seat 2: Paul78337 (460 in chips) 
Seat 3: Mahu2021 (570 in chips) 
gerakos#5: posts small blind 10
Paul78337: posts big blind 20
*** HOLE CARDS ***
Dealt to Mahu2021 [Tc 2h]
Mahu2021: folds 
gerakos#5: folds 
Uncalled bet (10) returned to Paul78337
Paul78337 collected 20 from pot
*** SUMMARY ***
Total pot 20 | Rake 0 
Seat 1: gerakos#5 (small blind) folded before Flop
Seat 2: Paul78337 (big blind) collected (20)
Seat 3: Mahu2021 (button) folded before Flop (didn't bet)



PokerStars Hand #243039651348: Tournament #3576299607, $0.92+$0.08 USD Hold'em No Limit - Level I (10/20) - 2023/04/12 7:34:56 CET [2023/04/12 1:34:56 ET]
Table '3576299607 1' 3-max Seat #1 is the button
Seat 1: gerakos#5 (460 in chips) 
Seat 2: Paul78337 (470 in chips) 
Seat 3: Mahu2021 (570 in chips) 
Paul78337: posts small blind 10
Mahu2021: posts big blind 20
*** HOLE CARDS ***
Dealt to Mahu2021 [3h 8h]
gerakos#5: folds 
Paul78337: calls 10
Mahu2021: checks 
*** FLOP *** [4h 4c Jd]
Paul78337: checks 
Mahu2021: checks 
*** TURN *** [4h 4c Jd] [Ad]
Paul78337: bets 20
Mahu2021: folds 
Uncalled bet (20) returned to Paul78337
Paul78337 collected 40 from pot
*** SUMMARY ***
Total pot 40 | Rake 0 
Board [4h 4c Jd Ad]
Seat 1: gerakos#5 (button) folded before Flop (didn't bet)
Seat 2: Paul78337 (small blind) collected (40)
Seat 3: Mahu2021 (big blind) folded on the Turn



PokerStars Hand #243039652543: Tournament #3576299607, $0.92+$0.08 USD Hold'em No Limit - Level I (10/20) - 2023/04/12 7:35:08 CET [2023/04/12 1:35:08 ET]
Table '3576299607 1' 3-max Seat #2 is the button
Seat 1: gerakos#5 (460 in chips) 
Seat 2: Paul78337 (490 in chips) 
Seat 3: Mahu2021 (550 in chips) 
Mahu2021: posts small blind 10
gerakos#5: posts big blind 20
*** HOLE CARDS ***
Dealt to Mahu2021 [4c 5s]
Paul78337: folds 
Mahu2021: calls 10
gerakos#5: checks 
*** FLOP *** [Js 7c Ac]
Mahu2021: checks 
gerakos#5: bets 20
Mahu2021: folds 
Uncalled bet (20) returned to gerakos#5
gerakos#5 collected 40 from pot
*** SUMMARY ***
Total pot 40 | Rake 0 
Board [Js 7c Ac]
Seat 1: gerakos#5 (big blind) collected (40)
Seat 2: Paul78337 (button) folded before Flop (didn't bet)
Seat 3: Mahu2021 (small blind) folded on the Flop



PokerStars Hand #243039653579: Tournament #3576299607, $0.92+$0.08 USD Hold'em No Limit - Level I (10/20) - 2023/04/12 7:35:19 CET [2023/04/12 1:35:19 ET]
Table '3576299607 1' 3-max Seat #3 is the button
Seat 1: gerakos#5 (480 in chips) 
Seat 2: Paul78337 (490 in chips) 
Seat 3: Mahu2021 (530 in chips) 
gerakos#5: posts small blind 10
Paul78337: posts big blind 20
*** HOLE CARDS ***
Dealt to Mahu2021 [Ah Jd]
Mahu2021: raises 20 to 40
gerakos#5: calls 30
Paul78337: calls 20
*** FLOP *** [7c 3c 2s]
gerakos#5: checks 
Paul78337: checks 
Mahu2021: checks 
*** TURN *** [7c 3c 2s] [Tc]
gerakos#5: checks 
Paul78337: checks 
Mahu2021: checks 
*** RIVER *** [7c 3c 2s Tc] [2d]
gerakos#5: checks 
Paul78337: checks 
Mahu2021: checks 
*** SHOW DOWN ***
gerakos#5: shows [Kc 8d] (a pair of Deuces)
Paul78337: shows [Ad 8h] (a pair of Deuces - Ace kicker)
Mahu2021: shows [Ah Jd] (a pair of Deuces - Ace+Jack kicker)
Mahu2021 collected 120 from pot
*** SUMMARY ***
Total pot 120 | Rake 0 
Board [7c 3c 2s Tc 2d]
Seat 1: gerakos#5 (small blind) showed [Kc 8d] and lost with a pair of Deuces
Seat 2: Paul78337 (big blind) showed [Ad 8h] and lost with a pair of Deuces
Seat 3: Mahu2021 (button) showed [Ah Jd] and won (120) with a pair of Deuces



PokerStars Hand #243039655203: Tournament #3576299607, $0.92+$0.08 USD Hold'em No Limit - Level I (10/20) - 2023/04/12 7:35:35 CET [2023/04/12 1:35:35 ET]
Table '3576299607 1' 3-max Seat #1 is the button
Seat 1: gerakos#5 (440 in chips) 
Seat 2: Paul78337 (450 in chips) 
Seat 3: Mahu2021 (610 in chips) 
Paul78337: posts small blind 10
Mahu2021: posts big blind 20
*** HOLE CARDS ***
Dealt to Mahu2021 [8h 8c]
gerakos#5: raises 20 to 40
Paul78337: calls 30
Mahu2021: raises 570 to 610 and is all-in
gerakos#5: folds 
Paul78337: folds 
Uncalled bet (570) returned to Mahu2021
Mahu2021 collected 120 from pot
Mahu2021: doesn't show hand 
*** SUMMARY ***
Total pot 120 | Rake 0 
Seat 1: gerakos#5 (button) folded before Flop
Seat 2: Paul78337 (small blind) folded before Flop
Seat 3: Mahu2021 (big blind) collected (120)



PokerStars Hand #243039656330: Tournament #3576299607, $0.92+$0.08 USD Hold'em No Limit - Level I (10/20) - 2023/04/12 7:35:47 CET [2023/04/12 1:35:47 ET]
Table '3576299607 1' 3-max Seat #2 is the button
Seat 1: gerakos#5 (400 in chips) 
Seat 2: Paul78337 (410 in chips) 
Seat 3: Mahu2021 (690 in chips) 
Mahu2021: posts small blind 10
gerakos#5: posts big blind 20
*** HOLE CARDS ***
Dealt to Mahu2021 [5h 7s]
Paul78337: calls 20
Mahu2021: folds 
gerakos#5: checks 
*** FLOP *** [9h 9s Qc]
gerakos#5: checks 
Paul78337: checks 
*** TURN *** [9h 9s Qc] [Tc]
gerakos#5: bets 20
Paul78337: raises 20 to 40
gerakos#5: calls 20
*** RIVER *** [9h 9s Qc Tc] [Ks]
gerakos#5: checks 
Paul78337: bets 130
gerakos#5: folds 
Uncalled bet (130) returned to Paul78337
Paul78337 collected 130 from pot
*** SUMMARY ***
Total pot 130 | Rake 0 
Board [9h 9s Qc Tc Ks]
Seat 1: gerakos#5 (big blind) folded on the River
Seat 2: Paul78337 (button) collected (130)
Seat 3: Mahu2021 (small blind) folded before Flop



PokerStars Hand #243039658332: Tournament #3576299607, $0.92+$0.08 USD Hold'em No Limit - Level II (15/30) - 2023/04/12 7:36:08 CET [2023/04/12 1:36:08 ET]
Table '3576299607 1' 3-max Seat #3 is the button
Seat 1: gerakos#5 (340 in chips) 
Seat 2: Paul78337 (480 in chips) 
Seat 3: Mahu2021 (680 in chips) 
gerakos#5: posts small blind 15
Paul78337: posts big blind 30
*** HOLE CARDS ***
Dealt to Mahu2021 [9c 6h]
Mahu2021: folds 
gerakos#5: raises 30 to 60
Paul78337: calls 30
*** FLOP *** [2c 5s 3d]
gerakos#5: bets 30
Paul78337: raises 30 to 60
gerakos#5: calls 30
*** TURN *** [2c 5s 3d] [3c]
gerakos#5: checks 
Paul78337: bets 240
gerakos#5: folds 
Uncalled bet (240) returned to Paul78337
Paul78337 collected 240 from pot
*** SUMMARY ***
Total pot 240 | Rake 0 
Board [2c 5s 3d 3c]
Seat 1: gerakos#5 (small blind) folded on the Turn
Seat 2: Paul78337 (big blind) collected (240)
Seat 3: Mahu2021 (button) folded before Flop (didn't bet)



PokerStars Hand #243039659815: Tournament #3576299607, $0.92+$0.08 USD Hold'em No Limit - Level II (15/30) - 2023/04/12 7:36:23 CET [2023/04/12 1:36:23 ET]
Table '3576299607 1' 3-max Seat #1 is the button
Seat 1: gerakos#5 (220 in chips) 
Seat 2: Paul78337 (600 in chips) 
Seat 3: Mahu2021 (680 in chips) 
Paul78337: posts small blind 15
Mahu2021: posts big blind 30
*** HOLE CARDS ***
Dealt to Mahu2021 [4h 4s]
gerakos#5: raises 30 to 60
Paul78337: folds 
Mahu2021: raises 620 to 680 and is all-in
gerakos#5: calls 160 and is all-in
Uncalled bet (460) returned to Mahu2021
*** FLOP *** [4d Qs 7c]
*** TURN *** [4d Qs 7c] [6h]
*** RIVER *** [4d Qs 7c 6h] [5s]
*** SHOW DOWN ***
Mahu2021: shows [4h 4s] (three of a kind, Fours)
gerakos#5: shows [Ac Ah] (a pair of Aces)
Mahu2021 collected 455 from pot
gerakos#5 finished the tournament in 3rd place
*** SUMMARY ***
Total pot 455 | Rake 0 
Board [4d Qs 7c 6h 5s]
Seat 1: gerakos#5 (button) showed [Ac Ah] and lost with a pair of Aces
Seat 2: Paul78337 (small blind) folded before Flop
Seat 3: Mahu2021 (big blind) showed [4h 4s] and won (455) with three of a kind, Fours



PokerStars Hand #243039661611: Tournament #3576299607, $0.92+$0.08 USD Hold'em No Limit - Level II (15/30) - 2023/04/12 7:36:41 CET [2023/04/12 1:36:41 ET]
Table '3576299607 1' 3-max Seat #3 is the button
Seat 2: Paul78337 (585 in chips) 
Seat 3: Mahu2021 (915 in chips) 
Mahu2021: posts small blind 15
Paul78337: posts big blind 30
*** HOLE CARDS ***
Dealt to Mahu2021 [Qh 2h]
Mahu2021: calls 15
Paul78337: checks 
*** FLOP *** [7s As 6s]
Paul78337: checks 
Mahu2021: checks 
*** TURN *** [7s As 6s] [4h]
Paul78337: checks 
Mahu2021: checks 
*** RIVER *** [7s As 6s 4h] [Jd]
Paul78337: bets 60
Mahu2021: folds 
Uncalled bet (60) returned to Paul78337
Paul78337 collected 60 from pot
*** SUMMARY ***
Total pot 60 | Rake 0 
Board [7s As 6s 4h Jd]
Seat 2: Paul78337 (big blind) collected (60)
Seat 3: Mahu2021 (button) (small blind) folded on the River



PokerStars Hand #243039663043: Tournament #3576299607, $0.92+$0.08 USD Hold'em No Limit - Level II (15/30) - 2023/04/12 7:36:56 CET [2023/04/12 1:36:56 ET]
Table '3576299607 1' 3-max Seat #2 is the button
Seat 2: Paul78337 (615 in chips) 
Seat 3: Mahu2021 (885 in chips) 
Paul78337: posts small blind 15
Mahu2021: posts big blind 30
*** HOLE CARDS ***
Dealt to Mahu2021 [8s 2h]
Paul78337: calls 15
Mahu2021: checks 
*** FLOP *** [3c 7c 8d]
Mahu2021: bets 30
Paul78337: calls 30
*** TURN *** [3c 7c 8d] [Ah]
Mahu2021: bets 30
Paul78337: calls 30
*** RIVER *** [3c 7c 8d Ah] [Qc]
Mahu2021: bets 30
Paul78337: raises 30 to 60
Mahu2021: folds 
Uncalled bet (30) returned to Paul78337
Paul78337 collected 240 from pot
*** SUMMARY ***
Total pot 240 | Rake 0 
Board [3c 7c 8d Ah Qc]
Seat 2: Paul78337 (button) (small blind) collected (240)
Seat 3: Mahu2021 (big blind) folded on the River



PokerStars Hand #243039664679: Tournament #3576299607, $0.92+$0.08 USD Hold'em No Limit - Level II (15/30) - 2023/04/12 7:37:13 CET [2023/04/12 1:37:13 ET]
Table '3576299607 1' 3-max Seat #3 is the button
Seat 2: Paul78337 (735 in chips) 
Seat 3: Mahu2021 (765 in chips) 
Mahu2021: posts small blind 15
Paul78337: posts big blind 30
*** HOLE CARDS ***
Dealt to Mahu2021 [Kd Jh]
Mahu2021: raises 30 to 60
Paul78337: calls 30
*** FLOP *** [9s Kc As]
Paul78337: checks 
Mahu2021: checks 
*** TURN *** [9s Kc As] [Jc]
Paul78337: checks 
Mahu2021: bets 120
Paul78337: folds 
Uncalled bet (120) returned to Mahu2021
Mahu2021 collected 120 from pot
Mahu2021: doesn't show hand 
*** SUMMARY ***
Total pot 120 | Rake 0 
Board [9s Kc As Jc]
Seat 2: Paul78337 (big blind) folded on the Turn
Seat 3: Mahu2021 (button) (small blind) collected (120)



PokerStars Hand #243039665831: Tournament #3576299607, $0.92+$0.08 USD Hold'em No Limit - Level II (15/30) - 2023/04/12 7:37:25 CET [2023/04/12 1:37:25 ET]
Table '3576299607 1' 3-max Seat #2 is the button
Seat 2: Paul78337 (675 in chips) 
Seat 3: Mahu2021 (825 in chips) 
Paul78337: posts small blind 15
Mahu2021: posts big blind 30
*** HOLE CARDS ***
Dealt to Mahu2021 [2c 3c]
Paul78337: folds 
Uncalled bet (15) returned to Mahu2021
Mahu2021 collected 30 from pot
Mahu2021: doesn't show hand 
*** SUMMARY ***
Total pot 30 | Rake 0 
Seat 2: Paul78337 (button) (small blind) folded before Flop
Seat 3: Mahu2021 (big blind) collected (30)



PokerStars Hand #243039666232: Tournament #3576299607, $0.92+$0.08 USD Hold'em No Limit - Level II (15/30) - 2023/04/12 7:37:29 CET [2023/04/12 1:37:29 ET]
Table '3576299607 1' 3-max Seat #3 is the button
Seat 2: Paul78337 (660 in chips) 
Seat 3: Mahu2021 (840 in chips) 
Mahu2021: posts small blind 15
Paul78337: posts big blind 30
*** HOLE CARDS ***
Dealt to Mahu2021 [4c Ac]
Mahu2021: raises 30 to 60
Paul78337: folds 
Uncalled bet (30) returned to Mahu2021
Mahu2021 collected 60 from pot
Mahu2021: doesn't show hand 
*** SUMMARY ***
Total pot 60 | Rake 0 
Seat 2: Paul78337 (big blind) folded before Flop
Seat 3: Mahu2021 (button) (small blind) collected (60)



PokerStars Hand #243039666756: Tournament #3576299607, $0.92+$0.08 USD Hold'em No Limit - Level II (15/30) - 2023/04/12 7:37:34 CET [2023/04/12 1:37:34 ET]
Table '3576299607 1' 3-max Seat #2 is the button
Seat 2: Paul78337 (630 in chips) 
Seat 3: Mahu2021 (870 in chips) 
Paul78337: posts small blind 15
Mahu2021: posts big blind 30
*** HOLE CARDS ***
Dealt to Mahu2021 [4c Th]
Paul78337: folds 
Uncalled bet (15) returned to Mahu2021
Mahu2021 collected 30 from pot
Mahu2021: doesn't show hand 
*** SUMMARY ***
Total pot 30 | Rake 0 
Seat 2: Paul78337 (button) (small blind) folded before Flop
Seat 3: Mahu2021 (big blind) collected (30)



PokerStars Hand #243039667165: Tournament #3576299607, $0.92+$0.08 USD Hold'em No Limit - Level II (15/30) - 2023/04/12 7:37:39 CET [2023/04/12 1:37:39 ET]
Table '3576299607 1' 3-max Seat #3 is the button
Seat 2: Paul78337 (615 in chips) 
Seat 3: Mahu2021 (885 in chips) 
Mahu2021: posts small blind 15
Paul78337: posts big blind 30
*** HOLE CARDS ***
Dealt to Mahu2021 [2h Qd]
Mahu2021: calls 15
Paul78337: checks 
*** FLOP *** [5s Qs 6d]
Paul78337: checks 
Mahu2021: bets 30
Paul78337: raises 120 to 150
Mahu2021: folds 
Uncalled bet (120) returned to Paul78337
Paul78337 collected 120 from pot
*** SUMMARY ***
Total pot 120 | Rake 0 
Board [5s Qs 6d]
Seat 2: Paul78337 (big blind) collected (120)
Seat 3: Mahu2021 (button) (small blind) folded on the Flop



PokerStars Hand #243039669696: Tournament #3576299607, $0.92+$0.08 USD Hold'em No Limit - Level III (20/40) - 2023/04/12 7:38:05 CET [2023/04/12 1:38:05 ET]
Table '3576299607 1' 3-max Seat #2 is the button
Seat 2: Paul78337 (675 in chips) 
Seat 3: Mahu2021 (825 in chips) 
Paul78337: posts small blind 20
Mahu2021: posts big blind 40
*** HOLE CARDS ***
Dealt to Mahu2021 [3d Th]
Paul78337: calls 20
Mahu2021: checks 
*** FLOP *** [Kd 9c Jd]
Mahu2021: checks 
Paul78337: bets 40
Mahu2021: calls 40
*** TURN *** [Kd 9c Jd] [Qc]
Mahu2021: checks 
Paul78337: bets 40
Mahu2021: calls 40
*** RIVER *** [Kd 9c Jd Qc] [Kh]
Mahu2021: checks 
Paul78337: bets 40
Mahu2021: raises 665 to 705 and is all-in
Paul78337: folds 
Uncalled bet (665) returned to Mahu2021
Mahu2021 collected 320 from pot
Mahu2021: doesn't show hand 
*** SUMMARY ***
Total pot 320 | Rake 0 
Board [Kd 9c Jd Qc Kh]
Seat 2: Paul78337 (button) (small blind) folded on the River
Seat 3: Mahu2021 (big blind) collected (320)



PokerStars Hand #243039672132: Tournament #3576299607, $0.92+$0.08 USD Hold'em No Limit - Level III (20/40) - 2023/04/12 7:38:30 CET [2023/04/12 1:38:30 ET]
Table '3576299607 1' 3-max Seat #3 is the button
Seat 2: Paul78337 (515 in chips) 
Seat 3: Mahu2021 (985 in chips) 
Mahu2021: posts small blind 20
Paul78337: posts big blind 40
*** HOLE CARDS ***
Dealt to Mahu2021 [Ah Kh]
Mahu2021: raises 945 to 985 and is all-in
Paul78337: calls 475 and is all-in
Uncalled bet (470) returned to Mahu2021
*** FLOP *** [As Jc 5c]
*** TURN *** [As Jc 5c] [Qc]
*** RIVER *** [As Jc 5c Qc] [Kc]
*** SHOW DOWN ***
Paul78337: shows [9s Js] (a pair of Jacks)
Mahu2021: shows [Ah Kh] (two pair, Aces and Kings)
Mahu2021 collected 1030 from pot
Paul78337 finished the tournament in 2nd place
Mahu2021 wins the tournament and receives $2.00 - congratulations!
*** SUMMARY ***
Total pot 1030 | Rake 0 
Board [As Jc 5c Qc Kc]
Seat 2: Paul78337 (big blind) showed [9s Js] and lost with a pair of Jacks
Seat 3: Mahu2021 (button) (small blind) showed [Ah Kh] and won (1030) with two pair, Aces and Kings



