PokerStars Hand #244374918275: Tournament #3606850872, $0.92+$0.08 USD Hold'em No Limit - Level I (10/20) - 2023/06/20 19:51:06 CET [2023/06/20 13:51:06 ET]
Table '3606850872 1' 3-max Seat #1 is the button
Seat 1: DAEBS (500 in chips) 
Seat 2: serg150555 (500 in chips) 
Seat 3: Mahu2021 (500 in chips) 
serg150555: posts small blind 10
Mahu2021: posts big blind 20
*** HOLE CARDS ***
Dealt to Mahu2021 [9d 7h]
DAEBS: folds 
serg150555: raises 20 to 40
Mahu2021: folds 
Uncalled bet (20) returned to serg150555
serg150555 collected 40 from pot
*** SUMMARY ***
Total pot 40 | Rake 0 
Seat 1: DAEBS (button) folded before Flop (didn't bet)
Seat 2: serg150555 (small blind) collected (40)
Seat 3: Mahu2021 (big blind) folded before Flop



PokerStars Hand #244374921235: Tournament #3606850872, $0.92+$0.08 USD Hold'em No Limit - Level I (10/20) - 2023/06/20 19:51:17 CET [2023/06/20 13:51:17 ET]
Table '3606850872 1' 3-max Seat #2 is the button
Seat 1: DAEBS (500 in chips) 
Seat 2: serg150555 (520 in chips) 
Seat 3: Mahu2021 (480 in chips) 
Mahu2021: posts small blind 10
DAEBS: posts big blind 20
*** HOLE CARDS ***
Dealt to Mahu2021 [Kh 2h]
serg150555: raises 40 to 60
Mahu2021: folds 
DAEBS: calls 40
*** FLOP *** [9s 7h Kd]
DAEBS: checks 
serg150555: bets 65
DAEBS: raises 260 to 325
serg150555: folds 
Uncalled bet (260) returned to DAEBS
DAEBS collected 260 from pot
DAEBS: doesn't show hand 
*** SUMMARY ***
Total pot 260 | Rake 0 
Board [9s 7h Kd]
Seat 1: DAEBS (big blind) collected (260)
Seat 2: serg150555 (button) folded on the Flop
Seat 3: Mahu2021 (small blind) folded before Flop



PokerStars Hand #244374928959: Tournament #3606850872, $0.92+$0.08 USD Hold'em No Limit - Level I (10/20) - 2023/06/20 19:51:44 CET [2023/06/20 13:51:44 ET]
Table '3606850872 1' 3-max Seat #3 is the button
Seat 1: DAEBS (635 in chips) 
Seat 2: serg150555 (395 in chips) 
Seat 3: Mahu2021 (470 in chips) 
DAEBS: posts small blind 10
serg150555: posts big blind 20
*** HOLE CARDS ***
Dealt to Mahu2021 [2s Jd]
Mahu2021: folds 
DAEBS: folds 
Uncalled bet (10) returned to serg150555
serg150555 collected 20 from pot
*** SUMMARY ***
Total pot 20 | Rake 0 
Seat 1: DAEBS (small blind) folded before Flop
Seat 2: serg150555 (big blind) collected (20)
Seat 3: Mahu2021 (button) folded before Flop (didn't bet)



PokerStars Hand #244374930787: Tournament #3606850872, $0.92+$0.08 USD Hold'em No Limit - Level I (10/20) - 2023/06/20 19:51:51 CET [2023/06/20 13:51:51 ET]
Table '3606850872 1' 3-max Seat #1 is the button
Seat 1: DAEBS (625 in chips) 
Seat 2: serg150555 (405 in chips) 
Seat 3: Mahu2021 (470 in chips) 
serg150555: posts small blind 10
Mahu2021: posts big blind 20
*** HOLE CARDS ***
Dealt to Mahu2021 [2d Jc]
DAEBS: folds 
serg150555: folds 
Uncalled bet (10) returned to Mahu2021
Mahu2021 collected 20 from pot
Mahu2021: doesn't show hand 
*** SUMMARY ***
Total pot 20 | Rake 0 
Seat 1: DAEBS (button) folded before Flop (didn't bet)
Seat 2: serg150555 (small blind) folded before Flop
Seat 3: Mahu2021 (big blind) collected (20)



PokerStars Hand #244374932965: Tournament #3606850872, $0.92+$0.08 USD Hold'em No Limit - Level I (10/20) - 2023/06/20 19:51:59 CET [2023/06/20 13:51:59 ET]
Table '3606850872 1' 3-max Seat #2 is the button
Seat 1: DAEBS (625 in chips) 
Seat 2: serg150555 (395 in chips) 
Seat 3: Mahu2021 (480 in chips) 
Mahu2021: posts small blind 10
DAEBS: posts big blind 20
*** HOLE CARDS ***
Dealt to Mahu2021 [2d 2c]
serg150555: raises 40 to 60
Mahu2021: calls 50
DAEBS: calls 40
*** FLOP *** [3c 7h 5d]
Mahu2021: checks 
DAEBS: bets 565 and is all-in
serg150555: folds 
Mahu2021: folds 
Uncalled bet (565) returned to DAEBS
DAEBS collected 180 from pot
DAEBS: doesn't show hand 
*** SUMMARY ***
Total pot 180 | Rake 0 
Board [3c 7h 5d]
Seat 1: DAEBS (big blind) collected (180)
Seat 2: serg150555 (button) folded on the Flop
Seat 3: Mahu2021 (small blind) folded on the Flop



PokerStars Hand #244374938981: Tournament #3606850872, $0.92+$0.08 USD Hold'em No Limit - Level I (10/20) - 2023/06/20 19:52:20 CET [2023/06/20 13:52:20 ET]
Table '3606850872 1' 3-max Seat #3 is the button
Seat 1: DAEBS (745 in chips) 
Seat 2: serg150555 (335 in chips) 
Seat 3: Mahu2021 (420 in chips) 
DAEBS: posts small blind 10
serg150555: posts big blind 20
*** HOLE CARDS ***
Dealt to Mahu2021 [6s 2c]
Mahu2021: folds 
DAEBS: folds 
Uncalled bet (10) returned to serg150555
serg150555 collected 20 from pot
*** SUMMARY ***
Total pot 20 | Rake 0 
Seat 1: DAEBS (small blind) folded before Flop
Seat 2: serg150555 (big blind) collected (20)
Seat 3: Mahu2021 (button) folded before Flop (didn't bet)



PokerStars Hand #244374940666: Tournament #3606850872, $0.92+$0.08 USD Hold'em No Limit - Level I (10/20) - 2023/06/20 19:52:26 CET [2023/06/20 13:52:26 ET]
Table '3606850872 1' 3-max Seat #1 is the button
Seat 1: DAEBS (735 in chips) 
Seat 2: serg150555 (345 in chips) 
Seat 3: Mahu2021 (420 in chips) 
serg150555: posts small blind 10
Mahu2021: posts big blind 20
*** HOLE CARDS ***
Dealt to Mahu2021 [4c 8s]
DAEBS: calls 20
serg150555: raises 325 to 345 and is all-in
Mahu2021: folds 
DAEBS: folds 
Uncalled bet (325) returned to serg150555
serg150555 collected 60 from pot
*** SUMMARY ***
Total pot 60 | Rake 0 
Seat 1: DAEBS (button) folded before Flop
Seat 2: serg150555 (small blind) collected (60)
Seat 3: Mahu2021 (big blind) folded before Flop



PokerStars Hand #244374943197: Tournament #3606850872, $0.92+$0.08 USD Hold'em No Limit - Level I (10/20) - 2023/06/20 19:52:36 CET [2023/06/20 13:52:36 ET]
Table '3606850872 1' 3-max Seat #2 is the button
Seat 1: DAEBS (715 in chips) 
Seat 2: serg150555 (385 in chips) 
Seat 3: Mahu2021 (400 in chips) 
Mahu2021: posts small blind 10
DAEBS: posts big blind 20
*** HOLE CARDS ***
Dealt to Mahu2021 [As Qs]
serg150555: raises 40 to 60
Mahu2021: calls 50
DAEBS: folds 
*** FLOP *** [Ah Ts Qc]
Mahu2021: bets 340 and is all-in
serg150555: calls 325 and is all-in
Uncalled bet (15) returned to Mahu2021
*** TURN *** [Ah Ts Qc] [Kh]
*** RIVER *** [Ah Ts Qc Kh] [9c]
*** SHOW DOWN ***
Mahu2021: shows [As Qs] (two pair, Aces and Queens)
serg150555: shows [8s Ad] (a pair of Aces)
Mahu2021 collected 790 from pot
serg150555 finished the tournament in 3rd place
*** SUMMARY ***
Total pot 790 | Rake 0 
Board [Ah Ts Qc Kh 9c]
Seat 1: DAEBS (big blind) folded before Flop
Seat 2: serg150555 (button) showed [8s Ad] and lost with a pair of Aces
Seat 3: Mahu2021 (small blind) showed [As Qs] and won (790) with two pair, Aces and Queens



PokerStars Hand #244374949388: Tournament #3606850872, $0.92+$0.08 USD Hold'em No Limit - Level I (10/20) - 2023/06/20 19:52:58 CET [2023/06/20 13:52:58 ET]
Table '3606850872 1' 3-max Seat #1 is the button
Seat 1: DAEBS (695 in chips) 
Seat 3: Mahu2021 (805 in chips) 
DAEBS: posts small blind 10
Mahu2021: posts big blind 20
*** HOLE CARDS ***
Dealt to Mahu2021 [Kh 4d]
DAEBS: folds 
Uncalled bet (10) returned to Mahu2021
Mahu2021 collected 20 from pot
Mahu2021: doesn't show hand 
*** SUMMARY ***
Total pot 20 | Rake 0 
Seat 1: DAEBS (button) (small blind) folded before Flop
Seat 3: Mahu2021 (big blind) collected (20)



PokerStars Hand #244374950794: Tournament #3606850872, $0.92+$0.08 USD Hold'em No Limit - Level I (10/20) - 2023/06/20 19:53:03 CET [2023/06/20 13:53:03 ET]
Table '3606850872 1' 3-max Seat #3 is the button
Seat 1: DAEBS (685 in chips) 
Seat 3: Mahu2021 (815 in chips) 
Mahu2021: posts small blind 10
DAEBS: posts big blind 20
*** HOLE CARDS ***
Dealt to Mahu2021 [7h 9s]
Mahu2021: calls 10
DAEBS: raises 100 to 120
Mahu2021: folds 
Uncalled bet (100) returned to DAEBS
DAEBS collected 40 from pot
DAEBS: doesn't show hand 
*** SUMMARY ***
Total pot 40 | Rake 0 
Seat 1: DAEBS (big blind) collected (40)
Seat 3: Mahu2021 (button) (small blind) folded before Flop



PokerStars Hand #244374954287: Tournament #3606850872, $0.92+$0.08 USD Hold'em No Limit - Level II (15/30) - 2023/06/20 19:53:16 CET [2023/06/20 13:53:16 ET]
Table '3606850872 1' 3-max Seat #1 is the button
Seat 1: DAEBS (705 in chips) 
Seat 3: Mahu2021 (795 in chips) 
DAEBS: posts small blind 15
Mahu2021: posts big blind 30
*** HOLE CARDS ***
Dealt to Mahu2021 [3d As]
DAEBS: calls 15
Mahu2021: checks 
*** FLOP *** [Kd Ac Qs]
Mahu2021: checks 
DAEBS: bets 90
Mahu2021: raises 180 to 270
DAEBS: folds 
Uncalled bet (180) returned to Mahu2021
Mahu2021 collected 240 from pot
Mahu2021: doesn't show hand 
*** SUMMARY ***
Total pot 240 | Rake 0 
Board [Kd Ac Qs]
Seat 1: DAEBS (button) (small blind) folded on the Flop
Seat 3: Mahu2021 (big blind) collected (240)



PokerStars Hand #244374958736: Tournament #3606850872, $0.92+$0.08 USD Hold'em No Limit - Level II (15/30) - 2023/06/20 19:53:32 CET [2023/06/20 13:53:32 ET]
Table '3606850872 1' 3-max Seat #3 is the button
Seat 1: DAEBS (585 in chips) 
Seat 3: Mahu2021 (915 in chips) 
Mahu2021: posts small blind 15
DAEBS: posts big blind 30
*** HOLE CARDS ***
Dealt to Mahu2021 [9d Qs]
Mahu2021: calls 15
DAEBS: raises 150 to 180
Mahu2021: folds 
Uncalled bet (150) returned to DAEBS
DAEBS collected 60 from pot
DAEBS: doesn't show hand 
*** SUMMARY ***
Total pot 60 | Rake 0 
Seat 1: DAEBS (big blind) collected (60)
Seat 3: Mahu2021 (button) (small blind) folded before Flop



PokerStars Hand #244374962860: Tournament #3606850872, $0.92+$0.08 USD Hold'em No Limit - Level II (15/30) - 2023/06/20 19:53:47 CET [2023/06/20 13:53:47 ET]
Table '3606850872 1' 3-max Seat #1 is the button
Seat 1: DAEBS (615 in chips) 
Seat 3: Mahu2021 (885 in chips) 
DAEBS: posts small blind 15
Mahu2021: posts big blind 30
*** HOLE CARDS ***
Dealt to Mahu2021 [As Ad]
DAEBS: raises 120 to 150
Mahu2021: raises 735 to 885 and is all-in
DAEBS: calls 465 and is all-in
Uncalled bet (270) returned to Mahu2021
*** FLOP *** [Td 5s Kc]
*** TURN *** [Td 5s Kc] [4h]
*** RIVER *** [Td 5s Kc 4h] [Tc]
*** SHOW DOWN ***
Mahu2021: shows [As Ad] (two pair, Aces and Tens)
DAEBS: shows [9d 8s] (a pair of Tens)
Mahu2021 collected 1230 from pot
DAEBS finished the tournament in 2nd place
Mahu2021 wins the tournament and receives $2.00 - congratulations!
*** SUMMARY ***
Total pot 1230 | Rake 0 
Board [Td 5s Kc 4h Tc]
Seat 1: DAEBS (button) (small blind) showed [9d 8s] and lost with a pair of Tens
Seat 3: Mahu2021 (big blind) showed [As Ad] and won (1230) with two pair, Aces and Tens



