PokerStars Hand #242991352670: Tournament #3575196723, $0.92+$0.08 USD Hold'em No Limit - Level I (10/20) - 2023/04/09 22:19:34 CET [2023/04/09 16:19:34 ET]
Table '3575196723 1' 3-max Seat #1 is the button
Seat 1: Mahu2021 (500 in chips) 
Seat 2: UkSharkey (500 in chips) 
Seat 3: Insideout47 (500 in chips) 
UkSharkey: posts small blind 10
Insideout47: posts big blind 20
*** HOLE CARDS ***
Dealt to Mahu2021 [4s 5h]
Mahu2021: folds 
UkSharkey: calls 10
Insideout47: checks 
*** FLOP *** [Td 2h 5c]
UkSharkey: checks 
Insideout47: checks 
*** TURN *** [Td 2h 5c] [Ad]
UkSharkey: bets 20
Insideout47: calls 20
*** RIVER *** [Td 2h 5c Ad] [5d]
UkSharkey: bets 44
Insideout47: raises 76 to 120
UkSharkey: calls 76
*** SHOW DOWN ***
Insideout47: shows [4c 5s] (three of a kind, Fives)
UkSharkey: shows [9d 2d] (a flush, Ace high)
UkSharkey collected 320 from pot
*** SUMMARY ***
Total pot 320 | Rake 0 
Board [Td 2h 5c Ad 5d]
Seat 1: Mahu2021 (button) folded before Flop (didn't bet)
Seat 2: UkSharkey (small blind) showed [9d 2d] and won (320) with a flush, Ace high
Seat 3: Insideout47 (big blind) showed [4c 5s] and lost with three of a kind, Fives



PokerStars Hand #242991366325: Tournament #3575196723, $0.92+$0.08 USD Hold'em No Limit - Level I (10/20) - 2023/04/09 22:20:02 CET [2023/04/09 16:20:02 ET]
Table '3575196723 1' 3-max Seat #2 is the button
Seat 1: Mahu2021 (500 in chips) 
Seat 2: UkSharkey (660 in chips) 
Seat 3: Insideout47 (340 in chips) 
Insideout47: posts small blind 10
Mahu2021: posts big blind 20
*** HOLE CARDS ***
Dealt to Mahu2021 [8c 8s]
UkSharkey: raises 20 to 40
Insideout47: folds 
Mahu2021: raises 460 to 500 and is all-in
UkSharkey: folds 
Uncalled bet (460) returned to Mahu2021
Mahu2021 collected 90 from pot
Mahu2021: doesn't show hand 
*** SUMMARY ***
Total pot 90 | Rake 0 
Seat 1: Mahu2021 (big blind) collected (90)
Seat 2: UkSharkey (button) folded before Flop
Seat 3: Insideout47 (small blind) folded before Flop



PokerStars Hand #242991371017: Tournament #3575196723, $0.92+$0.08 USD Hold'em No Limit - Level I (10/20) - 2023/04/09 22:20:12 CET [2023/04/09 16:20:12 ET]
Table '3575196723 1' 3-max Seat #3 is the button
Seat 1: Mahu2021 (550 in chips) 
Seat 2: UkSharkey (620 in chips) 
Seat 3: Insideout47 (330 in chips) 
Mahu2021: posts small blind 10
UkSharkey: posts big blind 20
*** HOLE CARDS ***
Dealt to Mahu2021 [8d 9s]
Insideout47: folds 
Mahu2021: calls 10
UkSharkey: raises 70 to 90
Mahu2021: folds 
Uncalled bet (70) returned to UkSharkey
UkSharkey collected 40 from pot
*** SUMMARY ***
Total pot 40 | Rake 0 
Seat 1: Mahu2021 (small blind) folded before Flop
Seat 2: UkSharkey (big blind) collected (40)
Seat 3: Insideout47 (button) folded before Flop (didn't bet)



PokerStars Hand #242991376112: Tournament #3575196723, $0.92+$0.08 USD Hold'em No Limit - Level I (10/20) - 2023/04/09 22:20:22 CET [2023/04/09 16:20:22 ET]
Table '3575196723 1' 3-max Seat #1 is the button
Seat 1: Mahu2021 (530 in chips) 
Seat 2: UkSharkey (640 in chips) 
Seat 3: Insideout47 (330 in chips) 
UkSharkey: posts small blind 10
Insideout47: posts big blind 20
*** HOLE CARDS ***
Dealt to Mahu2021 [2h Qd]
Mahu2021: folds 
UkSharkey: folds 
Uncalled bet (10) returned to Insideout47
Insideout47 collected 20 from pot
Insideout47: doesn't show hand 
*** SUMMARY ***
Total pot 20 | Rake 0 
Seat 1: Mahu2021 (button) folded before Flop (didn't bet)
Seat 2: UkSharkey (small blind) folded before Flop
Seat 3: Insideout47 (big blind) collected (20)



PokerStars Hand #242991378859: Tournament #3575196723, $0.92+$0.08 USD Hold'em No Limit - Level I (10/20) - 2023/04/09 22:20:28 CET [2023/04/09 16:20:28 ET]
Table '3575196723 1' 3-max Seat #2 is the button
Seat 1: Mahu2021 (530 in chips) 
Seat 2: UkSharkey (630 in chips) 
Seat 3: Insideout47 (340 in chips) 
Insideout47: posts small blind 10
Mahu2021: posts big blind 20
*** HOLE CARDS ***
Dealt to Mahu2021 [4d 2s]
UkSharkey: calls 20
Insideout47: calls 10
Mahu2021: checks 
*** FLOP *** [4c Qc Qh]
Insideout47: checks 
Mahu2021: bets 60
UkSharkey: folds 
Insideout47: folds 
Uncalled bet (60) returned to Mahu2021
Mahu2021 collected 60 from pot
Mahu2021: doesn't show hand 
*** SUMMARY ***
Total pot 60 | Rake 0 
Board [4c Qc Qh]
Seat 1: Mahu2021 (big blind) collected (60)
Seat 2: UkSharkey (button) folded on the Flop
Seat 3: Insideout47 (small blind) folded on the Flop



PokerStars Hand #242991388194: Tournament #3575196723, $0.92+$0.08 USD Hold'em No Limit - Level I (10/20) - 2023/04/09 22:20:47 CET [2023/04/09 16:20:47 ET]
Table '3575196723 1' 3-max Seat #3 is the button
Seat 1: Mahu2021 (570 in chips) 
Seat 2: UkSharkey (610 in chips) 
Seat 3: Insideout47 (320 in chips) 
Mahu2021: posts small blind 10
UkSharkey: posts big blind 20
*** HOLE CARDS ***
Dealt to Mahu2021 [Ks 2c]
Insideout47: folds 
Mahu2021: calls 10
UkSharkey: checks 
*** FLOP *** [8h 5d 6c]
Mahu2021: checks 
UkSharkey: bets 20
Mahu2021: calls 20
*** TURN *** [8h 5d 6c] [Kh]
Mahu2021: checks 
UkSharkey: bets 40
Mahu2021: calls 40
*** RIVER *** [8h 5d 6c Kh] [Th]
Mahu2021: checks 
UkSharkey: checks 
*** SHOW DOWN ***
Mahu2021: shows [Ks 2c] (a pair of Kings)
UkSharkey: mucks hand 
Mahu2021 collected 160 from pot
*** SUMMARY ***
Total pot 160 | Rake 0 
Board [8h 5d 6c Kh Th]
Seat 1: Mahu2021 (small blind) showed [Ks 2c] and won (160) with a pair of Kings
Seat 2: UkSharkey (big blind) mucked [8s Qs]
Seat 3: Insideout47 (button) folded before Flop (didn't bet)



PokerStars Hand #242991398032: Tournament #3575196723, $0.92+$0.08 USD Hold'em No Limit - Level I (10/20) - 2023/04/09 22:21:08 CET [2023/04/09 16:21:08 ET]
Table '3575196723 1' 3-max Seat #1 is the button
Seat 1: Mahu2021 (650 in chips) 
Seat 2: UkSharkey (530 in chips) 
Seat 3: Insideout47 (320 in chips) 
UkSharkey: posts small blind 10
Insideout47: posts big blind 20
*** HOLE CARDS ***
Dealt to Mahu2021 [6d Tc]
Mahu2021: folds 
UkSharkey: folds 
Uncalled bet (10) returned to Insideout47
Insideout47 collected 20 from pot
Insideout47: doesn't show hand 
*** SUMMARY ***
Total pot 20 | Rake 0 
Seat 1: Mahu2021 (button) folded before Flop (didn't bet)
Seat 2: UkSharkey (small blind) folded before Flop
Seat 3: Insideout47 (big blind) collected (20)



PokerStars Hand #242991400568: Tournament #3575196723, $0.92+$0.08 USD Hold'em No Limit - Level I (10/20) - 2023/04/09 22:21:13 CET [2023/04/09 16:21:13 ET]
Table '3575196723 1' 3-max Seat #2 is the button
Seat 1: Mahu2021 (650 in chips) 
Seat 2: UkSharkey (520 in chips) 
Seat 3: Insideout47 (330 in chips) 
Insideout47: posts small blind 10
Mahu2021: posts big blind 20
*** HOLE CARDS ***
Dealt to Mahu2021 [5c 6s]
UkSharkey: raises 20 to 40
Insideout47: folds 
Mahu2021: calls 20
*** FLOP *** [Ah Kc 9d]
Mahu2021: checks 
UkSharkey: checks 
*** TURN *** [Ah Kc 9d] [Jh]
Mahu2021: bets 40
UkSharkey: calls 40
*** RIVER *** [Ah Kc 9d Jh] [8s]
Mahu2021: bets 120
UkSharkey: folds 
Uncalled bet (120) returned to Mahu2021
Mahu2021 collected 170 from pot
Mahu2021: doesn't show hand 
*** SUMMARY ***
Total pot 170 | Rake 0 
Board [Ah Kc 9d Jh 8s]
Seat 1: Mahu2021 (big blind) collected (170)
Seat 2: UkSharkey (button) folded on the River
Seat 3: Insideout47 (small blind) folded before Flop



PokerStars Hand #242991413007: Tournament #3575196723, $0.92+$0.08 USD Hold'em No Limit - Level II (15/30) - 2023/04/09 22:21:40 CET [2023/04/09 16:21:40 ET]
Table '3575196723 1' 3-max Seat #3 is the button
Seat 1: Mahu2021 (740 in chips) 
Seat 2: UkSharkey (440 in chips) 
Seat 3: Insideout47 (320 in chips) 
Mahu2021: posts small blind 15
UkSharkey: posts big blind 30
*** HOLE CARDS ***
Dealt to Mahu2021 [3d 5h]
Insideout47: folds 
Mahu2021: folds 
Uncalled bet (15) returned to UkSharkey
UkSharkey collected 30 from pot
*** SUMMARY ***
Total pot 30 | Rake 0 
Seat 1: Mahu2021 (small blind) folded before Flop
Seat 2: UkSharkey (big blind) collected (30)
Seat 3: Insideout47 (button) folded before Flop (didn't bet)



PokerStars Hand #242991416020: Tournament #3575196723, $0.92+$0.08 USD Hold'em No Limit - Level II (15/30) - 2023/04/09 22:21:46 CET [2023/04/09 16:21:46 ET]
Table '3575196723 1' 3-max Seat #1 is the button
Seat 1: Mahu2021 (725 in chips) 
Seat 2: UkSharkey (455 in chips) 
Seat 3: Insideout47 (320 in chips) 
UkSharkey: posts small blind 15
Insideout47: posts big blind 30
*** HOLE CARDS ***
Dealt to Mahu2021 [8h Qh]
Mahu2021: calls 30
UkSharkey: raises 30 to 60
Insideout47: folds 
Mahu2021: calls 30
*** FLOP *** [Jd 9c 3h]
UkSharkey: checks 
Mahu2021: checks 
*** TURN *** [Jd 9c 3h] [2d]
UkSharkey: checks 
Mahu2021: checks 
*** RIVER *** [Jd 9c 3h 2d] [5c]
UkSharkey: checks 
Mahu2021: checks 
*** SHOW DOWN ***
UkSharkey: shows [Kc Td] (high card King)
Mahu2021: mucks hand 
UkSharkey collected 150 from pot
*** SUMMARY ***
Total pot 150 | Rake 0 
Board [Jd 9c 3h 2d 5c]
Seat 1: Mahu2021 (button) mucked [8h Qh]
Seat 2: UkSharkey (small blind) showed [Kc Td] and won (150) with high card King
Seat 3: Insideout47 (big blind) folded before Flop



PokerStars Hand #242991426295: Tournament #3575196723, $0.92+$0.08 USD Hold'em No Limit - Level II (15/30) - 2023/04/09 22:22:08 CET [2023/04/09 16:22:08 ET]
Table '3575196723 1' 3-max Seat #2 is the button
Seat 1: Mahu2021 (665 in chips) 
Seat 2: UkSharkey (545 in chips) 
Seat 3: Insideout47 (290 in chips) 
Insideout47: posts small blind 15
Mahu2021: posts big blind 30
*** HOLE CARDS ***
Dealt to Mahu2021 [6h Js]
UkSharkey: calls 30
Insideout47: folds 
Mahu2021: checks 
*** FLOP *** [Kd 7s 6d]
Mahu2021: checks 
UkSharkey: bets 30
Mahu2021: calls 30
*** TURN *** [Kd 7s 6d] [8h]
Mahu2021: checks 
UkSharkey: bets 60
Mahu2021: calls 60
*** RIVER *** [Kd 7s 6d 8h] [Ad]
Mahu2021: checks 
UkSharkey: bets 120
Mahu2021: folds 
Uncalled bet (120) returned to UkSharkey
UkSharkey collected 255 from pot
*** SUMMARY ***
Total pot 255 | Rake 0 
Board [Kd 7s 6d 8h Ad]
Seat 1: Mahu2021 (big blind) folded on the River
Seat 2: UkSharkey (button) collected (255)
Seat 3: Insideout47 (small blind) folded before Flop



PokerStars Hand #242991436707: Tournament #3575196723, $0.92+$0.08 USD Hold'em No Limit - Level II (15/30) - 2023/04/09 22:22:29 CET [2023/04/09 16:22:29 ET]
Table '3575196723 1' 3-max Seat #3 is the button
Seat 1: Mahu2021 (545 in chips) 
Seat 2: UkSharkey (680 in chips) 
Seat 3: Insideout47 (275 in chips) 
Mahu2021: posts small blind 15
UkSharkey: posts big blind 30
*** HOLE CARDS ***
Dealt to Mahu2021 [8d 7d]
Insideout47: raises 245 to 275 and is all-in
Mahu2021: folds 
UkSharkey: folds 
Uncalled bet (245) returned to Insideout47
Insideout47 collected 75 from pot
Insideout47: doesn't show hand 
*** SUMMARY ***
Total pot 75 | Rake 0 
Seat 1: Mahu2021 (small blind) folded before Flop
Seat 2: UkSharkey (big blind) folded before Flop
Seat 3: Insideout47 (button) collected (75)



PokerStars Hand #242991441565: Tournament #3575196723, $0.92+$0.08 USD Hold'em No Limit - Level II (15/30) - 2023/04/09 22:22:40 CET [2023/04/09 16:22:40 ET]
Table '3575196723 1' 3-max Seat #1 is the button
Seat 1: Mahu2021 (530 in chips) 
Seat 2: UkSharkey (650 in chips) 
Seat 3: Insideout47 (320 in chips) 
UkSharkey: posts small blind 15
Insideout47: posts big blind 30
*** HOLE CARDS ***
Dealt to Mahu2021 [6s Ts]
Mahu2021: folds 
UkSharkey: folds 
Uncalled bet (15) returned to Insideout47
Insideout47 collected 30 from pot
Insideout47: doesn't show hand 
*** SUMMARY ***
Total pot 30 | Rake 0 
Seat 1: Mahu2021 (button) folded before Flop (didn't bet)
Seat 2: UkSharkey (small blind) folded before Flop
Seat 3: Insideout47 (big blind) collected (30)



PokerStars Hand #242991444332: Tournament #3575196723, $0.92+$0.08 USD Hold'em No Limit - Level II (15/30) - 2023/04/09 22:22:46 CET [2023/04/09 16:22:46 ET]
Table '3575196723 1' 3-max Seat #2 is the button
Seat 1: Mahu2021 (530 in chips) 
Seat 2: UkSharkey (635 in chips) 
Seat 3: Insideout47 (335 in chips) 
Insideout47: posts small blind 15
Mahu2021: posts big blind 30
*** HOLE CARDS ***
Dealt to Mahu2021 [Qh 8c]
UkSharkey: raises 45 to 75
Insideout47: folds 
Mahu2021: calls 45
*** FLOP *** [9d 7s Js]
Mahu2021: checks 
UkSharkey: bets 91
Mahu2021: folds 
Uncalled bet (91) returned to UkSharkey
UkSharkey collected 165 from pot
*** SUMMARY ***
Total pot 165 | Rake 0 
Board [9d 7s Js]
Seat 1: Mahu2021 (big blind) folded on the Flop
Seat 2: UkSharkey (button) collected (165)
Seat 3: Insideout47 (small blind) folded before Flop



PokerStars Hand #242991451185: Tournament #3575196723, $0.92+$0.08 USD Hold'em No Limit - Level II (15/30) - 2023/04/09 22:23:00 CET [2023/04/09 16:23:00 ET]
Table '3575196723 1' 3-max Seat #3 is the button
Seat 1: Mahu2021 (455 in chips) 
Seat 2: UkSharkey (725 in chips) 
Seat 3: Insideout47 (320 in chips) 
Mahu2021: posts small blind 15
UkSharkey: posts big blind 30
*** HOLE CARDS ***
Dealt to Mahu2021 [2h 9s]
Insideout47: folds 
Mahu2021: folds 
Uncalled bet (15) returned to UkSharkey
UkSharkey collected 30 from pot
*** SUMMARY ***
Total pot 30 | Rake 0 
Seat 1: Mahu2021 (small blind) folded before Flop
Seat 2: UkSharkey (big blind) collected (30)
Seat 3: Insideout47 (button) folded before Flop (didn't bet)



PokerStars Hand #242991453511: Tournament #3575196723, $0.92+$0.08 USD Hold'em No Limit - Level II (15/30) - 2023/04/09 22:23:05 CET [2023/04/09 16:23:05 ET]
Table '3575196723 1' 3-max Seat #1 is the button
Seat 1: Mahu2021 (440 in chips) 
Seat 2: UkSharkey (740 in chips) 
Seat 3: Insideout47 (320 in chips) 
UkSharkey: posts small blind 15
Insideout47: posts big blind 30
*** HOLE CARDS ***
Dealt to Mahu2021 [Qs Ts]
Mahu2021: raises 30 to 60
UkSharkey: calls 45
Insideout47: folds 
*** FLOP *** [4d Td 7h]
UkSharkey: checks 
Mahu2021: bets 150
UkSharkey: raises 530 to 680 and is all-in
Mahu2021: calls 230 and is all-in
Uncalled bet (300) returned to UkSharkey
*** TURN *** [4d Td 7h] [Ks]
*** RIVER *** [4d Td 7h Ks] [Qh]
*** SHOW DOWN ***
UkSharkey: shows [Kh 8h] (a pair of Kings)
Mahu2021: shows [Qs Ts] (two pair, Queens and Tens)
Mahu2021 collected 910 from pot
*** SUMMARY ***
Total pot 910 | Rake 0 
Board [4d Td 7h Ks Qh]
Seat 1: Mahu2021 (button) showed [Qs Ts] and won (910) with two pair, Queens and Tens
Seat 2: UkSharkey (small blind) showed [Kh 8h] and lost with a pair of Kings
Seat 3: Insideout47 (big blind) folded before Flop



PokerStars Hand #242991471371: Tournament #3575196723, $0.92+$0.08 USD Hold'em No Limit - Level III (20/40) - 2023/04/09 22:23:42 CET [2023/04/09 16:23:42 ET]
Table '3575196723 1' 3-max Seat #2 is the button
Seat 1: Mahu2021 (910 in chips) 
Seat 2: UkSharkey (300 in chips) 
Seat 3: Insideout47 (290 in chips) 
Insideout47: posts small blind 20
Mahu2021: posts big blind 40
*** HOLE CARDS ***
Dealt to Mahu2021 [3d 3s]
UkSharkey: raises 40 to 80
Insideout47: raises 210 to 290 and is all-in
Mahu2021: raises 620 to 910 and is all-in
UkSharkey: calls 220 and is all-in
Uncalled bet (610) returned to Mahu2021
*** FLOP *** [4d Ah 5s]
*** TURN *** [4d Ah 5s] [Kc]
*** RIVER *** [4d Ah 5s Kc] [5c]
*** SHOW DOWN ***
Mahu2021: shows [3d 3s] (two pair, Fives and Threes)
UkSharkey: shows [Qc Th] (a pair of Fives)
Mahu2021 collected 20 from side pot
Insideout47: shows [Ac Tc] (two pair, Aces and Fives)
Insideout47 collected 870 from main pot
UkSharkey finished the tournament in 3rd place
*** SUMMARY ***
Total pot 890 Main pot 870. Side pot 20. | Rake 0 
Board [4d Ah 5s Kc 5c]
Seat 1: Mahu2021 (big blind) showed [3d 3s] and won (20) with two pair, Fives and Threes
Seat 2: UkSharkey (button) showed [Qc Th] and lost with a pair of Fives
Seat 3: Insideout47 (small blind) showed [Ac Tc] and won (870) with two pair, Aces and Fives



PokerStars Hand #242991481268: Tournament #3575196723, $0.92+$0.08 USD Hold'em No Limit - Level III (20/40) - 2023/04/09 22:24:03 CET [2023/04/09 16:24:03 ET]
Table '3575196723 1' 3-max Seat #1 is the button
Seat 1: Mahu2021 (630 in chips) 
Seat 3: Insideout47 (870 in chips) 
Mahu2021: posts small blind 20
Insideout47: posts big blind 40
*** HOLE CARDS ***
Dealt to Mahu2021 [Ah Jh]
Mahu2021: calls 20
Insideout47: checks 
*** FLOP *** [Qd Tc 9c]
Insideout47: checks 
Mahu2021: bets 40
Insideout47: folds 
Uncalled bet (40) returned to Mahu2021
Mahu2021 collected 80 from pot
Mahu2021: doesn't show hand 
*** SUMMARY ***
Total pot 80 | Rake 0 
Board [Qd Tc 9c]
Seat 1: Mahu2021 (button) (small blind) collected (80)
Seat 3: Insideout47 (big blind) folded on the Flop



PokerStars Hand #242991490682: Tournament #3575196723, $0.92+$0.08 USD Hold'em No Limit - Level III (20/40) - 2023/04/09 22:24:23 CET [2023/04/09 16:24:23 ET]
Table '3575196723 1' 3-max Seat #3 is the button
Seat 1: Mahu2021 (670 in chips) 
Seat 3: Insideout47 (830 in chips) 
Insideout47: posts small blind 20
Mahu2021: posts big blind 40
*** HOLE CARDS ***
Dealt to Mahu2021 [Qs Ks]
Insideout47: folds 
Uncalled bet (20) returned to Mahu2021
Mahu2021 collected 40 from pot
Mahu2021: doesn't show hand 
*** SUMMARY ***
Total pot 40 | Rake 0 
Seat 1: Mahu2021 (big blind) collected (40)
Seat 3: Insideout47 (button) (small blind) folded before Flop



PokerStars Hand #242991493396: Tournament #3575196723, $0.92+$0.08 USD Hold'em No Limit - Level III (20/40) - 2023/04/09 22:24:29 CET [2023/04/09 16:24:29 ET]
Table '3575196723 1' 3-max Seat #1 is the button
Seat 1: Mahu2021 (690 in chips) 
Seat 3: Insideout47 (810 in chips) 
Mahu2021: posts small blind 20
Insideout47: posts big blind 40
*** HOLE CARDS ***
Dealt to Mahu2021 [2c 8d]
Mahu2021: folds 
Uncalled bet (20) returned to Insideout47
Insideout47 collected 40 from pot
Insideout47: doesn't show hand 
*** SUMMARY ***
Total pot 40 | Rake 0 
Seat 1: Mahu2021 (button) (small blind) folded before Flop
Seat 3: Insideout47 (big blind) collected (40)



PokerStars Hand #242991495567: Tournament #3575196723, $0.92+$0.08 USD Hold'em No Limit - Level III (20/40) - 2023/04/09 22:24:33 CET [2023/04/09 16:24:33 ET]
Table '3575196723 1' 3-max Seat #3 is the button
Seat 1: Mahu2021 (670 in chips) 
Seat 3: Insideout47 (830 in chips) 
Insideout47: posts small blind 20
Mahu2021: posts big blind 40
*** HOLE CARDS ***
Dealt to Mahu2021 [Kh 3h]
Insideout47: folds 
Uncalled bet (20) returned to Mahu2021
Mahu2021 collected 40 from pot
Mahu2021: doesn't show hand 
*** SUMMARY ***
Total pot 40 | Rake 0 
Seat 1: Mahu2021 (big blind) collected (40)
Seat 3: Insideout47 (button) (small blind) folded before Flop



PokerStars Hand #242991497670: Tournament #3575196723, $0.92+$0.08 USD Hold'em No Limit - Level III (20/40) - 2023/04/09 22:24:38 CET [2023/04/09 16:24:38 ET]
Table '3575196723 1' 3-max Seat #1 is the button
Seat 1: Mahu2021 (690 in chips) 
Seat 3: Insideout47 (810 in chips) 
Mahu2021: posts small blind 20
Insideout47: posts big blind 40
*** HOLE CARDS ***
Dealt to Mahu2021 [8s 5s]
Mahu2021: calls 20
Insideout47: checks 
*** FLOP *** [6h Js 8h]
Insideout47: checks 
Mahu2021: bets 40
Insideout47: calls 40
*** TURN *** [6h Js 8h] [7c]
Insideout47: checks 
Mahu2021: checks 
*** RIVER *** [6h Js 8h 7c] [5d]
Insideout47: checks 
Mahu2021: bets 160
Insideout47: folds 
Uncalled bet (160) returned to Mahu2021
Mahu2021 collected 160 from pot
Mahu2021: doesn't show hand 
*** SUMMARY ***
Total pot 160 | Rake 0 
Board [6h Js 8h 7c 5d]
Seat 1: Mahu2021 (button) (small blind) collected (160)
Seat 3: Insideout47 (big blind) folded on the River



PokerStars Hand #242991510383: Tournament #3575196723, $0.92+$0.08 USD Hold'em No Limit - Level III (20/40) - 2023/04/09 22:25:04 CET [2023/04/09 16:25:04 ET]
Table '3575196723 1' 3-max Seat #3 is the button
Seat 1: Mahu2021 (770 in chips) 
Seat 3: Insideout47 (730 in chips) 
Insideout47: posts small blind 20
Mahu2021: posts big blind 40
*** HOLE CARDS ***
Dealt to Mahu2021 [5d 2d]
Insideout47: raises 40 to 80
Mahu2021: calls 40
*** FLOP *** [3c Ah 2s]
Mahu2021: checks 
Insideout47: bets 48
Mahu2021: calls 48
*** TURN *** [3c Ah 2s] [Ts]
Mahu2021: checks 
Insideout47: checks 
*** RIVER *** [3c Ah 2s Ts] [Tc]
Mahu2021: checks 
Insideout47: checks 
*** SHOW DOWN ***
Mahu2021: shows [5d 2d] (two pair, Tens and Deuces)
Insideout47: mucks hand 
Mahu2021 collected 256 from pot
*** SUMMARY ***
Total pot 256 | Rake 0 
Board [3c Ah 2s Ts Tc]
Seat 1: Mahu2021 (big blind) showed [5d 2d] and won (256) with two pair, Tens and Deuces
Seat 3: Insideout47 (button) (small blind) mucked [7h 6h]



PokerStars Hand #242991521339: Tournament #3575196723, $0.92+$0.08 USD Hold'em No Limit - Level III (20/40) - 2023/04/09 22:25:27 CET [2023/04/09 16:25:27 ET]
Table '3575196723 1' 3-max Seat #1 is the button
Seat 1: Mahu2021 (898 in chips) 
Seat 3: Insideout47 (602 in chips) 
Mahu2021: posts small blind 20
Insideout47: posts big blind 40
*** HOLE CARDS ***
Dealt to Mahu2021 [7s 8d]
Mahu2021: calls 20
Insideout47: checks 
*** FLOP *** [3c Jd 2c]
Insideout47: checks 
Mahu2021: bets 40
Insideout47: calls 40
*** TURN *** [3c Jd 2c] [3s]
Insideout47: checks 
Mahu2021: checks 
*** RIVER *** [3c Jd 2c 3s] [Qh]
Insideout47: bets 80
Mahu2021: folds 
Uncalled bet (80) returned to Insideout47
Insideout47 collected 160 from pot
Insideout47: doesn't show hand 
*** SUMMARY ***
Total pot 160 | Rake 0 
Board [3c Jd 2c 3s Qh]
Seat 1: Mahu2021 (button) (small blind) folded on the River
Seat 3: Insideout47 (big blind) collected (160)



PokerStars Hand #242991538762: Tournament #3575196723, $0.92+$0.08 USD Hold'em No Limit - Level IV (30/60) - 2023/04/09 22:26:04 CET [2023/04/09 16:26:04 ET]
Table '3575196723 1' 3-max Seat #3 is the button
Seat 1: Mahu2021 (818 in chips) 
Seat 3: Insideout47 (682 in chips) 
Insideout47: posts small blind 30
Mahu2021: posts big blind 60
*** HOLE CARDS ***
Dealt to Mahu2021 [Jd 3d]
Insideout47: folds 
Uncalled bet (30) returned to Mahu2021
Mahu2021 collected 60 from pot
Mahu2021: doesn't show hand 
*** SUMMARY ***
Total pot 60 | Rake 0 
Seat 1: Mahu2021 (big blind) collected (60)
Seat 3: Insideout47 (button) (small blind) folded before Flop



PokerStars Hand #242991541122: Tournament #3575196723, $0.92+$0.08 USD Hold'em No Limit - Level IV (30/60) - 2023/04/09 22:26:09 CET [2023/04/09 16:26:09 ET]
Table '3575196723 1' 3-max Seat #1 is the button
Seat 1: Mahu2021 (848 in chips) 
Seat 3: Insideout47 (652 in chips) 
Mahu2021: posts small blind 30
Insideout47: posts big blind 60
*** HOLE CARDS ***
Dealt to Mahu2021 [8d 7c]
Mahu2021: calls 30
Insideout47: checks 
*** FLOP *** [2c Jh 3h]
Insideout47: checks 
Mahu2021: bets 60
Insideout47: folds 
Uncalled bet (60) returned to Mahu2021
Mahu2021 collected 120 from pot
Mahu2021: doesn't show hand 
*** SUMMARY ***
Total pot 120 | Rake 0 
Board [2c Jh 3h]
Seat 1: Mahu2021 (button) (small blind) collected (120)
Seat 3: Insideout47 (big blind) folded on the Flop



PokerStars Hand #242991552261: Tournament #3575196723, $0.92+$0.08 USD Hold'em No Limit - Level IV (30/60) - 2023/04/09 22:26:32 CET [2023/04/09 16:26:32 ET]
Table '3575196723 1' 3-max Seat #3 is the button
Seat 1: Mahu2021 (908 in chips) 
Seat 3: Insideout47 (592 in chips) 
Insideout47: posts small blind 30
Mahu2021: posts big blind 60
*** HOLE CARDS ***
Dealt to Mahu2021 [Jd 2c]
Insideout47: raises 532 to 592 and is all-in
Mahu2021: folds 
Uncalled bet (532) returned to Insideout47
Insideout47 collected 120 from pot
Insideout47: doesn't show hand 
*** SUMMARY ***
Total pot 120 | Rake 0 
Seat 1: Mahu2021 (big blind) folded before Flop
Seat 3: Insideout47 (button) (small blind) collected (120)



PokerStars Hand #242991555708: Tournament #3575196723, $0.92+$0.08 USD Hold'em No Limit - Level IV (30/60) - 2023/04/09 22:26:40 CET [2023/04/09 16:26:40 ET]
Table '3575196723 1' 3-max Seat #1 is the button
Seat 1: Mahu2021 (848 in chips) 
Seat 3: Insideout47 (652 in chips) 
Mahu2021: posts small blind 30
Insideout47: posts big blind 60
*** HOLE CARDS ***
Dealt to Mahu2021 [Ah Ac]
Mahu2021: raises 60 to 120
Insideout47: calls 60
*** FLOP *** [7h 3h 3c]
Insideout47: checks 
Mahu2021: bets 728 and is all-in
Insideout47: folds 
Uncalled bet (728) returned to Mahu2021
Mahu2021 collected 240 from pot
Mahu2021: doesn't show hand 
*** SUMMARY ***
Total pot 240 | Rake 0 
Board [7h 3h 3c]
Seat 1: Mahu2021 (button) (small blind) collected (240)
Seat 3: Insideout47 (big blind) folded on the Flop



PokerStars Hand #242991564224: Tournament #3575196723, $0.92+$0.08 USD Hold'em No Limit - Level IV (30/60) - 2023/04/09 22:26:58 CET [2023/04/09 16:26:58 ET]
Table '3575196723 1' 3-max Seat #3 is the button
Seat 1: Mahu2021 (968 in chips) 
Seat 3: Insideout47 (532 in chips) 
Insideout47: posts small blind 30
Mahu2021: posts big blind 60
*** HOLE CARDS ***
Dealt to Mahu2021 [6s 3h]
Insideout47: raises 472 to 532 and is all-in
Mahu2021: folds 
Uncalled bet (472) returned to Insideout47
Insideout47 collected 120 from pot
Insideout47: doesn't show hand 
*** SUMMARY ***
Total pot 120 | Rake 0 
Seat 1: Mahu2021 (big blind) folded before Flop
Seat 3: Insideout47 (button) (small blind) collected (120)



PokerStars Hand #242991567966: Tournament #3575196723, $0.92+$0.08 USD Hold'em No Limit - Level IV (30/60) - 2023/04/09 22:27:05 CET [2023/04/09 16:27:05 ET]
Table '3575196723 1' 3-max Seat #1 is the button
Seat 1: Mahu2021 (908 in chips) 
Seat 3: Insideout47 (592 in chips) 
Mahu2021: posts small blind 30
Insideout47: posts big blind 60
*** HOLE CARDS ***
Dealt to Mahu2021 [Ac 2d]
Mahu2021: calls 30
Insideout47: checks 
*** FLOP *** [Kc Qc Jd]
Insideout47: checks 
Mahu2021: bets 60
Insideout47: folds 
Uncalled bet (60) returned to Mahu2021
Mahu2021 collected 120 from pot
Mahu2021: doesn't show hand 
*** SUMMARY ***
Total pot 120 | Rake 0 
Board [Kc Qc Jd]
Seat 1: Mahu2021 (button) (small blind) collected (120)
Seat 3: Insideout47 (big blind) folded on the Flop



PokerStars Hand #242991572772: Tournament #3575196723, $0.92+$0.08 USD Hold'em No Limit - Level IV (30/60) - 2023/04/09 22:27:16 CET [2023/04/09 16:27:16 ET]
Table '3575196723 1' 3-max Seat #3 is the button
Seat 1: Mahu2021 (968 in chips) 
Seat 3: Insideout47 (532 in chips) 
Insideout47: posts small blind 30
Mahu2021: posts big blind 60
*** HOLE CARDS ***
Dealt to Mahu2021 [Ah 9h]
Insideout47: folds 
Uncalled bet (30) returned to Mahu2021
Mahu2021 collected 60 from pot
Mahu2021: doesn't show hand 
*** SUMMARY ***
Total pot 60 | Rake 0 
Seat 1: Mahu2021 (big blind) collected (60)
Seat 3: Insideout47 (button) (small blind) folded before Flop



PokerStars Hand #242991575116: Tournament #3575196723, $0.92+$0.08 USD Hold'em No Limit - Level IV (30/60) - 2023/04/09 22:27:21 CET [2023/04/09 16:27:21 ET]
Table '3575196723 1' 3-max Seat #1 is the button
Seat 1: Mahu2021 (998 in chips) 
Seat 3: Insideout47 (502 in chips) 
Mahu2021: posts small blind 30
Insideout47: posts big blind 60
*** HOLE CARDS ***
Dealt to Mahu2021 [Ad 7s]
Mahu2021: raises 60 to 120
Insideout47: raises 382 to 502 and is all-in
Mahu2021: calls 382
*** FLOP *** [4c Kh As]
*** TURN *** [4c Kh As] [Td]
*** RIVER *** [4c Kh As Td] [9s]
*** SHOW DOWN ***
Insideout47: shows [Kd 9d] (two pair, Kings and Nines)
Mahu2021: shows [Ad 7s] (a pair of Aces)
Insideout47 collected 1004 from pot
*** SUMMARY ***
Total pot 1004 | Rake 0 
Board [4c Kh As Td 9s]
Seat 1: Mahu2021 (button) (small blind) showed [Ad 7s] and lost with a pair of Aces
Seat 3: Insideout47 (big blind) showed [Kd 9d] and won (1004) with two pair, Kings and Nines



PokerStars Hand #242991581800: Tournament #3575196723, $0.92+$0.08 USD Hold'em No Limit - Level IV (30/60) - 2023/04/09 22:27:35 CET [2023/04/09 16:27:35 ET]
Table '3575196723 1' 3-max Seat #3 is the button
Seat 1: Mahu2021 (496 in chips) 
Seat 3: Insideout47 (1004 in chips) 
Insideout47: posts small blind 30
Mahu2021: posts big blind 60
*** HOLE CARDS ***
Dealt to Mahu2021 [Kc 3s]
Insideout47: raises 944 to 1004 and is all-in
Mahu2021: calls 436 and is all-in
Uncalled bet (508) returned to Insideout47
*** FLOP *** [4h As Kh]
*** TURN *** [4h As Kh] [7c]
*** RIVER *** [4h As Kh 7c] [7d]
*** SHOW DOWN ***
Mahu2021: shows [Kc 3s] (two pair, Kings and Sevens)
Insideout47: shows [7h 7s] (four of a kind, Sevens)
Insideout47 collected 992 from pot
Mahu2021 finished the tournament in 2nd place
Insideout47 wins the tournament and receives $2.00 - congratulations!
*** SUMMARY ***
Total pot 992 | Rake 0 
Board [4h As Kh 7c 7d]
Seat 1: Mahu2021 (big blind) showed [Kc 3s] and lost with two pair, Kings and Sevens
Seat 3: Insideout47 (button) (small blind) showed [7h 7s] and won (992) with four of a kind, Sevens



