PokerStars Hand #253205637457: Tournament #3818933440, $1.84+$0.16 USD Hold'em No Limit - Level I (10/20) - 2024/11/01 20:36:25 CET [2024/11/01 15:36:25 ET]
Table '3818933440 1' 3-max Seat #1 is the button
Seat 1: A-Lisa210 (500 in chips) 
Seat 2: BIZERT (500 in chips) 
Seat 3: Mahu2021 (500 in chips) 
BIZERT: posts small blind 10
Mahu2021: posts big blind 20
*** HOLE CARDS ***
Dealt to Mahu2021 [Kd 6h]
A-Lisa210: folds 
BIZERT: folds 
Uncalled bet (10) returned to Mahu2021
Mahu2021 collected 20 from pot
Mahu2021: doesn't show hand 
*** SUMMARY ***
Total pot 20 | Rake 0 
Seat 1: A-Lisa210 (button) folded before Flop (didn't bet)
Seat 2: BIZERT (small blind) folded before Flop
Seat 3: Mahu2021 (big blind) collected (20)



PokerStars Hand #253205639166: Tournament #3818933440, $1.84+$0.16 USD Hold'em No Limit - Level I (10/20) - 2024/11/01 20:36:31 CET [2024/11/01 15:36:31 ET]
Table '3818933440 1' 3-max Seat #2 is the button
Seat 1: A-Lisa210 (500 in chips) 
Seat 2: BIZERT (490 in chips) 
Seat 3: Mahu2021 (510 in chips) 
Mahu2021: posts small blind 10
A-Lisa210: posts big blind 20
*** HOLE CARDS ***
Dealt to Mahu2021 [Ks 8d]
BIZERT: folds 
Mahu2021: raises 20 to 40
A-Lisa210: calls 20
*** FLOP *** [Th 6h Td]
Mahu2021: checks 
A-Lisa210: bets 20
Mahu2021: folds 
Uncalled bet (20) returned to A-Lisa210
A-Lisa210 collected 80 from pot
A-Lisa210: doesn't show hand 
*** SUMMARY ***
Total pot 80 | Rake 0 
Board [Th 6h Td]
Seat 1: A-Lisa210 (big blind) collected (80)
Seat 2: BIZERT (button) folded before Flop (didn't bet)
Seat 3: Mahu2021 (small blind) folded on the Flop



PokerStars Hand #253205642867: Tournament #3818933440, $1.84+$0.16 USD Hold'em No Limit - Level I (10/20) - 2024/11/01 20:36:44 CET [2024/11/01 15:36:44 ET]
Table '3818933440 1' 3-max Seat #3 is the button
Seat 1: A-Lisa210 (540 in chips) 
Seat 2: BIZERT (490 in chips) 
Seat 3: Mahu2021 (470 in chips) 
A-Lisa210: posts small blind 10
BIZERT: posts big blind 20
*** HOLE CARDS ***
Dealt to Mahu2021 [7s 9s]
Mahu2021: raises 20 to 40
A-Lisa210: calls 30
BIZERT: folds 
*** FLOP *** [Qs 3h Tc]
A-Lisa210: checks 
Mahu2021: checks 
*** TURN *** [Qs 3h Tc] [Ac]
A-Lisa210: checks 
Mahu2021: bets 40
A-Lisa210: calls 40
*** RIVER *** [Qs 3h Tc Ac] [3c]
A-Lisa210: bets 60
Mahu2021: folds 
Uncalled bet (60) returned to A-Lisa210
A-Lisa210 collected 180 from pot
*** SUMMARY ***
Total pot 180 | Rake 0 
Board [Qs 3h Tc Ac 3c]
Seat 1: A-Lisa210 (small blind) collected (180)
Seat 2: BIZERT (big blind) folded before Flop
Seat 3: Mahu2021 (button) folded on the River



PokerStars Hand #253205651192: Tournament #3818933440, $1.84+$0.16 USD Hold'em No Limit - Level I (10/20) - 2024/11/01 20:37:14 CET [2024/11/01 15:37:14 ET]
Table '3818933440 1' 3-max Seat #1 is the button
Seat 1: A-Lisa210 (640 in chips) 
Seat 2: BIZERT (470 in chips) 
Seat 3: Mahu2021 (390 in chips) 
BIZERT: posts small blind 10
Mahu2021: posts big blind 20
*** HOLE CARDS ***
Dealt to Mahu2021 [Js 7h]
A-Lisa210: folds 
BIZERT: folds 
Uncalled bet (10) returned to Mahu2021
Mahu2021 collected 20 from pot
Mahu2021: doesn't show hand 
*** SUMMARY ***
Total pot 20 | Rake 0 
Seat 1: A-Lisa210 (button) folded before Flop (didn't bet)
Seat 2: BIZERT (small blind) folded before Flop
Seat 3: Mahu2021 (big blind) collected (20)



PokerStars Hand #253205653375: Tournament #3818933440, $1.84+$0.16 USD Hold'em No Limit - Level I (10/20) - 2024/11/01 20:37:21 CET [2024/11/01 15:37:21 ET]
Table '3818933440 1' 3-max Seat #2 is the button
Seat 1: A-Lisa210 (640 in chips) 
Seat 2: BIZERT (460 in chips) 
Seat 3: Mahu2021 (400 in chips) 
Mahu2021: posts small blind 10
A-Lisa210: posts big blind 20
*** HOLE CARDS ***
Dealt to Mahu2021 [Ks As]
BIZERT: raises 20 to 40
Mahu2021: calls 30
A-Lisa210: calls 20
*** FLOP *** [8h 4s 8c]
Mahu2021: checks 
A-Lisa210: bets 20
BIZERT: raises 80 to 100
Mahu2021: folds 
A-Lisa210: folds 
Uncalled bet (80) returned to BIZERT
BIZERT collected 160 from pot
*** SUMMARY ***
Total pot 160 | Rake 0 
Board [8h 4s 8c]
Seat 1: A-Lisa210 (big blind) folded on the Flop
Seat 2: BIZERT (button) collected (160)
Seat 3: Mahu2021 (small blind) folded on the Flop



PokerStars Hand #253205658232: Tournament #3818933440, $1.84+$0.16 USD Hold'em No Limit - Level I (10/20) - 2024/11/01 20:37:38 CET [2024/11/01 15:37:38 ET]
Table '3818933440 1' 3-max Seat #3 is the button
Seat 1: A-Lisa210 (580 in chips) 
Seat 2: BIZERT (560 in chips) 
Seat 3: Mahu2021 (360 in chips) 
A-Lisa210: posts small blind 10
BIZERT: posts big blind 20
*** HOLE CARDS ***
Dealt to Mahu2021 [Kh 9s]
Mahu2021: calls 20
A-Lisa210: calls 10
BIZERT: checks 
*** FLOP *** [7c Ks 7s]
A-Lisa210: checks 
BIZERT: checks 
Mahu2021: bets 20
A-Lisa210: folds 
BIZERT: folds 
Uncalled bet (20) returned to Mahu2021
Mahu2021 collected 60 from pot
Mahu2021: doesn't show hand 
*** SUMMARY ***
Total pot 60 | Rake 0 
Board [7c Ks 7s]
Seat 1: A-Lisa210 (small blind) folded on the Flop
Seat 2: BIZERT (big blind) folded on the Flop
Seat 3: Mahu2021 (button) collected (60)



PokerStars Hand #253205662757: Tournament #3818933440, $1.84+$0.16 USD Hold'em No Limit - Level I (10/20) - 2024/11/01 20:37:54 CET [2024/11/01 15:37:54 ET]
Table '3818933440 1' 3-max Seat #1 is the button
Seat 1: A-Lisa210 (560 in chips) 
Seat 2: BIZERT (540 in chips) 
Seat 3: Mahu2021 (400 in chips) 
BIZERT: posts small blind 10
Mahu2021: posts big blind 20
*** HOLE CARDS ***
Dealt to Mahu2021 [2s 7h]
A-Lisa210: calls 20
BIZERT: raises 520 to 540 and is all-in
Mahu2021: folds 
A-Lisa210: folds 
Uncalled bet (520) returned to BIZERT
BIZERT collected 60 from pot
*** SUMMARY ***
Total pot 60 | Rake 0 
Seat 1: A-Lisa210 (button) folded before Flop
Seat 2: BIZERT (small blind) collected (60)
Seat 3: Mahu2021 (big blind) folded before Flop



PokerStars Hand #253205665787: Tournament #3818933440, $1.84+$0.16 USD Hold'em No Limit - Level I (10/20) - 2024/11/01 20:38:05 CET [2024/11/01 15:38:05 ET]
Table '3818933440 1' 3-max Seat #2 is the button
Seat 1: A-Lisa210 (540 in chips) 
Seat 2: BIZERT (580 in chips) 
Seat 3: Mahu2021 (380 in chips) 
Mahu2021: posts small blind 10
A-Lisa210: posts big blind 20
*** HOLE CARDS ***
Dealt to Mahu2021 [Qh 5s]
BIZERT: folds 
Mahu2021: calls 10
A-Lisa210: checks 
*** FLOP *** [Qs Tc Kd]
Mahu2021: checks 
A-Lisa210: bets 20
Mahu2021: raises 40 to 60
A-Lisa210: calls 40
*** TURN *** [Qs Tc Kd] [Jc]
Mahu2021: checks 
A-Lisa210: bets 20
Mahu2021: calls 20
*** RIVER *** [Qs Tc Kd Jc] [Jd]
Mahu2021: checks 
A-Lisa210: bets 200
Mahu2021: folds 
Uncalled bet (200) returned to A-Lisa210
A-Lisa210 collected 200 from pot
A-Lisa210: doesn't show hand 
*** SUMMARY ***
Total pot 200 | Rake 0 
Board [Qs Tc Kd Jc Jd]
Seat 1: A-Lisa210 (big blind) collected (200)
Seat 2: BIZERT (button) folded before Flop (didn't bet)
Seat 3: Mahu2021 (small blind) folded on the River



PokerStars Hand #253205672873: Tournament #3818933440, $1.84+$0.16 USD Hold'em No Limit - Level I (10/20) - 2024/11/01 20:38:30 CET [2024/11/01 15:38:30 ET]
Table '3818933440 1' 3-max Seat #3 is the button
Seat 1: A-Lisa210 (640 in chips) 
Seat 2: BIZERT (580 in chips) 
Seat 3: Mahu2021 (280 in chips) 
A-Lisa210: posts small blind 10
BIZERT: posts big blind 20
*** HOLE CARDS ***
Dealt to Mahu2021 [Kd Jd]
Mahu2021: raises 20 to 40
A-Lisa210: calls 30
BIZERT: calls 20
*** FLOP *** [Ks Kh 2c]
A-Lisa210: checks 
BIZERT: bets 80
Mahu2021: raises 80 to 160
A-Lisa210: folds 
BIZERT: folds 
Uncalled bet (80) returned to Mahu2021
Mahu2021 collected 280 from pot
Mahu2021: doesn't show hand 
*** SUMMARY ***
Total pot 280 | Rake 0 
Board [Ks Kh 2c]
Seat 1: A-Lisa210 (small blind) folded on the Flop
Seat 2: BIZERT (big blind) folded on the Flop
Seat 3: Mahu2021 (button) collected (280)



PokerStars Hand #253205679287: Tournament #3818933440, $1.84+$0.16 USD Hold'em No Limit - Level I (10/20) - 2024/11/01 20:38:52 CET [2024/11/01 15:38:52 ET]
Table '3818933440 1' 3-max Seat #1 is the button
Seat 1: A-Lisa210 (600 in chips) 
Seat 2: BIZERT (460 in chips) 
Seat 3: Mahu2021 (440 in chips) 
BIZERT: posts small blind 10
Mahu2021: posts big blind 20
*** HOLE CARDS ***
Dealt to Mahu2021 [7d Jc]
A-Lisa210: folds 
BIZERT: folds 
Uncalled bet (10) returned to Mahu2021
Mahu2021 collected 20 from pot
Mahu2021: doesn't show hand 
*** SUMMARY ***
Total pot 20 | Rake 0 
Seat 1: A-Lisa210 (button) folded before Flop (didn't bet)
Seat 2: BIZERT (small blind) folded before Flop
Seat 3: Mahu2021 (big blind) collected (20)



PokerStars Hand #253205681012: Tournament #3818933440, $1.84+$0.16 USD Hold'em No Limit - Level I (10/20) - 2024/11/01 20:38:58 CET [2024/11/01 15:38:58 ET]
Table '3818933440 1' 3-max Seat #2 is the button
Seat 1: A-Lisa210 (600 in chips) 
Seat 2: BIZERT (450 in chips) 
Seat 3: Mahu2021 (450 in chips) 
Mahu2021: posts small blind 10
A-Lisa210: posts big blind 20
*** HOLE CARDS ***
Dealt to Mahu2021 [9s 8s]
BIZERT: folds 
Mahu2021: raises 20 to 40
A-Lisa210: calls 20
*** FLOP *** [4h 9c 7c]
Mahu2021: bets 40
A-Lisa210: calls 40
*** TURN *** [4h 9c 7c] [5s]
Mahu2021: bets 40
A-Lisa210: calls 40
*** RIVER *** [4h 9c 7c 5s] [8c]
Mahu2021: bets 240
A-Lisa210: calls 240
*** SHOW DOWN ***
Mahu2021: shows [9s 8s] (two pair, Nines and Eights)
A-Lisa210: shows [2h 6c] (a straight, Five to Nine)
A-Lisa210 collected 720 from pot
*** SUMMARY ***
Total pot 720 | Rake 0 
Board [4h 9c 7c 5s 8c]
Seat 1: A-Lisa210 (big blind) showed [2h 6c] and won (720) with a straight, Five to Nine
Seat 2: BIZERT (button) folded before Flop (didn't bet)
Seat 3: Mahu2021 (small blind) showed [9s 8s] and lost with two pair, Nines and Eights



PokerStars Hand #253205686231: Tournament #3818933440, $1.84+$0.16 USD Hold'em No Limit - Level I (10/20) - 2024/11/01 20:39:17 CET [2024/11/01 15:39:17 ET]
Table '3818933440 1' 3-max Seat #3 is the button
Seat 1: A-Lisa210 (960 in chips) 
Seat 2: BIZERT (450 in chips) 
Seat 3: Mahu2021 (90 in chips) 
A-Lisa210: posts small blind 10
BIZERT: posts big blind 20
*** HOLE CARDS ***
Dealt to Mahu2021 [5s Kh]
Mahu2021: raises 70 to 90 and is all-in
A-Lisa210: calls 80
BIZERT: folds 
*** FLOP *** [7s 4h 3h]
*** TURN *** [7s 4h 3h] [Ts]
*** RIVER *** [7s 4h 3h Ts] [Ks]
*** SHOW DOWN ***
A-Lisa210: shows [Qc 2h] (high card King)
Mahu2021: shows [5s Kh] (a pair of Kings)
Mahu2021 collected 200 from pot
*** SUMMARY ***
Total pot 200 | Rake 0 
Board [7s 4h 3h Ts Ks]
Seat 1: A-Lisa210 (small blind) showed [Qc 2h] and lost with high card King
Seat 2: BIZERT (big blind) folded before Flop
Seat 3: Mahu2021 (button) showed [5s Kh] and won (200) with a pair of Kings



PokerStars Hand #253205693619: Tournament #3818933440, $1.84+$0.16 USD Hold'em No Limit - Level II (15/30) - 2024/11/01 20:39:42 CET [2024/11/01 15:39:42 ET]
Table '3818933440 1' 3-max Seat #1 is the button
Seat 1: A-Lisa210 (870 in chips) 
Seat 2: BIZERT (430 in chips) 
Seat 3: Mahu2021 (200 in chips) 
BIZERT: posts small blind 15
Mahu2021: posts big blind 30
*** HOLE CARDS ***
Dealt to Mahu2021 [2h 2c]
A-Lisa210: calls 30
BIZERT: folds 
Mahu2021: raises 170 to 200 and is all-in
A-Lisa210: calls 170
*** FLOP *** [6s 4s Kh]
*** TURN *** [6s 4s Kh] [9c]
*** RIVER *** [6s 4s Kh 9c] [Ac]
*** SHOW DOWN ***
Mahu2021: shows [2h 2c] (a pair of Deuces)
A-Lisa210: shows [Js Th] (high card Ace)
Mahu2021 collected 415 from pot
*** SUMMARY ***
Total pot 415 | Rake 0 
Board [6s 4s Kh 9c Ac]
Seat 1: A-Lisa210 (button) showed [Js Th] and lost with high card Ace
Seat 2: BIZERT (small blind) folded before Flop
Seat 3: Mahu2021 (big blind) showed [2h 2c] and won (415) with a pair of Deuces



PokerStars Hand #253205698344: Tournament #3818933440, $1.84+$0.16 USD Hold'em No Limit - Level II (15/30) - 2024/11/01 20:39:59 CET [2024/11/01 15:39:59 ET]
Table '3818933440 1' 3-max Seat #2 is the button
Seat 1: A-Lisa210 (670 in chips) 
Seat 2: BIZERT (415 in chips) 
Seat 3: Mahu2021 (415 in chips) 
Mahu2021: posts small blind 15
A-Lisa210: posts big blind 30
*** HOLE CARDS ***
Dealt to Mahu2021 [8s Js]
BIZERT: folds 
Mahu2021: calls 15
A-Lisa210: checks 
*** FLOP *** [6d 4h Ac]
Mahu2021: checks 
A-Lisa210: bets 30
Mahu2021: folds 
Uncalled bet (30) returned to A-Lisa210
A-Lisa210 collected 60 from pot
A-Lisa210: doesn't show hand 
*** SUMMARY ***
Total pot 60 | Rake 0 
Board [6d 4h Ac]
Seat 1: A-Lisa210 (big blind) collected (60)
Seat 2: BIZERT (button) folded before Flop (didn't bet)
Seat 3: Mahu2021 (small blind) folded on the Flop



PokerStars Hand #253205701805: Tournament #3818933440, $1.84+$0.16 USD Hold'em No Limit - Level II (15/30) - 2024/11/01 20:40:11 CET [2024/11/01 15:40:11 ET]
Table '3818933440 1' 3-max Seat #3 is the button
Seat 1: A-Lisa210 (700 in chips) 
Seat 2: BIZERT (415 in chips) 
Seat 3: Mahu2021 (385 in chips) 
A-Lisa210: posts small blind 15
BIZERT: posts big blind 30
*** HOLE CARDS ***
Dealt to Mahu2021 [As 2s]
Mahu2021: raises 30 to 60
A-Lisa210: raises 30 to 90
BIZERT: folds 
Mahu2021: calls 30
*** FLOP *** [Jc 2d Ad]
A-Lisa210: bets 205
Mahu2021: raises 90 to 295 and is all-in
A-Lisa210: calls 90
*** TURN *** [Jc 2d Ad] [2c]
*** RIVER *** [Jc 2d Ad 2c] [5c]
*** SHOW DOWN ***
A-Lisa210: shows [Kc Ac] (a flush, Ace high)
Mahu2021: shows [As 2s] (a full house, Deuces full of Aces)
Mahu2021 collected 800 from pot
*** SUMMARY ***
Total pot 800 | Rake 0 
Board [Jc 2d Ad 2c 5c]
Seat 1: A-Lisa210 (small blind) showed [Kc Ac] and lost with a flush, Ace high
Seat 2: BIZERT (big blind) folded before Flop
Seat 3: Mahu2021 (button) showed [As 2s] and won (800) with a full house, Deuces full of Aces



PokerStars Hand #253205707960: Tournament #3818933440, $1.84+$0.16 USD Hold'em No Limit - Level II (15/30) - 2024/11/01 20:40:33 CET [2024/11/01 15:40:33 ET]
Table '3818933440 1' 3-max Seat #1 is the button
Seat 1: A-Lisa210 (315 in chips) 
Seat 2: BIZERT (385 in chips) 
Seat 3: Mahu2021 (800 in chips) 
BIZERT: posts small blind 15
Mahu2021: posts big blind 30
*** HOLE CARDS ***
Dealt to Mahu2021 [6h 4h]
A-Lisa210: calls 30
BIZERT: folds 
Mahu2021: checks 
*** FLOP *** [Ac 7c Th]
Mahu2021: checks 
A-Lisa210: bets 30
Mahu2021: folds 
Uncalled bet (30) returned to A-Lisa210
A-Lisa210 collected 75 from pot
A-Lisa210: doesn't show hand 
*** SUMMARY ***
Total pot 75 | Rake 0 
Board [Ac 7c Th]
Seat 1: A-Lisa210 (button) collected (75)
Seat 2: BIZERT (small blind) folded before Flop
Seat 3: Mahu2021 (big blind) folded on the Flop



PokerStars Hand #253205711930: Tournament #3818933440, $1.84+$0.16 USD Hold'em No Limit - Level II (15/30) - 2024/11/01 20:40:47 CET [2024/11/01 15:40:47 ET]
Table '3818933440 1' 3-max Seat #2 is the button
Seat 1: A-Lisa210 (360 in chips) 
Seat 2: BIZERT (370 in chips) 
Seat 3: Mahu2021 (770 in chips) 
Mahu2021: posts small blind 15
A-Lisa210: posts big blind 30
*** HOLE CARDS ***
Dealt to Mahu2021 [8d 2s]
BIZERT: folds 
Mahu2021: folds 
Uncalled bet (15) returned to A-Lisa210
A-Lisa210 collected 30 from pot
A-Lisa210: doesn't show hand 
*** SUMMARY ***
Total pot 30 | Rake 0 
Seat 1: A-Lisa210 (big blind) collected (30)
Seat 2: BIZERT (button) folded before Flop (didn't bet)
Seat 3: Mahu2021 (small blind) folded before Flop



PokerStars Hand #253205713224: Tournament #3818933440, $1.84+$0.16 USD Hold'em No Limit - Level II (15/30) - 2024/11/01 20:40:52 CET [2024/11/01 15:40:52 ET]
Table '3818933440 1' 3-max Seat #3 is the button
Seat 1: A-Lisa210 (375 in chips) 
Seat 2: BIZERT (370 in chips) 
Seat 3: Mahu2021 (755 in chips) 
A-Lisa210: posts small blind 15
BIZERT: posts big blind 30
*** HOLE CARDS ***
Dealt to Mahu2021 [3c Kh]
Mahu2021: folds 
A-Lisa210: raises 60 to 90
BIZERT: folds 
Uncalled bet (60) returned to A-Lisa210
A-Lisa210 collected 60 from pot
A-Lisa210: doesn't show hand 
*** SUMMARY ***
Total pot 60 | Rake 0 
Seat 1: A-Lisa210 (small blind) collected (60)
Seat 2: BIZERT (big blind) folded before Flop
Seat 3: Mahu2021 (button) folded before Flop (didn't bet)



PokerStars Hand #253205716265: Tournament #3818933440, $1.84+$0.16 USD Hold'em No Limit - Level II (15/30) - 2024/11/01 20:41:03 CET [2024/11/01 15:41:03 ET]
Table '3818933440 1' 3-max Seat #1 is the button
Seat 1: A-Lisa210 (405 in chips) 
Seat 2: BIZERT (340 in chips) 
Seat 3: Mahu2021 (755 in chips) 
BIZERT: posts small blind 15
Mahu2021: posts big blind 30
*** HOLE CARDS ***
Dealt to Mahu2021 [9s Th]
A-Lisa210: folds 
BIZERT: folds 
Uncalled bet (15) returned to Mahu2021
Mahu2021 collected 30 from pot
Mahu2021: doesn't show hand 
*** SUMMARY ***
Total pot 30 | Rake 0 
Seat 1: A-Lisa210 (button) folded before Flop (didn't bet)
Seat 2: BIZERT (small blind) folded before Flop
Seat 3: Mahu2021 (big blind) collected (30)



PokerStars Hand #253205718030: Tournament #3818933440, $1.84+$0.16 USD Hold'em No Limit - Level II (15/30) - 2024/11/01 20:41:08 CET [2024/11/01 15:41:08 ET]
Table '3818933440 1' 3-max Seat #2 is the button
Seat 1: A-Lisa210 (405 in chips) 
Seat 2: BIZERT (325 in chips) 
Seat 3: Mahu2021 (770 in chips) 
Mahu2021: posts small blind 15
A-Lisa210: posts big blind 30
*** HOLE CARDS ***
Dealt to Mahu2021 [Ts 9s]
BIZERT: folds 
Mahu2021: raises 30 to 60
A-Lisa210: calls 30
*** FLOP *** [Ac Qc 3d]
Mahu2021: bets 60
A-Lisa210: folds 
Uncalled bet (60) returned to Mahu2021
Mahu2021 collected 120 from pot
Mahu2021: doesn't show hand 
*** SUMMARY ***
Total pot 120 | Rake 0 
Board [Ac Qc 3d]
Seat 1: A-Lisa210 (big blind) folded on the Flop
Seat 2: BIZERT (button) folded before Flop (didn't bet)
Seat 3: Mahu2021 (small blind) collected (120)



PokerStars Hand #253205721142: Tournament #3818933440, $1.84+$0.16 USD Hold'em No Limit - Level II (15/30) - 2024/11/01 20:41:19 CET [2024/11/01 15:41:19 ET]
Table '3818933440 1' 3-max Seat #3 is the button
Seat 1: A-Lisa210 (345 in chips) 
Seat 2: BIZERT (325 in chips) 
Seat 3: Mahu2021 (830 in chips) 
A-Lisa210: posts small blind 15
BIZERT: posts big blind 30
*** HOLE CARDS ***
Dealt to Mahu2021 [Th Ac]
Mahu2021: raises 30 to 60
A-Lisa210: calls 45
BIZERT: raises 265 to 325 and is all-in
Mahu2021: calls 265
A-Lisa210: folds 
*** FLOP *** [5c Qd As]
*** TURN *** [5c Qd As] [5d]
*** RIVER *** [5c Qd As 5d] [Jd]
*** SHOW DOWN ***
BIZERT: shows [Td Jh] (two pair, Jacks and Fives)
Mahu2021: shows [Th Ac] (two pair, Aces and Fives)
Mahu2021 collected 710 from pot
BIZERT finished the tournament in 3rd place
*** SUMMARY ***
Total pot 710 | Rake 0 
Board [5c Qd As 5d Jd]
Seat 1: A-Lisa210 (small blind) folded before Flop
Seat 2: BIZERT (big blind) showed [Td Jh] and lost with two pair, Jacks and Fives
Seat 3: Mahu2021 (button) showed [Th Ac] and won (710) with two pair, Aces and Fives



PokerStars Hand #253205728184: Tournament #3818933440, $1.84+$0.16 USD Hold'em No Limit - Level II (15/30) - 2024/11/01 20:41:45 CET [2024/11/01 15:41:45 ET]
Table '3818933440 1' 3-max Seat #1 is the button
Seat 1: A-Lisa210 (285 in chips) 
Seat 3: Mahu2021 (1215 in chips) 
A-Lisa210: posts small blind 15
Mahu2021: posts big blind 30
*** HOLE CARDS ***
Dealt to Mahu2021 [3c Jc]
A-Lisa210: calls 15
Mahu2021: checks 
*** FLOP *** [2s Qd 7d]
Mahu2021: checks 
A-Lisa210: bets 30
Mahu2021: folds 
Uncalled bet (30) returned to A-Lisa210
A-Lisa210 collected 60 from pot
A-Lisa210: doesn't show hand 
*** SUMMARY ***
Total pot 60 | Rake 0 
Board [2s Qd 7d]
Seat 1: A-Lisa210 (button) (small blind) collected (60)
Seat 3: Mahu2021 (big blind) folded on the Flop



PokerStars Hand #253205731060: Tournament #3818933440, $1.84+$0.16 USD Hold'em No Limit - Level II (15/30) - 2024/11/01 20:41:55 CET [2024/11/01 15:41:55 ET]
Table '3818933440 1' 3-max Seat #3 is the button
Seat 1: A-Lisa210 (315 in chips) 
Seat 3: Mahu2021 (1185 in chips) 
Mahu2021: posts small blind 15
A-Lisa210: posts big blind 30
*** HOLE CARDS ***
Dealt to Mahu2021 [Qc Qs]
Mahu2021: raises 30 to 60
A-Lisa210: calls 30
*** FLOP *** [3d Ks 9c]
A-Lisa210: checks 
Mahu2021: bets 30
A-Lisa210: folds 
Uncalled bet (30) returned to Mahu2021
Mahu2021 collected 120 from pot
Mahu2021: doesn't show hand 
*** SUMMARY ***
Total pot 120 | Rake 0 
Board [3d Ks 9c]
Seat 1: A-Lisa210 (big blind) folded on the Flop
Seat 3: Mahu2021 (button) (small blind) collected (120)



PokerStars Hand #253205734092: Tournament #3818933440, $1.84+$0.16 USD Hold'em No Limit - Level II (15/30) - 2024/11/01 20:42:06 CET [2024/11/01 15:42:06 ET]
Table '3818933440 1' 3-max Seat #1 is the button
Seat 1: A-Lisa210 (255 in chips) 
Seat 3: Mahu2021 (1245 in chips) 
A-Lisa210: posts small blind 15
Mahu2021: posts big blind 30
*** HOLE CARDS ***
Dealt to Mahu2021 [7s 3s]
A-Lisa210: raises 30 to 60
Mahu2021: calls 30
*** FLOP *** [3c Ad 6h]
Mahu2021: bets 1185 and is all-in
A-Lisa210: folds 
Uncalled bet (1185) returned to Mahu2021
Mahu2021 collected 120 from pot
Mahu2021: doesn't show hand 
*** SUMMARY ***
Total pot 120 | Rake 0 
Board [3c Ad 6h]
Seat 1: A-Lisa210 (button) (small blind) folded on the Flop
Seat 3: Mahu2021 (big blind) collected (120)



PokerStars Hand #253205737239: Tournament #3818933440, $1.84+$0.16 USD Hold'em No Limit - Level II (15/30) - 2024/11/01 20:42:17 CET [2024/11/01 15:42:17 ET]
Table '3818933440 1' 3-max Seat #3 is the button
Seat 1: A-Lisa210 (195 in chips) 
Seat 3: Mahu2021 (1305 in chips) 
Mahu2021: posts small blind 15
A-Lisa210: posts big blind 30
*** HOLE CARDS ***
Dealt to Mahu2021 [7d Qd]
Mahu2021: raises 30 to 60
A-Lisa210: raises 135 to 195 and is all-in
Mahu2021: calls 135
*** FLOP *** [Ts 5s Jd]
*** TURN *** [Ts 5s Jd] [3s]
*** RIVER *** [Ts 5s Jd 3s] [2d]
*** SHOW DOWN ***
A-Lisa210: shows [8d 8h] (a pair of Eights)
Mahu2021: shows [7d Qd] (high card Queen)
A-Lisa210 collected 390 from pot
*** SUMMARY ***
Total pot 390 | Rake 0 
Board [Ts 5s Jd 3s 2d]
Seat 1: A-Lisa210 (big blind) showed [8d 8h] and won (390) with a pair of Eights
Seat 3: Mahu2021 (button) (small blind) showed [7d Qd] and lost with high card Queen



PokerStars Hand #253205742199: Tournament #3818933440, $1.84+$0.16 USD Hold'em No Limit - Level III (20/40) - 2024/11/01 20:42:34 CET [2024/11/01 15:42:34 ET]
Table '3818933440 1' 3-max Seat #1 is the button
Seat 1: A-Lisa210 (390 in chips) 
Seat 3: Mahu2021 (1110 in chips) 
A-Lisa210: posts small blind 20
Mahu2021: posts big blind 40
*** HOLE CARDS ***
Dealt to Mahu2021 [Qc Th]
A-Lisa210: calls 20
Mahu2021: checks 
*** FLOP *** [9h 2s Jd]
Mahu2021: checks 
A-Lisa210: bets 80
Mahu2021: calls 80
*** TURN *** [9h 2s Jd] [Ts]
Mahu2021: checks 
A-Lisa210: bets 202
Mahu2021: calls 202
*** RIVER *** [9h 2s Jd Ts] [Kd]
Mahu2021: bets 788 and is all-in
A-Lisa210: calls 68 and is all-in
Uncalled bet (720) returned to Mahu2021
*** SHOW DOWN ***
Mahu2021: shows [Qc Th] (a straight, Nine to King)
A-Lisa210: shows [8c 2c] (a pair of Deuces)
Mahu2021 collected 780 from pot
A-Lisa210 finished the tournament in 2nd place
Mahu2021 wins the tournament and receives $6.00 - congratulations!
*** SUMMARY ***
Total pot 780 | Rake 0 
Board [9h 2s Jd Ts Kd]
Seat 1: A-Lisa210 (button) (small blind) showed [8c 2c] and lost with a pair of Deuces
Seat 3: Mahu2021 (big blind) showed [Qc Th] and won (780) with a straight, Nine to King



