PokerStars Hand #247027420730: Tournament #3671285860, $1.84+$0.16 USD Hold'em No Limit - Level I (10/20) - 2023/11/10 14:22:32 CET [2023/11/10 8:22:32 ET]
Table '3671285860 1' 3-max Seat #1 is the button
Seat 1: ZipVA (500 in chips) 
Seat 2: planco62 (500 in chips) 
Seat 3: Mahu2021 (500 in chips) 
planco62: posts small blind 10
Mahu2021: posts big blind 20
*** HOLE CARDS ***
Dealt to Mahu2021 [2s 4d]
ZipVA: raises 20 to 40
planco62: folds 
Mahu2021: folds 
Uncalled bet (20) returned to ZipVA
ZipVA collected 50 from pot
ZipVA: doesn't show hand 
*** SUMMARY ***
Total pot 50 | Rake 0 
Seat 1: ZipVA (button) collected (50)
Seat 2: planco62 (small blind) folded before Flop
Seat 3: Mahu2021 (big blind) folded before Flop



PokerStars Hand #247027422470: Tournament #3671285860, $1.84+$0.16 USD Hold'em No Limit - Level I (10/20) - 2023/11/10 14:22:41 CET [2023/11/10 8:22:41 ET]
Table '3671285860 1' 3-max Seat #2 is the button
Seat 1: ZipVA (530 in chips) 
Seat 2: planco62 (490 in chips) 
Seat 3: Mahu2021 (480 in chips) 
Mahu2021: posts small blind 10
ZipVA: posts big blind 20
*** HOLE CARDS ***
Dealt to Mahu2021 [7c 5c]
planco62: folds 
Mahu2021: calls 10
ZipVA: checks 
*** FLOP *** [3s 9d Ks]
Mahu2021: checks 
ZipVA: checks 
*** TURN *** [3s 9d Ks] [Kc]
Mahu2021: checks 
ZipVA: bets 22
Mahu2021: folds 
Uncalled bet (22) returned to ZipVA
ZipVA collected 40 from pot
ZipVA: doesn't show hand 
*** SUMMARY ***
Total pot 40 | Rake 0 
Board [3s 9d Ks Kc]
Seat 1: ZipVA (big blind) collected (40)
Seat 2: planco62 (button) folded before Flop (didn't bet)
Seat 3: Mahu2021 (small blind) folded on the Turn



PokerStars Hand #247027426103: Tournament #3671285860, $1.84+$0.16 USD Hold'em No Limit - Level I (10/20) - 2023/11/10 14:22:59 CET [2023/11/10 8:22:59 ET]
Table '3671285860 1' 3-max Seat #3 is the button
Seat 1: ZipVA (550 in chips) 
Seat 2: planco62 (490 in chips) 
Seat 3: Mahu2021 (460 in chips) 
ZipVA: posts small blind 10
planco62: posts big blind 20
*** HOLE CARDS ***
Dealt to Mahu2021 [7h 4c]
Mahu2021: folds 
ZipVA: folds 
Uncalled bet (10) returned to planco62
planco62 collected 20 from pot
planco62: doesn't show hand 
*** SUMMARY ***
Total pot 20 | Rake 0 
Seat 1: ZipVA (small blind) folded before Flop
Seat 2: planco62 (big blind) collected (20)
Seat 3: Mahu2021 (button) folded before Flop (didn't bet)



PokerStars Hand #247027427492: Tournament #3671285860, $1.84+$0.16 USD Hold'em No Limit - Level I (10/20) - 2023/11/10 14:23:06 CET [2023/11/10 8:23:06 ET]
Table '3671285860 1' 3-max Seat #1 is the button
Seat 1: ZipVA (540 in chips) 
Seat 2: planco62 (500 in chips) 
Seat 3: Mahu2021 (460 in chips) 
planco62: posts small blind 10
Mahu2021: posts big blind 20
*** HOLE CARDS ***
Dealt to Mahu2021 [Qh 8c]
ZipVA: folds 
planco62: folds 
Uncalled bet (10) returned to Mahu2021
Mahu2021 collected 20 from pot
Mahu2021: doesn't show hand 
*** SUMMARY ***
Total pot 20 | Rake 0 
Seat 1: ZipVA (button) folded before Flop (didn't bet)
Seat 2: planco62 (small blind) folded before Flop
Seat 3: Mahu2021 (big blind) collected (20)



PokerStars Hand #247027428769: Tournament #3671285860, $1.84+$0.16 USD Hold'em No Limit - Level I (10/20) - 2023/11/10 14:23:12 CET [2023/11/10 8:23:12 ET]
Table '3671285860 1' 3-max Seat #2 is the button
Seat 1: ZipVA (540 in chips) 
Seat 2: planco62 (490 in chips) 
Seat 3: Mahu2021 (470 in chips) 
Mahu2021: posts small blind 10
ZipVA: posts big blind 20
*** HOLE CARDS ***
Dealt to Mahu2021 [Qs 4c]
planco62 has timed out
planco62: folds 
planco62 is sitting out
Mahu2021: folds 
Uncalled bet (10) returned to ZipVA
ZipVA collected 20 from pot
planco62 has returned
ZipVA: doesn't show hand 
*** SUMMARY ***
Total pot 20 | Rake 0 
Seat 1: ZipVA (big blind) collected (20)
Seat 2: planco62 (button) folded before Flop (didn't bet)
Seat 3: Mahu2021 (small blind) folded before Flop



PokerStars Hand #247027431888: Tournament #3671285860, $1.84+$0.16 USD Hold'em No Limit - Level I (10/20) - 2023/11/10 14:23:28 CET [2023/11/10 8:23:28 ET]
Table '3671285860 1' 3-max Seat #3 is the button
Seat 1: ZipVA (550 in chips) 
Seat 2: planco62 (490 in chips) 
Seat 3: Mahu2021 (460 in chips) 
ZipVA: posts small blind 10
planco62: posts big blind 20
*** HOLE CARDS ***
Dealt to Mahu2021 [7h 7d]
Mahu2021: raises 20 to 40
ZipVA: calls 30
planco62: folds 
*** FLOP *** [8s 2d 4d]
ZipVA: checks 
Mahu2021: bets 40
ZipVA: raises 470 to 510 and is all-in
Mahu2021: folds 
Uncalled bet (470) returned to ZipVA
ZipVA collected 180 from pot
ZipVA: doesn't show hand 
*** SUMMARY ***
Total pot 180 | Rake 0 
Board [8s 2d 4d]
Seat 1: ZipVA (small blind) collected (180)
Seat 2: planco62 (big blind) folded before Flop
Seat 3: Mahu2021 (button) folded on the Flop



PokerStars Hand #247027437544: Tournament #3671285860, $1.84+$0.16 USD Hold'em No Limit - Level I (10/20) - 2023/11/10 14:23:56 CET [2023/11/10 8:23:56 ET]
Table '3671285860 1' 3-max Seat #1 is the button
Seat 1: ZipVA (650 in chips) 
Seat 2: planco62 (470 in chips) 
Seat 3: Mahu2021 (380 in chips) 
planco62: posts small blind 10
Mahu2021: posts big blind 20
*** HOLE CARDS ***
Dealt to Mahu2021 [6s Jd]
ZipVA: folds 
planco62: folds 
Uncalled bet (10) returned to Mahu2021
Mahu2021 collected 20 from pot
Mahu2021: doesn't show hand 
*** SUMMARY ***
Total pot 20 | Rake 0 
Seat 1: ZipVA (button) folded before Flop (didn't bet)
Seat 2: planco62 (small blind) folded before Flop
Seat 3: Mahu2021 (big blind) collected (20)



PokerStars Hand #247027438942: Tournament #3671285860, $1.84+$0.16 USD Hold'em No Limit - Level I (10/20) - 2023/11/10 14:24:03 CET [2023/11/10 8:24:03 ET]
Table '3671285860 1' 3-max Seat #2 is the button
Seat 1: ZipVA (650 in chips) 
Seat 2: planco62 (460 in chips) 
Seat 3: Mahu2021 (390 in chips) 
Mahu2021: posts small blind 10
ZipVA: posts big blind 20
*** HOLE CARDS ***
Dealt to Mahu2021 [4h As]
planco62: calls 20
Mahu2021: calls 10
ZipVA: raises 630 to 650 and is all-in
planco62: folds 
Mahu2021: folds 
Uncalled bet (630) returned to ZipVA
ZipVA collected 60 from pot
ZipVA: doesn't show hand 
*** SUMMARY ***
Total pot 60 | Rake 0 
Seat 1: ZipVA (big blind) collected (60)
Seat 2: planco62 (button) folded before Flop
Seat 3: Mahu2021 (small blind) folded before Flop



PokerStars Hand #247027442388: Tournament #3671285860, $1.84+$0.16 USD Hold'em No Limit - Level I (10/20) - 2023/11/10 14:24:21 CET [2023/11/10 8:24:21 ET]
Table '3671285860 1' 3-max Seat #3 is the button
Seat 1: ZipVA (690 in chips) 
Seat 2: planco62 (440 in chips) 
Seat 3: Mahu2021 (370 in chips) 
ZipVA: posts small blind 10
planco62: posts big blind 20
*** HOLE CARDS ***
Dealt to Mahu2021 [9h 3h]
Mahu2021: folds 
ZipVA: calls 10
planco62: checks 
*** FLOP *** [Jh Kd Th]
ZipVA: checks 
planco62: checks 
*** TURN *** [Jh Kd Th] [6d]
ZipVA: checks 
planco62: checks 
*** RIVER *** [Jh Kd Th 6d] [3c]
ZipVA: checks 
planco62: checks 
*** SHOW DOWN ***
ZipVA: shows [8s Qs] (high card King)
planco62: mucks hand 
ZipVA collected 40 from pot
*** SUMMARY ***
Total pot 40 | Rake 0 
Board [Jh Kd Th 6d 3c]
Seat 1: ZipVA (small blind) showed [8s Qs] and won (40) with high card King
Seat 2: planco62 (big blind) mucked [5s Qd]
Seat 3: Mahu2021 (button) folded before Flop (didn't bet)



PokerStars Hand #247027448457: Tournament #3671285860, $1.84+$0.16 USD Hold'em No Limit - Level II (15/30) - 2023/11/10 14:24:51 CET [2023/11/10 8:24:51 ET]
Table '3671285860 1' 3-max Seat #1 is the button
Seat 1: ZipVA (710 in chips) 
Seat 2: planco62 (420 in chips) 
Seat 3: Mahu2021 (370 in chips) 
planco62: posts small blind 15
Mahu2021: posts big blind 30
*** HOLE CARDS ***
Dealt to Mahu2021 [6d As]
ZipVA: folds 
planco62: raises 60 to 90
Mahu2021: folds 
Uncalled bet (60) returned to planco62
planco62 collected 60 from pot
planco62: doesn't show hand 
*** SUMMARY ***
Total pot 60 | Rake 0 
Seat 1: ZipVA (button) folded before Flop (didn't bet)
Seat 2: planco62 (small blind) collected (60)
Seat 3: Mahu2021 (big blind) folded before Flop



PokerStars Hand #247027451771: Tournament #3671285860, $1.84+$0.16 USD Hold'em No Limit - Level II (15/30) - 2023/11/10 14:25:08 CET [2023/11/10 8:25:08 ET]
Table '3671285860 1' 3-max Seat #2 is the button
Seat 1: ZipVA (710 in chips) 
Seat 2: planco62 (450 in chips) 
Seat 3: Mahu2021 (340 in chips) 
Mahu2021: posts small blind 15
ZipVA: posts big blind 30
*** HOLE CARDS ***
Dealt to Mahu2021 [Ac 7h]
planco62: raises 30 to 60
Mahu2021: calls 45
ZipVA: calls 30
*** FLOP *** [3s 4s 4c]
Mahu2021: checks 
ZipVA: checks 
planco62: checks 
*** TURN *** [3s 4s 4c] [Ah]
Mahu2021: bets 280 and is all-in
ZipVA: folds 
planco62: calls 280
*** RIVER *** [3s 4s 4c Ah] [Qd]
*** SHOW DOWN ***
Mahu2021: shows [Ac 7h] (two pair, Aces and Fours)
planco62: shows [6h As] (two pair, Aces and Fours)
Mahu2021 collected 370 from pot
planco62 collected 370 from pot
*** SUMMARY ***
Total pot 740 | Rake 0 
Board [3s 4s 4c Ah Qd]
Seat 1: ZipVA (big blind) folded on the Turn
Seat 2: planco62 (button) showed [6h As] and won (370) with two pair, Aces and Fours
Seat 3: Mahu2021 (small blind) showed [Ac 7h] and won (370) with two pair, Aces and Fours



PokerStars Hand #247027458282: Tournament #3671285860, $1.84+$0.16 USD Hold'em No Limit - Level II (15/30) - 2023/11/10 14:25:41 CET [2023/11/10 8:25:41 ET]
Table '3671285860 1' 3-max Seat #3 is the button
Seat 1: ZipVA (650 in chips) 
Seat 2: planco62 (480 in chips) 
Seat 3: Mahu2021 (370 in chips) 
ZipVA: posts small blind 15
planco62: posts big blind 30
*** HOLE CARDS ***
Dealt to Mahu2021 [Jc 2d]
Mahu2021: folds 
ZipVA: calls 15
planco62: checks 
*** FLOP *** [9c 9d 6d]
ZipVA: checks 
planco62: checks 
*** TURN *** [9c 9d 6d] [Ac]
ZipVA: checks 
planco62: checks 
*** RIVER *** [9c 9d 6d Ac] [5c]
ZipVA: bets 48
planco62: calls 48
*** SHOW DOWN ***
ZipVA: shows [4h 3c] (a pair of Nines)
planco62: shows [Tc 5h] (two pair, Nines and Fives)
planco62 collected 156 from pot
*** SUMMARY ***
Total pot 156 | Rake 0 
Board [9c 9d 6d Ac 5c]
Seat 1: ZipVA (small blind) showed [4h 3c] and lost with a pair of Nines
Seat 2: planco62 (big blind) showed [Tc 5h] and won (156) with two pair, Nines and Fives
Seat 3: Mahu2021 (button) folded before Flop (didn't bet)



PokerStars Hand #247027464702: Tournament #3671285860, $1.84+$0.16 USD Hold'em No Limit - Level II (15/30) - 2023/11/10 14:26:12 CET [2023/11/10 8:26:12 ET]
Table '3671285860 1' 3-max Seat #1 is the button
Seat 1: ZipVA (572 in chips) 
Seat 2: planco62 (558 in chips) 
Seat 3: Mahu2021 (370 in chips) 
planco62: posts small blind 15
Mahu2021: posts big blind 30
*** HOLE CARDS ***
Dealt to Mahu2021 [5c Qs]
ZipVA: raises 542 to 572 and is all-in
planco62: folds 
Mahu2021: folds 
Uncalled bet (542) returned to ZipVA
ZipVA collected 75 from pot
ZipVA: doesn't show hand 
*** SUMMARY ***
Total pot 75 | Rake 0 
Seat 1: ZipVA (button) collected (75)
Seat 2: planco62 (small blind) folded before Flop
Seat 3: Mahu2021 (big blind) folded before Flop



PokerStars Hand #247027466024: Tournament #3671285860, $1.84+$0.16 USD Hold'em No Limit - Level II (15/30) - 2023/11/10 14:26:19 CET [2023/11/10 8:26:19 ET]
Table '3671285860 1' 3-max Seat #2 is the button
Seat 1: ZipVA (617 in chips) 
Seat 2: planco62 (543 in chips) 
Seat 3: Mahu2021 (340 in chips) 
Mahu2021: posts small blind 15
ZipVA: posts big blind 30
*** HOLE CARDS ***
Dealt to Mahu2021 [8s 6h]
planco62: folds 
Mahu2021: folds 
Uncalled bet (15) returned to ZipVA
ZipVA collected 30 from pot
ZipVA: doesn't show hand 
*** SUMMARY ***
Total pot 30 | Rake 0 
Seat 1: ZipVA (big blind) collected (30)
Seat 2: planco62 (button) folded before Flop (didn't bet)
Seat 3: Mahu2021 (small blind) folded before Flop



PokerStars Hand #247027467014: Tournament #3671285860, $1.84+$0.16 USD Hold'em No Limit - Level II (15/30) - 2023/11/10 14:26:24 CET [2023/11/10 8:26:24 ET]
Table '3671285860 1' 3-max Seat #3 is the button
Seat 1: ZipVA (632 in chips) 
Seat 2: planco62 (543 in chips) 
Seat 3: Mahu2021 (325 in chips) 
ZipVA: posts small blind 15
planco62: posts big blind 30
*** HOLE CARDS ***
Dealt to Mahu2021 [Qc 9h]
Mahu2021: folds 
ZipVA: raises 30 to 60
planco62: folds 
Uncalled bet (30) returned to ZipVA
ZipVA collected 60 from pot
ZipVA: doesn't show hand 
*** SUMMARY ***
Total pot 60 | Rake 0 
Seat 1: ZipVA (small blind) collected (60)
Seat 2: planco62 (big blind) folded before Flop
Seat 3: Mahu2021 (button) folded before Flop (didn't bet)



PokerStars Hand #247027468598: Tournament #3671285860, $1.84+$0.16 USD Hold'em No Limit - Level II (15/30) - 2023/11/10 14:26:32 CET [2023/11/10 8:26:32 ET]
Table '3671285860 1' 3-max Seat #1 is the button
Seat 1: ZipVA (662 in chips) 
Seat 2: planco62 (513 in chips) 
Seat 3: Mahu2021 (325 in chips) 
planco62: posts small blind 15
Mahu2021: posts big blind 30
*** HOLE CARDS ***
Dealt to Mahu2021 [8c 3s]
ZipVA: raises 30 to 60
planco62: folds 
Mahu2021: folds 
Uncalled bet (30) returned to ZipVA
ZipVA collected 75 from pot
ZipVA: doesn't show hand 
*** SUMMARY ***
Total pot 75 | Rake 0 
Seat 1: ZipVA (button) collected (75)
Seat 2: planco62 (small blind) folded before Flop
Seat 3: Mahu2021 (big blind) folded before Flop



PokerStars Hand #247027471317: Tournament #3671285860, $1.84+$0.16 USD Hold'em No Limit - Level III (20/40) - 2023/11/10 14:26:45 CET [2023/11/10 8:26:45 ET]
Table '3671285860 1' 3-max Seat #2 is the button
Seat 1: ZipVA (707 in chips) 
Seat 2: planco62 (498 in chips) 
Seat 3: Mahu2021 (295 in chips) 
Mahu2021: posts small blind 20
ZipVA: posts big blind 40
*** HOLE CARDS ***
Dealt to Mahu2021 [Jd Ah]
planco62: raises 80 to 120
Mahu2021: raises 175 to 295 and is all-in
ZipVA: folds 
planco62: calls 175
*** FLOP *** [Ad 3s Qh]
*** TURN *** [Ad 3s Qh] [Kd]
*** RIVER *** [Ad 3s Qh Kd] [2s]
*** SHOW DOWN ***
Mahu2021: shows [Jd Ah] (a pair of Aces)
planco62: shows [Ks Jh] (a pair of Kings)
Mahu2021 collected 630 from pot
*** SUMMARY ***
Total pot 630 | Rake 0 
Board [Ad 3s Qh Kd 2s]
Seat 1: ZipVA (big blind) folded before Flop
Seat 2: planco62 (button) showed [Ks Jh] and lost with a pair of Kings
Seat 3: Mahu2021 (small blind) showed [Jd Ah] and won (630) with a pair of Aces



PokerStars Hand #247027475483: Tournament #3671285860, $1.84+$0.16 USD Hold'em No Limit - Level III (20/40) - 2023/11/10 14:27:06 CET [2023/11/10 8:27:06 ET]
Table '3671285860 1' 3-max Seat #3 is the button
Seat 1: ZipVA (667 in chips) 
Seat 2: planco62 (203 in chips) 
Seat 3: Mahu2021 (630 in chips) 
ZipVA: posts small blind 20
planco62: posts big blind 40
*** HOLE CARDS ***
Dealt to Mahu2021 [9s 8d]
Mahu2021: folds 
ZipVA: calls 20
planco62: checks 
*** FLOP *** [2c Ah Jh]
ZipVA: checks 
planco62: checks 
*** TURN *** [2c Ah Jh] [2d]
ZipVA: checks 
planco62: checks 
*** RIVER *** [2c Ah Jh 2d] [8s]
ZipVA: checks 
planco62: bets 40
ZipVA: calls 40
*** SHOW DOWN ***
planco62: shows [Qd 8h] (two pair, Eights and Deuces)
ZipVA: mucks hand 
planco62 collected 160 from pot
*** SUMMARY ***
Total pot 160 | Rake 0 
Board [2c Ah Jh 2d 8s]
Seat 1: ZipVA (small blind) mucked [Qs 4c]
Seat 2: planco62 (big blind) showed [Qd 8h] and won (160) with two pair, Eights and Deuces
Seat 3: Mahu2021 (button) folded before Flop (didn't bet)



PokerStars Hand #247027481188: Tournament #3671285860, $1.84+$0.16 USD Hold'em No Limit - Level III (20/40) - 2023/11/10 14:27:34 CET [2023/11/10 8:27:34 ET]
Table '3671285860 1' 3-max Seat #1 is the button
Seat 1: ZipVA (587 in chips) 
Seat 2: planco62 (283 in chips) 
Seat 3: Mahu2021 (630 in chips) 
planco62: posts small blind 20
Mahu2021: posts big blind 40
*** HOLE CARDS ***
Dealt to Mahu2021 [Qd 7s]
ZipVA: raises 547 to 587 and is all-in
planco62: folds 
Mahu2021: folds 
Uncalled bet (547) returned to ZipVA
ZipVA collected 100 from pot
ZipVA: doesn't show hand 
*** SUMMARY ***
Total pot 100 | Rake 0 
Seat 1: ZipVA (button) collected (100)
Seat 2: planco62 (small blind) folded before Flop
Seat 3: Mahu2021 (big blind) folded before Flop



PokerStars Hand #247027482878: Tournament #3671285860, $1.84+$0.16 USD Hold'em No Limit - Level III (20/40) - 2023/11/10 14:27:43 CET [2023/11/10 8:27:43 ET]
Table '3671285860 1' 3-max Seat #2 is the button
Seat 1: ZipVA (647 in chips) 
Seat 2: planco62 (263 in chips) 
Seat 3: Mahu2021 (590 in chips) 
Mahu2021: posts small blind 20
ZipVA: posts big blind 40
*** HOLE CARDS ***
Dealt to Mahu2021 [3s 7h]
planco62: folds 
Mahu2021: folds 
Uncalled bet (20) returned to ZipVA
ZipVA collected 40 from pot
ZipVA: doesn't show hand 
*** SUMMARY ***
Total pot 40 | Rake 0 
Seat 1: ZipVA (big blind) collected (40)
Seat 2: planco62 (button) folded before Flop (didn't bet)
Seat 3: Mahu2021 (small blind) folded before Flop



PokerStars Hand #247027483781: Tournament #3671285860, $1.84+$0.16 USD Hold'em No Limit - Level III (20/40) - 2023/11/10 14:27:48 CET [2023/11/10 8:27:48 ET]
Table '3671285860 1' 3-max Seat #3 is the button
Seat 1: ZipVA (667 in chips) 
Seat 2: planco62 (263 in chips) 
Seat 3: Mahu2021 (570 in chips) 
ZipVA: posts small blind 20
planco62: posts big blind 40
*** HOLE CARDS ***
Dealt to Mahu2021 [6c Ad]
Mahu2021: calls 40
ZipVA: calls 20
planco62: raises 223 to 263 and is all-in
Mahu2021: folds 
ZipVA: folds 
Uncalled bet (223) returned to planco62
planco62 collected 120 from pot
planco62: doesn't show hand 
*** SUMMARY ***
Total pot 120 | Rake 0 
Seat 1: ZipVA (small blind) folded before Flop
Seat 2: planco62 (big blind) collected (120)
Seat 3: Mahu2021 (button) folded before Flop



PokerStars Hand #247027486372: Tournament #3671285860, $1.84+$0.16 USD Hold'em No Limit - Level III (20/40) - 2023/11/10 14:28:00 CET [2023/11/10 8:28:00 ET]
Table '3671285860 1' 3-max Seat #1 is the button
Seat 1: ZipVA (627 in chips) 
Seat 2: planco62 (343 in chips) 
Seat 3: Mahu2021 (530 in chips) 
planco62: posts small blind 20
Mahu2021: posts big blind 40
*** HOLE CARDS ***
Dealt to Mahu2021 [3d 2s]
ZipVA: folds 
planco62: raises 303 to 343 and is all-in
Mahu2021: folds 
Uncalled bet (303) returned to planco62
planco62 collected 80 from pot
planco62: doesn't show hand 
*** SUMMARY ***
Total pot 80 | Rake 0 
Seat 1: ZipVA (button) folded before Flop (didn't bet)
Seat 2: planco62 (small blind) collected (80)
Seat 3: Mahu2021 (big blind) folded before Flop



PokerStars Hand #247027487904: Tournament #3671285860, $1.84+$0.16 USD Hold'em No Limit - Level III (20/40) - 2023/11/10 14:28:08 CET [2023/11/10 8:28:08 ET]
Table '3671285860 1' 3-max Seat #2 is the button
Seat 1: ZipVA (627 in chips) 
Seat 2: planco62 (383 in chips) 
Seat 3: Mahu2021 (490 in chips) 
Mahu2021: posts small blind 20
ZipVA: posts big blind 40
*** HOLE CARDS ***
Dealt to Mahu2021 [Ad 5h]
planco62: calls 40
Mahu2021: calls 20
ZipVA: checks 
*** FLOP *** [5c Th Tc]
Mahu2021: bets 450 and is all-in
ZipVA: folds 
planco62: calls 343 and is all-in
Uncalled bet (107) returned to Mahu2021
*** TURN *** [5c Th Tc] [As]
*** RIVER *** [5c Th Tc As] [6c]
*** SHOW DOWN ***
Mahu2021: shows [Ad 5h] (two pair, Aces and Tens)
planco62: shows [Td Qs] (three of a kind, Tens)
planco62 collected 806 from pot
*** SUMMARY ***
Total pot 806 | Rake 0 
Board [5c Th Tc As 6c]
Seat 1: ZipVA (big blind) folded on the Flop
Seat 2: planco62 (button) showed [Td Qs] and won (806) with three of a kind, Tens
Seat 3: Mahu2021 (small blind) showed [Ad 5h] and lost with two pair, Aces and Tens



PokerStars Hand #247027492012: Tournament #3671285860, $1.84+$0.16 USD Hold'em No Limit - Level III (20/40) - 2023/11/10 14:28:28 CET [2023/11/10 8:28:28 ET]
Table '3671285860 1' 3-max Seat #3 is the button
Seat 1: ZipVA (587 in chips) 
Seat 2: planco62 (806 in chips) 
Seat 3: Mahu2021 (107 in chips) 
ZipVA: posts small blind 20
planco62: posts big blind 40
*** HOLE CARDS ***
Dealt to Mahu2021 [6h 4d]
Mahu2021: folds 
ZipVA: calls 20
planco62: checks 
*** FLOP *** [Ts Tc 4c]
ZipVA: checks 
planco62: checks 
*** TURN *** [Ts Tc 4c] [7s]
ZipVA: checks 
planco62: checks 
*** RIVER *** [Ts Tc 4c 7s] [9h]
ZipVA: bets 80
planco62: calls 80
*** SHOW DOWN ***
ZipVA: shows [Jh 8h] (a straight, Seven to Jack)
planco62: mucks hand 
ZipVA collected 240 from pot
*** SUMMARY ***
Total pot 240 | Rake 0 
Board [Ts Tc 4c 7s 9h]
Seat 1: ZipVA (small blind) showed [Jh 8h] and won (240) with a straight, Seven to Jack
Seat 2: planco62 (big blind) mucked [9c Jd]
Seat 3: Mahu2021 (button) folded before Flop (didn't bet)



PokerStars Hand #247027498167: Tournament #3671285860, $1.84+$0.16 USD Hold'em No Limit - Level IV (30/60) - 2023/11/10 14:28:59 CET [2023/11/10 8:28:59 ET]
Table '3671285860 1' 3-max Seat #1 is the button
Seat 1: ZipVA (707 in chips) 
Seat 2: planco62 (686 in chips) 
Seat 3: Mahu2021 (107 in chips) 
planco62: posts small blind 30
Mahu2021: posts big blind 60
*** HOLE CARDS ***
Dealt to Mahu2021 [3c 5h]
ZipVA: raises 647 to 707 and is all-in
planco62: folds 
Mahu2021: calls 47 and is all-in
Uncalled bet (600) returned to ZipVA
*** FLOP *** [4s 7s 4h]
*** TURN *** [4s 7s 4h] [7d]
*** RIVER *** [4s 7s 4h 7d] [9d]
*** SHOW DOWN ***
Mahu2021: shows [3c 5h] (two pair, Sevens and Fours)
ZipVA: shows [Kh Th] (two pair, Sevens and Fours - King kicker)
ZipVA collected 244 from pot
Mahu2021 finished the tournament in 3rd place
*** SUMMARY ***
Total pot 244 | Rake 0 
Board [4s 7s 4h 7d 9d]
Seat 1: ZipVA (button) showed [Kh Th] and won (244) with two pair, Sevens and Fours
Seat 2: planco62 (small blind) folded before Flop
Seat 3: Mahu2021 (big blind) showed [3c 5h] and lost with two pair, Sevens and Fours



