PokerStars Hand #253357471685: Tournament #3822456497, $4.60+$0.40 USD Hold'em No Limit - Level I (10/20) - 2024/11/11 15:25:02 CET [2024/11/11 9:25:02 ET]
Table '3822456497 1' 3-max Seat #1 is the button
Seat 1: asfolhas (500 in chips) 
Seat 2: 6oldenk!d (500 in chips) 
Seat 3: Mahu2021 (500 in chips) 
6oldenk!d: posts small blind 10
Mahu2021: posts big blind 20
*** HOLE CARDS ***
Dealt to Mahu2021 [6d 4h]
asfolhas: folds 
6oldenk!d: raises 480 to 500 and is all-in
Mahu2021: folds 
Uncalled bet (480) returned to 6oldenk!d
6oldenk!d collected 40 from pot
*** SUMMARY ***
Total pot 40 | Rake 0 
Seat 1: asfolhas (button) folded before Flop (didn't bet)
Seat 2: 6oldenk!d (small blind) collected (40)
Seat 3: Mahu2021 (big blind) folded before Flop



PokerStars Hand #253357473364: Tournament #3822456497, $4.60+$0.40 USD Hold'em No Limit - Level I (10/20) - 2024/11/11 15:25:12 CET [2024/11/11 9:25:12 ET]
Table '3822456497 1' 3-max Seat #2 is the button
Seat 1: asfolhas (500 in chips) 
Seat 2: 6oldenk!d (520 in chips) 
Seat 3: Mahu2021 (480 in chips) 
Mahu2021: posts small blind 10
asfolhas: posts big blind 20
*** HOLE CARDS ***
Dealt to Mahu2021 [3d 9h]
6oldenk!d: raises 50 to 70
Mahu2021: folds 
asfolhas: folds 
Uncalled bet (50) returned to 6oldenk!d
6oldenk!d collected 50 from pot
*** SUMMARY ***
Total pot 50 | Rake 0 
Seat 1: asfolhas (big blind) folded before Flop
Seat 2: 6oldenk!d (button) collected (50)
Seat 3: Mahu2021 (small blind) folded before Flop



PokerStars Hand #253357474721: Tournament #3822456497, $4.60+$0.40 USD Hold'em No Limit - Level I (10/20) - 2024/11/11 15:25:20 CET [2024/11/11 9:25:20 ET]
Table '3822456497 1' 3-max Seat #3 is the button
Seat 1: asfolhas (480 in chips) 
Seat 2: 6oldenk!d (550 in chips) 
Seat 3: Mahu2021 (470 in chips) 
asfolhas: posts small blind 10
6oldenk!d: posts big blind 20
*** HOLE CARDS ***
Dealt to Mahu2021 [Ks 5h]
Mahu2021: folds 
asfolhas: folds 
Uncalled bet (10) returned to 6oldenk!d
6oldenk!d collected 20 from pot
*** SUMMARY ***
Total pot 20 | Rake 0 
Seat 1: asfolhas (small blind) folded before Flop
Seat 2: 6oldenk!d (big blind) collected (20)
Seat 3: Mahu2021 (button) folded before Flop (didn't bet)



PokerStars Hand #253357475646: Tournament #3822456497, $4.60+$0.40 USD Hold'em No Limit - Level I (10/20) - 2024/11/11 15:25:25 CET [2024/11/11 9:25:25 ET]
Table '3822456497 1' 3-max Seat #1 is the button
Seat 1: asfolhas (470 in chips) 
Seat 2: 6oldenk!d (560 in chips) 
Seat 3: Mahu2021 (470 in chips) 
6oldenk!d: posts small blind 10
Mahu2021: posts big blind 20
*** HOLE CARDS ***
Dealt to Mahu2021 [Jc 6c]
asfolhas: folds 
6oldenk!d: raises 40 to 60
Mahu2021: calls 40
*** FLOP *** [2c 2s 5s]
6oldenk!d: bets 500 and is all-in
Mahu2021: folds 
Uncalled bet (500) returned to 6oldenk!d
6oldenk!d collected 120 from pot
*** SUMMARY ***
Total pot 120 | Rake 0 
Board [2c 2s 5s]
Seat 1: asfolhas (button) folded before Flop (didn't bet)
Seat 2: 6oldenk!d (small blind) collected (120)
Seat 3: Mahu2021 (big blind) folded on the Flop



PokerStars Hand #253357477667: Tournament #3822456497, $4.60+$0.40 USD Hold'em No Limit - Level I (10/20) - 2024/11/11 15:25:37 CET [2024/11/11 9:25:37 ET]
Table '3822456497 1' 3-max Seat #2 is the button
Seat 1: asfolhas (470 in chips) 
Seat 2: 6oldenk!d (620 in chips) 
Seat 3: Mahu2021 (410 in chips) 
Mahu2021: posts small blind 10
asfolhas: posts big blind 20
*** HOLE CARDS ***
Dealt to Mahu2021 [Js Qc]
6oldenk!d: calls 20
Mahu2021: calls 10
asfolhas: checks 
*** FLOP *** [7h 4s 9c]
Mahu2021: checks 
asfolhas: bets 60
6oldenk!d: folds 
Mahu2021: folds 
Uncalled bet (60) returned to asfolhas
asfolhas collected 60 from pot
asfolhas: doesn't show hand 
*** SUMMARY ***
Total pot 60 | Rake 0 
Board [7h 4s 9c]
Seat 1: asfolhas (big blind) collected (60)
Seat 2: 6oldenk!d (button) folded on the Flop
Seat 3: Mahu2021 (small blind) folded on the Flop



PokerStars Hand #253357479976: Tournament #3822456497, $4.60+$0.40 USD Hold'em No Limit - Level I (10/20) - 2024/11/11 15:25:50 CET [2024/11/11 9:25:50 ET]
Table '3822456497 1' 3-max Seat #3 is the button
Seat 1: asfolhas (510 in chips) 
Seat 2: 6oldenk!d (600 in chips) 
Seat 3: Mahu2021 (390 in chips) 
asfolhas: posts small blind 10
6oldenk!d: posts big blind 20
*** HOLE CARDS ***
Dealt to Mahu2021 [8h 7h]
Mahu2021: folds 
asfolhas: calls 10
6oldenk!d: raises 60 to 80
asfolhas: folds 
Uncalled bet (60) returned to 6oldenk!d
6oldenk!d collected 40 from pot
*** SUMMARY ***
Total pot 40 | Rake 0 
Seat 1: asfolhas (small blind) folded before Flop
Seat 2: 6oldenk!d (big blind) collected (40)
Seat 3: Mahu2021 (button) folded before Flop (didn't bet)



PokerStars Hand #253357481755: Tournament #3822456497, $4.60+$0.40 USD Hold'em No Limit - Level I (10/20) - 2024/11/11 15:26:00 CET [2024/11/11 9:26:00 ET]
Table '3822456497 1' 3-max Seat #1 is the button
Seat 1: asfolhas (490 in chips) 
Seat 2: 6oldenk!d (620 in chips) 
Seat 3: Mahu2021 (390 in chips) 
6oldenk!d: posts small blind 10
Mahu2021: posts big blind 20
*** HOLE CARDS ***
Dealt to Mahu2021 [Kh 8s]
asfolhas: folds 
6oldenk!d: raises 20 to 40
Mahu2021: raises 350 to 390 and is all-in
6oldenk!d: calls 350
*** FLOP *** [5h Kc 9s]
*** TURN *** [5h Kc 9s] [5c]
*** RIVER *** [5h Kc 9s 5c] [4h]
*** SHOW DOWN ***
6oldenk!d: shows [Qh Qs] (two pair, Queens and Fives)
Mahu2021: shows [Kh 8s] (two pair, Kings and Fives)
Mahu2021 collected 780 from pot
*** SUMMARY ***
Total pot 780 | Rake 0 
Board [5h Kc 9s 5c 4h]
Seat 1: asfolhas (button) folded before Flop (didn't bet)
Seat 2: 6oldenk!d (small blind) showed [Qh Qs] and lost with two pair, Queens and Fives
Seat 3: Mahu2021 (big blind) showed [Kh 8s] and won (780) with two pair, Kings and Fives



PokerStars Hand #253357484397: Tournament #3822456497, $4.60+$0.40 USD Hold'em No Limit - Level I (10/20) - 2024/11/11 15:26:16 CET [2024/11/11 9:26:16 ET]
Table '3822456497 1' 3-max Seat #2 is the button
Seat 1: asfolhas (490 in chips) 
Seat 2: 6oldenk!d (230 in chips) 
Seat 3: Mahu2021 (780 in chips) 
Mahu2021: posts small blind 10
asfolhas: posts big blind 20
*** HOLE CARDS ***
Dealt to Mahu2021 [Jd 6s]
6oldenk!d: raises 210 to 230 and is all-in
Mahu2021: folds 
asfolhas: folds 
Uncalled bet (210) returned to 6oldenk!d
6oldenk!d collected 50 from pot
*** SUMMARY ***
Total pot 50 | Rake 0 
Seat 1: asfolhas (big blind) folded before Flop
Seat 2: 6oldenk!d (button) collected (50)
Seat 3: Mahu2021 (small blind) folded before Flop



PokerStars Hand #253357485705: Tournament #3822456497, $4.60+$0.40 USD Hold'em No Limit - Level I (10/20) - 2024/11/11 15:26:23 CET [2024/11/11 9:26:23 ET]
Table '3822456497 1' 3-max Seat #3 is the button
Seat 1: asfolhas (470 in chips) 
Seat 2: 6oldenk!d (260 in chips) 
Seat 3: Mahu2021 (770 in chips) 
asfolhas: posts small blind 10
6oldenk!d: posts big blind 20
*** HOLE CARDS ***
Dealt to Mahu2021 [9h 3s]
Mahu2021: folds 
asfolhas: calls 10
6oldenk!d: raises 40 to 60
asfolhas: calls 40
*** FLOP *** [4s 7d Ac]
asfolhas: checks 
6oldenk!d: bets 200 and is all-in
asfolhas: folds 
Uncalled bet (200) returned to 6oldenk!d
6oldenk!d collected 120 from pot
*** SUMMARY ***
Total pot 120 | Rake 0 
Board [4s 7d Ac]
Seat 1: asfolhas (small blind) folded on the Flop
Seat 2: 6oldenk!d (big blind) collected (120)
Seat 3: Mahu2021 (button) folded before Flop (didn't bet)



PokerStars Hand #253357488479: Tournament #3822456497, $4.60+$0.40 USD Hold'em No Limit - Level I (10/20) - 2024/11/11 15:26:39 CET [2024/11/11 9:26:39 ET]
Table '3822456497 1' 3-max Seat #1 is the button
Seat 1: asfolhas (410 in chips) 
Seat 2: 6oldenk!d (320 in chips) 
Seat 3: Mahu2021 (770 in chips) 
6oldenk!d: posts small blind 10
Mahu2021: posts big blind 20
*** HOLE CARDS ***
Dealt to Mahu2021 [Ah As]
asfolhas: folds 
6oldenk!d: raises 20 to 40
Mahu2021: raises 60 to 100
6oldenk!d: calls 60
*** FLOP *** [7d Tc 8s]
6oldenk!d: bets 220 and is all-in
Mahu2021: calls 220
*** TURN *** [7d Tc 8s] [Ts]
*** RIVER *** [7d Tc 8s Ts] [3c]
*** SHOW DOWN ***
6oldenk!d: shows [Js 2h] (a pair of Tens)
Mahu2021: shows [Ah As] (two pair, Aces and Tens)
Mahu2021 collected 640 from pot
6oldenk!d finished the tournament in 3rd place
*** SUMMARY ***
Total pot 640 | Rake 0 
Board [7d Tc 8s Ts 3c]
Seat 1: asfolhas (button) folded before Flop (didn't bet)
Seat 2: 6oldenk!d (small blind) showed [Js 2h] and lost with a pair of Tens
Seat 3: Mahu2021 (big blind) showed [Ah As] and won (640) with two pair, Aces and Tens



PokerStars Hand #253357492439: Tournament #3822456497, $4.60+$0.40 USD Hold'em No Limit - Level I (10/20) - 2024/11/11 15:27:01 CET [2024/11/11 9:27:01 ET]
Table '3822456497 1' 3-max Seat #3 is the button
Seat 1: asfolhas (410 in chips) 
Seat 3: Mahu2021 (1090 in chips) 
Mahu2021: posts small blind 10
asfolhas: posts big blind 20
*** HOLE CARDS ***
Dealt to Mahu2021 [7s Js]
Mahu2021: raises 40 to 60
asfolhas: folds 
Uncalled bet (40) returned to Mahu2021
Mahu2021 collected 40 from pot
Mahu2021: doesn't show hand 
*** SUMMARY ***
Total pot 40 | Rake 0 
Seat 1: asfolhas (big blind) folded before Flop
Seat 3: Mahu2021 (button) (small blind) collected (40)



PokerStars Hand #253357493589: Tournament #3822456497, $4.60+$0.40 USD Hold'em No Limit - Level I (10/20) - 2024/11/11 15:27:08 CET [2024/11/11 9:27:08 ET]
Table '3822456497 1' 3-max Seat #1 is the button
Seat 1: asfolhas (390 in chips) 
Seat 3: Mahu2021 (1110 in chips) 
asfolhas: posts small blind 10
Mahu2021: posts big blind 20
*** HOLE CARDS ***
Dealt to Mahu2021 [Ah 6s]
asfolhas: raises 40 to 60
Mahu2021: calls 40
*** FLOP *** [6d 2s Kh]
Mahu2021: bets 60
asfolhas: folds 
Uncalled bet (60) returned to Mahu2021
Mahu2021 collected 120 from pot
Mahu2021: doesn't show hand 
*** SUMMARY ***
Total pot 120 | Rake 0 
Board [6d 2s Kh]
Seat 1: asfolhas (button) (small blind) folded on the Flop
Seat 3: Mahu2021 (big blind) collected (120)



PokerStars Hand #253357495470: Tournament #3822456497, $4.60+$0.40 USD Hold'em No Limit - Level I (10/20) - 2024/11/11 15:27:19 CET [2024/11/11 9:27:19 ET]
Table '3822456497 1' 3-max Seat #3 is the button
Seat 1: asfolhas (330 in chips) 
Seat 3: Mahu2021 (1170 in chips) 
Mahu2021: posts small blind 10
asfolhas: posts big blind 20
*** HOLE CARDS ***
Dealt to Mahu2021 [Js 9s]
Mahu2021: raises 40 to 60
asfolhas: calls 40
*** FLOP *** [2d 3c 5s]
asfolhas: bets 260
Mahu2021: folds 
Uncalled bet (260) returned to asfolhas
asfolhas collected 120 from pot
asfolhas: doesn't show hand 
*** SUMMARY ***
Total pot 120 | Rake 0 
Board [2d 3c 5s]
Seat 1: asfolhas (big blind) collected (120)
Seat 3: Mahu2021 (button) (small blind) folded on the Flop



PokerStars Hand #253357497772: Tournament #3822456497, $4.60+$0.40 USD Hold'em No Limit - Level I (10/20) - 2024/11/11 15:27:32 CET [2024/11/11 9:27:32 ET]
Table '3822456497 1' 3-max Seat #1 is the button
Seat 1: asfolhas (390 in chips) 
Seat 3: Mahu2021 (1110 in chips) 
asfolhas: posts small blind 10
Mahu2021: posts big blind 20
*** HOLE CARDS ***
Dealt to Mahu2021 [Ah 2h]
asfolhas: calls 10
Mahu2021: raises 60 to 80
asfolhas: folds 
Uncalled bet (60) returned to Mahu2021
Mahu2021 collected 40 from pot
Mahu2021: doesn't show hand 
*** SUMMARY ***
Total pot 40 | Rake 0 
Seat 1: asfolhas (button) (small blind) folded before Flop
Seat 3: Mahu2021 (big blind) collected (40)



PokerStars Hand #253357499197: Tournament #3822456497, $4.60+$0.40 USD Hold'em No Limit - Level I (10/20) - 2024/11/11 15:27:40 CET [2024/11/11 9:27:40 ET]
Table '3822456497 1' 3-max Seat #3 is the button
Seat 1: asfolhas (370 in chips) 
Seat 3: Mahu2021 (1130 in chips) 
Mahu2021: posts small blind 10
asfolhas: posts big blind 20
*** HOLE CARDS ***
Dealt to Mahu2021 [Ad 5d]
Mahu2021: raises 60 to 80
asfolhas: folds 
Uncalled bet (60) returned to Mahu2021
Mahu2021 collected 40 from pot
Mahu2021: doesn't show hand 
*** SUMMARY ***
Total pot 40 | Rake 0 
Seat 1: asfolhas (big blind) folded before Flop
Seat 3: Mahu2021 (button) (small blind) collected (40)



PokerStars Hand #253357500460: Tournament #3822456497, $4.60+$0.40 USD Hold'em No Limit - Level I (10/20) - 2024/11/11 15:27:47 CET [2024/11/11 9:27:47 ET]
Table '3822456497 1' 3-max Seat #1 is the button
Seat 1: asfolhas (350 in chips) 
Seat 3: Mahu2021 (1150 in chips) 
asfolhas: posts small blind 10
Mahu2021: posts big blind 20
*** HOLE CARDS ***
Dealt to Mahu2021 [7d 3s]
asfolhas: folds 
Uncalled bet (10) returned to Mahu2021
Mahu2021 collected 20 from pot
Mahu2021: doesn't show hand 
*** SUMMARY ***
Total pot 20 | Rake 0 
Seat 1: asfolhas (button) (small blind) folded before Flop
Seat 3: Mahu2021 (big blind) collected (20)



PokerStars Hand #253357501189: Tournament #3822456497, $4.60+$0.40 USD Hold'em No Limit - Level I (10/20) - 2024/11/11 15:27:52 CET [2024/11/11 9:27:52 ET]
Table '3822456497 1' 3-max Seat #3 is the button
Seat 1: asfolhas (340 in chips) 
Seat 3: Mahu2021 (1160 in chips) 
Mahu2021: posts small blind 10
asfolhas: posts big blind 20
*** HOLE CARDS ***
Dealt to Mahu2021 [7h 6h]
Mahu2021: raises 20 to 40
asfolhas: raises 300 to 340 and is all-in
Mahu2021: folds 
Uncalled bet (300) returned to asfolhas
asfolhas collected 80 from pot
asfolhas: doesn't show hand 
*** SUMMARY ***
Total pot 80 | Rake 0 
Seat 1: asfolhas (big blind) collected (80)
Seat 3: Mahu2021 (button) (small blind) folded before Flop



PokerStars Hand #253357504142: Tournament #3822456497, $4.60+$0.40 USD Hold'em No Limit - Level II (15/30) - 2024/11/11 15:28:08 CET [2024/11/11 9:28:08 ET]
Table '3822456497 1' 3-max Seat #1 is the button
Seat 1: asfolhas (380 in chips) 
Seat 3: Mahu2021 (1120 in chips) 
asfolhas: posts small blind 15
Mahu2021: posts big blind 30
*** HOLE CARDS ***
Dealt to Mahu2021 [2d 9h]
asfolhas: raises 350 to 380 and is all-in
Mahu2021: folds 
Uncalled bet (350) returned to asfolhas
asfolhas collected 60 from pot
asfolhas: doesn't show hand 
*** SUMMARY ***
Total pot 60 | Rake 0 
Seat 1: asfolhas (button) (small blind) collected (60)
Seat 3: Mahu2021 (big blind) folded before Flop



PokerStars Hand #253357505255: Tournament #3822456497, $4.60+$0.40 USD Hold'em No Limit - Level II (15/30) - 2024/11/11 15:28:15 CET [2024/11/11 9:28:15 ET]
Table '3822456497 1' 3-max Seat #3 is the button
Seat 1: asfolhas (410 in chips) 
Seat 3: Mahu2021 (1090 in chips) 
Mahu2021: posts small blind 15
asfolhas: posts big blind 30
*** HOLE CARDS ***
Dealt to Mahu2021 [As Td]
Mahu2021: raises 60 to 90
asfolhas: calls 60
*** FLOP *** [6s 8s Kh]
asfolhas: checks 
Mahu2021: bets 1000 and is all-in
asfolhas: calls 320 and is all-in
Uncalled bet (680) returned to Mahu2021
*** TURN *** [6s 8s Kh] [Ac]
*** RIVER *** [6s 8s Kh Ac] [Ks]
*** SHOW DOWN ***
asfolhas: shows [Kc 4d] (three of a kind, Kings)
Mahu2021: shows [As Td] (two pair, Aces and Kings)
asfolhas collected 820 from pot
*** SUMMARY ***
Total pot 820 | Rake 0 
Board [6s 8s Kh Ac Ks]
Seat 1: asfolhas (big blind) showed [Kc 4d] and won (820) with three of a kind, Kings
Seat 3: Mahu2021 (button) (small blind) showed [As Td] and lost with two pair, Aces and Kings



PokerStars Hand #253357508548: Tournament #3822456497, $4.60+$0.40 USD Hold'em No Limit - Level II (15/30) - 2024/11/11 15:28:34 CET [2024/11/11 9:28:34 ET]
Table '3822456497 1' 3-max Seat #1 is the button
Seat 1: asfolhas (820 in chips) 
Seat 3: Mahu2021 (680 in chips) 
asfolhas: posts small blind 15
Mahu2021: posts big blind 30
*** HOLE CARDS ***
Dealt to Mahu2021 [7s Js]
asfolhas: raises 60 to 90
Mahu2021: calls 60
*** FLOP *** [4h Ad Jc]
Mahu2021: bets 590 and is all-in
asfolhas: folds 
Uncalled bet (590) returned to Mahu2021
Mahu2021 collected 180 from pot
Mahu2021: doesn't show hand 
*** SUMMARY ***
Total pot 180 | Rake 0 
Board [4h Ad Jc]
Seat 1: asfolhas (button) (small blind) folded on the Flop
Seat 3: Mahu2021 (big blind) collected (180)



PokerStars Hand #253357510709: Tournament #3822456497, $4.60+$0.40 USD Hold'em No Limit - Level II (15/30) - 2024/11/11 15:28:46 CET [2024/11/11 9:28:46 ET]
Table '3822456497 1' 3-max Seat #3 is the button
Seat 1: asfolhas (730 in chips) 
Seat 3: Mahu2021 (770 in chips) 
Mahu2021: posts small blind 15
asfolhas: posts big blind 30
*** HOLE CARDS ***
Dealt to Mahu2021 [8c 2h]
Mahu2021: folds 
Uncalled bet (15) returned to asfolhas
asfolhas collected 30 from pot
asfolhas: doesn't show hand 
*** SUMMARY ***
Total pot 30 | Rake 0 
Seat 1: asfolhas (big blind) collected (30)
Seat 3: Mahu2021 (button) (small blind) folded before Flop



PokerStars Hand #253357511490: Tournament #3822456497, $4.60+$0.40 USD Hold'em No Limit - Level II (15/30) - 2024/11/11 15:28:51 CET [2024/11/11 9:28:51 ET]
Table '3822456497 1' 3-max Seat #1 is the button
Seat 1: asfolhas (745 in chips) 
Seat 3: Mahu2021 (755 in chips) 
asfolhas: posts small blind 15
Mahu2021: posts big blind 30
*** HOLE CARDS ***
Dealt to Mahu2021 [Qd Tc]
asfolhas: calls 15
Mahu2021: raises 90 to 120
asfolhas: folds 
Uncalled bet (90) returned to Mahu2021
Mahu2021 collected 60 from pot
Mahu2021: doesn't show hand 
*** SUMMARY ***
Total pot 60 | Rake 0 
Seat 1: asfolhas (button) (small blind) folded before Flop
Seat 3: Mahu2021 (big blind) collected (60)



PokerStars Hand #253357512830: Tournament #3822456497, $4.60+$0.40 USD Hold'em No Limit - Level II (15/30) - 2024/11/11 15:28:58 CET [2024/11/11 9:28:58 ET]
Table '3822456497 1' 3-max Seat #3 is the button
Seat 1: asfolhas (715 in chips) 
Seat 3: Mahu2021 (785 in chips) 
Mahu2021: posts small blind 15
asfolhas: posts big blind 30
*** HOLE CARDS ***
Dealt to Mahu2021 [5h Th]
Mahu2021: calls 15
asfolhas: raises 30 to 60
Mahu2021: calls 30
*** FLOP *** [8h Ts 3c]
asfolhas: checks 
Mahu2021: bets 120
asfolhas: folds 
Uncalled bet (120) returned to Mahu2021
Mahu2021 collected 120 from pot
Mahu2021: doesn't show hand 
*** SUMMARY ***
Total pot 120 | Rake 0 
Board [8h Ts 3c]
Seat 1: asfolhas (big blind) folded on the Flop
Seat 3: Mahu2021 (button) (small blind) collected (120)



PokerStars Hand #253357515172: Tournament #3822456497, $4.60+$0.40 USD Hold'em No Limit - Level II (15/30) - 2024/11/11 15:29:12 CET [2024/11/11 9:29:12 ET]
Table '3822456497 1' 3-max Seat #1 is the button
Seat 1: asfolhas (655 in chips) 
Seat 3: Mahu2021 (845 in chips) 
asfolhas: posts small blind 15
Mahu2021: posts big blind 30
*** HOLE CARDS ***
Dealt to Mahu2021 [8h 7c]
asfolhas: folds 
Uncalled bet (15) returned to Mahu2021
Mahu2021 collected 30 from pot
Mahu2021: doesn't show hand 
*** SUMMARY ***
Total pot 30 | Rake 0 
Seat 1: asfolhas (button) (small blind) folded before Flop
Seat 3: Mahu2021 (big blind) collected (30)



PokerStars Hand #253357516074: Tournament #3822456497, $4.60+$0.40 USD Hold'em No Limit - Level II (15/30) - 2024/11/11 15:29:17 CET [2024/11/11 9:29:17 ET]
Table '3822456497 1' 3-max Seat #3 is the button
Seat 1: asfolhas (640 in chips) 
Seat 3: Mahu2021 (860 in chips) 
Mahu2021: posts small blind 15
asfolhas: posts big blind 30
*** HOLE CARDS ***
Dealt to Mahu2021 [9s 5d]
Mahu2021: folds 
Uncalled bet (15) returned to asfolhas
asfolhas collected 30 from pot
asfolhas: doesn't show hand 
*** SUMMARY ***
Total pot 30 | Rake 0 
Seat 1: asfolhas (big blind) collected (30)
Seat 3: Mahu2021 (button) (small blind) folded before Flop



PokerStars Hand #253357516877: Tournament #3822456497, $4.60+$0.40 USD Hold'em No Limit - Level II (15/30) - 2024/11/11 15:29:22 CET [2024/11/11 9:29:22 ET]
Table '3822456497 1' 3-max Seat #1 is the button
Seat 1: asfolhas (655 in chips) 
Seat 3: Mahu2021 (845 in chips) 
asfolhas: posts small blind 15
Mahu2021: posts big blind 30
*** HOLE CARDS ***
Dealt to Mahu2021 [Jc Qd]
asfolhas: calls 15
Mahu2021: raises 90 to 120
asfolhas: folds 
Uncalled bet (90) returned to Mahu2021
Mahu2021 collected 60 from pot
Mahu2021: doesn't show hand 
*** SUMMARY ***
Total pot 60 | Rake 0 
Seat 1: asfolhas (button) (small blind) folded before Flop
Seat 3: Mahu2021 (big blind) collected (60)



PokerStars Hand #253357518330: Tournament #3822456497, $4.60+$0.40 USD Hold'em No Limit - Level II (15/30) - 2024/11/11 15:29:30 CET [2024/11/11 9:29:30 ET]
Table '3822456497 1' 3-max Seat #3 is the button
Seat 1: asfolhas (625 in chips) 
Seat 3: Mahu2021 (875 in chips) 
Mahu2021: posts small blind 15
asfolhas: posts big blind 30
*** HOLE CARDS ***
Dealt to Mahu2021 [8s Jh]
Mahu2021: calls 15
asfolhas: checks 
*** FLOP *** [6s 8d 8h]
asfolhas: checks 
Mahu2021: checks 
*** TURN *** [6s 8d 8h] [6c]
asfolhas: checks 
Mahu2021: checks 
*** RIVER *** [6s 8d 8h 6c] [Ts]
asfolhas: checks 
Mahu2021: bets 60
asfolhas: folds 
Uncalled bet (60) returned to Mahu2021
Mahu2021 collected 60 from pot
Mahu2021: doesn't show hand 
*** SUMMARY ***
Total pot 60 | Rake 0 
Board [6s 8d 8h 6c Ts]
Seat 1: asfolhas (big blind) folded on the River
Seat 3: Mahu2021 (button) (small blind) collected (60)



PokerStars Hand #253357521885: Tournament #3822456497, $4.60+$0.40 USD Hold'em No Limit - Level II (15/30) - 2024/11/11 15:29:50 CET [2024/11/11 9:29:50 ET]
Table '3822456497 1' 3-max Seat #1 is the button
Seat 1: asfolhas (595 in chips) 
Seat 3: Mahu2021 (905 in chips) 
asfolhas: posts small blind 15
Mahu2021: posts big blind 30
*** HOLE CARDS ***
Dealt to Mahu2021 [2d Tc]
asfolhas: raises 60 to 90
Mahu2021: folds 
Uncalled bet (60) returned to asfolhas
asfolhas collected 60 from pot
asfolhas: doesn't show hand 
*** SUMMARY ***
Total pot 60 | Rake 0 
Seat 1: asfolhas (button) (small blind) collected (60)
Seat 3: Mahu2021 (big blind) folded before Flop



PokerStars Hand #253357523164: Tournament #3822456497, $4.60+$0.40 USD Hold'em No Limit - Level II (15/30) - 2024/11/11 15:29:57 CET [2024/11/11 9:29:57 ET]
Table '3822456497 1' 3-max Seat #3 is the button
Seat 1: asfolhas (625 in chips) 
Seat 3: Mahu2021 (875 in chips) 
Mahu2021: posts small blind 15
asfolhas: posts big blind 30
*** HOLE CARDS ***
Dealt to Mahu2021 [7c Js]
Mahu2021: raises 30 to 60
asfolhas: raises 540 to 600
Mahu2021: folds 
Uncalled bet (540) returned to asfolhas
asfolhas collected 120 from pot
asfolhas: doesn't show hand 
*** SUMMARY ***
Total pot 120 | Rake 0 
Seat 1: asfolhas (big blind) collected (120)
Seat 3: Mahu2021 (button) (small blind) folded before Flop



PokerStars Hand #253357524629: Tournament #3822456497, $4.60+$0.40 USD Hold'em No Limit - Level II (15/30) - 2024/11/11 15:30:05 CET [2024/11/11 9:30:05 ET]
Table '3822456497 1' 3-max Seat #1 is the button
Seat 1: asfolhas (685 in chips) 
Seat 3: Mahu2021 (815 in chips) 
asfolhas: posts small blind 15
Mahu2021: posts big blind 30
*** HOLE CARDS ***
Dealt to Mahu2021 [As 4h]
asfolhas: folds 
Uncalled bet (15) returned to Mahu2021
Mahu2021 collected 30 from pot
Mahu2021: doesn't show hand 
*** SUMMARY ***
Total pot 30 | Rake 0 
Seat 1: asfolhas (button) (small blind) folded before Flop
Seat 3: Mahu2021 (big blind) collected (30)



PokerStars Hand #253357525431: Tournament #3822456497, $4.60+$0.40 USD Hold'em No Limit - Level II (15/30) - 2024/11/11 15:30:10 CET [2024/11/11 9:30:10 ET]
Table '3822456497 1' 3-max Seat #3 is the button
Seat 1: asfolhas (670 in chips) 
Seat 3: Mahu2021 (830 in chips) 
Mahu2021: posts small blind 15
asfolhas: posts big blind 30
*** HOLE CARDS ***
Dealt to Mahu2021 [7c 6d]
Mahu2021: calls 15
asfolhas: checks 
*** FLOP *** [Js 9c Qd]
asfolhas: checks 
Mahu2021: checks 
*** TURN *** [Js 9c Qd] [8s]
asfolhas: bets 30
Mahu2021: folds 
Uncalled bet (30) returned to asfolhas
asfolhas collected 60 from pot
asfolhas: doesn't show hand 
*** SUMMARY ***
Total pot 60 | Rake 0 
Board [Js 9c Qd 8s]
Seat 1: asfolhas (big blind) collected (60)
Seat 3: Mahu2021 (button) (small blind) folded on the Turn



PokerStars Hand #253357527606: Tournament #3822456497, $4.60+$0.40 USD Hold'em No Limit - Level II (15/30) - 2024/11/11 15:30:22 CET [2024/11/11 9:30:22 ET]
Table '3822456497 1' 3-max Seat #1 is the button
Seat 1: asfolhas (700 in chips) 
Seat 3: Mahu2021 (800 in chips) 
asfolhas: posts small blind 15
Mahu2021: posts big blind 30
*** HOLE CARDS ***
Dealt to Mahu2021 [Th 2d]
asfolhas: raises 60 to 90
Mahu2021: folds 
Uncalled bet (60) returned to asfolhas
asfolhas collected 60 from pot
asfolhas: doesn't show hand 
*** SUMMARY ***
Total pot 60 | Rake 0 
Seat 1: asfolhas (button) (small blind) collected (60)
Seat 3: Mahu2021 (big blind) folded before Flop



PokerStars Hand #253357528660: Tournament #3822456497, $4.60+$0.40 USD Hold'em No Limit - Level II (15/30) - 2024/11/11 15:30:28 CET [2024/11/11 9:30:28 ET]
Table '3822456497 1' 3-max Seat #3 is the button
Seat 1: asfolhas (730 in chips) 
Seat 3: Mahu2021 (770 in chips) 
Mahu2021: posts small blind 15
asfolhas: posts big blind 30
*** HOLE CARDS ***
Dealt to Mahu2021 [Qd 5h]
Mahu2021: raises 60 to 90
asfolhas: folds 
Uncalled bet (60) returned to Mahu2021
Mahu2021 collected 60 from pot
Mahu2021: doesn't show hand 
*** SUMMARY ***
Total pot 60 | Rake 0 
Seat 1: asfolhas (big blind) folded before Flop
Seat 3: Mahu2021 (button) (small blind) collected (60)



PokerStars Hand #253357529791: Tournament #3822456497, $4.60+$0.40 USD Hold'em No Limit - Level II (15/30) - 2024/11/11 15:30:35 CET [2024/11/11 9:30:35 ET]
Table '3822456497 1' 3-max Seat #1 is the button
Seat 1: asfolhas (700 in chips) 
Seat 3: Mahu2021 (800 in chips) 
asfolhas: posts small blind 15
Mahu2021: posts big blind 30
*** HOLE CARDS ***
Dealt to Mahu2021 [2s 5h]
asfolhas: folds 
Uncalled bet (15) returned to Mahu2021
Mahu2021 collected 30 from pot
Mahu2021: doesn't show hand 
*** SUMMARY ***
Total pot 30 | Rake 0 
Seat 1: asfolhas (button) (small blind) folded before Flop
Seat 3: Mahu2021 (big blind) collected (30)



PokerStars Hand #253357530596: Tournament #3822456497, $4.60+$0.40 USD Hold'em No Limit - Level II (15/30) - 2024/11/11 15:30:39 CET [2024/11/11 9:30:39 ET]
Table '3822456497 1' 3-max Seat #3 is the button
Seat 1: asfolhas (685 in chips) 
Seat 3: Mahu2021 (815 in chips) 
Mahu2021: posts small blind 15
asfolhas: posts big blind 30
*** HOLE CARDS ***
Dealt to Mahu2021 [Kd Tc]
Mahu2021: raises 60 to 90
asfolhas: folds 
Uncalled bet (60) returned to Mahu2021
Mahu2021 collected 60 from pot
Mahu2021: doesn't show hand 
*** SUMMARY ***
Total pot 60 | Rake 0 
Seat 1: asfolhas (big blind) folded before Flop
Seat 3: Mahu2021 (button) (small blind) collected (60)



PokerStars Hand #253357531807: Tournament #3822456497, $4.60+$0.40 USD Hold'em No Limit - Level II (15/30) - 2024/11/11 15:30:46 CET [2024/11/11 9:30:46 ET]
Table '3822456497 1' 3-max Seat #1 is the button
Seat 1: asfolhas (655 in chips) 
Seat 3: Mahu2021 (845 in chips) 
asfolhas: posts small blind 15
Mahu2021: posts big blind 30
*** HOLE CARDS ***
Dealt to Mahu2021 [Kd 4d]
asfolhas: folds 
Uncalled bet (15) returned to Mahu2021
Mahu2021 collected 30 from pot
Mahu2021: doesn't show hand 
*** SUMMARY ***
Total pot 30 | Rake 0 
Seat 1: asfolhas (button) (small blind) folded before Flop
Seat 3: Mahu2021 (big blind) collected (30)



PokerStars Hand #253357532601: Tournament #3822456497, $4.60+$0.40 USD Hold'em No Limit - Level II (15/30) - 2024/11/11 15:30:50 CET [2024/11/11 9:30:50 ET]
Table '3822456497 1' 3-max Seat #3 is the button
Seat 1: asfolhas (640 in chips) 
Seat 3: Mahu2021 (860 in chips) 
Mahu2021: posts small blind 15
asfolhas: posts big blind 30
*** HOLE CARDS ***
Dealt to Mahu2021 [Qc 7d]
Mahu2021: raises 30 to 60
asfolhas: calls 30
*** FLOP *** [9h 2d 8s]
asfolhas: bets 120
Mahu2021: folds 
Uncalled bet (120) returned to asfolhas
asfolhas collected 120 from pot
asfolhas: doesn't show hand 
*** SUMMARY ***
Total pot 120 | Rake 0 
Board [9h 2d 8s]
Seat 1: asfolhas (big blind) collected (120)
Seat 3: Mahu2021 (button) (small blind) folded on the Flop



PokerStars Hand #253357534607: Tournament #3822456497, $4.60+$0.40 USD Hold'em No Limit - Level II (15/30) - 2024/11/11 15:31:01 CET [2024/11/11 9:31:01 ET]
Table '3822456497 1' 3-max Seat #1 is the button
Seat 1: asfolhas (700 in chips) 
Seat 3: Mahu2021 (800 in chips) 
asfolhas: posts small blind 15
Mahu2021: posts big blind 30
*** HOLE CARDS ***
Dealt to Mahu2021 [5s Ad]
asfolhas: folds 
Uncalled bet (15) returned to Mahu2021
Mahu2021 collected 30 from pot
Mahu2021: doesn't show hand 
*** SUMMARY ***
Total pot 30 | Rake 0 
Seat 1: asfolhas (button) (small blind) folded before Flop
Seat 3: Mahu2021 (big blind) collected (30)



PokerStars Hand #253357536030: Tournament #3822456497, $4.60+$0.40 USD Hold'em No Limit - Level III (20/40) - 2024/11/11 15:31:09 CET [2024/11/11 9:31:09 ET]
Table '3822456497 1' 3-max Seat #3 is the button
Seat 1: asfolhas (685 in chips) 
Seat 3: Mahu2021 (815 in chips) 
Mahu2021: posts small blind 20
asfolhas: posts big blind 40
*** HOLE CARDS ***
Dealt to Mahu2021 [5c Jd]
Mahu2021: calls 20
asfolhas: checks 
*** FLOP *** [9d 3c 4h]
asfolhas: bets 40
Mahu2021: folds 
Uncalled bet (40) returned to asfolhas
asfolhas collected 80 from pot
asfolhas: doesn't show hand 
*** SUMMARY ***
Total pot 80 | Rake 0 
Board [9d 3c 4h]
Seat 1: asfolhas (big blind) collected (80)
Seat 3: Mahu2021 (button) (small blind) folded on the Flop



PokerStars Hand #253357537779: Tournament #3822456497, $4.60+$0.40 USD Hold'em No Limit - Level III (20/40) - 2024/11/11 15:31:19 CET [2024/11/11 9:31:19 ET]
Table '3822456497 1' 3-max Seat #1 is the button
Seat 1: asfolhas (725 in chips) 
Seat 3: Mahu2021 (775 in chips) 
asfolhas: posts small blind 20
Mahu2021: posts big blind 40
*** HOLE CARDS ***
Dealt to Mahu2021 [Ks Qs]
asfolhas: calls 20
Mahu2021: raises 120 to 160
asfolhas: folds 
Uncalled bet (120) returned to Mahu2021
Mahu2021 collected 80 from pot
Mahu2021: doesn't show hand 
*** SUMMARY ***
Total pot 80 | Rake 0 
Seat 1: asfolhas (button) (small blind) folded before Flop
Seat 3: Mahu2021 (big blind) collected (80)



PokerStars Hand #253357539260: Tournament #3822456497, $4.60+$0.40 USD Hold'em No Limit - Level III (20/40) - 2024/11/11 15:31:27 CET [2024/11/11 9:31:27 ET]
Table '3822456497 1' 3-max Seat #3 is the button
Seat 1: asfolhas (685 in chips) 
Seat 3: Mahu2021 (815 in chips) 
Mahu2021: posts small blind 20
asfolhas: posts big blind 40
*** HOLE CARDS ***
Dealt to Mahu2021 [2s Qh]
Mahu2021: calls 20
asfolhas: raises 80 to 120
Mahu2021: calls 80
*** FLOP *** [3h 4c Tc]
asfolhas: bets 240
Mahu2021: folds 
Uncalled bet (240) returned to asfolhas
asfolhas collected 240 from pot
asfolhas: doesn't show hand 
*** SUMMARY ***
Total pot 240 | Rake 0 
Board [3h 4c Tc]
Seat 1: asfolhas (big blind) collected (240)
Seat 3: Mahu2021 (button) (small blind) folded on the Flop



PokerStars Hand #253357541327: Tournament #3822456497, $4.60+$0.40 USD Hold'em No Limit - Level III (20/40) - 2024/11/11 15:31:39 CET [2024/11/11 9:31:39 ET]
Table '3822456497 1' 3-max Seat #1 is the button
Seat 1: asfolhas (805 in chips) 
Seat 3: Mahu2021 (695 in chips) 
asfolhas: posts small blind 20
Mahu2021: posts big blind 40
*** HOLE CARDS ***
Dealt to Mahu2021 [4h Th]
asfolhas: calls 20
Mahu2021: checks 
*** FLOP *** [Qc 6d 3c]
Mahu2021: checks 
asfolhas: bets 40
Mahu2021: folds 
Uncalled bet (40) returned to asfolhas
asfolhas collected 80 from pot
asfolhas: doesn't show hand 
*** SUMMARY ***
Total pot 80 | Rake 0 
Board [Qc 6d 3c]
Seat 1: asfolhas (button) (small blind) collected (80)
Seat 3: Mahu2021 (big blind) folded on the Flop



PokerStars Hand #253357543058: Tournament #3822456497, $4.60+$0.40 USD Hold'em No Limit - Level III (20/40) - 2024/11/11 15:31:48 CET [2024/11/11 9:31:48 ET]
Table '3822456497 1' 3-max Seat #3 is the button
Seat 1: asfolhas (845 in chips) 
Seat 3: Mahu2021 (655 in chips) 
Mahu2021: posts small blind 20
asfolhas: posts big blind 40
*** HOLE CARDS ***
Dealt to Mahu2021 [Qd Ad]
Mahu2021: calls 20
asfolhas: checks 
*** FLOP *** [4s 3c 8s]
asfolhas: checks 
Mahu2021: checks 
*** TURN *** [4s 3c 8s] [Ac]
asfolhas: checks 
Mahu2021: bets 80
asfolhas: folds 
Uncalled bet (80) returned to Mahu2021
Mahu2021 collected 80 from pot
Mahu2021: doesn't show hand 
*** SUMMARY ***
Total pot 80 | Rake 0 
Board [4s 3c 8s Ac]
Seat 1: asfolhas (big blind) folded on the Turn
Seat 3: Mahu2021 (button) (small blind) collected (80)



PokerStars Hand #253357545722: Tournament #3822456497, $4.60+$0.40 USD Hold'em No Limit - Level III (20/40) - 2024/11/11 15:32:03 CET [2024/11/11 9:32:03 ET]
Table '3822456497 1' 3-max Seat #1 is the button
Seat 1: asfolhas (805 in chips) 
Seat 3: Mahu2021 (695 in chips) 
asfolhas: posts small blind 20
Mahu2021: posts big blind 40
*** HOLE CARDS ***
Dealt to Mahu2021 [Kc Qs]
asfolhas: calls 20
Mahu2021: raises 120 to 160
asfolhas: folds 
Uncalled bet (120) returned to Mahu2021
Mahu2021 collected 80 from pot
Mahu2021: doesn't show hand 
*** SUMMARY ***
Total pot 80 | Rake 0 
Seat 1: asfolhas (button) (small blind) folded before Flop
Seat 3: Mahu2021 (big blind) collected (80)



PokerStars Hand #253357547147: Tournament #3822456497, $4.60+$0.40 USD Hold'em No Limit - Level III (20/40) - 2024/11/11 15:32:11 CET [2024/11/11 9:32:11 ET]
Table '3822456497 1' 3-max Seat #3 is the button
Seat 1: asfolhas (765 in chips) 
Seat 3: Mahu2021 (735 in chips) 
Mahu2021: posts small blind 20
asfolhas: posts big blind 40
*** HOLE CARDS ***
Dealt to Mahu2021 [8h 6c]
Mahu2021: folds 
Uncalled bet (20) returned to asfolhas
asfolhas collected 40 from pot
asfolhas: doesn't show hand 
*** SUMMARY ***
Total pot 40 | Rake 0 
Seat 1: asfolhas (big blind) collected (40)
Seat 3: Mahu2021 (button) (small blind) folded before Flop



PokerStars Hand #253357547957: Tournament #3822456497, $4.60+$0.40 USD Hold'em No Limit - Level III (20/40) - 2024/11/11 15:32:16 CET [2024/11/11 9:32:16 ET]
Table '3822456497 1' 3-max Seat #1 is the button
Seat 1: asfolhas (785 in chips) 
Seat 3: Mahu2021 (715 in chips) 
asfolhas: posts small blind 20
Mahu2021: posts big blind 40
*** HOLE CARDS ***
Dealt to Mahu2021 [Th Jc]
asfolhas: raises 80 to 120
Mahu2021: calls 80
*** FLOP *** [3d 4h Qh]
Mahu2021: checks 
asfolhas: checks 
*** TURN *** [3d 4h Qh] [5h]
Mahu2021: checks 
asfolhas: bets 120
Mahu2021: calls 120
*** RIVER *** [3d 4h Qh 5h] [8c]
Mahu2021: bets 475 and is all-in
asfolhas: folds 
Uncalled bet (475) returned to Mahu2021
Mahu2021 collected 480 from pot
Mahu2021: doesn't show hand 
*** SUMMARY ***
Total pot 480 | Rake 0 
Board [3d 4h Qh 5h 8c]
Seat 1: asfolhas (button) (small blind) folded on the River
Seat 3: Mahu2021 (big blind) collected (480)



PokerStars Hand #253357552384: Tournament #3822456497, $4.60+$0.40 USD Hold'em No Limit - Level III (20/40) - 2024/11/11 15:32:40 CET [2024/11/11 9:32:40 ET]
Table '3822456497 1' 3-max Seat #3 is the button
Seat 1: asfolhas (545 in chips) 
Seat 3: Mahu2021 (955 in chips) 
Mahu2021: posts small blind 20
asfolhas: posts big blind 40
*** HOLE CARDS ***
Dealt to Mahu2021 [5s 8s]
Mahu2021: calls 20
asfolhas: checks 
*** FLOP *** [9d 9h Jc]
asfolhas: bets 80
Mahu2021: folds 
Uncalled bet (80) returned to asfolhas
asfolhas collected 80 from pot
asfolhas: doesn't show hand 
*** SUMMARY ***
Total pot 80 | Rake 0 
Board [9d 9h Jc]
Seat 1: asfolhas (big blind) collected (80)
Seat 3: Mahu2021 (button) (small blind) folded on the Flop



PokerStars Hand #253357554391: Tournament #3822456497, $4.60+$0.40 USD Hold'em No Limit - Level III (20/40) - 2024/11/11 15:32:52 CET [2024/11/11 9:32:52 ET]
Table '3822456497 1' 3-max Seat #1 is the button
Seat 1: asfolhas (585 in chips) 
Seat 3: Mahu2021 (915 in chips) 
asfolhas: posts small blind 20
Mahu2021: posts big blind 40
*** HOLE CARDS ***
Dealt to Mahu2021 [Qs 4c]
asfolhas: calls 20
Mahu2021: checks 
*** FLOP *** [Jd 7s 2s]
Mahu2021: checks 
asfolhas: checks 
*** TURN *** [Jd 7s 2s] [Jc]
Mahu2021: checks 
asfolhas: checks 
*** RIVER *** [Jd 7s 2s Jc] [3d]
Mahu2021: bets 40
asfolhas: folds 
Uncalled bet (40) returned to Mahu2021
Mahu2021 collected 80 from pot
Mahu2021: doesn't show hand 
*** SUMMARY ***
Total pot 80 | Rake 0 
Board [Jd 7s 2s Jc 3d]
Seat 1: asfolhas (button) (small blind) folded on the River
Seat 3: Mahu2021 (big blind) collected (80)



PokerStars Hand #253357556936: Tournament #3822456497, $4.60+$0.40 USD Hold'em No Limit - Level III (20/40) - 2024/11/11 15:33:06 CET [2024/11/11 9:33:06 ET]
Table '3822456497 1' 3-max Seat #3 is the button
Seat 1: asfolhas (545 in chips) 
Seat 3: Mahu2021 (955 in chips) 
Mahu2021: posts small blind 20
asfolhas: posts big blind 40
*** HOLE CARDS ***
Dealt to Mahu2021 [5h 6s]
Mahu2021: calls 20
asfolhas: raises 505 to 545 and is all-in
Mahu2021: folds 
Uncalled bet (505) returned to asfolhas
asfolhas collected 80 from pot
asfolhas: doesn't show hand 
*** SUMMARY ***
Total pot 80 | Rake 0 
Seat 1: asfolhas (big blind) collected (80)
Seat 3: Mahu2021 (button) (small blind) folded before Flop



PokerStars Hand #253357558255: Tournament #3822456497, $4.60+$0.40 USD Hold'em No Limit - Level III (20/40) - 2024/11/11 15:33:13 CET [2024/11/11 9:33:13 ET]
Table '3822456497 1' 3-max Seat #1 is the button
Seat 1: asfolhas (585 in chips) 
Seat 3: Mahu2021 (915 in chips) 
asfolhas: posts small blind 20
Mahu2021: posts big blind 40
*** HOLE CARDS ***
Dealt to Mahu2021 [9c 8s]
asfolhas: raises 545 to 585 and is all-in
Mahu2021: folds 
Uncalled bet (545) returned to asfolhas
asfolhas collected 80 from pot
asfolhas: doesn't show hand 
*** SUMMARY ***
Total pot 80 | Rake 0 
Seat 1: asfolhas (button) (small blind) collected (80)
Seat 3: Mahu2021 (big blind) folded before Flop



PokerStars Hand #253357560030: Tournament #3822456497, $4.60+$0.40 USD Hold'em No Limit - Level III (20/40) - 2024/11/11 15:33:22 CET [2024/11/11 9:33:22 ET]
Table '3822456497 1' 3-max Seat #3 is the button
Seat 1: asfolhas (625 in chips) 
Seat 3: Mahu2021 (875 in chips) 
Mahu2021: posts small blind 20
asfolhas: posts big blind 40
*** HOLE CARDS ***
Dealt to Mahu2021 [7c Ac]
Mahu2021: raises 40 to 80
asfolhas: calls 40
*** FLOP *** [8h 8d Td]
asfolhas: checks 
Mahu2021: checks 
*** TURN *** [8h 8d Td] [4s]
asfolhas: bets 40
Mahu2021: calls 40
*** RIVER *** [8h 8d Td 4s] [6s]
asfolhas: checks 
Mahu2021: checks 
*** SHOW DOWN ***
asfolhas: shows [Kd 9c] (a pair of Eights)
Mahu2021: shows [7c Ac] (a pair of Eights - Ace kicker)
Mahu2021 collected 240 from pot
*** SUMMARY ***
Total pot 240 | Rake 0 
Board [8h 8d Td 4s 6s]
Seat 1: asfolhas (big blind) showed [Kd 9c] and lost with a pair of Eights
Seat 3: Mahu2021 (button) (small blind) showed [7c Ac] and won (240) with a pair of Eights



PokerStars Hand #253357562832: Tournament #3822456497, $4.60+$0.40 USD Hold'em No Limit - Level III (20/40) - 2024/11/11 15:33:38 CET [2024/11/11 9:33:38 ET]
Table '3822456497 1' 3-max Seat #1 is the button
Seat 1: asfolhas (505 in chips) 
Seat 3: Mahu2021 (995 in chips) 
asfolhas: posts small blind 20
Mahu2021: posts big blind 40
*** HOLE CARDS ***
Dealt to Mahu2021 [6d Jc]
asfolhas: folds 
Uncalled bet (20) returned to Mahu2021
Mahu2021 collected 40 from pot
Mahu2021: doesn't show hand 
*** SUMMARY ***
Total pot 40 | Rake 0 
Seat 1: asfolhas (button) (small blind) folded before Flop
Seat 3: Mahu2021 (big blind) collected (40)



PokerStars Hand #253357563645: Tournament #3822456497, $4.60+$0.40 USD Hold'em No Limit - Level III (20/40) - 2024/11/11 15:33:42 CET [2024/11/11 9:33:42 ET]
Table '3822456497 1' 3-max Seat #3 is the button
Seat 1: asfolhas (485 in chips) 
Seat 3: Mahu2021 (1015 in chips) 
Mahu2021: posts small blind 20
asfolhas: posts big blind 40
*** HOLE CARDS ***
Dealt to Mahu2021 [5c 4c]
Mahu2021: calls 20
asfolhas: checks 
*** FLOP *** [Ad Ts 4h]
asfolhas: checks 
Mahu2021: bets 40
asfolhas: folds 
Uncalled bet (40) returned to Mahu2021
Mahu2021 collected 80 from pot
Mahu2021: doesn't show hand 
*** SUMMARY ***
Total pot 80 | Rake 0 
Board [Ad Ts 4h]
Seat 1: asfolhas (big blind) folded on the Flop
Seat 3: Mahu2021 (button) (small blind) collected (80)



PokerStars Hand #253357565654: Tournament #3822456497, $4.60+$0.40 USD Hold'em No Limit - Level III (20/40) - 2024/11/11 15:33:53 CET [2024/11/11 9:33:53 ET]
Table '3822456497 1' 3-max Seat #1 is the button
Seat 1: asfolhas (445 in chips) 
Seat 3: Mahu2021 (1055 in chips) 
asfolhas: posts small blind 20
Mahu2021: posts big blind 40
*** HOLE CARDS ***
Dealt to Mahu2021 [Qc Ah]
asfolhas: calls 20
Mahu2021: raises 120 to 160
asfolhas: folds 
Uncalled bet (120) returned to Mahu2021
Mahu2021 collected 80 from pot
Mahu2021: doesn't show hand 
*** SUMMARY ***
Total pot 80 | Rake 0 
Seat 1: asfolhas (button) (small blind) folded before Flop
Seat 3: Mahu2021 (big blind) collected (80)



PokerStars Hand #253357567085: Tournament #3822456497, $4.60+$0.40 USD Hold'em No Limit - Level III (20/40) - 2024/11/11 15:34:01 CET [2024/11/11 9:34:01 ET]
Table '3822456497 1' 3-max Seat #3 is the button
Seat 1: asfolhas (405 in chips) 
Seat 3: Mahu2021 (1095 in chips) 
Mahu2021: posts small blind 20
asfolhas: posts big blind 40
*** HOLE CARDS ***
Dealt to Mahu2021 [Ac Qh]
Mahu2021: raises 120 to 160
asfolhas: folds 
Uncalled bet (120) returned to Mahu2021
Mahu2021 collected 80 from pot
Mahu2021: doesn't show hand 
*** SUMMARY ***
Total pot 80 | Rake 0 
Seat 1: asfolhas (big blind) folded before Flop
Seat 3: Mahu2021 (button) (small blind) collected (80)



PokerStars Hand #253357568915: Tournament #3822456497, $4.60+$0.40 USD Hold'em No Limit - Level IV (30/60) - 2024/11/11 15:34:11 CET [2024/11/11 9:34:11 ET]
Table '3822456497 1' 3-max Seat #1 is the button
Seat 1: asfolhas (365 in chips) 
Seat 3: Mahu2021 (1135 in chips) 
asfolhas: posts small blind 30
Mahu2021: posts big blind 60
*** HOLE CARDS ***
Dealt to Mahu2021 [9h 2s]
asfolhas: folds 
Uncalled bet (30) returned to Mahu2021
Mahu2021 collected 60 from pot
Mahu2021: doesn't show hand 
*** SUMMARY ***
Total pot 60 | Rake 0 
Seat 1: asfolhas (button) (small blind) folded before Flop
Seat 3: Mahu2021 (big blind) collected (60)



PokerStars Hand #253357569770: Tournament #3822456497, $4.60+$0.40 USD Hold'em No Limit - Level IV (30/60) - 2024/11/11 15:34:15 CET [2024/11/11 9:34:15 ET]
Table '3822456497 1' 3-max Seat #3 is the button
Seat 1: asfolhas (335 in chips) 
Seat 3: Mahu2021 (1165 in chips) 
Mahu2021: posts small blind 30
asfolhas: posts big blind 60
*** HOLE CARDS ***
Dealt to Mahu2021 [Tc 9h]
Mahu2021: calls 30
asfolhas: checks 
*** FLOP *** [Jd 9c 4s]
asfolhas: checks 
Mahu2021: bets 60
asfolhas: folds 
Uncalled bet (60) returned to Mahu2021
Mahu2021 collected 120 from pot
Mahu2021: doesn't show hand 
*** SUMMARY ***
Total pot 120 | Rake 0 
Board [Jd 9c 4s]
Seat 1: asfolhas (big blind) folded on the Flop
Seat 3: Mahu2021 (button) (small blind) collected (120)



PokerStars Hand #253357571810: Tournament #3822456497, $4.60+$0.40 USD Hold'em No Limit - Level IV (30/60) - 2024/11/11 15:34:26 CET [2024/11/11 9:34:26 ET]
Table '3822456497 1' 3-max Seat #1 is the button
Seat 1: asfolhas (275 in chips) 
Seat 3: Mahu2021 (1225 in chips) 
asfolhas: posts small blind 30
Mahu2021: posts big blind 60
*** HOLE CARDS ***
Dealt to Mahu2021 [Kd 7d]
asfolhas: raises 215 to 275 and is all-in
Mahu2021: calls 215
*** FLOP *** [Ad Kh As]
*** TURN *** [Ad Kh As] [5h]
*** RIVER *** [Ad Kh As 5h] [5d]
*** SHOW DOWN ***
Mahu2021: shows [Kd 7d] (two pair, Aces and Kings)
asfolhas: shows [Ac 6s] (a full house, Aces full of Fives)
asfolhas collected 550 from pot
*** SUMMARY ***
Total pot 550 | Rake 0 
Board [Ad Kh As 5h 5d]
Seat 1: asfolhas (button) (small blind) showed [Ac 6s] and won (550) with a full house, Aces full of Fives
Seat 3: Mahu2021 (big blind) showed [Kd 7d] and lost with two pair, Aces and Kings



PokerStars Hand #253357574060: Tournament #3822456497, $4.60+$0.40 USD Hold'em No Limit - Level IV (30/60) - 2024/11/11 15:34:39 CET [2024/11/11 9:34:39 ET]
Table '3822456497 1' 3-max Seat #3 is the button
Seat 1: asfolhas (550 in chips) 
Seat 3: Mahu2021 (950 in chips) 
Mahu2021: posts small blind 30
asfolhas: posts big blind 60
*** HOLE CARDS ***
Dealt to Mahu2021 [Qc Js]
Mahu2021: raises 60 to 120
asfolhas: calls 60
*** FLOP *** [6d Ad 5c]
asfolhas: checks 
Mahu2021: bets 120
asfolhas: folds 
Uncalled bet (120) returned to Mahu2021
Mahu2021 collected 240 from pot
Mahu2021: doesn't show hand 
*** SUMMARY ***
Total pot 240 | Rake 0 
Board [6d Ad 5c]
Seat 1: asfolhas (big blind) folded on the Flop
Seat 3: Mahu2021 (button) (small blind) collected (240)



PokerStars Hand #253357576417: Tournament #3822456497, $4.60+$0.40 USD Hold'em No Limit - Level IV (30/60) - 2024/11/11 15:34:52 CET [2024/11/11 9:34:52 ET]
Table '3822456497 1' 3-max Seat #1 is the button
Seat 1: asfolhas (430 in chips) 
Seat 3: Mahu2021 (1070 in chips) 
asfolhas: posts small blind 30
Mahu2021: posts big blind 60
*** HOLE CARDS ***
Dealt to Mahu2021 [Ks Th]
asfolhas: calls 30
Mahu2021: raises 180 to 240
asfolhas: folds 
Uncalled bet (180) returned to Mahu2021
Mahu2021 collected 120 from pot
Mahu2021: doesn't show hand 
*** SUMMARY ***
Total pot 120 | Rake 0 
Seat 1: asfolhas (button) (small blind) folded before Flop
Seat 3: Mahu2021 (big blind) collected (120)



PokerStars Hand #253357577920: Tournament #3822456497, $4.60+$0.40 USD Hold'em No Limit - Level IV (30/60) - 2024/11/11 15:35:00 CET [2024/11/11 9:35:00 ET]
Table '3822456497 1' 3-max Seat #3 is the button
Seat 1: asfolhas (370 in chips) 
Seat 3: Mahu2021 (1130 in chips) 
Mahu2021: posts small blind 30
asfolhas: posts big blind 60
*** HOLE CARDS ***
Dealt to Mahu2021 [7s Td]
Mahu2021: calls 30
asfolhas: checks 
*** FLOP *** [4d 6c 3h]
asfolhas: checks 
Mahu2021: checks 
*** TURN *** [4d 6c 3h] [6d]
asfolhas: checks 
Mahu2021: bets 60
asfolhas: folds 
Uncalled bet (60) returned to Mahu2021
Mahu2021 collected 120 from pot
Mahu2021: doesn't show hand 
*** SUMMARY ***
Total pot 120 | Rake 0 
Board [4d 6c 3h 6d]
Seat 1: asfolhas (big blind) folded on the Turn
Seat 3: Mahu2021 (button) (small blind) collected (120)



PokerStars Hand #253357580596: Tournament #3822456497, $4.60+$0.40 USD Hold'em No Limit - Level IV (30/60) - 2024/11/11 15:35:15 CET [2024/11/11 9:35:15 ET]
Table '3822456497 1' 3-max Seat #1 is the button
Seat 1: asfolhas (310 in chips) 
Seat 3: Mahu2021 (1190 in chips) 
asfolhas: posts small blind 30
Mahu2021: posts big blind 60
*** HOLE CARDS ***
Dealt to Mahu2021 [As Ks]
asfolhas: raises 250 to 310 and is all-in
Mahu2021: calls 250
*** FLOP *** [Qc 2s Qs]
*** TURN *** [Qc 2s Qs] [4c]
*** RIVER *** [Qc 2s Qs 4c] [2c]
*** SHOW DOWN ***
Mahu2021: shows [As Ks] (two pair, Queens and Deuces)
asfolhas: shows [Qh Kd] (a full house, Queens full of Deuces)
asfolhas collected 620 from pot
*** SUMMARY ***
Total pot 620 | Rake 0 
Board [Qc 2s Qs 4c 2c]
Seat 1: asfolhas (button) (small blind) showed [Qh Kd] and won (620) with a full house, Queens full of Deuces
Seat 3: Mahu2021 (big blind) showed [As Ks] and lost with two pair, Queens and Deuces



PokerStars Hand #253357582840: Tournament #3822456497, $4.60+$0.40 USD Hold'em No Limit - Level IV (30/60) - 2024/11/11 15:35:27 CET [2024/11/11 9:35:27 ET]
Table '3822456497 1' 3-max Seat #3 is the button
Seat 1: asfolhas (620 in chips) 
Seat 3: Mahu2021 (880 in chips) 
Mahu2021: posts small blind 30
asfolhas: posts big blind 60
*** HOLE CARDS ***
Dealt to Mahu2021 [Kh 9h]
Mahu2021: raises 820 to 880 and is all-in
asfolhas: folds 
Uncalled bet (820) returned to Mahu2021
Mahu2021 collected 120 from pot
Mahu2021: doesn't show hand 
*** SUMMARY ***
Total pot 120 | Rake 0 
Seat 1: asfolhas (big blind) folded before Flop
Seat 3: Mahu2021 (button) (small blind) collected (120)



PokerStars Hand #253357583969: Tournament #3822456497, $4.60+$0.40 USD Hold'em No Limit - Level IV (30/60) - 2024/11/11 15:35:34 CET [2024/11/11 9:35:34 ET]
Table '3822456497 1' 3-max Seat #1 is the button
Seat 1: asfolhas (560 in chips) 
Seat 3: Mahu2021 (940 in chips) 
asfolhas: posts small blind 30
Mahu2021: posts big blind 60
*** HOLE CARDS ***
Dealt to Mahu2021 [9s 8s]
asfolhas: raises 500 to 560 and is all-in
Mahu2021: folds 
Uncalled bet (500) returned to asfolhas
asfolhas collected 120 from pot
asfolhas: doesn't show hand 
*** SUMMARY ***
Total pot 120 | Rake 0 
Seat 1: asfolhas (button) (small blind) collected (120)
Seat 3: Mahu2021 (big blind) folded before Flop



PokerStars Hand #253357585047: Tournament #3822456497, $4.60+$0.40 USD Hold'em No Limit - Level IV (30/60) - 2024/11/11 15:35:40 CET [2024/11/11 9:35:40 ET]
Table '3822456497 1' 3-max Seat #3 is the button
Seat 1: asfolhas (620 in chips) 
Seat 3: Mahu2021 (880 in chips) 
Mahu2021: posts small blind 30
asfolhas: posts big blind 60
*** HOLE CARDS ***
Dealt to Mahu2021 [8d 7h]
Mahu2021: calls 30
asfolhas: checks 
*** FLOP *** [Kc Qd Jc]
asfolhas: checks 
Mahu2021: bets 60
asfolhas: folds 
Uncalled bet (60) returned to Mahu2021
Mahu2021 collected 120 from pot
Mahu2021: doesn't show hand 
*** SUMMARY ***
Total pot 120 | Rake 0 
Board [Kc Qd Jc]
Seat 1: asfolhas (big blind) folded on the Flop
Seat 3: Mahu2021 (button) (small blind) collected (120)



PokerStars Hand #253357586880: Tournament #3822456497, $4.60+$0.40 USD Hold'em No Limit - Level IV (30/60) - 2024/11/11 15:35:50 CET [2024/11/11 9:35:50 ET]
Table '3822456497 1' 3-max Seat #1 is the button
Seat 1: asfolhas (560 in chips) 
Seat 3: Mahu2021 (940 in chips) 
asfolhas: posts small blind 30
Mahu2021: posts big blind 60
*** HOLE CARDS ***
Dealt to Mahu2021 [7h Qc]
asfolhas: calls 30
Mahu2021: checks 
*** FLOP *** [2c 4d 4s]
Mahu2021: checks 
asfolhas: checks 
*** TURN *** [2c 4d 4s] [6d]
Mahu2021: checks 
asfolhas: checks 
*** RIVER *** [2c 4d 4s 6d] [Kh]
Mahu2021: bets 60
asfolhas: raises 120 to 180
Mahu2021: folds 
Uncalled bet (120) returned to asfolhas
asfolhas collected 240 from pot
asfolhas: doesn't show hand 
*** SUMMARY ***
Total pot 240 | Rake 0 
Board [2c 4d 4s 6d Kh]
Seat 1: asfolhas (button) (small blind) collected (240)
Seat 3: Mahu2021 (big blind) folded on the River



PokerStars Hand #253357589864: Tournament #3822456497, $4.60+$0.40 USD Hold'em No Limit - Level IV (30/60) - 2024/11/11 15:36:07 CET [2024/11/11 9:36:07 ET]
Table '3822456497 1' 3-max Seat #3 is the button
Seat 1: asfolhas (680 in chips) 
Seat 3: Mahu2021 (820 in chips) 
Mahu2021: posts small blind 30
asfolhas: posts big blind 60
*** HOLE CARDS ***
Dealt to Mahu2021 [Qh 7d]
Mahu2021: raises 60 to 120
asfolhas: folds 
Uncalled bet (60) returned to Mahu2021
Mahu2021 collected 120 from pot
Mahu2021: doesn't show hand 
*** SUMMARY ***
Total pot 120 | Rake 0 
Seat 1: asfolhas (big blind) folded before Flop
Seat 3: Mahu2021 (button) (small blind) collected (120)



PokerStars Hand #253357590738: Tournament #3822456497, $4.60+$0.40 USD Hold'em No Limit - Level IV (30/60) - 2024/11/11 15:36:11 CET [2024/11/11 9:36:11 ET]
Table '3822456497 1' 3-max Seat #1 is the button
Seat 1: asfolhas (620 in chips) 
Seat 3: Mahu2021 (880 in chips) 
asfolhas: posts small blind 30
Mahu2021: posts big blind 60
*** HOLE CARDS ***
Dealt to Mahu2021 [Ah Tc]
asfolhas: calls 30
Mahu2021: raises 820 to 880 and is all-in
asfolhas: folds 
Uncalled bet (820) returned to Mahu2021
Mahu2021 collected 120 from pot
Mahu2021: doesn't show hand 
*** SUMMARY ***
Total pot 120 | Rake 0 
Seat 1: asfolhas (button) (small blind) folded before Flop
Seat 3: Mahu2021 (big blind) collected (120)



PokerStars Hand #253357592306: Tournament #3822456497, $4.60+$0.40 USD Hold'em No Limit - Level IV (30/60) - 2024/11/11 15:36:20 CET [2024/11/11 9:36:20 ET]
Table '3822456497 1' 3-max Seat #3 is the button
Seat 1: asfolhas (560 in chips) 
Seat 3: Mahu2021 (940 in chips) 
Mahu2021: posts small blind 30
asfolhas: posts big blind 60
*** HOLE CARDS ***
Dealt to Mahu2021 [2h 6d]
Mahu2021: folds 
Uncalled bet (30) returned to asfolhas
asfolhas collected 60 from pot
asfolhas: doesn't show hand 
*** SUMMARY ***
Total pot 60 | Rake 0 
Seat 1: asfolhas (big blind) collected (60)
Seat 3: Mahu2021 (button) (small blind) folded before Flop



PokerStars Hand #253357593132: Tournament #3822456497, $4.60+$0.40 USD Hold'em No Limit - Level IV (30/60) - 2024/11/11 15:36:24 CET [2024/11/11 9:36:24 ET]
Table '3822456497 1' 3-max Seat #1 is the button
Seat 1: asfolhas (590 in chips) 
Seat 3: Mahu2021 (910 in chips) 
asfolhas: posts small blind 30
Mahu2021: posts big blind 60
*** HOLE CARDS ***
Dealt to Mahu2021 [6c 4c]
asfolhas: calls 30
Mahu2021: checks 
*** FLOP *** [9c 5d 5s]
Mahu2021: checks 
asfolhas: checks 
*** TURN *** [9c 5d 5s] [Kd]
Mahu2021: checks 
asfolhas: checks 
*** RIVER *** [9c 5d 5s Kd] [7d]
Mahu2021: checks 
asfolhas: checks 
*** SHOW DOWN ***
Mahu2021: shows [6c 4c] (a pair of Fives)
asfolhas: shows [Qs 2d] (a pair of Fives - King+Queen kicker)
asfolhas collected 120 from pot
*** SUMMARY ***
Total pot 120 | Rake 0 
Board [9c 5d 5s Kd 7d]
Seat 1: asfolhas (button) (small blind) showed [Qs 2d] and won (120) with a pair of Fives
Seat 3: Mahu2021 (big blind) showed [6c 4c] and lost with a pair of Fives



PokerStars Hand #253357595264: Tournament #3822456497, $4.60+$0.40 USD Hold'em No Limit - Level IV (30/60) - 2024/11/11 15:36:36 CET [2024/11/11 9:36:36 ET]
Table '3822456497 1' 3-max Seat #3 is the button
Seat 1: asfolhas (650 in chips) 
Seat 3: Mahu2021 (850 in chips) 
Mahu2021: posts small blind 30
asfolhas: posts big blind 60
*** HOLE CARDS ***
Dealt to Mahu2021 [Ad 2h]
Mahu2021: raises 60 to 120
asfolhas: calls 60
*** FLOP *** [6s Kh As]
asfolhas: checks 
Mahu2021: bets 240
asfolhas: folds 
Uncalled bet (240) returned to Mahu2021
Mahu2021 collected 240 from pot
Mahu2021: doesn't show hand 
*** SUMMARY ***
Total pot 240 | Rake 0 
Board [6s Kh As]
Seat 1: asfolhas (big blind) folded on the Flop
Seat 3: Mahu2021 (button) (small blind) collected (240)



PokerStars Hand #253357597703: Tournament #3822456497, $4.60+$0.40 USD Hold'em No Limit - Level IV (30/60) - 2024/11/11 15:36:50 CET [2024/11/11 9:36:50 ET]
Table '3822456497 1' 3-max Seat #1 is the button
Seat 1: asfolhas (530 in chips) 
Seat 3: Mahu2021 (970 in chips) 
asfolhas: posts small blind 30
Mahu2021: posts big blind 60
*** HOLE CARDS ***
Dealt to Mahu2021 [8d Td]
asfolhas: calls 30
Mahu2021: checks 
*** FLOP *** [5h Ac Js]
Mahu2021: checks 
asfolhas: checks 
*** TURN *** [5h Ac Js] [5c]
Mahu2021: bets 60
asfolhas: folds 
Uncalled bet (60) returned to Mahu2021
Mahu2021 collected 120 from pot
Mahu2021: doesn't show hand 
*** SUMMARY ***
Total pot 120 | Rake 0 
Board [5h Ac Js 5c]
Seat 1: asfolhas (button) (small blind) folded on the Turn
Seat 3: Mahu2021 (big blind) collected (120)



PokerStars Hand #253357601002: Tournament #3822456497, $4.60+$0.40 USD Hold'em No Limit - Level V (40/80) - 2024/11/11 15:37:08 CET [2024/11/11 9:37:08 ET]
Table '3822456497 1' 3-max Seat #3 is the button
Seat 1: asfolhas (470 in chips) 
Seat 3: Mahu2021 (1030 in chips) 
Mahu2021: posts small blind 40
asfolhas: posts big blind 80
*** HOLE CARDS ***
Dealt to Mahu2021 [As 5c]
Mahu2021: raises 950 to 1030 and is all-in
asfolhas: calls 390 and is all-in
Uncalled bet (560) returned to Mahu2021
*** FLOP *** [Jd 3d 8s]
*** TURN *** [Jd 3d 8s] [Jc]
*** RIVER *** [Jd 3d 8s Jc] [3c]
*** SHOW DOWN ***
asfolhas: shows [Js 4h] (a full house, Jacks full of Threes)
Mahu2021: shows [As 5c] (two pair, Jacks and Threes)
asfolhas collected 940 from pot
*** SUMMARY ***
Total pot 940 | Rake 0 
Board [Jd 3d 8s Jc 3c]
Seat 1: asfolhas (big blind) showed [Js 4h] and won (940) with a full house, Jacks full of Threes
Seat 3: Mahu2021 (button) (small blind) showed [As 5c] and lost with two pair, Jacks and Threes



PokerStars Hand #253357603739: Tournament #3822456497, $4.60+$0.40 USD Hold'em No Limit - Level V (40/80) - 2024/11/11 15:37:23 CET [2024/11/11 9:37:23 ET]
Table '3822456497 1' 3-max Seat #1 is the button
Seat 1: asfolhas (940 in chips) 
Seat 3: Mahu2021 (560 in chips) 
asfolhas: posts small blind 40
Mahu2021: posts big blind 80
*** HOLE CARDS ***
Dealt to Mahu2021 [7s 7d]
asfolhas: raises 860 to 940 and is all-in
Mahu2021: calls 480 and is all-in
Uncalled bet (380) returned to asfolhas
*** FLOP *** [Ts 9s Tc]
*** TURN *** [Ts 9s Tc] [9h]
*** RIVER *** [Ts 9s Tc 9h] [Th]
*** SHOW DOWN ***
Mahu2021: shows [7s 7d] (a full house, Tens full of Nines)
asfolhas: shows [8h 8d] (a full house, Tens full of Nines)
Mahu2021 collected 560 from pot
asfolhas collected 560 from pot
*** SUMMARY ***
Total pot 1120 | Rake 0 
Board [Ts 9s Tc 9h Th]
Seat 1: asfolhas (button) (small blind) showed [8h 8d] and won (560) with a full house, Tens full of Nines
Seat 3: Mahu2021 (big blind) showed [7s 7d] and won (560) with a full house, Tens full of Nines



PokerStars Hand #253357605930: Tournament #3822456497, $4.60+$0.40 USD Hold'em No Limit - Level V (40/80) - 2024/11/11 15:37:35 CET [2024/11/11 9:37:35 ET]
Table '3822456497 1' 3-max Seat #3 is the button
Seat 1: asfolhas (940 in chips) 
Seat 3: Mahu2021 (560 in chips) 
Mahu2021: posts small blind 40
asfolhas: posts big blind 80
*** HOLE CARDS ***
Dealt to Mahu2021 [2h Ts]
Mahu2021: folds 
Uncalled bet (40) returned to asfolhas
asfolhas collected 80 from pot
asfolhas: doesn't show hand 
*** SUMMARY ***
Total pot 80 | Rake 0 
Seat 1: asfolhas (big blind) collected (80)
Seat 3: Mahu2021 (button) (small blind) folded before Flop



PokerStars Hand #253357606734: Tournament #3822456497, $4.60+$0.40 USD Hold'em No Limit - Level V (40/80) - 2024/11/11 15:37:39 CET [2024/11/11 9:37:39 ET]
Table '3822456497 1' 3-max Seat #1 is the button
Seat 1: asfolhas (980 in chips) 
Seat 3: Mahu2021 (520 in chips) 
asfolhas: posts small blind 40
Mahu2021: posts big blind 80
*** HOLE CARDS ***
Dealt to Mahu2021 [2d 6c]
asfolhas: raises 900 to 980 and is all-in
Mahu2021: folds 
Uncalled bet (900) returned to asfolhas
asfolhas collected 160 from pot
asfolhas: doesn't show hand 
*** SUMMARY ***
Total pot 160 | Rake 0 
Seat 1: asfolhas (button) (small blind) collected (160)
Seat 3: Mahu2021 (big blind) folded before Flop



PokerStars Hand #253357607665: Tournament #3822456497, $4.60+$0.40 USD Hold'em No Limit - Level V (40/80) - 2024/11/11 15:37:44 CET [2024/11/11 9:37:44 ET]
Table '3822456497 1' 3-max Seat #3 is the button
Seat 1: asfolhas (1060 in chips) 
Seat 3: Mahu2021 (440 in chips) 
Mahu2021: posts small blind 40
asfolhas: posts big blind 80
*** HOLE CARDS ***
Dealt to Mahu2021 [3c 3h]
Mahu2021: raises 360 to 440 and is all-in
asfolhas: calls 360
*** FLOP *** [4s 2c 2h]
*** TURN *** [4s 2c 2h] [4h]
*** RIVER *** [4s 2c 2h 4h] [8h]
*** SHOW DOWN ***
asfolhas: shows [Jc Qd] (two pair, Fours and Deuces)
Mahu2021: shows [3c 3h] (two pair, Fours and Threes)
Mahu2021 collected 880 from pot
*** SUMMARY ***
Total pot 880 | Rake 0 
Board [4s 2c 2h 4h 8h]
Seat 1: asfolhas (big blind) showed [Jc Qd] and lost with two pair, Fours and Deuces
Seat 3: Mahu2021 (button) (small blind) showed [3c 3h] and won (880) with two pair, Fours and Threes



PokerStars Hand #253357609999: Tournament #3822456497, $4.60+$0.40 USD Hold'em No Limit - Level V (40/80) - 2024/11/11 15:37:57 CET [2024/11/11 9:37:57 ET]
Table '3822456497 1' 3-max Seat #1 is the button
Seat 1: asfolhas (620 in chips) 
Seat 3: Mahu2021 (880 in chips) 
asfolhas: posts small blind 40
Mahu2021: posts big blind 80
*** HOLE CARDS ***
Dealt to Mahu2021 [Td Ts]
asfolhas: calls 40
Mahu2021: raises 800 to 880 and is all-in
asfolhas: folds 
Uncalled bet (800) returned to Mahu2021
Mahu2021 collected 160 from pot
Mahu2021: doesn't show hand 
*** SUMMARY ***
Total pot 160 | Rake 0 
Seat 1: asfolhas (button) (small blind) folded before Flop
Seat 3: Mahu2021 (big blind) collected (160)



PokerStars Hand #253357611281: Tournament #3822456497, $4.60+$0.40 USD Hold'em No Limit - Level V (40/80) - 2024/11/11 15:38:04 CET [2024/11/11 9:38:04 ET]
Table '3822456497 1' 3-max Seat #3 is the button
Seat 1: asfolhas (540 in chips) 
Seat 3: Mahu2021 (960 in chips) 
Mahu2021: posts small blind 40
asfolhas: posts big blind 80
*** HOLE CARDS ***
Dealt to Mahu2021 [6s 3d]
Mahu2021: folds 
Uncalled bet (40) returned to asfolhas
asfolhas collected 80 from pot
asfolhas: doesn't show hand 
*** SUMMARY ***
Total pot 80 | Rake 0 
Seat 1: asfolhas (big blind) collected (80)
Seat 3: Mahu2021 (button) (small blind) folded before Flop



PokerStars Hand #253357612111: Tournament #3822456497, $4.60+$0.40 USD Hold'em No Limit - Level V (40/80) - 2024/11/11 15:38:08 CET [2024/11/11 9:38:08 ET]
Table '3822456497 1' 3-max Seat #1 is the button
Seat 1: asfolhas (580 in chips) 
Seat 3: Mahu2021 (920 in chips) 
asfolhas: posts small blind 40
Mahu2021: posts big blind 80
*** HOLE CARDS ***
Dealt to Mahu2021 [4s Ts]
asfolhas: folds 
Uncalled bet (40) returned to Mahu2021
Mahu2021 collected 80 from pot
Mahu2021: doesn't show hand 
*** SUMMARY ***
Total pot 80 | Rake 0 
Seat 1: asfolhas (button) (small blind) folded before Flop
Seat 3: Mahu2021 (big blind) collected (80)



PokerStars Hand #253357612866: Tournament #3822456497, $4.60+$0.40 USD Hold'em No Limit - Level V (40/80) - 2024/11/11 15:38:12 CET [2024/11/11 9:38:12 ET]
Table '3822456497 1' 3-max Seat #3 is the button
Seat 1: asfolhas (540 in chips) 
Seat 3: Mahu2021 (960 in chips) 
Mahu2021: posts small blind 40
asfolhas: posts big blind 80
*** HOLE CARDS ***
Dealt to Mahu2021 [8d Tc]
Mahu2021: calls 40
asfolhas: raises 460 to 540 and is all-in
Mahu2021: folds 
Uncalled bet (460) returned to asfolhas
asfolhas collected 160 from pot
asfolhas: doesn't show hand 
*** SUMMARY ***
Total pot 160 | Rake 0 
Seat 1: asfolhas (big blind) collected (160)
Seat 3: Mahu2021 (button) (small blind) folded before Flop



PokerStars Hand #253357614344: Tournament #3822456497, $4.60+$0.40 USD Hold'em No Limit - Level V (40/80) - 2024/11/11 15:38:20 CET [2024/11/11 9:38:20 ET]
Table '3822456497 1' 3-max Seat #1 is the button
Seat 1: asfolhas (620 in chips) 
Seat 3: Mahu2021 (880 in chips) 
asfolhas: posts small blind 40
Mahu2021: posts big blind 80
*** HOLE CARDS ***
Dealt to Mahu2021 [3d 4h]
asfolhas: folds 
Uncalled bet (40) returned to Mahu2021
Mahu2021 collected 80 from pot
Mahu2021: doesn't show hand 
*** SUMMARY ***
Total pot 80 | Rake 0 
Seat 1: asfolhas (button) (small blind) folded before Flop
Seat 3: Mahu2021 (big blind) collected (80)



PokerStars Hand #253357615135: Tournament #3822456497, $4.60+$0.40 USD Hold'em No Limit - Level V (40/80) - 2024/11/11 15:38:25 CET [2024/11/11 9:38:25 ET]
Table '3822456497 1' 3-max Seat #3 is the button
Seat 1: asfolhas (580 in chips) 
Seat 3: Mahu2021 (920 in chips) 
Mahu2021: posts small blind 40
asfolhas: posts big blind 80
*** HOLE CARDS ***
Dealt to Mahu2021 [8h 2s]
Mahu2021: folds 
Uncalled bet (40) returned to asfolhas
asfolhas collected 80 from pot
asfolhas: doesn't show hand 
*** SUMMARY ***
Total pot 80 | Rake 0 
Seat 1: asfolhas (big blind) collected (80)
Seat 3: Mahu2021 (button) (small blind) folded before Flop



PokerStars Hand #253357615936: Tournament #3822456497, $4.60+$0.40 USD Hold'em No Limit - Level V (40/80) - 2024/11/11 15:38:29 CET [2024/11/11 9:38:29 ET]
Table '3822456497 1' 3-max Seat #1 is the button
Seat 1: asfolhas (620 in chips) 
Seat 3: Mahu2021 (880 in chips) 
asfolhas: posts small blind 40
Mahu2021: posts big blind 80
*** HOLE CARDS ***
Dealt to Mahu2021 [4h Qd]
asfolhas: folds 
Uncalled bet (40) returned to Mahu2021
Mahu2021 collected 80 from pot
Mahu2021: doesn't show hand 
*** SUMMARY ***
Total pot 80 | Rake 0 
Seat 1: asfolhas (button) (small blind) folded before Flop
Seat 3: Mahu2021 (big blind) collected (80)



PokerStars Hand #253357616703: Tournament #3822456497, $4.60+$0.40 USD Hold'em No Limit - Level V (40/80) - 2024/11/11 15:38:33 CET [2024/11/11 9:38:33 ET]
Table '3822456497 1' 3-max Seat #3 is the button
Seat 1: asfolhas (580 in chips) 
Seat 3: Mahu2021 (920 in chips) 
Mahu2021: posts small blind 40
asfolhas: posts big blind 80
*** HOLE CARDS ***
Dealt to Mahu2021 [Ah 9h]
Mahu2021: raises 80 to 160
asfolhas: calls 80
*** FLOP *** [9c 4c Ac]
asfolhas: bets 240
Mahu2021: raises 520 to 760 and is all-in
asfolhas: calls 180 and is all-in
Uncalled bet (340) returned to Mahu2021
*** TURN *** [9c 4c Ac] [5c]
*** RIVER *** [9c 4c Ac 5c] [7h]
*** SHOW DOWN ***
asfolhas: shows [Jc 4d] (a flush, Ace high)
Mahu2021: shows [Ah 9h] (two pair, Aces and Nines)
asfolhas collected 1160 from pot
*** SUMMARY ***
Total pot 1160 | Rake 0 
Board [9c 4c Ac 5c 7h]
Seat 1: asfolhas (big blind) showed [Jc 4d] and won (1160) with a flush, Ace high
Seat 3: Mahu2021 (button) (small blind) showed [Ah 9h] and lost with two pair, Aces and Nines



PokerStars Hand #253357620004: Tournament #3822456497, $4.60+$0.40 USD Hold'em No Limit - Level V (40/80) - 2024/11/11 15:38:51 CET [2024/11/11 9:38:51 ET]
Table '3822456497 1' 3-max Seat #1 is the button
Seat 1: asfolhas (1160 in chips) 
Seat 3: Mahu2021 (340 in chips) 
asfolhas: posts small blind 40
Mahu2021: posts big blind 80
*** HOLE CARDS ***
Dealt to Mahu2021 [Ah Qd]
asfolhas: raises 160 to 240
Mahu2021: raises 100 to 340 and is all-in
asfolhas: calls 100
*** FLOP *** [Tc 6h Jh]
*** TURN *** [Tc 6h Jh] [9h]
*** RIVER *** [Tc 6h Jh 9h] [2s]
*** SHOW DOWN ***
Mahu2021: shows [Ah Qd] (high card Ace)
asfolhas: shows [3h Ks] (high card King)
Mahu2021 collected 680 from pot
*** SUMMARY ***
Total pot 680 | Rake 0 
Board [Tc 6h Jh 9h 2s]
Seat 1: asfolhas (button) (small blind) showed [3h Ks] and lost with high card King
Seat 3: Mahu2021 (big blind) showed [Ah Qd] and won (680) with high card Ace



PokerStars Hand #253357622434: Tournament #3822456497, $4.60+$0.40 USD Hold'em No Limit - Level V (40/80) - 2024/11/11 15:39:05 CET [2024/11/11 9:39:05 ET]
Table '3822456497 1' 3-max Seat #3 is the button
Seat 1: asfolhas (820 in chips) 
Seat 3: Mahu2021 (680 in chips) 
Mahu2021: posts small blind 40
asfolhas: posts big blind 80
*** HOLE CARDS ***
Dealt to Mahu2021 [Kc 8s]
Mahu2021: raises 600 to 680 and is all-in
asfolhas: folds 
Uncalled bet (600) returned to Mahu2021
Mahu2021 collected 160 from pot
Mahu2021: doesn't show hand 
*** SUMMARY ***
Total pot 160 | Rake 0 
Seat 1: asfolhas (big blind) folded before Flop
Seat 3: Mahu2021 (button) (small blind) collected (160)



PokerStars Hand #253357623570: Tournament #3822456497, $4.60+$0.40 USD Hold'em No Limit - Level V (40/80) - 2024/11/11 15:39:11 CET [2024/11/11 9:39:11 ET]
Table '3822456497 1' 3-max Seat #1 is the button
Seat 1: asfolhas (740 in chips) 
Seat 3: Mahu2021 (760 in chips) 
asfolhas: posts small blind 40
Mahu2021: posts big blind 80
*** HOLE CARDS ***
Dealt to Mahu2021 [2c 4c]
asfolhas: folds 
Uncalled bet (40) returned to Mahu2021
Mahu2021 collected 80 from pot
Mahu2021: doesn't show hand 
*** SUMMARY ***
Total pot 80 | Rake 0 
Seat 1: asfolhas (button) (small blind) folded before Flop
Seat 3: Mahu2021 (big blind) collected (80)



PokerStars Hand #253357624354: Tournament #3822456497, $4.60+$0.40 USD Hold'em No Limit - Level V (40/80) - 2024/11/11 15:39:16 CET [2024/11/11 9:39:16 ET]
Table '3822456497 1' 3-max Seat #3 is the button
Seat 1: asfolhas (700 in chips) 
Seat 3: Mahu2021 (800 in chips) 
Mahu2021: posts small blind 40
asfolhas: posts big blind 80
*** HOLE CARDS ***
Dealt to Mahu2021 [Qc Js]
Mahu2021: raises 80 to 160
asfolhas: calls 80
*** FLOP *** [4s 3h 9h]
asfolhas: checks 
Mahu2021: bets 160
asfolhas: raises 380 to 540 and is all-in
Mahu2021: folds 
Uncalled bet (380) returned to asfolhas
asfolhas collected 640 from pot
asfolhas: doesn't show hand 
*** SUMMARY ***
Total pot 640 | Rake 0 
Board [4s 3h 9h]
Seat 1: asfolhas (big blind) collected (640)
Seat 3: Mahu2021 (button) (small blind) folded on the Flop



PokerStars Hand #253357626937: Tournament #3822456497, $4.60+$0.40 USD Hold'em No Limit - Level V (40/80) - 2024/11/11 15:39:30 CET [2024/11/11 9:39:30 ET]
Table '3822456497 1' 3-max Seat #1 is the button
Seat 1: asfolhas (1020 in chips) 
Seat 3: Mahu2021 (480 in chips) 
asfolhas: posts small blind 40
Mahu2021: posts big blind 80
*** HOLE CARDS ***
Dealt to Mahu2021 [5d 6c]
asfolhas: raises 940 to 1020 and is all-in
Mahu2021: folds 
Uncalled bet (940) returned to asfolhas
asfolhas collected 160 from pot
asfolhas: doesn't show hand 
*** SUMMARY ***
Total pot 160 | Rake 0 
Seat 1: asfolhas (button) (small blind) collected (160)
Seat 3: Mahu2021 (big blind) folded before Flop



PokerStars Hand #253357628023: Tournament #3822456497, $4.60+$0.40 USD Hold'em No Limit - Level V (40/80) - 2024/11/11 15:39:36 CET [2024/11/11 9:39:36 ET]
Table '3822456497 1' 3-max Seat #3 is the button
Seat 1: asfolhas (1100 in chips) 
Seat 3: Mahu2021 (400 in chips) 
Mahu2021: posts small blind 40
asfolhas: posts big blind 80
*** HOLE CARDS ***
Dealt to Mahu2021 [3s 9d]
Mahu2021: folds 
Uncalled bet (40) returned to asfolhas
asfolhas collected 80 from pot
asfolhas: doesn't show hand 
*** SUMMARY ***
Total pot 80 | Rake 0 
Seat 1: asfolhas (big blind) collected (80)
Seat 3: Mahu2021 (button) (small blind) folded before Flop



PokerStars Hand #253357628826: Tournament #3822456497, $4.60+$0.40 USD Hold'em No Limit - Level V (40/80) - 2024/11/11 15:39:40 CET [2024/11/11 9:39:40 ET]
Table '3822456497 1' 3-max Seat #1 is the button
Seat 1: asfolhas (1140 in chips) 
Seat 3: Mahu2021 (360 in chips) 
asfolhas: posts small blind 40
Mahu2021: posts big blind 80
*** HOLE CARDS ***
Dealt to Mahu2021 [9d As]
asfolhas: raises 240 to 320
Mahu2021: raises 40 to 360 and is all-in
asfolhas: calls 40
*** FLOP *** [3h Kh Tc]
*** TURN *** [3h Kh Tc] [7d]
*** RIVER *** [3h Kh Tc 7d] [3s]
*** SHOW DOWN ***
Mahu2021: shows [9d As] (a pair of Threes)
asfolhas: shows [8c Ah] (a pair of Threes)
Mahu2021 collected 360 from pot
asfolhas collected 360 from pot
*** SUMMARY ***
Total pot 720 | Rake 0 
Board [3h Kh Tc 7d 3s]
Seat 1: asfolhas (button) (small blind) showed [8c Ah] and won (360) with a pair of Threes
Seat 3: Mahu2021 (big blind) showed [9d As] and won (360) with a pair of Threes



PokerStars Hand #253357631265: Tournament #3822456497, $4.60+$0.40 USD Hold'em No Limit - Level V (40/80) - 2024/11/11 15:39:53 CET [2024/11/11 9:39:53 ET]
Table '3822456497 1' 3-max Seat #3 is the button
Seat 1: asfolhas (1140 in chips) 
Seat 3: Mahu2021 (360 in chips) 
Mahu2021: posts small blind 40
asfolhas: posts big blind 80
*** HOLE CARDS ***
Dealt to Mahu2021 [2d 8c]
Mahu2021: folds 
Uncalled bet (40) returned to asfolhas
asfolhas collected 80 from pot
asfolhas: doesn't show hand 
*** SUMMARY ***
Total pot 80 | Rake 0 
Seat 1: asfolhas (big blind) collected (80)
Seat 3: Mahu2021 (button) (small blind) folded before Flop



PokerStars Hand #253357632053: Tournament #3822456497, $4.60+$0.40 USD Hold'em No Limit - Level V (40/80) - 2024/11/11 15:39:58 CET [2024/11/11 9:39:58 ET]
Table '3822456497 1' 3-max Seat #1 is the button
Seat 1: asfolhas (1180 in chips) 
Seat 3: Mahu2021 (320 in chips) 
asfolhas: posts small blind 40
Mahu2021: posts big blind 80
*** HOLE CARDS ***
Dealt to Mahu2021 [3s 4s]
asfolhas: folds 
Uncalled bet (40) returned to Mahu2021
Mahu2021 collected 80 from pot
Mahu2021: doesn't show hand 
*** SUMMARY ***
Total pot 80 | Rake 0 
Seat 1: asfolhas (button) (small blind) folded before Flop
Seat 3: Mahu2021 (big blind) collected (80)



PokerStars Hand #253357632871: Tournament #3822456497, $4.60+$0.40 USD Hold'em No Limit - Level V (40/80) - 2024/11/11 15:40:02 CET [2024/11/11 9:40:02 ET]
Table '3822456497 1' 3-max Seat #3 is the button
Seat 1: asfolhas (1140 in chips) 
Seat 3: Mahu2021 (360 in chips) 
Mahu2021: posts small blind 40
asfolhas: posts big blind 80
*** HOLE CARDS ***
Dealt to Mahu2021 [Ts 7s]
Mahu2021: raises 280 to 360 and is all-in
asfolhas: calls 280
*** FLOP *** [2c 6h 5s]
*** TURN *** [2c 6h 5s] [8s]
*** RIVER *** [2c 6h 5s 8s] [Td]
*** SHOW DOWN ***
asfolhas: shows [4h Qh] (high card Queen)
Mahu2021: shows [Ts 7s] (a pair of Tens)
Mahu2021 collected 720 from pot
*** SUMMARY ***
Total pot 720 | Rake 0 
Board [2c 6h 5s 8s Td]
Seat 1: asfolhas (big blind) showed [4h Qh] and lost with high card Queen
Seat 3: Mahu2021 (button) (small blind) showed [Ts 7s] and won (720) with a pair of Tens



PokerStars Hand #253357635779: Tournament #3822456497, $4.60+$0.40 USD Hold'em No Limit - Level VI (50/100) - 2024/11/11 15:40:18 CET [2024/11/11 9:40:18 ET]
Table '3822456497 1' 3-max Seat #1 is the button
Seat 1: asfolhas (780 in chips) 
Seat 3: Mahu2021 (720 in chips) 
asfolhas: posts small blind 50
Mahu2021: posts big blind 100
*** HOLE CARDS ***
Dealt to Mahu2021 [9s 3d]
asfolhas: folds 
Uncalled bet (50) returned to Mahu2021
Mahu2021 collected 100 from pot
Mahu2021: doesn't show hand 
*** SUMMARY ***
Total pot 100 | Rake 0 
Seat 1: asfolhas (button) (small blind) folded before Flop
Seat 3: Mahu2021 (big blind) collected (100)



PokerStars Hand #253357636601: Tournament #3822456497, $4.60+$0.40 USD Hold'em No Limit - Level VI (50/100) - 2024/11/11 15:40:22 CET [2024/11/11 9:40:22 ET]
Table '3822456497 1' 3-max Seat #3 is the button
Seat 1: asfolhas (730 in chips) 
Seat 3: Mahu2021 (770 in chips) 
Mahu2021: posts small blind 50
asfolhas: posts big blind 100
*** HOLE CARDS ***
Dealt to Mahu2021 [Ts 4h]
Mahu2021: folds 
Uncalled bet (50) returned to asfolhas
asfolhas collected 100 from pot
asfolhas: doesn't show hand 
*** SUMMARY ***
Total pot 100 | Rake 0 
Seat 1: asfolhas (big blind) collected (100)
Seat 3: Mahu2021 (button) (small blind) folded before Flop



PokerStars Hand #253357637405: Tournament #3822456497, $4.60+$0.40 USD Hold'em No Limit - Level VI (50/100) - 2024/11/11 15:40:27 CET [2024/11/11 9:40:27 ET]
Table '3822456497 1' 3-max Seat #1 is the button
Seat 1: asfolhas (780 in chips) 
Seat 3: Mahu2021 (720 in chips) 
asfolhas: posts small blind 50
Mahu2021: posts big blind 100
*** HOLE CARDS ***
Dealt to Mahu2021 [7s Jc]
asfolhas: folds 
Uncalled bet (50) returned to Mahu2021
Mahu2021 collected 100 from pot
Mahu2021: doesn't show hand 
*** SUMMARY ***
Total pot 100 | Rake 0 
Seat 1: asfolhas (button) (small blind) folded before Flop
Seat 3: Mahu2021 (big blind) collected (100)



PokerStars Hand #253357638200: Tournament #3822456497, $4.60+$0.40 USD Hold'em No Limit - Level VI (50/100) - 2024/11/11 15:40:31 CET [2024/11/11 9:40:31 ET]
Table '3822456497 1' 3-max Seat #3 is the button
Seat 1: asfolhas (730 in chips) 
Seat 3: Mahu2021 (770 in chips) 
Mahu2021: posts small blind 50
asfolhas: posts big blind 100
*** HOLE CARDS ***
Dealt to Mahu2021 [6s 7c]
Mahu2021: calls 50
asfolhas: checks 
*** FLOP *** [6d 3d 2d]
asfolhas: checks 
Mahu2021: bets 670 and is all-in
asfolhas: folds 
Uncalled bet (670) returned to Mahu2021
Mahu2021 collected 200 from pot
Mahu2021: doesn't show hand 
*** SUMMARY ***
Total pot 200 | Rake 0 
Board [6d 3d 2d]
Seat 1: asfolhas (big blind) folded on the Flop
Seat 3: Mahu2021 (button) (small blind) collected (200)



PokerStars Hand #253357640270: Tournament #3822456497, $4.60+$0.40 USD Hold'em No Limit - Level VI (50/100) - 2024/11/11 15:40:42 CET [2024/11/11 9:40:42 ET]
Table '3822456497 1' 3-max Seat #1 is the button
Seat 1: asfolhas (630 in chips) 
Seat 3: Mahu2021 (870 in chips) 
asfolhas: posts small blind 50
Mahu2021: posts big blind 100
*** HOLE CARDS ***
Dealt to Mahu2021 [Qh 9d]
asfolhas: folds 
Uncalled bet (50) returned to Mahu2021
Mahu2021 collected 100 from pot
Mahu2021: doesn't show hand 
*** SUMMARY ***
Total pot 100 | Rake 0 
Seat 1: asfolhas (button) (small blind) folded before Flop
Seat 3: Mahu2021 (big blind) collected (100)



PokerStars Hand #253357641207: Tournament #3822456497, $4.60+$0.40 USD Hold'em No Limit - Level VI (50/100) - 2024/11/11 15:40:47 CET [2024/11/11 9:40:47 ET]
Table '3822456497 1' 3-max Seat #3 is the button
Seat 1: asfolhas (580 in chips) 
Seat 3: Mahu2021 (920 in chips) 
Mahu2021: posts small blind 50
asfolhas: posts big blind 100
*** HOLE CARDS ***
Dealt to Mahu2021 [9h 4h]
Mahu2021: calls 50
asfolhas: raises 480 to 580 and is all-in
Mahu2021: folds 
Uncalled bet (480) returned to asfolhas
asfolhas collected 200 from pot
asfolhas: doesn't show hand 
*** SUMMARY ***
Total pot 200 | Rake 0 
Seat 1: asfolhas (big blind) collected (200)
Seat 3: Mahu2021 (button) (small blind) folded before Flop



PokerStars Hand #253357642587: Tournament #3822456497, $4.60+$0.40 USD Hold'em No Limit - Level VI (50/100) - 2024/11/11 15:40:55 CET [2024/11/11 9:40:55 ET]
Table '3822456497 1' 3-max Seat #1 is the button
Seat 1: asfolhas (680 in chips) 
Seat 3: Mahu2021 (820 in chips) 
asfolhas: posts small blind 50
Mahu2021: posts big blind 100
*** HOLE CARDS ***
Dealt to Mahu2021 [2h Qs]
asfolhas: folds 
Uncalled bet (50) returned to Mahu2021
Mahu2021 collected 100 from pot
Mahu2021: doesn't show hand 
*** SUMMARY ***
Total pot 100 | Rake 0 
Seat 1: asfolhas (button) (small blind) folded before Flop
Seat 3: Mahu2021 (big blind) collected (100)



PokerStars Hand #253357643402: Tournament #3822456497, $4.60+$0.40 USD Hold'em No Limit - Level VI (50/100) - 2024/11/11 15:40:59 CET [2024/11/11 9:40:59 ET]
Table '3822456497 1' 3-max Seat #3 is the button
Seat 1: asfolhas (630 in chips) 
Seat 3: Mahu2021 (870 in chips) 
Mahu2021: posts small blind 50
asfolhas: posts big blind 100
*** HOLE CARDS ***
Dealt to Mahu2021 [3s 3h]
Mahu2021: raises 770 to 870 and is all-in
asfolhas: folds 
Uncalled bet (770) returned to Mahu2021
Mahu2021 collected 200 from pot
Mahu2021: doesn't show hand 
*** SUMMARY ***
Total pot 200 | Rake 0 
Seat 1: asfolhas (big blind) folded before Flop
Seat 3: Mahu2021 (button) (small blind) collected (200)



PokerStars Hand #253357644740: Tournament #3822456497, $4.60+$0.40 USD Hold'em No Limit - Level VI (50/100) - 2024/11/11 15:41:06 CET [2024/11/11 9:41:06 ET]
Table '3822456497 1' 3-max Seat #1 is the button
Seat 1: asfolhas (530 in chips) 
Seat 3: Mahu2021 (970 in chips) 
asfolhas: posts small blind 50
Mahu2021: posts big blind 100
*** HOLE CARDS ***
Dealt to Mahu2021 [8c 7s]
asfolhas: raises 430 to 530 and is all-in
Mahu2021: folds 
Uncalled bet (430) returned to asfolhas
asfolhas collected 200 from pot
asfolhas: doesn't show hand 
*** SUMMARY ***
Total pot 200 | Rake 0 
Seat 1: asfolhas (button) (small blind) collected (200)
Seat 3: Mahu2021 (big blind) folded before Flop



PokerStars Hand #253357645891: Tournament #3822456497, $4.60+$0.40 USD Hold'em No Limit - Level VI (50/100) - 2024/11/11 15:41:12 CET [2024/11/11 9:41:12 ET]
Table '3822456497 1' 3-max Seat #3 is the button
Seat 1: asfolhas (630 in chips) 
Seat 3: Mahu2021 (870 in chips) 
Mahu2021: posts small blind 50
asfolhas: posts big blind 100
*** HOLE CARDS ***
Dealt to Mahu2021 [4d 7h]
Mahu2021: folds 
Uncalled bet (50) returned to asfolhas
asfolhas collected 100 from pot
asfolhas: doesn't show hand 
*** SUMMARY ***
Total pot 100 | Rake 0 
Seat 1: asfolhas (big blind) collected (100)
Seat 3: Mahu2021 (button) (small blind) folded before Flop



PokerStars Hand #253357646643: Tournament #3822456497, $4.60+$0.40 USD Hold'em No Limit - Level VI (50/100) - 2024/11/11 15:41:17 CET [2024/11/11 9:41:17 ET]
Table '3822456497 1' 3-max Seat #1 is the button
Seat 1: asfolhas (680 in chips) 
Seat 3: Mahu2021 (820 in chips) 
asfolhas: posts small blind 50
Mahu2021: posts big blind 100
*** HOLE CARDS ***
Dealt to Mahu2021 [As Tc]
asfolhas: calls 50
Mahu2021: raises 720 to 820 and is all-in
asfolhas: folds 
Uncalled bet (720) returned to Mahu2021
Mahu2021 collected 200 from pot
Mahu2021: doesn't show hand 
*** SUMMARY ***
Total pot 200 | Rake 0 
Seat 1: asfolhas (button) (small blind) folded before Flop
Seat 3: Mahu2021 (big blind) collected (200)



PokerStars Hand #253357648048: Tournament #3822456497, $4.60+$0.40 USD Hold'em No Limit - Level VI (50/100) - 2024/11/11 15:41:24 CET [2024/11/11 9:41:24 ET]
Table '3822456497 1' 3-max Seat #3 is the button
Seat 1: asfolhas (580 in chips) 
Seat 3: Mahu2021 (920 in chips) 
Mahu2021: posts small blind 50
asfolhas: posts big blind 100
*** HOLE CARDS ***
Dealt to Mahu2021 [3d 9c]
Mahu2021: folds 
Uncalled bet (50) returned to asfolhas
asfolhas collected 100 from pot
asfolhas: doesn't show hand 
*** SUMMARY ***
Total pot 100 | Rake 0 
Seat 1: asfolhas (big blind) collected (100)
Seat 3: Mahu2021 (button) (small blind) folded before Flop



PokerStars Hand #253357648933: Tournament #3822456497, $4.60+$0.40 USD Hold'em No Limit - Level VI (50/100) - 2024/11/11 15:41:29 CET [2024/11/11 9:41:29 ET]
Table '3822456497 1' 3-max Seat #1 is the button
Seat 1: asfolhas (630 in chips) 
Seat 3: Mahu2021 (870 in chips) 
asfolhas: posts small blind 50
Mahu2021: posts big blind 100
*** HOLE CARDS ***
Dealt to Mahu2021 [7h 8h]
asfolhas: raises 530 to 630 and is all-in
Mahu2021: folds 
Uncalled bet (530) returned to asfolhas
asfolhas collected 200 from pot
asfolhas: doesn't show hand 
*** SUMMARY ***
Total pot 200 | Rake 0 
Seat 1: asfolhas (button) (small blind) collected (200)
Seat 3: Mahu2021 (big blind) folded before Flop



PokerStars Hand #253357650076: Tournament #3822456497, $4.60+$0.40 USD Hold'em No Limit - Level VI (50/100) - 2024/11/11 15:41:35 CET [2024/11/11 9:41:35 ET]
Table '3822456497 1' 3-max Seat #3 is the button
Seat 1: asfolhas (730 in chips) 
Seat 3: Mahu2021 (770 in chips) 
Mahu2021: posts small blind 50
asfolhas: posts big blind 100
*** HOLE CARDS ***
Dealt to Mahu2021 [6c 4s]
Mahu2021: calls 50
asfolhas: checks 
*** FLOP *** [5c Ah 9c]
asfolhas: checks 
Mahu2021: checks 
*** TURN *** [5c Ah 9c] [4c]
asfolhas: checks 
Mahu2021: bets 100
asfolhas: folds 
Uncalled bet (100) returned to Mahu2021
Mahu2021 collected 200 from pot
Mahu2021: doesn't show hand 
*** SUMMARY ***
Total pot 200 | Rake 0 
Board [5c Ah 9c 4c]
Seat 1: asfolhas (big blind) folded on the Turn
Seat 3: Mahu2021 (button) (small blind) collected (200)



PokerStars Hand #253357652957: Tournament #3822456497, $4.60+$0.40 USD Hold'em No Limit - Level VI (50/100) - 2024/11/11 15:41:51 CET [2024/11/11 9:41:51 ET]
Table '3822456497 1' 3-max Seat #1 is the button
Seat 1: asfolhas (630 in chips) 
Seat 3: Mahu2021 (870 in chips) 
asfolhas: posts small blind 50
Mahu2021: posts big blind 100
*** HOLE CARDS ***
Dealt to Mahu2021 [Kc 6d]
asfolhas: raises 530 to 630 and is all-in
Mahu2021: calls 530
*** FLOP *** [3s 5d 9h]
*** TURN *** [3s 5d 9h] [Jh]
*** RIVER *** [3s 5d 9h Jh] [3c]
*** SHOW DOWN ***
Mahu2021: shows [Kc 6d] (a pair of Threes)
asfolhas: shows [Jd Kh] (two pair, Jacks and Threes)
asfolhas collected 1260 from pot
*** SUMMARY ***
Total pot 1260 | Rake 0 
Board [3s 5d 9h Jh 3c]
Seat 1: asfolhas (button) (small blind) showed [Jd Kh] and won (1260) with two pair, Jacks and Threes
Seat 3: Mahu2021 (big blind) showed [Kc 6d] and lost with a pair of Threes



PokerStars Hand #253357656850: Tournament #3822456497, $4.60+$0.40 USD Hold'em No Limit - Level VI (50/100) - 2024/11/11 15:42:12 CET [2024/11/11 9:42:12 ET]
Table '3822456497 1' 3-max Seat #3 is the button
Seat 1: asfolhas (1260 in chips) 
Seat 3: Mahu2021 (240 in chips) 
Mahu2021: posts small blind 50
asfolhas: posts big blind 100
*** HOLE CARDS ***
Dealt to Mahu2021 [5s 9s]
Mahu2021: folds 
Uncalled bet (50) returned to asfolhas
asfolhas collected 100 from pot
asfolhas: doesn't show hand 
*** SUMMARY ***
Total pot 100 | Rake 0 
Seat 1: asfolhas (big blind) collected (100)
Seat 3: Mahu2021 (button) (small blind) folded before Flop



PokerStars Hand #253357657678: Tournament #3822456497, $4.60+$0.40 USD Hold'em No Limit - Level VI (50/100) - 2024/11/11 15:42:16 CET [2024/11/11 9:42:16 ET]
Table '3822456497 1' 3-max Seat #1 is the button
Seat 1: asfolhas (1310 in chips) 
Seat 3: Mahu2021 (190 in chips) 
asfolhas: posts small blind 50
Mahu2021: posts big blind 100
*** HOLE CARDS ***
Dealt to Mahu2021 [8h 6c]
asfolhas: raises 100 to 200
Mahu2021: calls 90 and is all-in
Uncalled bet (10) returned to asfolhas
*** FLOP *** [3s Th 9h]
*** TURN *** [3s Th 9h] [2c]
*** RIVER *** [3s Th 9h 2c] [4c]
*** SHOW DOWN ***
Mahu2021: shows [8h 6c] (high card Ten)
asfolhas: shows [Tc 6d] (a pair of Tens)
asfolhas collected 380 from pot
Mahu2021 finished the tournament in 2nd place
asfolhas wins the tournament and receives $15.00 - congratulations!
*** SUMMARY ***
Total pot 380 | Rake 0 
Board [3s Th 9h 2c 4c]
Seat 1: asfolhas (button) (small blind) showed [Tc 6d] and won (380) with a pair of Tens
Seat 3: Mahu2021 (big blind) showed [8h 6c] and lost with high card Ten



