PokerStars Hand #249085357739: Tournament #3721043956, $4.60+$0.40 USD Hold'em No Limit - Level I (10/20) - 2024/02/25 16:21:41 CET [2024/02/25 10:21:41 ET]
Table '3721043956 1' 3-max Seat #1 is the button
Seat 1: Martador (500 in chips) 
Seat 2: Mahu2021 (500 in chips) 
Seat 3: takssist (500 in chips) 
Mahu2021: posts small blind 10
takssist: posts big blind 20
*** HOLE CARDS ***
Dealt to Mahu2021 [Qc 8d]
Martador: folds 
Mahu2021: folds 
Uncalled bet (10) returned to takssist
takssist collected 20 from pot
*** SUMMARY ***
Total pot 20 | Rake 0 
Seat 1: Martador (button) folded before Flop (didn't bet)
Seat 2: Mahu2021 (small blind) folded before Flop
Seat 3: takssist (big blind) collected (20)



PokerStars Hand #249085359099: Tournament #3721043956, $4.60+$0.40 USD Hold'em No Limit - Level I (10/20) - 2024/02/25 16:21:46 CET [2024/02/25 10:21:46 ET]
Table '3721043956 1' 3-max Seat #2 is the button
Seat 1: Martador (500 in chips) 
Seat 2: Mahu2021 (490 in chips) 
Seat 3: takssist (510 in chips) 
takssist: posts small blind 10
Martador: posts big blind 20
*** HOLE CARDS ***
Dealt to Mahu2021 [9c 2h]
Mahu2021: folds 
takssist: raises 20 to 40
Martador: calls 20
*** FLOP *** [6c Ad 5s]
takssist: bets 80
Martador: folds 
Uncalled bet (80) returned to takssist
takssist collected 80 from pot
*** SUMMARY ***
Total pot 80 | Rake 0 
Board [6c Ad 5s]
Seat 1: Martador (big blind) folded on the Flop
Seat 2: Mahu2021 (button) folded before Flop (didn't bet)
Seat 3: takssist (small blind) collected (80)



PokerStars Hand #249085367531: Tournament #3721043956, $4.60+$0.40 USD Hold'em No Limit - Level I (10/20) - 2024/02/25 16:22:15 CET [2024/02/25 10:22:15 ET]
Table '3721043956 1' 3-max Seat #3 is the button
Seat 1: Martador (460 in chips) 
Seat 2: Mahu2021 (490 in chips) 
Seat 3: takssist (550 in chips) 
Martador: posts small blind 10
Mahu2021: posts big blind 20
*** HOLE CARDS ***
Dealt to Mahu2021 [4c 5d]
takssist: raises 50 to 70
Martador: folds 
Mahu2021: folds 
Uncalled bet (50) returned to takssist
takssist collected 50 from pot
*** SUMMARY ***
Total pot 50 | Rake 0 
Seat 1: Martador (small blind) folded before Flop
Seat 2: Mahu2021 (big blind) folded before Flop
Seat 3: takssist (button) collected (50)



PokerStars Hand #249085369727: Tournament #3721043956, $4.60+$0.40 USD Hold'em No Limit - Level I (10/20) - 2024/02/25 16:22:23 CET [2024/02/25 10:22:23 ET]
Table '3721043956 1' 3-max Seat #1 is the button
Seat 1: Martador (450 in chips) 
Seat 2: Mahu2021 (470 in chips) 
Seat 3: takssist (580 in chips) 
Mahu2021: posts small blind 10
takssist: posts big blind 20
*** HOLE CARDS ***
Dealt to Mahu2021 [3d 7s]
Martador: raises 20 to 40
Mahu2021: folds 
takssist: raises 110 to 150
Martador: folds 
Uncalled bet (110) returned to takssist
takssist collected 90 from pot
*** SUMMARY ***
Total pot 90 | Rake 0 
Seat 1: Martador (button) folded before Flop
Seat 2: Mahu2021 (small blind) folded before Flop
Seat 3: takssist (big blind) collected (90)



PokerStars Hand #249085373982: Tournament #3721043956, $4.60+$0.40 USD Hold'em No Limit - Level I (10/20) - 2024/02/25 16:22:38 CET [2024/02/25 10:22:38 ET]
Table '3721043956 1' 3-max Seat #2 is the button
Seat 1: Martador (410 in chips) 
Seat 2: Mahu2021 (460 in chips) 
Seat 3: takssist (630 in chips) 
takssist: posts small blind 10
Martador: posts big blind 20
*** HOLE CARDS ***
Dealt to Mahu2021 [Tc Th]
Mahu2021: calls 20
takssist: raises 80 to 100
Martador: folds 
Mahu2021: raises 360 to 460 and is all-in
takssist: calls 360
*** FLOP *** [Ad Kc 9s]
*** TURN *** [Ad Kc 9s] [8h]
*** RIVER *** [Ad Kc 9s 8h] [6s]
*** SHOW DOWN ***
takssist: shows [Qs Ks] (a pair of Kings)
Mahu2021: shows [Tc Th] (a pair of Tens)
takssist collected 940 from pot
Mahu2021 finished the tournament in 3rd place
*** SUMMARY ***
Total pot 940 | Rake 0 
Board [Ad Kc 9s 8h 6s]
Seat 1: Martador (big blind) folded before Flop
Seat 2: Mahu2021 (button) showed [Tc Th] and lost with a pair of Tens
Seat 3: takssist (small blind) showed [Qs Ks] and won (940) with a pair of Kings



