PokerStars Zoom Hand #255245381690:  Hold'em No Limit ($0.05/$0.10) - 2025/03/11 22:23:51 CET [2025/03/11 17:23:51 ET]
Table 'Aludra' 6-max Seat #1 is the button
Seat 1: MicZnuk ($13.26 in chips) 
Seat 2: figaroo2 ($12.21 in chips) 
Seat 3: Mahu2021 ($10 in chips) 
Seat 4: EL AS BS AS ($11.62 in chips) 
Seat 5: bliblablupbp ($14.07 in chips) 
Seat 6: elvenu ($10.42 in chips) 
figaroo2: posts small blind $0.05
Mahu2021: posts big blind $0.10
*** HOLE CARDS ***
Dealt to Mahu2021 [Jd 5s]
EL AS BS AS: folds 
bliblablupbp: raises $0.15 to $0.25
elvenu: folds 
MicZnuk: folds 
figaroo2: folds 
Mahu2021: folds 
Uncalled bet ($0.15) returned to bliblablupbp
bliblablupbp collected $0.25 from pot
bliblablupbp: doesn't show hand 
*** SUMMARY ***
Total pot $0.25 | Rake $0 
Seat 1: MicZnuk (button) folded before Flop (didn't bet)
Seat 2: figaroo2 (small blind) folded before Flop
Seat 3: Mahu2021 (big blind) folded before Flop
Seat 4: EL AS BS AS folded before Flop (didn't bet)
Seat 5: bliblablupbp collected ($0.25)
Seat 6: elvenu folded before Flop (didn't bet)



PokerStars Zoom Hand #255245383288:  Hold'em No Limit ($0.05/$0.10) - 2025/03/11 22:23:57 CET [2025/03/11 17:23:57 ET]
Table 'Aludra' 6-max Seat #1 is the button
Seat 1: yEyoU ($15.59 in chips) 
Seat 2: Mahu2021 ($9.90 in chips) 
Seat 3: starkmage ($12.72 in chips) 
Seat 4: Sn1p3rBR ($14.85 in chips) 
Seat 5: Hybrid1878 ($26.23 in chips) 
Seat 6: Apollolol ($10.23 in chips) 
Mahu2021: posts small blind $0.05
starkmage: posts big blind $0.10
*** HOLE CARDS ***
Dealt to Mahu2021 [Qh 3h]
Sn1p3rBR: folds 
Hybrid1878: folds 
Apollolol: folds 
yEyoU: folds 
Mahu2021: raises $0.20 to $0.30
starkmage: folds 
Uncalled bet ($0.20) returned to Mahu2021
Mahu2021 collected $0.20 from pot
Mahu2021: doesn't show hand 
*** SUMMARY ***
Total pot $0.20 | Rake $0 
Seat 1: yEyoU (button) folded before Flop (didn't bet)
Seat 2: Mahu2021 (small blind) collected ($0.20)
Seat 3: starkmage (big blind) folded before Flop
Seat 4: Sn1p3rBR folded before Flop (didn't bet)
Seat 5: Hybrid1878 folded before Flop (didn't bet)
Seat 6: Apollolol folded before Flop (didn't bet)



PokerStars Zoom Hand #255245387788:  Hold'em No Limit ($0.05/$0.10) - 2025/03/11 22:24:13 CET [2025/03/11 17:24:13 ET]
Table 'Aludra' 6-max Seat #1 is the button
Seat 1: Mahu2021 ($10 in chips) 
Seat 2: R.lapaaa ($5.90 in chips) 
Seat 3: mateo vivas ($12.93 in chips) 
Seat 4: figaroo2 ($12.16 in chips) 
Seat 5: $ergentu$tar ($23.81 in chips) 
Seat 6: shalombro1 ($29.57 in chips) 
R.lapaaa: posts small blind $0.05
mateo vivas: posts big blind $0.10
*** HOLE CARDS ***
Dealt to Mahu2021 [Qc Ah]
figaroo2: folds 
$ergentu$tar: folds 
shalombro1: folds 
Mahu2021: raises $0.20 to $0.30
R.lapaaa: folds 
mateo vivas: folds 
Uncalled bet ($0.20) returned to Mahu2021
Mahu2021 collected $0.25 from pot
Mahu2021: doesn't show hand 
*** SUMMARY ***
Total pot $0.25 | Rake $0 
Seat 1: Mahu2021 (button) collected ($0.25)
Seat 2: R.lapaaa (small blind) folded before Flop
Seat 3: mateo vivas (big blind) folded before Flop
Seat 4: figaroo2 folded before Flop (didn't bet)
Seat 5: $ergentu$tar folded before Flop (didn't bet)
Seat 6: shalombro1 folded before Flop (didn't bet)



PokerStars Zoom Hand #255245392337:  Hold'em No Limit ($0.05/$0.10) - 2025/03/11 22:24:29 CET [2025/03/11 17:24:29 ET]
Table 'Aludra' 6-max Seat #1 is the button
Seat 1: bloodedesert ($10.67 in chips) 
Seat 2: BrotherDore ($14.56 in chips) 
Seat 3: elvenu ($10 in chips) 
Seat 4: Mahu2021 ($10.15 in chips) 
Seat 5: ahmat star ($9.76 in chips) 
Seat 6: JonKing75 ($19.65 in chips) 
BrotherDore: posts small blind $0.05
elvenu: posts big blind $0.10
*** HOLE CARDS ***
Dealt to Mahu2021 [5s 7s]
Mahu2021: folds 
ahmat star: raises $0.10 to $0.20
JonKing75: folds 
bloodedesert: folds 
BrotherDore: folds 
elvenu: folds 
Uncalled bet ($0.10) returned to ahmat star
ahmat star collected $0.25 from pot
ahmat star: doesn't show hand 
*** SUMMARY ***
Total pot $0.25 | Rake $0 
Seat 1: bloodedesert (button) folded before Flop (didn't bet)
Seat 2: BrotherDore (small blind) folded before Flop
Seat 3: elvenu (big blind) folded before Flop
Seat 4: Mahu2021 folded before Flop (didn't bet)
Seat 5: ahmat star collected ($0.25)
Seat 6: JonKing75 folded before Flop (didn't bet)



PokerStars Zoom Hand #255245391323:  Hold'em No Limit ($0.05/$0.10) - 2025/03/11 22:24:26 CET [2025/03/11 17:24:26 ET]
Table 'Aludra' 6-max Seat #1 is the button
Seat 1: Hvat ($6.10 in chips) 
Seat 2: starkmage ($21.95 in chips) 
Seat 3: WakeUpcoaching ($15.40 in chips) 
Seat 4: bloodedesert ($10.67 in chips) 
Seat 5: shalombro1 ($29.57 in chips) 
Seat 6: Mahu2021 ($10.15 in chips) 
starkmage: posts small blind $0.05
WakeUpcoaching: posts big blind $0.10
*** HOLE CARDS ***
Dealt to Mahu2021 [4c Ks]
bloodedesert: folds 
shalombro1: folds 
Mahu2021: folds 
Hvat: folds 
starkmage: folds 
Uncalled bet ($0.05) returned to WakeUpcoaching
WakeUpcoaching collected $0.10 from pot
WakeUpcoaching: doesn't show hand 
*** SUMMARY ***
Total pot $0.10 | Rake $0 
Seat 1: Hvat (button) folded before Flop (didn't bet)
Seat 2: starkmage (small blind) folded before Flop
Seat 3: WakeUpcoaching (big blind) collected ($0.10)
Seat 4: bloodedesert folded before Flop (didn't bet)
Seat 5: shalombro1 folded before Flop (didn't bet)
Seat 6: Mahu2021 folded before Flop (didn't bet)



PokerStars Zoom Hand #255245393194:  Hold'em No Limit ($0.05/$0.10) - 2025/03/11 22:24:32 CET [2025/03/11 17:24:32 ET]
Table 'Aludra' 6-max Seat #1 is the button
Seat 1: niukissimitro_k ($10 in chips) 
Seat 2: Rob3rt000 ($10 in chips) 
Seat 3: Mahu2021 ($10.15 in chips) 
Seat 4: starkmage ($21.90 in chips) 
Seat 5: oocs ($19.36 in chips) 
Seat 6: GoodGame1989 ($10 in chips) 
Rob3rt000: posts small blind $0.05
Mahu2021: posts big blind $0.10
*** HOLE CARDS ***
Dealt to Mahu2021 [4d Qd]
starkmage: folds 
oocs: folds 
GoodGame1989: folds 
niukissimitro_k: folds 
Rob3rt000: raises $0.15 to $0.25
Mahu2021: folds 
Uncalled bet ($0.15) returned to Rob3rt000
Rob3rt000 collected $0.20 from pot
Rob3rt000: doesn't show hand 
*** SUMMARY ***
Total pot $0.20 | Rake $0 
Seat 1: niukissimitro_k (button) folded before Flop (didn't bet)
Seat 2: Rob3rt000 (small blind) collected ($0.20)
Seat 3: Mahu2021 (big blind) folded before Flop
Seat 4: starkmage folded before Flop (didn't bet)
Seat 5: oocs folded before Flop (didn't bet)
Seat 6: GoodGame1989 folded before Flop (didn't bet)



PokerStars Zoom Hand #255245400590:  Hold'em No Limit ($0.05/$0.10) - 2025/03/11 22:24:59 CET [2025/03/11 17:24:59 ET]
Table 'Aludra' 6-max Seat #1 is the button
Seat 1: flens75go ($43.75 in chips) 
Seat 2: Mahu2021 ($10.05 in chips) 
Seat 3: SkyBoy23 ($20.30 in chips) 
Seat 4: ZAURBEKK2013 ($10.67 in chips) 
Seat 5: victorffc ($17.05 in chips) 
Seat 6: BenJJones ($25.77 in chips) 
Mahu2021: posts small blind $0.05
SkyBoy23: posts big blind $0.10
*** HOLE CARDS ***
Dealt to Mahu2021 [Ts 6c]
ZAURBEKK2013: folds 
victorffc: folds 
BenJJones: folds 
flens75go: folds 
Mahu2021: folds 
Uncalled bet ($0.05) returned to SkyBoy23
SkyBoy23 collected $0.10 from pot
SkyBoy23: doesn't show hand 
*** SUMMARY ***
Total pot $0.10 | Rake $0 
Seat 1: flens75go (button) folded before Flop (didn't bet)
Seat 2: Mahu2021 (small blind) folded before Flop
Seat 3: SkyBoy23 (big blind) collected ($0.10)
Seat 4: ZAURBEKK2013 folded before Flop (didn't bet)
Seat 5: victorffc folded before Flop (didn't bet)
Seat 6: BenJJones folded before Flop (didn't bet)



PokerStars Zoom Hand #255245399383:  Hold'em No Limit ($0.05/$0.10) - 2025/03/11 22:24:55 CET [2025/03/11 17:24:55 ET]
Table 'Aludra' 6-max Seat #1 is the button
Seat 1: KrysuSkerdikas ($2.65 in chips) 
Seat 2: flens75go ($43.80 in chips) 
Seat 3: SlipperySealion ($24.83 in chips) 
Seat 4: shalombro1 ($21.21 in chips) 
Seat 5: Mahu2021 ($10.05 in chips) 
Seat 6: elvenu ($10 in chips) 
flens75go: posts small blind $0.05
SlipperySealion: posts big blind $0.10
*** HOLE CARDS ***
Dealt to Mahu2021 [Td 7h]
shalombro1: folds 
Mahu2021: folds 
elvenu: raises $0.15 to $0.25
KrysuSkerdikas: folds 
flens75go: folds 
SlipperySealion: calls $0.15
*** FLOP *** [8h Ah 7d]
SlipperySealion: checks 
elvenu: bets $0.27
SlipperySealion: folds 
Uncalled bet ($0.27) returned to elvenu
elvenu collected $0.53 from pot
elvenu: doesn't show hand 
*** SUMMARY ***
Total pot $0.55 | Rake $0.02 
Board [8h Ah 7d]
Seat 1: KrysuSkerdikas (button) folded before Flop (didn't bet)
Seat 2: flens75go (small blind) folded before Flop
Seat 3: SlipperySealion (big blind) folded on the Flop
Seat 4: shalombro1 folded before Flop (didn't bet)
Seat 5: Mahu2021 folded before Flop (didn't bet)
Seat 6: elvenu collected ($0.53)



PokerStars Zoom Hand #255245403948:  Hold'em No Limit ($0.05/$0.10) - 2025/03/11 22:25:11 CET [2025/03/11 17:25:11 ET]
Table 'Aludra' 6-max Seat #1 is the button
Seat 1: bliblablupbp ($14.17 in chips) 
Seat 2: MicZnuk ($12.23 in chips) 
Seat 3: Hvat ($6.05 in chips) 
Seat 4: Mahu2021 ($10 in chips) 
Seat 5: Viton888 ($7.78 in chips) 
Seat 6: JonKing75 ($17.89 in chips) 
MicZnuk: posts small blind $0.05
Hvat: posts big blind $0.10
*** HOLE CARDS ***
Dealt to Mahu2021 [6h 6s]
Mahu2021: folds 
Viton888: folds 
JonKing75: folds 
bliblablupbp: folds 
MicZnuk: folds 
Uncalled bet ($0.05) returned to Hvat
Hvat collected $0.10 from pot
Hvat: doesn't show hand 
*** SUMMARY ***
Total pot $0.10 | Rake $0 
Seat 1: bliblablupbp (button) folded before Flop (didn't bet)
Seat 2: MicZnuk (small blind) folded before Flop
Seat 3: Hvat (big blind) collected ($0.10)
Seat 4: Mahu2021 folded before Flop (didn't bet)
Seat 5: Viton888 folded before Flop (didn't bet)
Seat 6: JonKing75 folded before Flop (didn't bet)



PokerStars Zoom Hand #255245401714:  Hold'em No Limit ($0.05/$0.10) - 2025/03/11 22:25:03 CET [2025/03/11 17:25:03 ET]
Table 'Aludra' 6-max Seat #1 is the button
Seat 1: Mahu2021 ($10 in chips) 
Seat 2: Pacca20 ($12.19 in chips) 
Seat 3: VadnaiG ($18.34 in chips) 
Seat 4: Lenusia392 ($5.31 in chips) 
Seat 5: agusdecarca ($24.49 in chips) 
Seat 6: Viton888 ($7.78 in chips) 
Pacca20: posts small blind $0.05
VadnaiG: posts big blind $0.10
*** HOLE CARDS ***
Dealt to Mahu2021 [8d 3s]
Lenusia392: folds 
agusdecarca: raises $0.15 to $0.25
Viton888: folds 
Mahu2021: folds 
Pacca20: folds 
VadnaiG: folds 
Uncalled bet ($0.15) returned to agusdecarca
agusdecarca collected $0.25 from pot
agusdecarca: doesn't show hand 
*** SUMMARY ***
Total pot $0.25 | Rake $0 
Seat 1: Mahu2021 (button) folded before Flop (didn't bet)
Seat 2: Pacca20 (small blind) folded before Flop
Seat 3: VadnaiG (big blind) folded before Flop
Seat 4: Lenusia392 folded before Flop (didn't bet)
Seat 5: agusdecarca collected ($0.25)
Seat 6: Viton888 folded before Flop (didn't bet)



PokerStars Zoom Hand #255245402806:  Hold'em No Limit ($0.05/$0.10) - 2025/03/11 22:25:07 CET [2025/03/11 17:25:07 ET]
Table 'Aludra' 6-max Seat #1 is the button
Seat 1: Viton888 ($7.78 in chips) 
Seat 2: victorffc ($17.05 in chips) 
Seat 3: PhilippSch ($10 in chips) 
Seat 4: MicZnuk ($12.23 in chips) 
Seat 5: starkmage ($12.18 in chips) 
Seat 6: Mahu2021 ($10 in chips) 
victorffc: posts small blind $0.05
PhilippSch: posts big blind $0.10
*** HOLE CARDS ***
Dealt to Mahu2021 [3d Qc]
MicZnuk: folds 
starkmage: raises $0.20 to $0.30
Mahu2021: folds 
Viton888: folds 
victorffc: folds 
PhilippSch: raises $0.70 to $1
starkmage: folds 
Uncalled bet ($0.70) returned to PhilippSch
PhilippSch collected $0.65 from pot
PhilippSch: doesn't show hand 
*** SUMMARY ***
Total pot $0.65 | Rake $0 
Seat 1: Viton888 (button) folded before Flop (didn't bet)
Seat 2: victorffc (small blind) folded before Flop
Seat 3: PhilippSch (big blind) collected ($0.65)
Seat 4: MicZnuk folded before Flop (didn't bet)
Seat 5: starkmage folded before Flop
Seat 6: Mahu2021 folded before Flop (didn't bet)



PokerStars Zoom Hand #255245404936:  Hold'em No Limit ($0.05/$0.10) - 2025/03/11 22:25:15 CET [2025/03/11 17:25:15 ET]
Table 'Aludra' 6-max Seat #1 is the button
Seat 1: ddoctah ($18.94 in chips) 
Seat 2: Lenusia392 ($5.31 in chips) 
Seat 3: ostant ($24.99 in chips) 
Seat 4: Viton888 ($7.78 in chips) 
Seat 5: Hybrid1878 ($10.86 in chips) 
Seat 6: Mahu2021 ($10 in chips) 
Lenusia392: posts small blind $0.05
ostant: posts big blind $0.10
*** HOLE CARDS ***
Dealt to Mahu2021 [Ac Td]
Viton888: folds 
Hybrid1878: folds 
Mahu2021: raises $0.14 to $0.24
ddoctah: folds 
Lenusia392: folds 
ostant: folds 
Uncalled bet ($0.14) returned to Mahu2021
Mahu2021 collected $0.25 from pot
Mahu2021: doesn't show hand 
*** SUMMARY ***
Total pot $0.25 | Rake $0 
Seat 1: ddoctah (button) folded before Flop (didn't bet)
Seat 2: Lenusia392 (small blind) folded before Flop
Seat 3: ostant (big blind) folded before Flop
Seat 4: Viton888 folded before Flop (didn't bet)
Seat 5: Hybrid1878 folded before Flop (didn't bet)
Seat 6: Mahu2021 collected ($0.25)



PokerStars Zoom Hand #255245408420:  Hold'em No Limit ($0.05/$0.10) - 2025/03/11 22:25:27 CET [2025/03/11 17:25:27 ET]
Table 'Aludra' 6-max Seat #1 is the button
Seat 1: Anesme1 ($10.73 in chips) 
Seat 2: Hybrid1878 ($26.58 in chips) 
Seat 3: Mahu2021 ($10.15 in chips) 
Seat 4: Batzback3 ($2.82 in chips) 
Seat 5: victorffc ($10 in chips) 
Seat 6: ostant ($14.73 in chips) 
Hybrid1878: posts small blind $0.05
Mahu2021: posts big blind $0.10
*** HOLE CARDS ***
Dealt to Mahu2021 [Ad Kd]
Batzback3: folds 
victorffc: raises $0.10 to $0.20
ostant: folds 
Anesme1: calls $0.20
Hybrid1878: folds 
Mahu2021: raises $0.90 to $1.10
victorffc: folds 
Anesme1: folds 
Uncalled bet ($0.90) returned to Mahu2021
Mahu2021 collected $0.65 from pot
Mahu2021: doesn't show hand 
*** SUMMARY ***
Total pot $0.65 | Rake $0 
Seat 1: Anesme1 (button) folded before Flop
Seat 2: Hybrid1878 (small blind) folded before Flop
Seat 3: Mahu2021 (big blind) collected ($0.65)
Seat 4: Batzback3 folded before Flop (didn't bet)
Seat 5: victorffc folded before Flop
Seat 6: ostant folded before Flop (didn't bet)



