PokerStars Hand #252759801280: Tournament #3808017632, $1.84+$0.16 USD Hold'em No Limit - Level I (10/20) - 2024/10/04 13:37:19 CET [2024/10/04 7:37:19 ET]
Table '3808017632 1' 3-max Seat #1 is the button
Seat 1: Mahu2021 (500 in chips) 
Seat 2: BIGODEEE47 (500 in chips) 
Seat 3: cocos242 (500 in chips) 
BIGODEEE47: posts small blind 10
cocos242: posts big blind 20
*** HOLE CARDS ***
Dealt to Mahu2021 [Jd Qs]
Mahu2021: raises 20 to 40
BIGODEEE47: folds 
cocos242: folds 
Uncalled bet (20) returned to Mahu2021
Mahu2021 collected 50 from pot
Mahu2021: doesn't show hand 
*** SUMMARY ***
Total pot 50 | Rake 0 
Seat 1: Mahu2021 (button) collected (50)
Seat 2: BIGODEEE47 (small blind) folded before Flop
Seat 3: cocos242 (big blind) folded before Flop



PokerStars Hand #252759802284: Tournament #3808017632, $1.84+$0.16 USD Hold'em No Limit - Level I (10/20) - 2024/10/04 13:37:26 CET [2024/10/04 7:37:26 ET]
Table '3808017632 1' 3-max Seat #2 is the button
Seat 1: Mahu2021 (530 in chips) 
Seat 2: BIGODEEE47 (490 in chips) 
Seat 3: cocos242 (480 in chips) 
cocos242: posts small blind 10
Mahu2021: posts big blind 20
*** HOLE CARDS ***
Dealt to Mahu2021 [Ac 4s]
BIGODEEE47: raises 40 to 60
cocos242: folds 
Mahu2021: folds 
Uncalled bet (40) returned to BIGODEEE47
BIGODEEE47 collected 50 from pot
BIGODEEE47: doesn't show hand 
*** SUMMARY ***
Total pot 50 | Rake 0 
Seat 1: Mahu2021 (big blind) folded before Flop
Seat 2: BIGODEEE47 (button) collected (50)
Seat 3: cocos242 (small blind) folded before Flop



PokerStars Hand #252759803281: Tournament #3808017632, $1.84+$0.16 USD Hold'em No Limit - Level I (10/20) - 2024/10/04 13:37:33 CET [2024/10/04 7:37:33 ET]
Table '3808017632 1' 3-max Seat #3 is the button
Seat 1: Mahu2021 (510 in chips) 
Seat 2: BIGODEEE47 (520 in chips) 
Seat 3: cocos242 (470 in chips) 
Mahu2021: posts small blind 10
BIGODEEE47: posts big blind 20
*** HOLE CARDS ***
Dealt to Mahu2021 [4c 9h]
cocos242: raises 24 to 44
Mahu2021: folds 
BIGODEEE47: raises 476 to 520 and is all-in
cocos242: calls 426 and is all-in
Uncalled bet (50) returned to BIGODEEE47
*** FLOP *** [Qh 4s 3d]
*** TURN *** [Qh 4s 3d] [8c]
*** RIVER *** [Qh 4s 3d 8c] [Jc]
*** SHOW DOWN ***
BIGODEEE47: shows [2h Ad] (high card Ace)
cocos242: shows [Ac Tc] (high card Ace - Queen+Jack+Ten kicker)
cocos242 collected 950 from pot
*** SUMMARY ***
Total pot 950 | Rake 0 
Board [Qh 4s 3d 8c Jc]
Seat 1: Mahu2021 (small blind) folded before Flop
Seat 2: BIGODEEE47 (big blind) showed [2h Ad] and lost with high card Ace
Seat 3: cocos242 (button) showed [Ac Tc] and won (950) with high card Ace



PokerStars Hand #252759805359: Tournament #3808017632, $1.84+$0.16 USD Hold'em No Limit - Level I (10/20) - 2024/10/04 13:37:47 CET [2024/10/04 7:37:47 ET]
Table '3808017632 1' 3-max Seat #1 is the button
Seat 1: Mahu2021 (500 in chips) 
Seat 2: BIGODEEE47 (50 in chips) 
Seat 3: cocos242 (950 in chips) 
BIGODEEE47: posts small blind 10
cocos242: posts big blind 20
*** HOLE CARDS ***
Dealt to Mahu2021 [Ac 4s]
Mahu2021: raises 40 to 60
BIGODEEE47: calls 40 and is all-in
cocos242: calls 40
*** FLOP *** [Jd As 9h]
cocos242: checks 
Mahu2021: bets 60
cocos242: folds 
Uncalled bet (60) returned to Mahu2021
*** TURN *** [Jd As 9h] [5d]
*** RIVER *** [Jd As 9h 5d] [Ad]
*** SHOW DOWN ***
Mahu2021: shows [Ac 4s] (three of a kind, Aces)
Mahu2021 collected 20 from side pot
BIGODEEE47: shows [Qd Tc] (a pair of Aces)
Mahu2021 collected 150 from main pot
BIGODEEE47 finished the tournament in 3rd place
*** SUMMARY ***
Total pot 170 Main pot 150. Side pot 20. | Rake 0 
Board [Jd As 9h 5d Ad]
Seat 1: Mahu2021 (button) showed [Ac 4s] and won (170) with three of a kind, Aces
Seat 2: BIGODEEE47 (small blind) showed [Qd Tc] and lost with a pair of Aces
Seat 3: cocos242 (big blind) folded on the Flop



PokerStars Hand #252759808280: Tournament #3808017632, $1.84+$0.16 USD Hold'em No Limit - Level I (10/20) - 2024/10/04 13:38:07 CET [2024/10/04 7:38:07 ET]
Table '3808017632 1' 3-max Seat #3 is the button
Seat 1: Mahu2021 (610 in chips) 
Seat 3: cocos242 (890 in chips) 
cocos242: posts small blind 10
Mahu2021: posts big blind 20
*** HOLE CARDS ***
Dealt to Mahu2021 [3s 5s]
cocos242: raises 20 to 40
Mahu2021: calls 20
*** FLOP *** [Qs 3c Js]
Mahu2021: checks 
cocos242: checks 
*** TURN *** [Qs 3c Js] [6c]
Mahu2021: checks 
cocos242: bets 46
Mahu2021: calls 46
*** RIVER *** [Qs 3c Js 6c] [9h]
Mahu2021: checks 
cocos242: checks 
*** SHOW DOWN ***
Mahu2021: shows [3s 5s] (a pair of Threes)
cocos242: mucks hand 
Mahu2021 collected 172 from pot
*** SUMMARY ***
Total pot 172 | Rake 0 
Board [Qs 3c Js 6c 9h]
Seat 1: Mahu2021 (big blind) showed [3s 5s] and won (172) with a pair of Threes
Seat 3: cocos242 (button) (small blind) mucked [8s Ah]



PokerStars Hand #252759810526: Tournament #3808017632, $1.84+$0.16 USD Hold'em No Limit - Level I (10/20) - 2024/10/04 13:38:23 CET [2024/10/04 7:38:23 ET]
Table '3808017632 1' 3-max Seat #1 is the button
Seat 1: Mahu2021 (696 in chips) 
Seat 3: cocos242 (804 in chips) 
Mahu2021: posts small blind 10
cocos242: posts big blind 20
*** HOLE CARDS ***
Dealt to Mahu2021 [3h Th]
Mahu2021: calls 10
cocos242: raises 784 to 804 and is all-in
Mahu2021: folds 
Uncalled bet (784) returned to cocos242
cocos242 collected 40 from pot
*** SUMMARY ***
Total pot 40 | Rake 0 
Seat 1: Mahu2021 (button) (small blind) folded before Flop
Seat 3: cocos242 (big blind) collected (40)



PokerStars Hand #252759811477: Tournament #3808017632, $1.84+$0.16 USD Hold'em No Limit - Level I (10/20) - 2024/10/04 13:38:29 CET [2024/10/04 7:38:29 ET]
Table '3808017632 1' 3-max Seat #3 is the button
Seat 1: Mahu2021 (676 in chips) 
Seat 3: cocos242 (824 in chips) 
cocos242: posts small blind 10
Mahu2021: posts big blind 20
*** HOLE CARDS ***
Dealt to Mahu2021 [8d 4h]
cocos242: raises 20 to 40
Mahu2021: folds 
Uncalled bet (20) returned to cocos242
cocos242 collected 40 from pot
*** SUMMARY ***
Total pot 40 | Rake 0 
Seat 1: Mahu2021 (big blind) folded before Flop
Seat 3: cocos242 (button) (small blind) collected (40)



PokerStars Hand #252759812127: Tournament #3808017632, $1.84+$0.16 USD Hold'em No Limit - Level I (10/20) - 2024/10/04 13:38:34 CET [2024/10/04 7:38:34 ET]
Table '3808017632 1' 3-max Seat #1 is the button
Seat 1: Mahu2021 (656 in chips) 
Seat 3: cocos242 (844 in chips) 
Mahu2021: posts small blind 10
cocos242: posts big blind 20
*** HOLE CARDS ***
Dealt to Mahu2021 [Tc 5c]
Mahu2021: calls 10
cocos242: checks 
*** FLOP *** [Td 3s 5d]
cocos242: checks 
Mahu2021: checks 
*** TURN *** [Td 3s 5d] [6d]
cocos242: bets 20
Mahu2021: calls 20
*** RIVER *** [Td 3s 5d 6d] [4s]
cocos242: bets 53
Mahu2021: calls 53
*** SHOW DOWN ***
cocos242: shows [6h 2d] (a straight, Deuce to Six)
Mahu2021: mucks hand 
cocos242 collected 186 from pot
*** SUMMARY ***
Total pot 186 | Rake 0 
Board [Td 3s 5d 6d 4s]
Seat 1: Mahu2021 (button) (small blind) mucked [Tc 5c]
Seat 3: cocos242 (big blind) showed [6h 2d] and won (186) with a straight, Deuce to Six



PokerStars Hand #252759813901: Tournament #3808017632, $1.84+$0.16 USD Hold'em No Limit - Level I (10/20) - 2024/10/04 13:38:45 CET [2024/10/04 7:38:45 ET]
Table '3808017632 1' 3-max Seat #3 is the button
Seat 1: Mahu2021 (563 in chips) 
Seat 3: cocos242 (937 in chips) 
cocos242: posts small blind 10
Mahu2021: posts big blind 20
*** HOLE CARDS ***
Dealt to Mahu2021 [Ac Qc]
cocos242: calls 10
Mahu2021: raises 80 to 100
cocos242: folds 
Uncalled bet (80) returned to Mahu2021
Mahu2021 collected 40 from pot
Mahu2021: doesn't show hand 
*** SUMMARY ***
Total pot 40 | Rake 0 
Seat 1: Mahu2021 (big blind) collected (40)
Seat 3: cocos242 (button) (small blind) folded before Flop



PokerStars Hand #252759815034: Tournament #3808017632, $1.84+$0.16 USD Hold'em No Limit - Level I (10/20) - 2024/10/04 13:38:53 CET [2024/10/04 7:38:53 ET]
Table '3808017632 1' 3-max Seat #1 is the button
Seat 1: Mahu2021 (583 in chips) 
Seat 3: cocos242 (917 in chips) 
Mahu2021: posts small blind 10
cocos242: posts big blind 20
*** HOLE CARDS ***
Dealt to Mahu2021 [5d Qc]
Mahu2021: calls 10
cocos242: raises 40 to 60
Mahu2021: folds 
Uncalled bet (40) returned to cocos242
cocos242 collected 40 from pot
*** SUMMARY ***
Total pot 40 | Rake 0 
Seat 1: Mahu2021 (button) (small blind) folded before Flop
Seat 3: cocos242 (big blind) collected (40)



PokerStars Hand #252759816176: Tournament #3808017632, $1.84+$0.16 USD Hold'em No Limit - Level I (10/20) - 2024/10/04 13:39:01 CET [2024/10/04 7:39:01 ET]
Table '3808017632 1' 3-max Seat #3 is the button
Seat 1: Mahu2021 (563 in chips) 
Seat 3: cocos242 (937 in chips) 
cocos242: posts small blind 10
Mahu2021: posts big blind 20
*** HOLE CARDS ***
Dealt to Mahu2021 [Tc 3h]
cocos242: folds 
Uncalled bet (10) returned to Mahu2021
Mahu2021 collected 20 from pot
Mahu2021: doesn't show hand 
*** SUMMARY ***
Total pot 20 | Rake 0 
Seat 1: Mahu2021 (big blind) collected (20)
Seat 3: cocos242 (button) (small blind) folded before Flop



PokerStars Hand #252759816746: Tournament #3808017632, $1.84+$0.16 USD Hold'em No Limit - Level I (10/20) - 2024/10/04 13:39:05 CET [2024/10/04 7:39:05 ET]
Table '3808017632 1' 3-max Seat #1 is the button
Seat 1: Mahu2021 (573 in chips) 
Seat 3: cocos242 (927 in chips) 
Mahu2021: posts small blind 10
cocos242: posts big blind 20
*** HOLE CARDS ***
Dealt to Mahu2021 [Kd Qh]
Mahu2021: raises 20 to 40
cocos242: raises 887 to 927 and is all-in
Mahu2021: folds 
Uncalled bet (887) returned to cocos242
cocos242 collected 80 from pot
*** SUMMARY ***
Total pot 80 | Rake 0 
Seat 1: Mahu2021 (button) (small blind) folded before Flop
Seat 3: cocos242 (big blind) collected (80)



PokerStars Hand #252759818055: Tournament #3808017632, $1.84+$0.16 USD Hold'em No Limit - Level I (10/20) - 2024/10/04 13:39:14 CET [2024/10/04 7:39:14 ET]
Table '3808017632 1' 3-max Seat #3 is the button
Seat 1: Mahu2021 (533 in chips) 
Seat 3: cocos242 (967 in chips) 
cocos242: posts small blind 10
Mahu2021: posts big blind 20
*** HOLE CARDS ***
Dealt to Mahu2021 [Kc 2s]
cocos242: calls 10
Mahu2021: checks 
*** FLOP *** [3d 5c 9c]
Mahu2021: checks 
cocos242: bets 20
Mahu2021: folds 
Uncalled bet (20) returned to cocos242
cocos242 collected 40 from pot
*** SUMMARY ***
Total pot 40 | Rake 0 
Board [3d 5c 9c]
Seat 1: Mahu2021 (big blind) folded on the Flop
Seat 3: cocos242 (button) (small blind) collected (40)



PokerStars Hand #252759819678: Tournament #3808017632, $1.84+$0.16 USD Hold'em No Limit - Level II (15/30) - 2024/10/04 13:39:25 CET [2024/10/04 7:39:25 ET]
Table '3808017632 1' 3-max Seat #1 is the button
Seat 1: Mahu2021 (513 in chips) 
Seat 3: cocos242 (987 in chips) 
Mahu2021: posts small blind 15
cocos242: posts big blind 30
*** HOLE CARDS ***
Dealt to Mahu2021 [Jh 7h]
Mahu2021: raises 30 to 60
cocos242: folds 
Uncalled bet (30) returned to Mahu2021
Mahu2021 collected 60 from pot
Mahu2021: doesn't show hand 
*** SUMMARY ***
Total pot 60 | Rake 0 
Seat 1: Mahu2021 (button) (small blind) collected (60)
Seat 3: cocos242 (big blind) folded before Flop



PokerStars Hand #252759820385: Tournament #3808017632, $1.84+$0.16 USD Hold'em No Limit - Level II (15/30) - 2024/10/04 13:39:29 CET [2024/10/04 7:39:29 ET]
Table '3808017632 1' 3-max Seat #3 is the button
Seat 1: Mahu2021 (543 in chips) 
Seat 3: cocos242 (957 in chips) 
cocos242: posts small blind 15
Mahu2021: posts big blind 30
*** HOLE CARDS ***
Dealt to Mahu2021 [9d 2s]
cocos242: raises 36 to 66
Mahu2021: folds 
Uncalled bet (36) returned to cocos242
cocos242 collected 60 from pot
*** SUMMARY ***
Total pot 60 | Rake 0 
Seat 1: Mahu2021 (big blind) folded before Flop
Seat 3: cocos242 (button) (small blind) collected (60)



PokerStars Hand #252759821149: Tournament #3808017632, $1.84+$0.16 USD Hold'em No Limit - Level II (15/30) - 2024/10/04 13:39:34 CET [2024/10/04 7:39:34 ET]
Table '3808017632 1' 3-max Seat #1 is the button
Seat 1: Mahu2021 (513 in chips) 
Seat 3: cocos242 (987 in chips) 
Mahu2021: posts small blind 15
cocos242: posts big blind 30
*** HOLE CARDS ***
Dealt to Mahu2021 [4d Qd]
Mahu2021: raises 30 to 60
cocos242: calls 30
*** FLOP *** [6s Kd Jc]
cocos242: checks 
Mahu2021: bets 60
cocos242: folds 
Uncalled bet (60) returned to Mahu2021
Mahu2021 collected 120 from pot
Mahu2021: doesn't show hand 
*** SUMMARY ***
Total pot 120 | Rake 0 
Board [6s Kd Jc]
Seat 1: Mahu2021 (button) (small blind) collected (120)
Seat 3: cocos242 (big blind) folded on the Flop



PokerStars Hand #252759822460: Tournament #3808017632, $1.84+$0.16 USD Hold'em No Limit - Level II (15/30) - 2024/10/04 13:39:43 CET [2024/10/04 7:39:43 ET]
Table '3808017632 1' 3-max Seat #3 is the button
Seat 1: Mahu2021 (573 in chips) 
Seat 3: cocos242 (927 in chips) 
cocos242: posts small blind 15
Mahu2021: posts big blind 30
*** HOLE CARDS ***
Dealt to Mahu2021 [Ad 2s]
cocos242: raises 36 to 66
Mahu2021: calls 36
*** FLOP *** [6c Kc 5s]
Mahu2021: checks 
cocos242: bets 30
Mahu2021: calls 30
*** TURN *** [6c Kc 5s] [7c]
Mahu2021: checks 
cocos242: bets 127
Mahu2021: folds 
Uncalled bet (127) returned to cocos242
cocos242 collected 192 from pot
*** SUMMARY ***
Total pot 192 | Rake 0 
Board [6c Kc 5s 7c]
Seat 1: Mahu2021 (big blind) folded on the Turn
Seat 3: cocos242 (button) (small blind) collected (192)



PokerStars Hand #252759824346: Tournament #3808017632, $1.84+$0.16 USD Hold'em No Limit - Level II (15/30) - 2024/10/04 13:39:56 CET [2024/10/04 7:39:56 ET]
Table '3808017632 1' 3-max Seat #1 is the button
Seat 1: Mahu2021 (477 in chips) 
Seat 3: cocos242 (1023 in chips) 
Mahu2021: posts small blind 15
cocos242: posts big blind 30
*** HOLE CARDS ***
Dealt to Mahu2021 [Kd Jc]
Mahu2021: raises 30 to 60
cocos242: raises 963 to 1023 and is all-in
Mahu2021: folds 
Uncalled bet (963) returned to cocos242
cocos242 collected 120 from pot
*** SUMMARY ***
Total pot 120 | Rake 0 
Seat 1: Mahu2021 (button) (small blind) folded before Flop
Seat 3: cocos242 (big blind) collected (120)



PokerStars Hand #252759825715: Tournament #3808017632, $1.84+$0.16 USD Hold'em No Limit - Level II (15/30) - 2024/10/04 13:40:05 CET [2024/10/04 7:40:05 ET]
Table '3808017632 1' 3-max Seat #3 is the button
Seat 1: Mahu2021 (417 in chips) 
Seat 3: cocos242 (1083 in chips) 
cocos242: posts small blind 15
Mahu2021: posts big blind 30
*** HOLE CARDS ***
Dealt to Mahu2021 [2c Jc]
cocos242: folds 
Uncalled bet (15) returned to Mahu2021
Mahu2021 collected 30 from pot
Mahu2021: doesn't show hand 
*** SUMMARY ***
Total pot 30 | Rake 0 
Seat 1: Mahu2021 (big blind) collected (30)
Seat 3: cocos242 (button) (small blind) folded before Flop



PokerStars Hand #252759826287: Tournament #3808017632, $1.84+$0.16 USD Hold'em No Limit - Level II (15/30) - 2024/10/04 13:40:08 CET [2024/10/04 7:40:08 ET]
Table '3808017632 1' 3-max Seat #1 is the button
Seat 1: Mahu2021 (432 in chips) 
Seat 3: cocos242 (1068 in chips) 
Mahu2021: posts small blind 15
cocos242: posts big blind 30
*** HOLE CARDS ***
Dealt to Mahu2021 [9h Th]
Mahu2021: calls 15
cocos242: raises 1038 to 1068 and is all-in
Mahu2021: folds 
Uncalled bet (1038) returned to cocos242
cocos242 collected 60 from pot
*** SUMMARY ***
Total pot 60 | Rake 0 
Seat 1: Mahu2021 (button) (small blind) folded before Flop
Seat 3: cocos242 (big blind) collected (60)



PokerStars Hand #252759827171: Tournament #3808017632, $1.84+$0.16 USD Hold'em No Limit - Level II (15/30) - 2024/10/04 13:40:14 CET [2024/10/04 7:40:14 ET]
Table '3808017632 1' 3-max Seat #3 is the button
Seat 1: Mahu2021 (402 in chips) 
Seat 3: cocos242 (1098 in chips) 
cocos242: posts small blind 15
Mahu2021: posts big blind 30
*** HOLE CARDS ***
Dealt to Mahu2021 [7d Ts]
cocos242: raises 30 to 60
Mahu2021: calls 30
*** FLOP *** [6s 4c 8s]
Mahu2021: bets 342 and is all-in
cocos242: folds 
Uncalled bet (342) returned to Mahu2021
Mahu2021 collected 120 from pot
Mahu2021: doesn't show hand 
*** SUMMARY ***
Total pot 120 | Rake 0 
Board [6s 4c 8s]
Seat 1: Mahu2021 (big blind) collected (120)
Seat 3: cocos242 (button) (small blind) folded on the Flop



PokerStars Hand #252759828488: Tournament #3808017632, $1.84+$0.16 USD Hold'em No Limit - Level II (15/30) - 2024/10/04 13:40:23 CET [2024/10/04 7:40:23 ET]
Table '3808017632 1' 3-max Seat #1 is the button
Seat 1: Mahu2021 (462 in chips) 
Seat 3: cocos242 (1038 in chips) 
Mahu2021: posts small blind 15
cocos242: posts big blind 30
*** HOLE CARDS ***
Dealt to Mahu2021 [2c 9c]
Mahu2021: folds 
Uncalled bet (15) returned to cocos242
cocos242 collected 30 from pot
*** SUMMARY ***
Total pot 30 | Rake 0 
Seat 1: Mahu2021 (button) (small blind) folded before Flop
Seat 3: cocos242 (big blind) collected (30)



PokerStars Hand #252759829229: Tournament #3808017632, $1.84+$0.16 USD Hold'em No Limit - Level II (15/30) - 2024/10/04 13:40:28 CET [2024/10/04 7:40:28 ET]
Table '3808017632 1' 3-max Seat #3 is the button
Seat 1: Mahu2021 (447 in chips) 
Seat 3: cocos242 (1053 in chips) 
cocos242: posts small blind 15
Mahu2021: posts big blind 30
*** HOLE CARDS ***
Dealt to Mahu2021 [Ks 3d]
cocos242: raises 30 to 60
Mahu2021: calls 30
*** FLOP *** [6h 2h 7d]
Mahu2021: checks 
cocos242: bets 40
Mahu2021: folds 
Uncalled bet (40) returned to cocos242
cocos242 collected 120 from pot
*** SUMMARY ***
Total pot 120 | Rake 0 
Board [6h 2h 7d]
Seat 1: Mahu2021 (big blind) folded on the Flop
Seat 3: cocos242 (button) (small blind) collected (120)



PokerStars Hand #252759830578: Tournament #3808017632, $1.84+$0.16 USD Hold'em No Limit - Level II (15/30) - 2024/10/04 13:40:37 CET [2024/10/04 7:40:37 ET]
Table '3808017632 1' 3-max Seat #1 is the button
Seat 1: Mahu2021 (387 in chips) 
Seat 3: cocos242 (1113 in chips) 
Mahu2021: posts small blind 15
cocos242: posts big blind 30
*** HOLE CARDS ***
Dealt to Mahu2021 [3s 8h]
Mahu2021: folds 
Uncalled bet (15) returned to cocos242
cocos242 collected 30 from pot
*** SUMMARY ***
Total pot 30 | Rake 0 
Seat 1: Mahu2021 (button) (small blind) folded before Flop
Seat 3: cocos242 (big blind) collected (30)



PokerStars Hand #252759831241: Tournament #3808017632, $1.84+$0.16 USD Hold'em No Limit - Level II (15/30) - 2024/10/04 13:40:41 CET [2024/10/04 7:40:41 ET]
Table '3808017632 1' 3-max Seat #3 is the button
Seat 1: Mahu2021 (372 in chips) 
Seat 3: cocos242 (1128 in chips) 
cocos242: posts small blind 15
Mahu2021: posts big blind 30
*** HOLE CARDS ***
Dealt to Mahu2021 [9d 8h]
cocos242: raises 30 to 60
Mahu2021: calls 30
*** FLOP *** [Ad 3s 2c]
Mahu2021: checks 
cocos242: bets 30
Mahu2021: raises 282 to 312 and is all-in
cocos242: calls 282
*** TURN *** [Ad 3s 2c] [8c]
*** RIVER *** [Ad 3s 2c 8c] [Qh]
*** SHOW DOWN ***
Mahu2021: shows [9d 8h] (a pair of Eights)
cocos242: shows [As Jd] (a pair of Aces)
cocos242 collected 744 from pot
Mahu2021 finished the tournament in 2nd place
cocos242 wins the tournament and receives $4.00 - congratulations!
*** SUMMARY ***
Total pot 744 | Rake 0 
Board [Ad 3s 2c 8c Qh]
Seat 1: Mahu2021 (big blind) showed [9d 8h] and lost with a pair of Eights
Seat 3: cocos242 (button) (small blind) showed [As Jd] and won (744) with a pair of Aces



