PokerStars Hand #249286945465: Tournament #3725685619, $1.84+$0.16 USD Hold'em No Limit - Level I (10/20) - 2024/03/07 15:34:57 CET [2024/03/07 9:34:57 ET]
Table '3725685619 1' 3-max Seat #1 is the button
Seat 1: Mahu2021 (500 in chips) 
Seat 2: Anastasia0207 (500 in chips) 
Seat 3: Apofis-B (500 in chips) 
Anastasia0207: posts small blind 10
Apofis-B: posts big blind 20
*** HOLE CARDS ***
Dealt to Mahu2021 [4c 5d]
Mahu2021: folds 
Anastasia0207: raises 20 to 40
Apofis-B: calls 20
*** FLOP *** [9h Ac 6h]
Anastasia0207: bets 40
Apofis-B: folds 
Uncalled bet (40) returned to Anastasia0207
Anastasia0207 collected 80 from pot
*** SUMMARY ***
Total pot 80 | Rake 0 
Board [9h Ac 6h]
Seat 1: Mahu2021 (button) folded before Flop (didn't bet)
Seat 2: Anastasia0207 (small blind) collected (80)
Seat 3: Apofis-B (big blind) folded on the Flop



PokerStars Hand #249286951772: Tournament #3725685619, $1.84+$0.16 USD Hold'em No Limit - Level I (10/20) - 2024/03/07 15:35:27 CET [2024/03/07 9:35:27 ET]
Table '3725685619 1' 3-max Seat #2 is the button
Seat 1: Mahu2021 (500 in chips) 
Seat 2: Anastasia0207 (540 in chips) 
Seat 3: Apofis-B (460 in chips) 
Apofis-B: posts small blind 10
Mahu2021: posts big blind 20
*** HOLE CARDS ***
Dealt to Mahu2021 [As 3c]
Anastasia0207: folds 
Apofis-B: folds 
Uncalled bet (10) returned to Mahu2021
Mahu2021 collected 20 from pot
Mahu2021: doesn't show hand 
*** SUMMARY ***
Total pot 20 | Rake 0 
Seat 1: Mahu2021 (big blind) collected (20)
Seat 2: Anastasia0207 (button) folded before Flop (didn't bet)
Seat 3: Apofis-B (small blind) folded before Flop



PokerStars Hand #249286954117: Tournament #3725685619, $1.84+$0.16 USD Hold'em No Limit - Level I (10/20) - 2024/03/07 15:35:39 CET [2024/03/07 9:35:39 ET]
Table '3725685619 1' 3-max Seat #3 is the button
Seat 1: Mahu2021 (510 in chips) 
Seat 2: Anastasia0207 (540 in chips) 
Seat 3: Apofis-B (450 in chips) 
Mahu2021: posts small blind 10
Anastasia0207: posts big blind 20
*** HOLE CARDS ***
Dealt to Mahu2021 [5c Qc]
Apofis-B: folds 
Mahu2021: raises 20 to 40
Anastasia0207: calls 20
*** FLOP *** [6d 4c Kc]
Mahu2021: bets 40
Anastasia0207: calls 40
*** TURN *** [6d 4c Kc] [4s]
Mahu2021: bets 40
Anastasia0207: calls 40
*** RIVER *** [6d 4c Kc 4s] [3c]
Mahu2021: bets 40
Anastasia0207: folds 
Uncalled bet (40) returned to Mahu2021
Mahu2021 collected 240 from pot
Mahu2021: doesn't show hand 
*** SUMMARY ***
Total pot 240 | Rake 0 
Board [6d 4c Kc 4s 3c]
Seat 1: Mahu2021 (small blind) collected (240)
Seat 2: Anastasia0207 (big blind) folded on the River
Seat 3: Apofis-B (button) folded before Flop (didn't bet)



PokerStars Hand #249286958975: Tournament #3725685619, $1.84+$0.16 USD Hold'em No Limit - Level I (10/20) - 2024/03/07 15:36:03 CET [2024/03/07 9:36:03 ET]
Table '3725685619 1' 3-max Seat #1 is the button
Seat 1: Mahu2021 (630 in chips) 
Seat 2: Anastasia0207 (420 in chips) 
Seat 3: Apofis-B (450 in chips) 
Anastasia0207: posts small blind 10
Apofis-B: posts big blind 20
*** HOLE CARDS ***
Dealt to Mahu2021 [4s 7h]
Mahu2021: folds 
Anastasia0207: raises 40 to 60
Apofis-B: calls 40
*** FLOP *** [Ah Th 7c]
Anastasia0207: checks 
Apofis-B: checks 
*** TURN *** [Ah Th 7c] [Js]
Anastasia0207: bets 40
Apofis-B: calls 40
*** RIVER *** [Ah Th 7c Js] [Qc]
Anastasia0207: checks 
Apofis-B: checks 
*** SHOW DOWN ***
Anastasia0207: shows [2s 2h] (a pair of Deuces)
Apofis-B: shows [7d 9d] (a pair of Sevens)
Apofis-B collected 200 from pot
*** SUMMARY ***
Total pot 200 | Rake 0 
Board [Ah Th 7c Js Qc]
Seat 1: Mahu2021 (button) folded before Flop (didn't bet)
Seat 2: Anastasia0207 (small blind) showed [2s 2h] and lost with a pair of Deuces
Seat 3: Apofis-B (big blind) showed [7d 9d] and won (200) with a pair of Sevens



PokerStars Hand #249286967894: Tournament #3725685619, $1.84+$0.16 USD Hold'em No Limit - Level I (10/20) - 2024/03/07 15:36:46 CET [2024/03/07 9:36:46 ET]
Table '3725685619 1' 3-max Seat #2 is the button
Seat 1: Mahu2021 (630 in chips) 
Seat 2: Anastasia0207 (320 in chips) 
Seat 3: Apofis-B (550 in chips) 
Apofis-B: posts small blind 10
Mahu2021: posts big blind 20
*** HOLE CARDS ***
Dealt to Mahu2021 [Ac 4d]
Anastasia0207: folds 
Apofis-B: raises 30 to 50
Mahu2021: calls 30
*** FLOP *** [Qc Th 6s]
Apofis-B: checks 
Mahu2021: checks 
*** TURN *** [Qc Th 6s] [6d]
Apofis-B: checks 
Mahu2021: bets 40
Apofis-B: calls 40
*** RIVER *** [Qc Th 6s 6d] [Ks]
Apofis-B: bets 135
Mahu2021: folds 
Uncalled bet (135) returned to Apofis-B
Apofis-B collected 180 from pot
Apofis-B: doesn't show hand 
*** SUMMARY ***
Total pot 180 | Rake 0 
Board [Qc Th 6s 6d Ks]
Seat 1: Mahu2021 (big blind) folded on the River
Seat 2: Anastasia0207 (button) folded before Flop (didn't bet)
Seat 3: Apofis-B (small blind) collected (180)



PokerStars Hand #249286976636: Tournament #3725685619, $1.84+$0.16 USD Hold'em No Limit - Level II (15/30) - 2024/03/07 15:37:29 CET [2024/03/07 9:37:29 ET]
Table '3725685619 1' 3-max Seat #3 is the button
Seat 1: Mahu2021 (540 in chips) 
Seat 2: Anastasia0207 (320 in chips) 
Seat 3: Apofis-B (640 in chips) 
Mahu2021: posts small blind 15
Anastasia0207: posts big blind 30
*** HOLE CARDS ***
Dealt to Mahu2021 [6d 6h]
Apofis-B: folds 
Mahu2021: raises 30 to 60
Anastasia0207: raises 60 to 120
Mahu2021: raises 420 to 540 and is all-in
Anastasia0207: calls 200 and is all-in
Uncalled bet (220) returned to Mahu2021
*** FLOP *** [8d 5s Ts]
*** TURN *** [8d 5s Ts] [9d]
*** RIVER *** [8d 5s Ts 9d] [Qs]
*** SHOW DOWN ***
Mahu2021: shows [6d 6h] (a pair of Sixes)
Anastasia0207: shows [Ad 3c] (high card Ace)
Mahu2021 collected 640 from pot
Anastasia0207 finished the tournament in 3rd place
*** SUMMARY ***
Total pot 640 | Rake 0 
Board [8d 5s Ts 9d Qs]
Seat 1: Mahu2021 (small blind) showed [6d 6h] and won (640) with a pair of Sixes
Seat 2: Anastasia0207 (big blind) showed [Ad 3c] and lost with high card Ace
Seat 3: Apofis-B (button) folded before Flop (didn't bet)



PokerStars Hand #249286981983: Tournament #3725685619, $1.84+$0.16 USD Hold'em No Limit - Level II (15/30) - 2024/03/07 15:37:55 CET [2024/03/07 9:37:55 ET]
Table '3725685619 1' 3-max Seat #1 is the button
Seat 1: Mahu2021 (860 in chips) 
Seat 3: Apofis-B (640 in chips) 
Mahu2021: posts small blind 15
Apofis-B: posts big blind 30
*** HOLE CARDS ***
Dealt to Mahu2021 [Jd 5h]
Mahu2021: calls 15
Apofis-B: raises 75 to 105
Mahu2021: folds 
Uncalled bet (75) returned to Apofis-B
Apofis-B collected 60 from pot
Apofis-B: doesn't show hand 
*** SUMMARY ***
Total pot 60 | Rake 0 
Seat 1: Mahu2021 (button) (small blind) folded before Flop
Seat 3: Apofis-B (big blind) collected (60)



PokerStars Hand #249286984019: Tournament #3725685619, $1.84+$0.16 USD Hold'em No Limit - Level II (15/30) - 2024/03/07 15:38:05 CET [2024/03/07 9:38:05 ET]
Table '3725685619 1' 3-max Seat #3 is the button
Seat 1: Mahu2021 (830 in chips) 
Seat 3: Apofis-B (670 in chips) 
Apofis-B: posts small blind 15
Mahu2021: posts big blind 30
*** HOLE CARDS ***
Dealt to Mahu2021 [5s As]
Apofis-B: calls 15
Mahu2021: checks 
*** FLOP *** [8c Ks 9s]
Mahu2021: bets 60
Apofis-B: folds 
Uncalled bet (60) returned to Mahu2021
Mahu2021 collected 60 from pot
Mahu2021: doesn't show hand 
*** SUMMARY ***
Total pot 60 | Rake 0 
Board [8c Ks 9s]
Seat 1: Mahu2021 (big blind) collected (60)
Seat 3: Apofis-B (button) (small blind) folded on the Flop



PokerStars Hand #249286986700: Tournament #3725685619, $1.84+$0.16 USD Hold'em No Limit - Level II (15/30) - 2024/03/07 15:38:18 CET [2024/03/07 9:38:18 ET]
Table '3725685619 1' 3-max Seat #1 is the button
Seat 1: Mahu2021 (860 in chips) 
Seat 3: Apofis-B (640 in chips) 
Mahu2021: posts small blind 15
Apofis-B: posts big blind 30
*** HOLE CARDS ***
Dealt to Mahu2021 [4h 2c]
Mahu2021: folds 
Uncalled bet (15) returned to Apofis-B
Apofis-B collected 30 from pot
Apofis-B: doesn't show hand 
*** SUMMARY ***
Total pot 30 | Rake 0 
Seat 1: Mahu2021 (button) (small blind) folded before Flop
Seat 3: Apofis-B (big blind) collected (30)



PokerStars Hand #249286987687: Tournament #3725685619, $1.84+$0.16 USD Hold'em No Limit - Level II (15/30) - 2024/03/07 15:38:23 CET [2024/03/07 9:38:23 ET]
Table '3725685619 1' 3-max Seat #3 is the button
Seat 1: Mahu2021 (845 in chips) 
Seat 3: Apofis-B (655 in chips) 
Apofis-B: posts small blind 15
Mahu2021: posts big blind 30
*** HOLE CARDS ***
Dealt to Mahu2021 [2h 5c]
Apofis-B: raises 30 to 60
Mahu2021: folds 
Uncalled bet (30) returned to Apofis-B
Apofis-B collected 60 from pot
Apofis-B: doesn't show hand 
*** SUMMARY ***
Total pot 60 | Rake 0 
Seat 1: Mahu2021 (big blind) folded before Flop
Seat 3: Apofis-B (button) (small blind) collected (60)



PokerStars Hand #249286988861: Tournament #3725685619, $1.84+$0.16 USD Hold'em No Limit - Level II (15/30) - 2024/03/07 15:38:29 CET [2024/03/07 9:38:29 ET]
Table '3725685619 1' 3-max Seat #1 is the button
Seat 1: Mahu2021 (815 in chips) 
Seat 3: Apofis-B (685 in chips) 
Mahu2021: posts small blind 15
Apofis-B: posts big blind 30
*** HOLE CARDS ***
Dealt to Mahu2021 [4c Ad]
Mahu2021: raises 30 to 60
Apofis-B: calls 30
*** FLOP *** [5d 9c 5c]
Apofis-B: checks 
Mahu2021: bets 60
Apofis-B: calls 60
*** TURN *** [5d 9c 5c] [4d]
Apofis-B: checks 
Mahu2021: bets 240
Apofis-B: calls 240
*** RIVER *** [5d 9c 5c 4d] [3d]
Apofis-B: checks 
Mahu2021: bets 455 and is all-in
Apofis-B: folds 
Uncalled bet (455) returned to Mahu2021
Mahu2021 collected 720 from pot
Mahu2021: doesn't show hand 
*** SUMMARY ***
Total pot 720 | Rake 0 
Board [5d 9c 5c 4d 3d]
Seat 1: Mahu2021 (button) (small blind) collected (720)
Seat 3: Apofis-B (big blind) folded on the River



PokerStars Hand #249287001307: Tournament #3725685619, $1.84+$0.16 USD Hold'em No Limit - Level III (20/40) - 2024/03/07 15:39:28 CET [2024/03/07 9:39:28 ET]
Table '3725685619 1' 3-max Seat #3 is the button
Seat 1: Mahu2021 (1175 in chips) 
Seat 3: Apofis-B (325 in chips) 
Apofis-B: posts small blind 20
Mahu2021: posts big blind 40
*** HOLE CARDS ***
Dealt to Mahu2021 [5c 4h]
Apofis-B: raises 285 to 325 and is all-in
Mahu2021: folds 
Uncalled bet (285) returned to Apofis-B
Apofis-B collected 80 from pot
Apofis-B: doesn't show hand 
*** SUMMARY ***
Total pot 80 | Rake 0 
Seat 1: Mahu2021 (big blind) folded before Flop
Seat 3: Apofis-B (button) (small blind) collected (80)



PokerStars Hand #249287003836: Tournament #3725685619, $1.84+$0.16 USD Hold'em No Limit - Level III (20/40) - 2024/03/07 15:39:41 CET [2024/03/07 9:39:41 ET]
Table '3725685619 1' 3-max Seat #1 is the button
Seat 1: Mahu2021 (1135 in chips) 
Seat 3: Apofis-B (365 in chips) 
Mahu2021: posts small blind 20
Apofis-B: posts big blind 40
*** HOLE CARDS ***
Dealt to Mahu2021 [Ac 9h]
Mahu2021: raises 40 to 80
Apofis-B: raises 285 to 365 and is all-in
Mahu2021: calls 285
*** FLOP *** [7h As Kc]
*** TURN *** [7h As Kc] [5h]
*** RIVER *** [7h As Kc 5h] [3s]
*** SHOW DOWN ***
Apofis-B: shows [Js Jc] (a pair of Jacks)
Mahu2021: shows [Ac 9h] (a pair of Aces)
Mahu2021 collected 730 from pot
Apofis-B finished the tournament in 2nd place
Mahu2021 wins the tournament and receives $4.00 - congratulations!
*** SUMMARY ***
Total pot 730 | Rake 0 
Board [7h As Kc 5h 3s]
Seat 1: Mahu2021 (button) (small blind) showed [Ac 9h] and won (730) with a pair of Aces
Seat 3: Apofis-B (big blind) showed [Js Jc] and lost with a pair of Jacks



