PokerStars Hand #252938013730: Tournament #3812186612, $1.84+$0.16 USD Hold'em No Limit - Level I (10/20) - 2024/10/15 14:01:27 CET [2024/10/15 8:01:27 ET]
Table '3812186612 1' 3-max Seat #1 is the button
Seat 1: Mahu2021 (500 in chips) 
Seat 2: Gøsta Harboe (500 in chips) 
Seat 3: ferka 65 (500 in chips) 
Gøsta Harboe: posts small blind 10
ferka 65: posts big blind 20
*** HOLE CARDS ***
Dealt to Mahu2021 [8h 5c]
Mahu2021: folds 
Gøsta Harboe: folds 
Uncalled bet (10) returned to ferka 65
ferka 65 collected 20 from pot
ferka 65: doesn't show hand 
*** SUMMARY ***
Total pot 20 | Rake 0 
Seat 1: Mahu2021 (button) folded before Flop (didn't bet)
Seat 2: Gøsta Harboe (small blind) folded before Flop
Seat 3: ferka 65 (big blind) collected (20)



PokerStars Hand #252938014501: Tournament #3812186612, $1.84+$0.16 USD Hold'em No Limit - Level I (10/20) - 2024/10/15 14:01:32 CET [2024/10/15 8:01:32 ET]
Table '3812186612 1' 3-max Seat #2 is the button
Seat 1: Mahu2021 (500 in chips) 
Seat 2: Gøsta Harboe (490 in chips) 
Seat 3: ferka 65 (510 in chips) 
ferka 65: posts small blind 10
Mahu2021: posts big blind 20
*** HOLE CARDS ***
Dealt to Mahu2021 [Ts 8c]
Gøsta Harboe: folds 
ferka 65: raises 20 to 40
Mahu2021: calls 20
*** FLOP *** [Qc 7d Ah]
ferka 65: checks 
Mahu2021: checks 
*** TURN *** [Qc 7d Ah] [As]
ferka 65: bets 40
Mahu2021: folds 
Uncalled bet (40) returned to ferka 65
ferka 65 collected 80 from pot
ferka 65: doesn't show hand 
*** SUMMARY ***
Total pot 80 | Rake 0 
Board [Qc 7d Ah As]
Seat 1: Mahu2021 (big blind) folded on the Turn
Seat 2: Gøsta Harboe (button) folded before Flop (didn't bet)
Seat 3: ferka 65 (small blind) collected (80)



PokerStars Hand #252938017451: Tournament #3812186612, $1.84+$0.16 USD Hold'em No Limit - Level I (10/20) - 2024/10/15 14:01:52 CET [2024/10/15 8:01:52 ET]
Table '3812186612 1' 3-max Seat #3 is the button
Seat 1: Mahu2021 (460 in chips) 
Seat 2: Gøsta Harboe (490 in chips) 
Seat 3: ferka 65 (550 in chips) 
Mahu2021: posts small blind 10
Gøsta Harboe: posts big blind 20
*** HOLE CARDS ***
Dealt to Mahu2021 [8s Td]
ferka 65: folds 
Mahu2021: folds 
Uncalled bet (10) returned to Gøsta Harboe
Gøsta Harboe collected 20 from pot
*** SUMMARY ***
Total pot 20 | Rake 0 
Seat 1: Mahu2021 (small blind) folded before Flop
Seat 2: Gøsta Harboe (big blind) collected (20)
Seat 3: ferka 65 (button) folded before Flop (didn't bet)



PokerStars Hand #252938018310: Tournament #3812186612, $1.84+$0.16 USD Hold'em No Limit - Level I (10/20) - 2024/10/15 14:01:58 CET [2024/10/15 8:01:58 ET]
Table '3812186612 1' 3-max Seat #1 is the button
Seat 1: Mahu2021 (450 in chips) 
Seat 2: Gøsta Harboe (500 in chips) 
Seat 3: ferka 65 (550 in chips) 
Gøsta Harboe: posts small blind 10
ferka 65: posts big blind 20
*** HOLE CARDS ***
Dealt to Mahu2021 [Qc Ts]
Mahu2021: raises 20 to 40
Gøsta Harboe: calls 30
ferka 65: folds 
*** FLOP *** [5d Jh 6h]
Gøsta Harboe: bets 100
Mahu2021: folds 
Uncalled bet (100) returned to Gøsta Harboe
Gøsta Harboe collected 100 from pot
*** SUMMARY ***
Total pot 100 | Rake 0 
Board [5d Jh 6h]
Seat 1: Mahu2021 (button) folded on the Flop
Seat 2: Gøsta Harboe (small blind) collected (100)
Seat 3: ferka 65 (big blind) folded before Flop



PokerStars Hand #252938020153: Tournament #3812186612, $1.84+$0.16 USD Hold'em No Limit - Level I (10/20) - 2024/10/15 14:02:09 CET [2024/10/15 8:02:09 ET]
Table '3812186612 1' 3-max Seat #2 is the button
Seat 1: Mahu2021 (410 in chips) 
Seat 2: Gøsta Harboe (560 in chips) 
Seat 3: ferka 65 (530 in chips) 
ferka 65: posts small blind 10
Mahu2021: posts big blind 20
*** HOLE CARDS ***
Dealt to Mahu2021 [5s 2s]
Gøsta Harboe: folds 
ferka 65: raises 20 to 40
Mahu2021: calls 20
*** FLOP *** [2d Ks 5c]
ferka 65: checks 
Mahu2021: bets 40
ferka 65: folds 
Uncalled bet (40) returned to Mahu2021
Mahu2021 collected 80 from pot
Mahu2021: doesn't show hand 
*** SUMMARY ***
Total pot 80 | Rake 0 
Board [2d Ks 5c]
Seat 1: Mahu2021 (big blind) collected (80)
Seat 2: Gøsta Harboe (button) folded before Flop (didn't bet)
Seat 3: ferka 65 (small blind) folded on the Flop



PokerStars Hand #252938022003: Tournament #3812186612, $1.84+$0.16 USD Hold'em No Limit - Level I (10/20) - 2024/10/15 14:02:22 CET [2024/10/15 8:02:22 ET]
Table '3812186612 1' 3-max Seat #3 is the button
Seat 1: Mahu2021 (450 in chips) 
Seat 2: Gøsta Harboe (560 in chips) 
Seat 3: ferka 65 (490 in chips) 
Mahu2021: posts small blind 10
Gøsta Harboe: posts big blind 20
*** HOLE CARDS ***
Dealt to Mahu2021 [3s As]
ferka 65: folds 
Mahu2021: raises 20 to 40
Gøsta Harboe: calls 20
*** FLOP *** [5s 4c Td]
Mahu2021: checks 
Gøsta Harboe: checks 
*** TURN *** [5s 4c Td] [6h]
Mahu2021: checks 
Gøsta Harboe: checks 
*** RIVER *** [5s 4c Td 6h] [4d]
Mahu2021: checks 
Gøsta Harboe: checks 
*** SHOW DOWN ***
Mahu2021: shows [3s As] (a pair of Fours)
Gøsta Harboe: mucks hand 
Mahu2021 collected 80 from pot
*** SUMMARY ***
Total pot 80 | Rake 0 
Board [5s 4c Td 6h 4d]
Seat 1: Mahu2021 (small blind) showed [3s As] and won (80) with a pair of Fours
Seat 2: Gøsta Harboe (big blind) mucked [9s 7c]
Seat 3: ferka 65 (button) folded before Flop (didn't bet)



PokerStars Hand #252938024278: Tournament #3812186612, $1.84+$0.16 USD Hold'em No Limit - Level I (10/20) - 2024/10/15 14:02:37 CET [2024/10/15 8:02:37 ET]
Table '3812186612 1' 3-max Seat #1 is the button
Seat 1: Mahu2021 (490 in chips) 
Seat 2: Gøsta Harboe (520 in chips) 
Seat 3: ferka 65 (490 in chips) 
Gøsta Harboe: posts small blind 10
ferka 65: posts big blind 20
*** HOLE CARDS ***
Dealt to Mahu2021 [Ah 4d]
Mahu2021: raises 20 to 40
Gøsta Harboe: calls 30
ferka 65: calls 20
*** FLOP *** [8d Jd 9h]
Gøsta Harboe: checks 
ferka 65: checks 
Mahu2021: checks 
*** TURN *** [8d Jd 9h] [Ac]
Gøsta Harboe: checks 
ferka 65: checks 
Mahu2021: checks 
*** RIVER *** [8d Jd 9h Ac] [Qd]
Gøsta Harboe: checks 
ferka 65: bets 120
Mahu2021: folds 
Gøsta Harboe: folds 
Uncalled bet (120) returned to ferka 65
ferka 65 collected 120 from pot
ferka 65: doesn't show hand 
*** SUMMARY ***
Total pot 120 | Rake 0 
Board [8d Jd 9h Ac Qd]
Seat 1: Mahu2021 (button) folded on the River
Seat 2: Gøsta Harboe (small blind) folded on the River
Seat 3: ferka 65 (big blind) collected (120)



PokerStars Hand #252938027652: Tournament #3812186612, $1.84+$0.16 USD Hold'em No Limit - Level I (10/20) - 2024/10/15 14:02:59 CET [2024/10/15 8:02:59 ET]
Table '3812186612 1' 3-max Seat #2 is the button
Seat 1: Mahu2021 (450 in chips) 
Seat 2: Gøsta Harboe (480 in chips) 
Seat 3: ferka 65 (570 in chips) 
ferka 65: posts small blind 10
Mahu2021: posts big blind 20
*** HOLE CARDS ***
Dealt to Mahu2021 [Kc Ah]
Gøsta Harboe: folds 
ferka 65: folds 
Uncalled bet (10) returned to Mahu2021
Mahu2021 collected 20 from pot
Mahu2021: doesn't show hand 
*** SUMMARY ***
Total pot 20 | Rake 0 
Seat 1: Mahu2021 (big blind) collected (20)
Seat 2: Gøsta Harboe (button) folded before Flop (didn't bet)
Seat 3: ferka 65 (small blind) folded before Flop



PokerStars Hand #252938028527: Tournament #3812186612, $1.84+$0.16 USD Hold'em No Limit - Level I (10/20) - 2024/10/15 14:03:05 CET [2024/10/15 8:03:05 ET]
Table '3812186612 1' 3-max Seat #3 is the button
Seat 1: Mahu2021 (460 in chips) 
Seat 2: Gøsta Harboe (480 in chips) 
Seat 3: ferka 65 (560 in chips) 
Mahu2021: posts small blind 10
Gøsta Harboe: posts big blind 20
*** HOLE CARDS ***
Dealt to Mahu2021 [4d 4c]
ferka 65: raises 20 to 40
Mahu2021: calls 30
Gøsta Harboe: calls 20
*** FLOP *** [Jh 5h Ks]
Mahu2021: checks 
Gøsta Harboe: checks 
ferka 65: checks 
*** TURN *** [Jh 5h Ks] [3h]
Mahu2021: checks 
Gøsta Harboe: checks 
ferka 65: checks 
*** RIVER *** [Jh 5h Ks 3h] [6d]
Mahu2021: checks 
Gøsta Harboe: checks 
ferka 65: checks 
*** SHOW DOWN ***
Mahu2021: shows [4d 4c] (a pair of Fours)
Gøsta Harboe: mucks hand 
ferka 65: shows [7h 7c] (a pair of Sevens)
ferka 65 collected 120 from pot
*** SUMMARY ***
Total pot 120 | Rake 0 
Board [Jh 5h Ks 3h 6d]
Seat 1: Mahu2021 (small blind) showed [4d 4c] and lost with a pair of Fours
Seat 2: Gøsta Harboe (big blind) mucked [2h Qc]
Seat 3: ferka 65 (button) showed [7h 7c] and won (120) with a pair of Sevens



PokerStars Hand #252938031827: Tournament #3812186612, $1.84+$0.16 USD Hold'em No Limit - Level I (10/20) - 2024/10/15 14:03:27 CET [2024/10/15 8:03:27 ET]
Table '3812186612 1' 3-max Seat #1 is the button
Seat 1: Mahu2021 (420 in chips) 
Seat 2: Gøsta Harboe (440 in chips) 
Seat 3: ferka 65 (640 in chips) 
Gøsta Harboe: posts small blind 10
ferka 65: posts big blind 20
*** HOLE CARDS ***
Dealt to Mahu2021 [7d 7c]
Mahu2021: raises 20 to 40
Gøsta Harboe: folds 
ferka 65: calls 20
*** FLOP *** [Qs 9c 8h]
ferka 65: checks 
Mahu2021: bets 40
ferka 65: folds 
Uncalled bet (40) returned to Mahu2021
Mahu2021 collected 90 from pot
Mahu2021: doesn't show hand 
*** SUMMARY ***
Total pot 90 | Rake 0 
Board [Qs 9c 8h]
Seat 1: Mahu2021 (button) collected (90)
Seat 2: Gøsta Harboe (small blind) folded before Flop
Seat 3: ferka 65 (big blind) folded on the Flop



PokerStars Hand #252938034144: Tournament #3812186612, $1.84+$0.16 USD Hold'em No Limit - Level II (15/30) - 2024/10/15 14:03:42 CET [2024/10/15 8:03:42 ET]
Table '3812186612 1' 3-max Seat #2 is the button
Seat 1: Mahu2021 (470 in chips) 
Seat 2: Gøsta Harboe (430 in chips) 
Seat 3: ferka 65 (600 in chips) 
ferka 65: posts small blind 15
Mahu2021: posts big blind 30
*** HOLE CARDS ***
Dealt to Mahu2021 [Qc 2h]
Gøsta Harboe: folds 
ferka 65: folds 
Uncalled bet (15) returned to Mahu2021
Mahu2021 collected 30 from pot
Mahu2021: doesn't show hand 
*** SUMMARY ***
Total pot 30 | Rake 0 
Seat 1: Mahu2021 (big blind) collected (30)
Seat 2: Gøsta Harboe (button) folded before Flop (didn't bet)
Seat 3: ferka 65 (small blind) folded before Flop



PokerStars Hand #252938035159: Tournament #3812186612, $1.84+$0.16 USD Hold'em No Limit - Level II (15/30) - 2024/10/15 14:03:49 CET [2024/10/15 8:03:49 ET]
Table '3812186612 1' 3-max Seat #3 is the button
Seat 1: Mahu2021 (485 in chips) 
Seat 2: Gøsta Harboe (430 in chips) 
Seat 3: ferka 65 (585 in chips) 
Mahu2021: posts small blind 15
Gøsta Harboe: posts big blind 30
*** HOLE CARDS ***
Dealt to Mahu2021 [5c 5d]
ferka 65: raises 30 to 60
Mahu2021: calls 45
Gøsta Harboe: folds 
*** FLOP *** [6h 7d Kd]
Mahu2021: checks 
ferka 65: checks 
*** TURN *** [6h 7d Kd] [Kh]
Mahu2021: checks 
ferka 65: checks 
*** RIVER *** [6h 7d Kd Kh] [Qd]
Mahu2021: checks 
ferka 65: checks 
*** SHOW DOWN ***
Mahu2021: shows [5c 5d] (two pair, Kings and Fives)
ferka 65: shows [Tc Ts] (two pair, Kings and Tens)
ferka 65 collected 150 from pot
*** SUMMARY ***
Total pot 150 | Rake 0 
Board [6h 7d Kd Kh Qd]
Seat 1: Mahu2021 (small blind) showed [5c 5d] and lost with two pair, Kings and Fives
Seat 2: Gøsta Harboe (big blind) folded before Flop
Seat 3: ferka 65 (button) showed [Tc Ts] and won (150) with two pair, Kings and Tens



PokerStars Hand #252938037775: Tournament #3812186612, $1.84+$0.16 USD Hold'em No Limit - Level II (15/30) - 2024/10/15 14:04:07 CET [2024/10/15 8:04:07 ET]
Table '3812186612 1' 3-max Seat #1 is the button
Seat 1: Mahu2021 (425 in chips) 
Seat 2: Gøsta Harboe (400 in chips) 
Seat 3: ferka 65 (675 in chips) 
Gøsta Harboe: posts small blind 15
ferka 65: posts big blind 30
*** HOLE CARDS ***
Dealt to Mahu2021 [7d 3s]
Mahu2021: folds 
Gøsta Harboe: calls 15
ferka 65: checks 
*** FLOP *** [Qd 9s 6d]
Gøsta Harboe: checks 
ferka 65: checks 
*** TURN *** [Qd 9s 6d] [Ac]
Gøsta Harboe: checks 
ferka 65: checks 
*** RIVER *** [Qd 9s 6d Ac] [7h]
Gøsta Harboe: checks 
ferka 65: checks 
*** SHOW DOWN ***
Gøsta Harboe: shows [3h 2h] (high card Ace)
ferka 65: shows [Kc 4s] (high card Ace - King kicker)
ferka 65 collected 60 from pot
*** SUMMARY ***
Total pot 60 | Rake 0 
Board [Qd 9s 6d Ac 7h]
Seat 1: Mahu2021 (button) folded before Flop (didn't bet)
Seat 2: Gøsta Harboe (small blind) showed [3h 2h] and lost with high card Ace
Seat 3: ferka 65 (big blind) showed [Kc 4s] and won (60) with high card Ace



PokerStars Hand #252938040510: Tournament #3812186612, $1.84+$0.16 USD Hold'em No Limit - Level II (15/30) - 2024/10/15 14:04:25 CET [2024/10/15 8:04:25 ET]
Table '3812186612 1' 3-max Seat #2 is the button
Seat 1: Mahu2021 (425 in chips) 
Seat 2: Gøsta Harboe (370 in chips) 
Seat 3: ferka 65 (705 in chips) 
ferka 65: posts small blind 15
Mahu2021: posts big blind 30
*** HOLE CARDS ***
Dealt to Mahu2021 [4c Kc]
Gøsta Harboe: folds 
ferka 65: raises 30 to 60
Mahu2021: calls 30
*** FLOP *** [7s 3d 9s]
ferka 65: bets 30
Mahu2021: calls 30
*** TURN *** [7s 3d 9s] [3h]
ferka 65: bets 30
Mahu2021: folds 
Uncalled bet (30) returned to ferka 65
ferka 65 collected 180 from pot
ferka 65: doesn't show hand 
*** SUMMARY ***
Total pot 180 | Rake 0 
Board [7s 3d 9s 3h]
Seat 1: Mahu2021 (big blind) folded on the Turn
Seat 2: Gøsta Harboe (button) folded before Flop (didn't bet)
Seat 3: ferka 65 (small blind) collected (180)



PokerStars Hand #252938042671: Tournament #3812186612, $1.84+$0.16 USD Hold'em No Limit - Level II (15/30) - 2024/10/15 14:04:39 CET [2024/10/15 8:04:39 ET]
Table '3812186612 1' 3-max Seat #3 is the button
Seat 1: Mahu2021 (335 in chips) 
Seat 2: Gøsta Harboe (370 in chips) 
Seat 3: ferka 65 (795 in chips) 
Mahu2021: posts small blind 15
Gøsta Harboe: posts big blind 30
*** HOLE CARDS ***
Dealt to Mahu2021 [3s 6d]
ferka 65: folds 
Mahu2021: folds 
Uncalled bet (15) returned to Gøsta Harboe
Gøsta Harboe collected 30 from pot
*** SUMMARY ***
Total pot 30 | Rake 0 
Seat 1: Mahu2021 (small blind) folded before Flop
Seat 2: Gøsta Harboe (big blind) collected (30)
Seat 3: ferka 65 (button) folded before Flop (didn't bet)



PokerStars Hand #252938043686: Tournament #3812186612, $1.84+$0.16 USD Hold'em No Limit - Level II (15/30) - 2024/10/15 14:04:46 CET [2024/10/15 8:04:46 ET]
Table '3812186612 1' 3-max Seat #1 is the button
Seat 1: Mahu2021 (320 in chips) 
Seat 2: Gøsta Harboe (385 in chips) 
Seat 3: ferka 65 (795 in chips) 
Gøsta Harboe: posts small blind 15
ferka 65: posts big blind 30
*** HOLE CARDS ***
Dealt to Mahu2021 [2h Ks]
Mahu2021: folds 
Gøsta Harboe: calls 15
ferka 65: checks 
*** FLOP *** [Qs 8d Ts]
Gøsta Harboe: checks 
ferka 65: checks 
*** TURN *** [Qs 8d Ts] [8c]
Gøsta Harboe: checks 
ferka 65: checks 
*** RIVER *** [Qs 8d Ts 8c] [Ad]
Gøsta Harboe: checks 
ferka 65: checks 
*** SHOW DOWN ***
Gøsta Harboe: shows [Js 6h] (a pair of Eights)
ferka 65: shows [3h Jh] (a pair of Eights)
Gøsta Harboe collected 30 from pot
ferka 65 collected 30 from pot
*** SUMMARY ***
Total pot 60 | Rake 0 
Board [Qs 8d Ts 8c Ad]
Seat 1: Mahu2021 (button) folded before Flop (didn't bet)
Seat 2: Gøsta Harboe (small blind) showed [Js 6h] and won (30) with a pair of Eights
Seat 3: ferka 65 (big blind) showed [3h Jh] and won (30) with a pair of Eights



PokerStars Hand #252938047125: Tournament #3812186612, $1.84+$0.16 USD Hold'em No Limit - Level II (15/30) - 2024/10/15 14:05:08 CET [2024/10/15 8:05:08 ET]
Table '3812186612 1' 3-max Seat #2 is the button
Seat 1: Mahu2021 (320 in chips) 
Seat 2: Gøsta Harboe (385 in chips) 
Seat 3: ferka 65 (795 in chips) 
ferka 65: posts small blind 15
Mahu2021: posts big blind 30
*** HOLE CARDS ***
Dealt to Mahu2021 [8h Jd]
Gøsta Harboe: calls 30
ferka 65: folds 
Mahu2021: checks 
*** FLOP *** [Jc As Kd]
Mahu2021: checks 
Gøsta Harboe: checks 
*** TURN *** [Jc As Kd] [Qc]
Mahu2021: checks 
Gøsta Harboe: checks 
*** RIVER *** [Jc As Kd Qc] [6c]
Mahu2021: bets 30
Gøsta Harboe: folds 
Uncalled bet (30) returned to Mahu2021
Mahu2021 collected 75 from pot
Mahu2021: doesn't show hand 
*** SUMMARY ***
Total pot 75 | Rake 0 
Board [Jc As Kd Qc 6c]
Seat 1: Mahu2021 (big blind) collected (75)
Seat 2: Gøsta Harboe (button) folded on the River
Seat 3: ferka 65 (small blind) folded before Flop



PokerStars Hand #252938050984: Tournament #3812186612, $1.84+$0.16 USD Hold'em No Limit - Level III (20/40) - 2024/10/15 14:05:33 CET [2024/10/15 8:05:33 ET]
Table '3812186612 1' 3-max Seat #3 is the button
Seat 1: Mahu2021 (365 in chips) 
Seat 2: Gøsta Harboe (355 in chips) 
Seat 3: ferka 65 (780 in chips) 
Mahu2021: posts small blind 20
Gøsta Harboe: posts big blind 40
*** HOLE CARDS ***
Dealt to Mahu2021 [Qd 2s]
ferka 65: raises 40 to 80
Mahu2021: folds 
Gøsta Harboe: folds 
Uncalled bet (40) returned to ferka 65
ferka 65 collected 100 from pot
ferka 65: doesn't show hand 
*** SUMMARY ***
Total pot 100 | Rake 0 
Seat 1: Mahu2021 (small blind) folded before Flop
Seat 2: Gøsta Harboe (big blind) folded before Flop
Seat 3: ferka 65 (button) collected (100)



PokerStars Hand #252938051940: Tournament #3812186612, $1.84+$0.16 USD Hold'em No Limit - Level III (20/40) - 2024/10/15 14:05:39 CET [2024/10/15 8:05:39 ET]
Table '3812186612 1' 3-max Seat #1 is the button
Seat 1: Mahu2021 (345 in chips) 
Seat 2: Gøsta Harboe (315 in chips) 
Seat 3: ferka 65 (840 in chips) 
Gøsta Harboe: posts small blind 20
ferka 65: posts big blind 40
*** HOLE CARDS ***
Dealt to Mahu2021 [5c Ac]
Mahu2021: raises 40 to 80
Gøsta Harboe: folds 
ferka 65: calls 40
*** FLOP *** [2h 3d Qd]
ferka 65: checks 
Mahu2021: checks 
*** TURN *** [2h 3d Qd] [Qc]
ferka 65: checks 
Mahu2021: bets 80
ferka 65: folds 
Uncalled bet (80) returned to Mahu2021
Mahu2021 collected 180 from pot
Mahu2021: doesn't show hand 
*** SUMMARY ***
Total pot 180 | Rake 0 
Board [2h 3d Qd Qc]
Seat 1: Mahu2021 (button) collected (180)
Seat 2: Gøsta Harboe (small blind) folded before Flop
Seat 3: ferka 65 (big blind) folded on the Turn



PokerStars Hand #252938054511: Tournament #3812186612, $1.84+$0.16 USD Hold'em No Limit - Level III (20/40) - 2024/10/15 14:05:56 CET [2024/10/15 8:05:56 ET]
Table '3812186612 1' 3-max Seat #2 is the button
Seat 1: Mahu2021 (445 in chips) 
Seat 2: Gøsta Harboe (295 in chips) 
Seat 3: ferka 65 (760 in chips) 
ferka 65: posts small blind 20
Mahu2021: posts big blind 40
*** HOLE CARDS ***
Dealt to Mahu2021 [8d Kc]
Gøsta Harboe: folds 
ferka 65: folds 
Uncalled bet (20) returned to Mahu2021
Mahu2021 collected 40 from pot
Mahu2021: doesn't show hand 
*** SUMMARY ***
Total pot 40 | Rake 0 
Seat 1: Mahu2021 (big blind) collected (40)
Seat 2: Gøsta Harboe (button) folded before Flop (didn't bet)
Seat 3: ferka 65 (small blind) folded before Flop



PokerStars Hand #252938055409: Tournament #3812186612, $1.84+$0.16 USD Hold'em No Limit - Level III (20/40) - 2024/10/15 14:06:02 CET [2024/10/15 8:06:02 ET]
Table '3812186612 1' 3-max Seat #3 is the button
Seat 1: Mahu2021 (465 in chips) 
Seat 2: Gøsta Harboe (295 in chips) 
Seat 3: ferka 65 (740 in chips) 
Mahu2021: posts small blind 20
Gøsta Harboe: posts big blind 40
*** HOLE CARDS ***
Dealt to Mahu2021 [Qd 9c]
ferka 65: folds 
Mahu2021: calls 20
Gøsta Harboe: checks 
*** FLOP *** [5c Jc 4h]
Mahu2021: checks 
Gøsta Harboe: checks 
*** TURN *** [5c Jc 4h] [Th]
Mahu2021: checks 
Gøsta Harboe: checks 
*** RIVER *** [5c Jc 4h Th] [8d]
Mahu2021: bets 425 and is all-in
Gøsta Harboe: folds 
Uncalled bet (425) returned to Mahu2021
Mahu2021 collected 80 from pot
Mahu2021: doesn't show hand 
*** SUMMARY ***
Total pot 80 | Rake 0 
Board [5c Jc 4h Th 8d]
Seat 1: Mahu2021 (small blind) collected (80)
Seat 2: Gøsta Harboe (big blind) folded on the River
Seat 3: ferka 65 (button) folded before Flop (didn't bet)



PokerStars Hand #252938057719: Tournament #3812186612, $1.84+$0.16 USD Hold'em No Limit - Level III (20/40) - 2024/10/15 14:06:17 CET [2024/10/15 8:06:17 ET]
Table '3812186612 1' 3-max Seat #1 is the button
Seat 1: Mahu2021 (505 in chips) 
Seat 2: Gøsta Harboe (255 in chips) 
Seat 3: ferka 65 (740 in chips) 
Gøsta Harboe: posts small blind 20
ferka 65: posts big blind 40
*** HOLE CARDS ***
Dealt to Mahu2021 [9d 5s]
Mahu2021: folds 
Gøsta Harboe: calls 20
ferka 65: checks 
*** FLOP *** [Ac 5c Jh]
Gøsta Harboe: bets 215 and is all-in
ferka 65: folds 
Uncalled bet (215) returned to Gøsta Harboe
Gøsta Harboe collected 80 from pot
*** SUMMARY ***
Total pot 80 | Rake 0 
Board [Ac 5c Jh]
Seat 1: Mahu2021 (button) folded before Flop (didn't bet)
Seat 2: Gøsta Harboe (small blind) collected (80)
Seat 3: ferka 65 (big blind) folded on the Flop



PokerStars Hand #252938059777: Tournament #3812186612, $1.84+$0.16 USD Hold'em No Limit - Level III (20/40) - 2024/10/15 14:06:31 CET [2024/10/15 8:06:31 ET]
Table '3812186612 1' 3-max Seat #2 is the button
Seat 1: Mahu2021 (505 in chips) 
Seat 2: Gøsta Harboe (295 in chips) 
Seat 3: ferka 65 (700 in chips) 
ferka 65: posts small blind 20
Mahu2021: posts big blind 40
*** HOLE CARDS ***
Dealt to Mahu2021 [2h Js]
Gøsta Harboe: folds 
ferka 65: raises 40 to 80
Mahu2021: calls 40
*** FLOP *** [4c 6s 5s]
ferka 65: bets 80
Mahu2021: folds 
Uncalled bet (80) returned to ferka 65
ferka 65 collected 160 from pot
ferka 65: doesn't show hand 
*** SUMMARY ***
Total pot 160 | Rake 0 
Board [4c 6s 5s]
Seat 1: Mahu2021 (big blind) folded on the Flop
Seat 2: Gøsta Harboe (button) folded before Flop (didn't bet)
Seat 3: ferka 65 (small blind) collected (160)



PokerStars Hand #252938061997: Tournament #3812186612, $1.84+$0.16 USD Hold'em No Limit - Level III (20/40) - 2024/10/15 14:06:45 CET [2024/10/15 8:06:45 ET]
Table '3812186612 1' 3-max Seat #3 is the button
Seat 1: Mahu2021 (425 in chips) 
Seat 2: Gøsta Harboe (295 in chips) 
Seat 3: ferka 65 (780 in chips) 
Mahu2021: posts small blind 20
Gøsta Harboe: posts big blind 40
*** HOLE CARDS ***
Dealt to Mahu2021 [5h 5s]
ferka 65: calls 40
Mahu2021: raises 385 to 425 and is all-in
Gøsta Harboe: folds 
ferka 65: folds 
Uncalled bet (385) returned to Mahu2021
Mahu2021 collected 120 from pot
Mahu2021: doesn't show hand 
*** SUMMARY ***
Total pot 120 | Rake 0 
Seat 1: Mahu2021 (small blind) collected (120)
Seat 2: Gøsta Harboe (big blind) folded before Flop
Seat 3: ferka 65 (button) folded before Flop



PokerStars Hand #252938064204: Tournament #3812186612, $1.84+$0.16 USD Hold'em No Limit - Level III (20/40) - 2024/10/15 14:06:59 CET [2024/10/15 8:06:59 ET]
Table '3812186612 1' 3-max Seat #1 is the button
Seat 1: Mahu2021 (505 in chips) 
Seat 2: Gøsta Harboe (255 in chips) 
Seat 3: ferka 65 (740 in chips) 
Gøsta Harboe: posts small blind 20
ferka 65: posts big blind 40
*** HOLE CARDS ***
Dealt to Mahu2021 [5d 8d]
Mahu2021: folds 
Gøsta Harboe: calls 20
ferka 65: checks 
*** FLOP *** [Ad 6c As]
Gøsta Harboe: bets 215 and is all-in
ferka 65: folds 
Uncalled bet (215) returned to Gøsta Harboe
Gøsta Harboe collected 80 from pot
*** SUMMARY ***
Total pot 80 | Rake 0 
Board [Ad 6c As]
Seat 1: Mahu2021 (button) folded before Flop (didn't bet)
Seat 2: Gøsta Harboe (small blind) collected (80)
Seat 3: ferka 65 (big blind) folded on the Flop



PokerStars Hand #252938066256: Tournament #3812186612, $1.84+$0.16 USD Hold'em No Limit - Level III (20/40) - 2024/10/15 14:07:13 CET [2024/10/15 8:07:13 ET]
Table '3812186612 1' 3-max Seat #2 is the button
Seat 1: Mahu2021 (505 in chips) 
Seat 2: Gøsta Harboe (295 in chips) 
Seat 3: ferka 65 (700 in chips) 
ferka 65: posts small blind 20
Mahu2021: posts big blind 40
*** HOLE CARDS ***
Dealt to Mahu2021 [7h 4h]
Gøsta Harboe: raises 255 to 295 and is all-in
ferka 65: folds 
Mahu2021: folds 
Uncalled bet (255) returned to Gøsta Harboe
Gøsta Harboe collected 100 from pot
*** SUMMARY ***
Total pot 100 | Rake 0 
Seat 1: Mahu2021 (big blind) folded before Flop
Seat 2: Gøsta Harboe (button) collected (100)
Seat 3: ferka 65 (small blind) folded before Flop



PokerStars Hand #252938067289: Tournament #3812186612, $1.84+$0.16 USD Hold'em No Limit - Level III (20/40) - 2024/10/15 14:07:20 CET [2024/10/15 8:07:20 ET]
Table '3812186612 1' 3-max Seat #3 is the button
Seat 1: Mahu2021 (465 in chips) 
Seat 2: Gøsta Harboe (355 in chips) 
Seat 3: ferka 65 (680 in chips) 
Mahu2021: posts small blind 20
Gøsta Harboe: posts big blind 40
*** HOLE CARDS ***
Dealt to Mahu2021 [3h 5s]
ferka 65: calls 40
Mahu2021: folds 
Gøsta Harboe: raises 315 to 355 and is all-in
ferka 65: folds 
Uncalled bet (315) returned to Gøsta Harboe
Gøsta Harboe collected 100 from pot
*** SUMMARY ***
Total pot 100 | Rake 0 
Seat 1: Mahu2021 (small blind) folded before Flop
Seat 2: Gøsta Harboe (big blind) collected (100)
Seat 3: ferka 65 (button) folded before Flop



PokerStars Hand #252938069305: Tournament #3812186612, $1.84+$0.16 USD Hold'em No Limit - Level IV (30/60) - 2024/10/15 14:07:33 CET [2024/10/15 8:07:33 ET]
Table '3812186612 1' 3-max Seat #1 is the button
Seat 1: Mahu2021 (445 in chips) 
Seat 2: Gøsta Harboe (415 in chips) 
Seat 3: ferka 65 (640 in chips) 
Gøsta Harboe: posts small blind 30
ferka 65: posts big blind 60
*** HOLE CARDS ***
Dealt to Mahu2021 [8h 7c]
Mahu2021: folds 
Gøsta Harboe: calls 30
ferka 65: raises 580 to 640 and is all-in
Gøsta Harboe: folds 
Uncalled bet (580) returned to ferka 65
ferka 65 collected 120 from pot
ferka 65: doesn't show hand 
*** SUMMARY ***
Total pot 120 | Rake 0 
Seat 1: Mahu2021 (button) folded before Flop (didn't bet)
Seat 2: Gøsta Harboe (small blind) folded before Flop
Seat 3: ferka 65 (big blind) collected (120)



PokerStars Hand #252938071125: Tournament #3812186612, $1.84+$0.16 USD Hold'em No Limit - Level IV (30/60) - 2024/10/15 14:07:45 CET [2024/10/15 8:07:45 ET]
Table '3812186612 1' 3-max Seat #2 is the button
Seat 1: Mahu2021 (445 in chips) 
Seat 2: Gøsta Harboe (355 in chips) 
Seat 3: ferka 65 (700 in chips) 
ferka 65: posts small blind 30
Mahu2021: posts big blind 60
*** HOLE CARDS ***
Dealt to Mahu2021 [Jc Kc]
Gøsta Harboe: folds 
ferka 65: calls 30
Mahu2021: checks 
*** FLOP *** [6d Ks Js]
ferka 65: checks 
Mahu2021: checks 
*** TURN *** [6d Ks Js] [Qh]
ferka 65: bets 60
Mahu2021: calls 60
*** RIVER *** [6d Ks Js Qh] [Ac]
ferka 65: checks 
Mahu2021: checks 
*** SHOW DOWN ***
ferka 65: shows [9c 8c] (high card Ace)
Mahu2021: shows [Jc Kc] (two pair, Kings and Jacks)
Mahu2021 collected 240 from pot
*** SUMMARY ***
Total pot 240 | Rake 0 
Board [6d Ks Js Qh Ac]
Seat 1: Mahu2021 (big blind) showed [Jc Kc] and won (240) with two pair, Kings and Jacks
Seat 2: Gøsta Harboe (button) folded before Flop (didn't bet)
Seat 3: ferka 65 (small blind) showed [9c 8c] and lost with high card Ace



PokerStars Hand #252938074140: Tournament #3812186612, $1.84+$0.16 USD Hold'em No Limit - Level IV (30/60) - 2024/10/15 14:08:05 CET [2024/10/15 8:08:05 ET]
Table '3812186612 1' 3-max Seat #3 is the button
Seat 1: Mahu2021 (565 in chips) 
Seat 2: Gøsta Harboe (355 in chips) 
Seat 3: ferka 65 (580 in chips) 
Mahu2021: posts small blind 30
Gøsta Harboe: posts big blind 60
*** HOLE CARDS ***
Dealt to Mahu2021 [3s 3c]
ferka 65: raises 60 to 120
Mahu2021: folds 
Gøsta Harboe: raises 235 to 355 and is all-in
ferka 65: calls 235
*** FLOP *** [Ah 4s 5h]
*** TURN *** [Ah 4s 5h] [8d]
*** RIVER *** [Ah 4s 5h 8d] [As]
*** SHOW DOWN ***
Gøsta Harboe: shows [Qd 5s] (two pair, Aces and Fives)
ferka 65: shows [Ad Tc] (three of a kind, Aces)
ferka 65 collected 740 from pot
Gøsta Harboe finished the tournament in 3rd place
*** SUMMARY ***
Total pot 740 | Rake 0 
Board [Ah 4s 5h 8d As]
Seat 1: Mahu2021 (small blind) folded before Flop
Seat 2: Gøsta Harboe (big blind) showed [Qd 5s] and lost with two pair, Aces and Fives
Seat 3: ferka 65 (button) showed [Ad Tc] and won (740) with three of a kind, Aces



PokerStars Hand #252938077198: Tournament #3812186612, $1.84+$0.16 USD Hold'em No Limit - Level IV (30/60) - 2024/10/15 14:08:25 CET [2024/10/15 8:08:25 ET]
Table '3812186612 1' 3-max Seat #1 is the button
Seat 1: Mahu2021 (535 in chips) 
Seat 3: ferka 65 (965 in chips) 
Mahu2021: posts small blind 30
ferka 65: posts big blind 60
*** HOLE CARDS ***
Dealt to Mahu2021 [2s 4h]
Mahu2021: folds 
Uncalled bet (30) returned to ferka 65
ferka 65 collected 60 from pot
ferka 65: doesn't show hand 
*** SUMMARY ***
Total pot 60 | Rake 0 
Seat 1: Mahu2021 (button) (small blind) folded before Flop
Seat 3: ferka 65 (big blind) collected (60)



PokerStars Hand #252938077824: Tournament #3812186612, $1.84+$0.16 USD Hold'em No Limit - Level IV (30/60) - 2024/10/15 14:08:30 CET [2024/10/15 8:08:30 ET]
Table '3812186612 1' 3-max Seat #3 is the button
Seat 1: Mahu2021 (505 in chips) 
Seat 3: ferka 65 (995 in chips) 
ferka 65: posts small blind 30
Mahu2021: posts big blind 60
*** HOLE CARDS ***
Dealt to Mahu2021 [Qc Ac]
ferka 65: calls 30
Mahu2021: checks 
*** FLOP *** [4c 8c Js]
Mahu2021: bets 60
ferka 65: folds 
Uncalled bet (60) returned to Mahu2021
Mahu2021 collected 120 from pot
Mahu2021: doesn't show hand 
*** SUMMARY ***
Total pot 120 | Rake 0 
Board [4c 8c Js]
Seat 1: Mahu2021 (big blind) collected (120)
Seat 3: ferka 65 (button) (small blind) folded on the Flop



PokerStars Hand #252938079646: Tournament #3812186612, $1.84+$0.16 USD Hold'em No Limit - Level IV (30/60) - 2024/10/15 14:08:41 CET [2024/10/15 8:08:41 ET]
Table '3812186612 1' 3-max Seat #1 is the button
Seat 1: Mahu2021 (565 in chips) 
Seat 3: ferka 65 (935 in chips) 
Mahu2021: posts small blind 30
ferka 65: posts big blind 60
*** HOLE CARDS ***
Dealt to Mahu2021 [4s 5s]
Mahu2021: calls 30
ferka 65: checks 
*** FLOP *** [4c 8s As]
ferka 65: bets 60
Mahu2021: calls 60
*** TURN *** [4c 8s As] [3c]
ferka 65: bets 60
Mahu2021: calls 60
*** RIVER *** [4c 8s As 3c] [5d]
ferka 65: checks 
Mahu2021: bets 385 and is all-in
ferka 65: folds 
Uncalled bet (385) returned to Mahu2021
Mahu2021 collected 360 from pot
Mahu2021: doesn't show hand 
*** SUMMARY ***
Total pot 360 | Rake 0 
Board [4c 8s As 3c 5d]
Seat 1: Mahu2021 (button) (small blind) collected (360)
Seat 3: ferka 65 (big blind) folded on the River



PokerStars Hand #252938084472: Tournament #3812186612, $1.84+$0.16 USD Hold'em No Limit - Level IV (30/60) - 2024/10/15 14:09:14 CET [2024/10/15 8:09:14 ET]
Table '3812186612 1' 3-max Seat #3 is the button
Seat 1: Mahu2021 (745 in chips) 
Seat 3: ferka 65 (755 in chips) 
ferka 65: posts small blind 30
Mahu2021: posts big blind 60
*** HOLE CARDS ***
Dealt to Mahu2021 [8c 4d]
ferka 65: raises 60 to 120
Mahu2021: calls 60
*** FLOP *** [4h 2d 9d]
Mahu2021: bets 60
ferka 65: calls 60
*** TURN *** [4h 2d 9d] [Ts]
Mahu2021: checks 
ferka 65: bets 60
Mahu2021: calls 60
*** RIVER *** [4h 2d 9d Ts] [5h]
Mahu2021: checks 
ferka 65: checks 
*** SHOW DOWN ***
Mahu2021: shows [8c 4d] (a pair of Fours)
ferka 65: shows [5s Ah] (a pair of Fives)
ferka 65 collected 480 from pot
*** SUMMARY ***
Total pot 480 | Rake 0 
Board [4h 2d 9d Ts 5h]
Seat 1: Mahu2021 (big blind) showed [8c 4d] and lost with a pair of Fours
Seat 3: ferka 65 (button) (small blind) showed [5s Ah] and won (480) with a pair of Fives



PokerStars Hand #252938087495: Tournament #3812186612, $1.84+$0.16 USD Hold'em No Limit - Level V (40/80) - 2024/10/15 14:09:34 CET [2024/10/15 8:09:34 ET]
Table '3812186612 1' 3-max Seat #1 is the button
Seat 1: Mahu2021 (505 in chips) 
Seat 3: ferka 65 (995 in chips) 
Mahu2021: posts small blind 40
ferka 65: posts big blind 80
*** HOLE CARDS ***
Dealt to Mahu2021 [8c 5d]
Mahu2021: folds 
Uncalled bet (40) returned to ferka 65
ferka 65 collected 80 from pot
ferka 65: doesn't show hand 
*** SUMMARY ***
Total pot 80 | Rake 0 
Seat 1: Mahu2021 (button) (small blind) folded before Flop
Seat 3: ferka 65 (big blind) collected (80)



PokerStars Hand #252938088071: Tournament #3812186612, $1.84+$0.16 USD Hold'em No Limit - Level V (40/80) - 2024/10/15 14:09:38 CET [2024/10/15 8:09:38 ET]
Table '3812186612 1' 3-max Seat #3 is the button
Seat 1: Mahu2021 (465 in chips) 
Seat 3: ferka 65 (1035 in chips) 
ferka 65: posts small blind 40
Mahu2021: posts big blind 80
*** HOLE CARDS ***
Dealt to Mahu2021 [Ah 9d]
ferka 65: calls 40
Mahu2021: raises 385 to 465 and is all-in
ferka 65: folds 
Uncalled bet (385) returned to Mahu2021
Mahu2021 collected 160 from pot
Mahu2021: doesn't show hand 
*** SUMMARY ***
Total pot 160 | Rake 0 
Seat 1: Mahu2021 (big blind) collected (160)
Seat 3: ferka 65 (button) (small blind) folded before Flop



PokerStars Hand #252938089302: Tournament #3812186612, $1.84+$0.16 USD Hold'em No Limit - Level V (40/80) - 2024/10/15 14:09:46 CET [2024/10/15 8:09:46 ET]
Table '3812186612 1' 3-max Seat #1 is the button
Seat 1: Mahu2021 (545 in chips) 
Seat 3: ferka 65 (955 in chips) 
Mahu2021: posts small blind 40
ferka 65: posts big blind 80
*** HOLE CARDS ***
Dealt to Mahu2021 [8s 7c]
Mahu2021: calls 40
ferka 65: checks 
*** FLOP *** [Kc 7d 4h]
ferka 65: checks 
Mahu2021: bets 80
ferka 65: calls 80
*** TURN *** [Kc 7d 4h] [4s]
ferka 65: checks 
Mahu2021: bets 385 and is all-in
ferka 65: calls 385
*** RIVER *** [Kc 7d 4h 4s] [6d]
*** SHOW DOWN ***
ferka 65: shows [6s 4d] (a full house, Fours full of Sixes)
Mahu2021: shows [8s 7c] (two pair, Sevens and Fours)
ferka 65 collected 1090 from pot
Mahu2021 finished the tournament in 2nd place
ferka 65 wins the tournament and receives $4.00 - congratulations!
*** SUMMARY ***
Total pot 1090 | Rake 0 
Board [Kc 7d 4h 4s 6d]
Seat 1: Mahu2021 (button) (small blind) showed [8s 7c] and lost with two pair, Sevens and Fours
Seat 3: ferka 65 (big blind) showed [6s 4d] and won (1090) with a full house, Fours full of Sixes



