PokerStars Hand #242940984789: Tournament #3573550402, $0.92+$0.08 USD Hold'em No Limit - Level I (10/20) - 2023/04/07 15:27:10 CET [2023/04/07 9:27:10 ET]
Table '3573550402 1' 3-max Seat #1 is the button
Seat 1: Vladeto938 (500 in chips) 
Seat 2: Mahu2021 (500 in chips) 
Seat 3: lari.rios (500 in chips) 
Mahu2021: posts small blind 10
lari.rios: posts big blind 20
*** HOLE CARDS ***
Dealt to Mahu2021 [2s Ah]
Vladeto938: calls 20
Mahu2021: calls 10
lari.rios: checks 
*** FLOP *** [7d 7h As]
Mahu2021: checks 
lari.rios: checks 
Vladeto938: checks 
*** TURN *** [7d 7h As] [Kc]
Mahu2021: bets 20
lari.rios: folds 
Vladeto938: folds 
Uncalled bet (20) returned to Mahu2021
Mahu2021 collected 60 from pot
Mahu2021: doesn't show hand 
*** SUMMARY ***
Total pot 60 | Rake 0 
Board [7d 7h As Kc]
Seat 1: Vladeto938 (button) folded on the Turn
Seat 2: Mahu2021 (small blind) collected (60)
Seat 3: lari.rios (big blind) folded on the Turn



PokerStars Hand #242940992244: Tournament #3573550402, $0.92+$0.08 USD Hold'em No Limit - Level I (10/20) - 2023/04/07 15:27:40 CET [2023/04/07 9:27:40 ET]
Table '3573550402 1' 3-max Seat #2 is the button
Seat 1: Vladeto938 (480 in chips) 
Seat 2: Mahu2021 (540 in chips) 
Seat 3: lari.rios (480 in chips) 
lari.rios: posts small blind 10
Vladeto938: posts big blind 20
*** HOLE CARDS ***
Dealt to Mahu2021 [9s 9c]
Mahu2021: raises 520 to 540 and is all-in
lari.rios: folds 
Vladeto938: folds 
Uncalled bet (520) returned to Mahu2021
Mahu2021 collected 50 from pot
Mahu2021: doesn't show hand 
*** SUMMARY ***
Total pot 50 | Rake 0 
Seat 1: Vladeto938 (big blind) folded before Flop
Seat 2: Mahu2021 (button) collected (50)
Seat 3: lari.rios (small blind) folded before Flop



PokerStars Hand #242940994335: Tournament #3573550402, $0.92+$0.08 USD Hold'em No Limit - Level I (10/20) - 2023/04/07 15:27:48 CET [2023/04/07 9:27:48 ET]
Table '3573550402 1' 3-max Seat #3 is the button
Seat 1: Vladeto938 (460 in chips) 
Seat 2: Mahu2021 (570 in chips) 
Seat 3: lari.rios (470 in chips) 
Vladeto938: posts small blind 10
Mahu2021: posts big blind 20
*** HOLE CARDS ***
Dealt to Mahu2021 [Qc 7c]
lari.rios: raises 20 to 40
Vladeto938: folds 
Mahu2021: calls 20
*** FLOP *** [Kc Qd Qh]
Mahu2021: checks 
lari.rios: bets 30
Mahu2021: calls 30
*** TURN *** [Kc Qd Qh] [8d]
Mahu2021: checks 
lari.rios: checks 
*** RIVER *** [Kc Qd Qh 8d] [4c]
Mahu2021: bets 40
lari.rios: calls 40
*** SHOW DOWN ***
Mahu2021: shows [Qc 7c] (three of a kind, Queens)
lari.rios: mucks hand 
Mahu2021 collected 230 from pot
*** SUMMARY ***
Total pot 230 | Rake 0 
Board [Kc Qd Qh 8d 4c]
Seat 1: Vladeto938 (small blind) folded before Flop
Seat 2: Mahu2021 (big blind) showed [Qc 7c] and won (230) with three of a kind, Queens
Seat 3: lari.rios (button) mucked [Ah Js]



PokerStars Hand #242940999477: Tournament #3573550402, $0.92+$0.08 USD Hold'em No Limit - Level I (10/20) - 2023/04/07 15:28:10 CET [2023/04/07 9:28:10 ET]
Table '3573550402 1' 3-max Seat #1 is the button
Seat 1: Vladeto938 (450 in chips) 
Seat 2: Mahu2021 (690 in chips) 
Seat 3: lari.rios (360 in chips) 
Mahu2021: posts small blind 10
lari.rios: posts big blind 20
*** HOLE CARDS ***
Dealt to Mahu2021 [5d Ks]
Vladeto938: folds 
Mahu2021: calls 10
lari.rios: raises 50 to 70
Mahu2021: folds 
Uncalled bet (50) returned to lari.rios
lari.rios collected 40 from pot
lari.rios: doesn't show hand 
*** SUMMARY ***
Total pot 40 | Rake 0 
Seat 1: Vladeto938 (button) folded before Flop (didn't bet)
Seat 2: Mahu2021 (small blind) folded before Flop
Seat 3: lari.rios (big blind) collected (40)



PokerStars Hand #242941001913: Tournament #3573550402, $0.92+$0.08 USD Hold'em No Limit - Level I (10/20) - 2023/04/07 15:28:20 CET [2023/04/07 9:28:20 ET]
Table '3573550402 1' 3-max Seat #2 is the button
Seat 1: Vladeto938 (450 in chips) 
Seat 2: Mahu2021 (670 in chips) 
Seat 3: lari.rios (380 in chips) 
lari.rios: posts small blind 10
Vladeto938: posts big blind 20
*** HOLE CARDS ***
Dealt to Mahu2021 [5c 2c]
Mahu2021: calls 20
lari.rios: folds 
Vladeto938: checks 
*** FLOP *** [4c 5d 7d]
Vladeto938: checks 
Mahu2021: bets 20
Vladeto938: folds 
Uncalled bet (20) returned to Mahu2021
Mahu2021 collected 50 from pot
Mahu2021: doesn't show hand 
*** SUMMARY ***
Total pot 50 | Rake 0 
Board [4c 5d 7d]
Seat 1: Vladeto938 (big blind) folded on the Flop
Seat 2: Mahu2021 (button) collected (50)
Seat 3: lari.rios (small blind) folded before Flop



PokerStars Hand #242941006192: Tournament #3573550402, $0.92+$0.08 USD Hold'em No Limit - Level I (10/20) - 2023/04/07 15:28:37 CET [2023/04/07 9:28:37 ET]
Table '3573550402 1' 3-max Seat #3 is the button
Seat 1: Vladeto938 (430 in chips) 
Seat 2: Mahu2021 (700 in chips) 
Seat 3: lari.rios (370 in chips) 
Vladeto938: posts small blind 10
Mahu2021: posts big blind 20
*** HOLE CARDS ***
Dealt to Mahu2021 [8s 2h]
lari.rios: raises 20 to 40
Vladeto938: folds 
Mahu2021: folds 
Uncalled bet (20) returned to lari.rios
lari.rios collected 50 from pot
lari.rios: doesn't show hand 
*** SUMMARY ***
Total pot 50 | Rake 0 
Seat 1: Vladeto938 (small blind) folded before Flop
Seat 2: Mahu2021 (big blind) folded before Flop
Seat 3: lari.rios (button) collected (50)



PokerStars Hand #242941007635: Tournament #3573550402, $0.92+$0.08 USD Hold'em No Limit - Level I (10/20) - 2023/04/07 15:28:43 CET [2023/04/07 9:28:43 ET]
Table '3573550402 1' 3-max Seat #1 is the button
Seat 1: Vladeto938 (420 in chips) 
Seat 2: Mahu2021 (680 in chips) 
Seat 3: lari.rios (400 in chips) 
Mahu2021: posts small blind 10
lari.rios: posts big blind 20
*** HOLE CARDS ***
Dealt to Mahu2021 [9c Ah]
Vladeto938: calls 20
Mahu2021: calls 10
lari.rios: checks 
*** FLOP *** [3h 5d 4s]
Mahu2021: checks 
lari.rios: checks 
Vladeto938: checks 
*** TURN *** [3h 5d 4s] [5c]
Mahu2021: checks 
lari.rios: checks 
Vladeto938: bets 60
Mahu2021: folds 
lari.rios: calls 60
*** RIVER *** [3h 5d 4s 5c] [6s]
lari.rios: checks 
Vladeto938: bets 60
lari.rios: calls 60
*** SHOW DOWN ***
Vladeto938: shows [As 7h] (a straight, Three to Seven)
lari.rios: mucks hand 
Vladeto938 collected 300 from pot
*** SUMMARY ***
Total pot 300 | Rake 0 
Board [3h 5d 4s 5c 6s]
Seat 1: Vladeto938 (button) showed [As 7h] and won (300) with a straight, Three to Seven
Seat 2: Mahu2021 (small blind) folded on the Turn
Seat 3: lari.rios (big blind) mucked [4d Kc]



PokerStars Hand #242941016330: Tournament #3573550402, $0.92+$0.08 USD Hold'em No Limit - Level II (15/30) - 2023/04/07 15:29:19 CET [2023/04/07 9:29:19 ET]
Table '3573550402 1' 3-max Seat #2 is the button
Seat 1: Vladeto938 (580 in chips) 
Seat 2: Mahu2021 (660 in chips) 
Seat 3: lari.rios (260 in chips) 
lari.rios: posts small blind 15
Vladeto938: posts big blind 30
*** HOLE CARDS ***
Dealt to Mahu2021 [6c Qc]
Mahu2021: calls 30
lari.rios: folds 
Vladeto938: checks 
*** FLOP *** [Jh Tc Jd]
Vladeto938: checks 
Mahu2021: bets 30
Vladeto938: folds 
Uncalled bet (30) returned to Mahu2021
Mahu2021 collected 75 from pot
Mahu2021: doesn't show hand 
*** SUMMARY ***
Total pot 75 | Rake 0 
Board [Jh Tc Jd]
Seat 1: Vladeto938 (big blind) folded on the Flop
Seat 2: Mahu2021 (button) collected (75)
Seat 3: lari.rios (small blind) folded before Flop



PokerStars Hand #242941019171: Tournament #3573550402, $0.92+$0.08 USD Hold'em No Limit - Level II (15/30) - 2023/04/07 15:29:31 CET [2023/04/07 9:29:31 ET]
Table '3573550402 1' 3-max Seat #3 is the button
Seat 1: Vladeto938 (550 in chips) 
Seat 2: Mahu2021 (705 in chips) 
Seat 3: lari.rios (245 in chips) 
Vladeto938: posts small blind 15
Mahu2021: posts big blind 30
*** HOLE CARDS ***
Dealt to Mahu2021 [Qh Ah]
lari.rios: raises 30 to 60
Vladeto938: calls 45
Mahu2021: raises 645 to 705 and is all-in
lari.rios: calls 185 and is all-in
Vladeto938: calls 490 and is all-in
Uncalled bet (155) returned to Mahu2021
*** FLOP *** [4h 3d 2h]
*** TURN *** [4h 3d 2h] [4d]
*** RIVER *** [4h 3d 2h 4d] [4s]
*** SHOW DOWN ***
Vladeto938: shows [Jh Ac] (three of a kind, Fours)
Mahu2021: shows [Qh Ah] (three of a kind, Fours - Ace+Queen kicker)
Mahu2021 collected 610 from side pot
lari.rios: shows [Jc Js] (a full house, Fours full of Jacks)
lari.rios collected 735 from main pot
Vladeto938 finished the tournament in 3rd place
*** SUMMARY ***
Total pot 1345 Main pot 735. Side pot 610. | Rake 0 
Board [4h 3d 2h 4d 4s]
Seat 1: Vladeto938 (small blind) showed [Jh Ac] and lost with three of a kind, Fours
Seat 2: Mahu2021 (big blind) showed [Qh Ah] and won (610) with three of a kind, Fours
Seat 3: lari.rios (button) showed [Jc Js] and won (735) with a full house, Fours full of Jacks



PokerStars Hand #242941024491: Tournament #3573550402, $0.92+$0.08 USD Hold'em No Limit - Level II (15/30) - 2023/04/07 15:29:53 CET [2023/04/07 9:29:53 ET]
Table '3573550402 1' 3-max Seat #2 is the button
Seat 2: Mahu2021 (765 in chips) 
Seat 3: lari.rios (735 in chips) 
Mahu2021: posts small blind 15
lari.rios: posts big blind 30
*** HOLE CARDS ***
Dealt to Mahu2021 [6c 5h]
Mahu2021: calls 15
lari.rios: checks 
*** FLOP *** [7d 5d As]
lari.rios: checks 
Mahu2021: bets 30
lari.rios: folds 
Uncalled bet (30) returned to Mahu2021
Mahu2021 collected 60 from pot
Mahu2021: doesn't show hand 
*** SUMMARY ***
Total pot 60 | Rake 0 
Board [7d 5d As]
Seat 2: Mahu2021 (button) (small blind) collected (60)
Seat 3: lari.rios (big blind) folded on the Flop



PokerStars Hand #242941026973: Tournament #3573550402, $0.92+$0.08 USD Hold'em No Limit - Level II (15/30) - 2023/04/07 15:30:04 CET [2023/04/07 9:30:04 ET]
Table '3573550402 1' 3-max Seat #3 is the button
Seat 2: Mahu2021 (795 in chips) 
Seat 3: lari.rios (705 in chips) 
lari.rios: posts small blind 15
Mahu2021: posts big blind 30
*** HOLE CARDS ***
Dealt to Mahu2021 [Kh 3d]
lari.rios: calls 15
Mahu2021: checks 
*** FLOP *** [5h Qh 6d]
Mahu2021: checks 
lari.rios: bets 30
Mahu2021: folds 
Uncalled bet (30) returned to lari.rios
lari.rios collected 60 from pot
lari.rios: doesn't show hand 
*** SUMMARY ***
Total pot 60 | Rake 0 
Board [5h Qh 6d]
Seat 2: Mahu2021 (big blind) folded on the Flop
Seat 3: lari.rios (button) (small blind) collected (60)



PokerStars Hand #242941029771: Tournament #3573550402, $0.92+$0.08 USD Hold'em No Limit - Level II (15/30) - 2023/04/07 15:30:15 CET [2023/04/07 9:30:15 ET]
Table '3573550402 1' 3-max Seat #2 is the button
Seat 2: Mahu2021 (765 in chips) 
Seat 3: lari.rios (735 in chips) 
Mahu2021: posts small blind 15
lari.rios: posts big blind 30
*** HOLE CARDS ***
Dealt to Mahu2021 [Jc Qs]
Mahu2021: calls 15
lari.rios: raises 75 to 105
Mahu2021: calls 75
*** FLOP *** [Ah 2c 5s]
lari.rios: bets 69
Mahu2021: folds 
Uncalled bet (69) returned to lari.rios
lari.rios collected 210 from pot
lari.rios: doesn't show hand 
*** SUMMARY ***
Total pot 210 | Rake 0 
Board [Ah 2c 5s]
Seat 2: Mahu2021 (button) (small blind) folded on the Flop
Seat 3: lari.rios (big blind) collected (210)



PokerStars Hand #242941032381: Tournament #3573550402, $0.92+$0.08 USD Hold'em No Limit - Level II (15/30) - 2023/04/07 15:30:26 CET [2023/04/07 9:30:26 ET]
Table '3573550402 1' 3-max Seat #3 is the button
Seat 2: Mahu2021 (660 in chips) 
Seat 3: lari.rios (840 in chips) 
lari.rios: posts small blind 15
Mahu2021: posts big blind 30
*** HOLE CARDS ***
Dealt to Mahu2021 [Ts Js]
lari.rios: calls 15
Mahu2021: checks 
*** FLOP *** [Th Qc Jd]
Mahu2021: checks 
lari.rios: bets 30
Mahu2021: calls 30
*** TURN *** [Th Qc Jd] [Td]
Mahu2021: checks 
lari.rios: checks 
*** RIVER *** [Th Qc Jd Td] [4h]
Mahu2021: bets 120
lari.rios: folds 
Uncalled bet (120) returned to Mahu2021
Mahu2021 collected 120 from pot
Mahu2021: doesn't show hand 
*** SUMMARY ***
Total pot 120 | Rake 0 
Board [Th Qc Jd Td 4h]
Seat 2: Mahu2021 (big blind) collected (120)
Seat 3: lari.rios (button) (small blind) folded on the River



PokerStars Hand #242941036373: Tournament #3573550402, $0.92+$0.08 USD Hold'em No Limit - Level II (15/30) - 2023/04/07 15:30:43 CET [2023/04/07 9:30:43 ET]
Table '3573550402 1' 3-max Seat #2 is the button
Seat 2: Mahu2021 (720 in chips) 
Seat 3: lari.rios (780 in chips) 
Mahu2021: posts small blind 15
lari.rios: posts big blind 30
*** HOLE CARDS ***
Dealt to Mahu2021 [7h 8d]
Mahu2021: calls 15
lari.rios: checks 
*** FLOP *** [9h 4c Kd]
lari.rios: checks 
Mahu2021: bets 30
lari.rios: folds 
Uncalled bet (30) returned to Mahu2021
Mahu2021 collected 60 from pot
Mahu2021: doesn't show hand 
*** SUMMARY ***
Total pot 60 | Rake 0 
Board [9h 4c Kd]
Seat 2: Mahu2021 (button) (small blind) collected (60)
Seat 3: lari.rios (big blind) folded on the Flop



PokerStars Hand #242941038862: Tournament #3573550402, $0.92+$0.08 USD Hold'em No Limit - Level II (15/30) - 2023/04/07 15:30:53 CET [2023/04/07 9:30:53 ET]
Table '3573550402 1' 3-max Seat #3 is the button
Seat 2: Mahu2021 (750 in chips) 
Seat 3: lari.rios (750 in chips) 
lari.rios: posts small blind 15
Mahu2021: posts big blind 30
*** HOLE CARDS ***
Dealt to Mahu2021 [2h Qc]
lari.rios: calls 15
Mahu2021: checks 
*** FLOP *** [Ts 4h Kh]
Mahu2021: checks 
lari.rios: bets 30
Mahu2021: folds 
Uncalled bet (30) returned to lari.rios
lari.rios collected 60 from pot
lari.rios: doesn't show hand 
*** SUMMARY ***
Total pot 60 | Rake 0 
Board [Ts 4h Kh]
Seat 2: Mahu2021 (big blind) folded on the Flop
Seat 3: lari.rios (button) (small blind) collected (60)



PokerStars Hand #242941042049: Tournament #3573550402, $0.92+$0.08 USD Hold'em No Limit - Level II (15/30) - 2023/04/07 15:31:06 CET [2023/04/07 9:31:06 ET]
Table '3573550402 1' 3-max Seat #2 is the button
Seat 2: Mahu2021 (720 in chips) 
Seat 3: lari.rios (780 in chips) 
Mahu2021: posts small blind 15
lari.rios: posts big blind 30
*** HOLE CARDS ***
Dealt to Mahu2021 [9c Th]
Mahu2021: calls 15
lari.rios: checks 
*** FLOP *** [7c 3h Ac]
lari.rios: checks 
Mahu2021: bets 30
lari.rios: calls 30
*** TURN *** [7c 3h Ac] [2c]
lari.rios: checks 
Mahu2021: checks 
*** RIVER *** [7c 3h Ac 2c] [4c]
lari.rios: bets 30
Mahu2021: calls 30
*** SHOW DOWN ***
lari.rios: shows [Jd Tc] (a flush, Ace high)
Mahu2021: mucks hand 
lari.rios collected 180 from pot
*** SUMMARY ***
Total pot 180 | Rake 0 
Board [7c 3h Ac 2c 4c]
Seat 2: Mahu2021 (button) (small blind) mucked [9c Th]
Seat 3: lari.rios (big blind) showed [Jd Tc] and won (180) with a flush, Ace high



PokerStars Hand #242941046628: Tournament #3573550402, $0.92+$0.08 USD Hold'em No Limit - Level III (20/40) - 2023/04/07 15:31:25 CET [2023/04/07 9:31:25 ET]
Table '3573550402 1' 3-max Seat #3 is the button
Seat 2: Mahu2021 (630 in chips) 
Seat 3: lari.rios (870 in chips) 
lari.rios: posts small blind 20
Mahu2021: posts big blind 40
*** HOLE CARDS ***
Dealt to Mahu2021 [4s 5d]
lari.rios: calls 20
Mahu2021: checks 
*** FLOP *** [7h Ad 9h]
Mahu2021: checks 
lari.rios: bets 40
Mahu2021: folds 
Uncalled bet (40) returned to lari.rios
lari.rios collected 80 from pot
lari.rios: doesn't show hand 
*** SUMMARY ***
Total pot 80 | Rake 0 
Board [7h Ad 9h]
Seat 2: Mahu2021 (big blind) folded on the Flop
Seat 3: lari.rios (button) (small blind) collected (80)



PokerStars Hand #242941049587: Tournament #3573550402, $0.92+$0.08 USD Hold'em No Limit - Level III (20/40) - 2023/04/07 15:31:37 CET [2023/04/07 9:31:37 ET]
Table '3573550402 1' 3-max Seat #2 is the button
Seat 2: Mahu2021 (590 in chips) 
Seat 3: lari.rios (910 in chips) 
Mahu2021: posts small blind 20
lari.rios: posts big blind 40
*** HOLE CARDS ***
Dealt to Mahu2021 [9s Jd]
Mahu2021: calls 20
lari.rios: checks 
*** FLOP *** [4d 5h 4c]
lari.rios: checks 
Mahu2021: bets 40
lari.rios: folds 
Uncalled bet (40) returned to Mahu2021
Mahu2021 collected 80 from pot
Mahu2021: doesn't show hand 
*** SUMMARY ***
Total pot 80 | Rake 0 
Board [4d 5h 4c]
Seat 2: Mahu2021 (button) (small blind) collected (80)
Seat 3: lari.rios (big blind) folded on the Flop



PokerStars Hand #242941052030: Tournament #3573550402, $0.92+$0.08 USD Hold'em No Limit - Level III (20/40) - 2023/04/07 15:31:47 CET [2023/04/07 9:31:47 ET]
Table '3573550402 1' 3-max Seat #3 is the button
Seat 2: Mahu2021 (630 in chips) 
Seat 3: lari.rios (870 in chips) 
lari.rios: posts small blind 20
Mahu2021: posts big blind 40
*** HOLE CARDS ***
Dealt to Mahu2021 [Kd 6h]
lari.rios: calls 20
Mahu2021: checks 
*** FLOP *** [8h 3h 2c]
Mahu2021: checks 
lari.rios: bets 40
Mahu2021: calls 40
*** TURN *** [8h 3h 2c] [4h]
Mahu2021: checks 
lari.rios: checks 
*** RIVER *** [8h 3h 2c 4h] [8s]
Mahu2021: bets 160
lari.rios: folds 
Uncalled bet (160) returned to Mahu2021
Mahu2021 collected 160 from pot
Mahu2021: doesn't show hand 
*** SUMMARY ***
Total pot 160 | Rake 0 
Board [8h 3h 2c 4h 8s]
Seat 2: Mahu2021 (big blind) collected (160)
Seat 3: lari.rios (button) (small blind) folded on the River



PokerStars Hand #242941055942: Tournament #3573550402, $0.92+$0.08 USD Hold'em No Limit - Level III (20/40) - 2023/04/07 15:32:03 CET [2023/04/07 9:32:03 ET]
Table '3573550402 1' 3-max Seat #2 is the button
Seat 2: Mahu2021 (710 in chips) 
Seat 3: lari.rios (790 in chips) 
Mahu2021: posts small blind 20
lari.rios: posts big blind 40
*** HOLE CARDS ***
Dealt to Mahu2021 [7h 4c]
Mahu2021: folds 
Uncalled bet (20) returned to lari.rios
lari.rios collected 40 from pot
lari.rios: doesn't show hand 
*** SUMMARY ***
Total pot 40 | Rake 0 
Seat 2: Mahu2021 (button) (small blind) folded before Flop
Seat 3: lari.rios (big blind) collected (40)



PokerStars Hand #242941057125: Tournament #3573550402, $0.92+$0.08 USD Hold'em No Limit - Level III (20/40) - 2023/04/07 15:32:08 CET [2023/04/07 9:32:08 ET]
Table '3573550402 1' 3-max Seat #3 is the button
Seat 2: Mahu2021 (690 in chips) 
Seat 3: lari.rios (810 in chips) 
lari.rios: posts small blind 20
Mahu2021: posts big blind 40
*** HOLE CARDS ***
Dealt to Mahu2021 [6h 7c]
lari.rios: raises 40 to 80
Mahu2021: folds 
Uncalled bet (40) returned to lari.rios
lari.rios collected 80 from pot
lari.rios: doesn't show hand 
*** SUMMARY ***
Total pot 80 | Rake 0 
Seat 2: Mahu2021 (big blind) folded before Flop
Seat 3: lari.rios (button) (small blind) collected (80)



PokerStars Hand #242941058399: Tournament #3573550402, $0.92+$0.08 USD Hold'em No Limit - Level III (20/40) - 2023/04/07 15:32:13 CET [2023/04/07 9:32:13 ET]
Table '3573550402 1' 3-max Seat #2 is the button
Seat 2: Mahu2021 (650 in chips) 
Seat 3: lari.rios (850 in chips) 
Mahu2021: posts small blind 20
lari.rios: posts big blind 40
*** HOLE CARDS ***
Dealt to Mahu2021 [4s Ah]
Mahu2021: calls 20
lari.rios: raises 810 to 850 and is all-in
Mahu2021: folds 
Uncalled bet (810) returned to lari.rios
lari.rios collected 80 from pot
lari.rios: doesn't show hand 
*** SUMMARY ***
Total pot 80 | Rake 0 
Seat 2: Mahu2021 (button) (small blind) folded before Flop
Seat 3: lari.rios (big blind) collected (80)



PokerStars Hand #242941060432: Tournament #3573550402, $0.92+$0.08 USD Hold'em No Limit - Level III (20/40) - 2023/04/07 15:32:21 CET [2023/04/07 9:32:21 ET]
Table '3573550402 1' 3-max Seat #3 is the button
Seat 2: Mahu2021 (610 in chips) 
Seat 3: lari.rios (890 in chips) 
lari.rios: posts small blind 20
Mahu2021: posts big blind 40
*** HOLE CARDS ***
Dealt to Mahu2021 [5s Qs]
lari.rios: calls 20
Mahu2021: checks 
*** FLOP *** [Jc 7s 6c]
Mahu2021: checks 
lari.rios: bets 40
Mahu2021: folds 
Uncalled bet (40) returned to lari.rios
lari.rios collected 80 from pot
lari.rios: doesn't show hand 
*** SUMMARY ***
Total pot 80 | Rake 0 
Board [Jc 7s 6c]
Seat 2: Mahu2021 (big blind) folded on the Flop
Seat 3: lari.rios (button) (small blind) collected (80)



PokerStars Hand #242941062990: Tournament #3573550402, $0.92+$0.08 USD Hold'em No Limit - Level III (20/40) - 2023/04/07 15:32:32 CET [2023/04/07 9:32:32 ET]
Table '3573550402 1' 3-max Seat #2 is the button
Seat 2: Mahu2021 (570 in chips) 
Seat 3: lari.rios (930 in chips) 
Mahu2021: posts small blind 20
lari.rios: posts big blind 40
*** HOLE CARDS ***
Dealt to Mahu2021 [Tc 9s]
Mahu2021: calls 20
lari.rios: checks 
*** FLOP *** [8h 2c Jd]
lari.rios: checks 
Mahu2021: bets 80
lari.rios: calls 80
*** TURN *** [8h 2c Jd] [9c]
lari.rios: checks 
Mahu2021: checks 
*** RIVER *** [8h 2c Jd 9c] [8c]
lari.rios: bets 125
Mahu2021: calls 125
*** SHOW DOWN ***
lari.rios: shows [Jh 4h] (two pair, Jacks and Eights)
Mahu2021: mucks hand 
lari.rios collected 490 from pot
*** SUMMARY ***
Total pot 490 | Rake 0 
Board [8h 2c Jd 9c 8c]
Seat 2: Mahu2021 (button) (small blind) mucked [Tc 9s]
Seat 3: lari.rios (big blind) showed [Jh 4h] and won (490) with two pair, Jacks and Eights



PokerStars Hand #242941067498: Tournament #3573550402, $0.92+$0.08 USD Hold'em No Limit - Level III (20/40) - 2023/04/07 15:32:51 CET [2023/04/07 9:32:51 ET]
Table '3573550402 1' 3-max Seat #3 is the button
Seat 2: Mahu2021 (325 in chips) 
Seat 3: lari.rios (1175 in chips) 
lari.rios: posts small blind 20
Mahu2021: posts big blind 40
*** HOLE CARDS ***
Dealt to Mahu2021 [5d 7c]
lari.rios: raises 1135 to 1175 and is all-in
Mahu2021: folds 
Uncalled bet (1135) returned to lari.rios
lari.rios collected 80 from pot
lari.rios: doesn't show hand 
*** SUMMARY ***
Total pot 80 | Rake 0 
Seat 2: Mahu2021 (big blind) folded before Flop
Seat 3: lari.rios (button) (small blind) collected (80)



PokerStars Hand #242941068655: Tournament #3573550402, $0.92+$0.08 USD Hold'em No Limit - Level III (20/40) - 2023/04/07 15:32:55 CET [2023/04/07 9:32:55 ET]
Table '3573550402 1' 3-max Seat #2 is the button
Seat 2: Mahu2021 (285 in chips) 
Seat 3: lari.rios (1215 in chips) 
Mahu2021: posts small blind 20
lari.rios: posts big blind 40
*** HOLE CARDS ***
Dealt to Mahu2021 [4s 7d]
Mahu2021: folds 
Uncalled bet (20) returned to lari.rios
lari.rios collected 40 from pot
lari.rios: doesn't show hand 
*** SUMMARY ***
Total pot 40 | Rake 0 
Seat 2: Mahu2021 (button) (small blind) folded before Flop
Seat 3: lari.rios (big blind) collected (40)



PokerStars Hand #242941069869: Tournament #3573550402, $0.92+$0.08 USD Hold'em No Limit - Level III (20/40) - 2023/04/07 15:33:00 CET [2023/04/07 9:33:00 ET]
Table '3573550402 1' 3-max Seat #3 is the button
Seat 2: Mahu2021 (265 in chips) 
Seat 3: lari.rios (1235 in chips) 
lari.rios: posts small blind 20
Mahu2021: posts big blind 40
*** HOLE CARDS ***
Dealt to Mahu2021 [6d 5c]
lari.rios: calls 20
Mahu2021: checks 
*** FLOP *** [Tc 5h Qh]
Mahu2021: bets 40
lari.rios: calls 40
*** TURN *** [Tc 5h Qh] [3h]
Mahu2021: bets 185 and is all-in
lari.rios: calls 185
*** RIVER *** [Tc 5h Qh 3h] [Ks]
*** SHOW DOWN ***
Mahu2021: shows [6d 5c] (a pair of Fives)
lari.rios: shows [Ah Js] (a straight, Ten to Ace)
lari.rios collected 530 from pot
Mahu2021 finished the tournament in 2nd place
lari.rios wins the tournament and receives $2.00 - congratulations!
*** SUMMARY ***
Total pot 530 | Rake 0 
Board [Tc 5h Qh 3h Ks]
Seat 2: Mahu2021 (big blind) showed [6d 5c] and lost with a pair of Fives
Seat 3: lari.rios (button) (small blind) showed [Ah Js] and won (530) with a straight, Ten to Ace



