PokerStars Hand #255175742213: Tournament #3866218305, $4.60+$0.40 USD Hold'em No Limit - Level I (10/20) - 2025/03/07 8:48:30 CET [2025/03/07 2:48:30 ET]
Table '3866218305 1' 3-max Seat #1 is the button
Seat 1: SebStil (500 in chips) 
Seat 2: Mahu2021 (500 in chips) 
Seat 3: coleouellette (500 in chips) 
Mahu2021: posts small blind 10
coleouellette: posts big blind 20
*** HOLE CARDS ***
Dealt to Mahu2021 [5h Ac]
SebStil: folds 
Mahu2021: raises 20 to 40
coleouellette: calls 20
*** FLOP *** [Jh 9c 4s]
Mahu2021: checks 
coleouellette: bets 60
Mahu2021: folds 
Uncalled bet (60) returned to coleouellette
coleouellette collected 80 from pot
*** SUMMARY ***
Total pot 80 | Rake 0 
Board [Jh 9c 4s]
Seat 1: SebStil (button) folded before Flop (didn't bet)
Seat 2: Mahu2021 (small blind) folded on the Flop
Seat 3: coleouellette (big blind) collected (80)



PokerStars Hand #255175743732: Tournament #3866218305, $4.60+$0.40 USD Hold'em No Limit - Level I (10/20) - 2025/03/07 8:48:50 CET [2025/03/07 2:48:50 ET]
Table '3866218305 1' 3-max Seat #2 is the button
Seat 1: SebStil (500 in chips) 
Seat 2: Mahu2021 (460 in chips) 
Seat 3: coleouellette (540 in chips) 
coleouellette: posts small blind 10
SebStil: posts big blind 20
*** HOLE CARDS ***
Dealt to Mahu2021 [Jc 4d]
Mahu2021: folds 
coleouellette: raises 20 to 40
SebStil: folds 
Uncalled bet (20) returned to coleouellette
coleouellette collected 40 from pot
*** SUMMARY ***
Total pot 40 | Rake 0 
Seat 1: SebStil (big blind) folded before Flop
Seat 2: Mahu2021 (button) folded before Flop (didn't bet)
Seat 3: coleouellette (small blind) collected (40)



PokerStars Hand #255175744344: Tournament #3866218305, $4.60+$0.40 USD Hold'em No Limit - Level I (10/20) - 2025/03/07 8:48:58 CET [2025/03/07 2:48:58 ET]
Table '3866218305 1' 3-max Seat #3 is the button
Seat 1: SebStil (480 in chips) 
Seat 2: Mahu2021 (460 in chips) 
Seat 3: coleouellette (560 in chips) 
SebStil: posts small blind 10
Mahu2021: posts big blind 20
*** HOLE CARDS ***
Dealt to Mahu2021 [2c Ad]
coleouellette: raises 40 to 60
SebStil: folds 
Mahu2021: folds 
Uncalled bet (40) returned to coleouellette
coleouellette collected 50 from pot
*** SUMMARY ***
Total pot 50 | Rake 0 
Seat 1: SebStil (small blind) folded before Flop
Seat 2: Mahu2021 (big blind) folded before Flop
Seat 3: coleouellette (button) collected (50)



PokerStars Hand #255175745037: Tournament #3866218305, $4.60+$0.40 USD Hold'em No Limit - Level I (10/20) - 2025/03/07 8:49:07 CET [2025/03/07 2:49:07 ET]
Table '3866218305 1' 3-max Seat #1 is the button
Seat 1: SebStil (470 in chips) 
Seat 2: Mahu2021 (440 in chips) 
Seat 3: coleouellette (590 in chips) 
Mahu2021: posts small blind 10
coleouellette: posts big blind 20
*** HOLE CARDS ***
Dealt to Mahu2021 [Js Jd]
SebStil: folds 
Mahu2021: raises 20 to 40
coleouellette: calls 20
*** FLOP *** [6s 5s 4s]
Mahu2021: checks 
coleouellette: bets 120
Mahu2021: raises 280 to 400 and is all-in
coleouellette: folds 
Uncalled bet (280) returned to Mahu2021
Mahu2021 collected 320 from pot
Mahu2021: doesn't show hand 
*** SUMMARY ***
Total pot 320 | Rake 0 
Board [6s 5s 4s]
Seat 1: SebStil (button) folded before Flop (didn't bet)
Seat 2: Mahu2021 (small blind) collected (320)
Seat 3: coleouellette (big blind) folded on the Flop



PokerStars Hand #255175746257: Tournament #3866218305, $4.60+$0.40 USD Hold'em No Limit - Level I (10/20) - 2025/03/07 8:49:24 CET [2025/03/07 2:49:24 ET]
Table '3866218305 1' 3-max Seat #2 is the button
Seat 1: SebStil (470 in chips) 
Seat 2: Mahu2021 (600 in chips) 
Seat 3: coleouellette (430 in chips) 
coleouellette: posts small blind 10
SebStil: posts big blind 20
*** HOLE CARDS ***
Dealt to Mahu2021 [5s 7h]
Mahu2021: folds 
coleouellette: calls 10
SebStil: checks 
*** FLOP *** [Ks 3s As]
coleouellette: checks 
SebStil: checks 
*** TURN *** [Ks 3s As] [8h]
coleouellette: bets 40
SebStil: folds 
Uncalled bet (40) returned to coleouellette
coleouellette collected 40 from pot
*** SUMMARY ***
Total pot 40 | Rake 0 
Board [Ks 3s As 8h]
Seat 1: SebStil (big blind) folded on the Turn
Seat 2: Mahu2021 (button) folded before Flop (didn't bet)
Seat 3: coleouellette (small blind) collected (40)



PokerStars Hand #255175747767: Tournament #3866218305, $4.60+$0.40 USD Hold'em No Limit - Level I (10/20) - 2025/03/07 8:49:43 CET [2025/03/07 2:49:43 ET]
Table '3866218305 1' 3-max Seat #3 is the button
Seat 1: SebStil (450 in chips) 
Seat 2: Mahu2021 (600 in chips) 
Seat 3: coleouellette (450 in chips) 
SebStil: posts small blind 10
Mahu2021: posts big blind 20
*** HOLE CARDS ***
Dealt to Mahu2021 [Th 8d]
coleouellette: calls 20
SebStil: folds 
Mahu2021: checks 
*** FLOP *** [4s Td Kd]
Mahu2021: checks 
coleouellette: bets 80
Mahu2021: folds 
Uncalled bet (80) returned to coleouellette
coleouellette collected 50 from pot
*** SUMMARY ***
Total pot 50 | Rake 0 
Board [4s Td Kd]
Seat 1: SebStil (small blind) folded before Flop
Seat 2: Mahu2021 (big blind) folded on the Flop
Seat 3: coleouellette (button) collected (50)



PokerStars Hand #255175749707: Tournament #3866218305, $4.60+$0.40 USD Hold'em No Limit - Level I (10/20) - 2025/03/07 8:50:09 CET [2025/03/07 2:50:09 ET]
Table '3866218305 1' 3-max Seat #1 is the button
Seat 1: SebStil (440 in chips) 
Seat 2: Mahu2021 (580 in chips) 
Seat 3: coleouellette (480 in chips) 
Mahu2021: posts small blind 10
coleouellette: posts big blind 20
*** HOLE CARDS ***
Dealt to Mahu2021 [2d Qd]
SebStil: folds 
Mahu2021: folds 
Uncalled bet (10) returned to coleouellette
coleouellette collected 20 from pot
*** SUMMARY ***
Total pot 20 | Rake 0 
Seat 1: SebStil (button) folded before Flop (didn't bet)
Seat 2: Mahu2021 (small blind) folded before Flop
Seat 3: coleouellette (big blind) collected (20)



PokerStars Hand #255175750501: Tournament #3866218305, $4.60+$0.40 USD Hold'em No Limit - Level I (10/20) - 2025/03/07 8:50:20 CET [2025/03/07 2:50:20 ET]
Table '3866218305 1' 3-max Seat #2 is the button
Seat 1: SebStil (440 in chips) 
Seat 2: Mahu2021 (570 in chips) 
Seat 3: coleouellette (490 in chips) 
coleouellette: posts small blind 10
SebStil: posts big blind 20
*** HOLE CARDS ***
Dealt to Mahu2021 [9d Jd]
Mahu2021: raises 20 to 40
coleouellette: folds 
SebStil: folds 
Uncalled bet (20) returned to Mahu2021
Mahu2021 collected 50 from pot
Mahu2021: doesn't show hand 
*** SUMMARY ***
Total pot 50 | Rake 0 
Seat 1: SebStil (big blind) folded before Flop
Seat 2: Mahu2021 (button) collected (50)
Seat 3: coleouellette (small blind) folded before Flop



PokerStars Hand #255175751146: Tournament #3866218305, $4.60+$0.40 USD Hold'em No Limit - Level I (10/20) - 2025/03/07 8:50:28 CET [2025/03/07 2:50:28 ET]
Table '3866218305 1' 3-max Seat #3 is the button
Seat 1: SebStil (420 in chips) 
Seat 2: Mahu2021 (600 in chips) 
Seat 3: coleouellette (480 in chips) 
SebStil: posts small blind 10
Mahu2021: posts big blind 20
*** HOLE CARDS ***
Dealt to Mahu2021 [9h Qc]
coleouellette: raises 20 to 40
SebStil: raises 380 to 420 and is all-in
Mahu2021: folds 
coleouellette: calls 380
*** FLOP *** [Qh 7s Js]
*** TURN *** [Qh 7s Js] [7h]
*** RIVER *** [Qh 7s Js 7h] [4s]
*** SHOW DOWN ***
SebStil: shows [6s 6d] (two pair, Sevens and Sixes)
coleouellette: shows [Jc Qd] (two pair, Queens and Jacks)
coleouellette collected 860 from pot
SebStil finished the tournament in 3rd place
*** SUMMARY ***
Total pot 860 | Rake 0 
Board [Qh 7s Js 7h 4s]
Seat 1: SebStil (small blind) showed [6s 6d] and lost with two pair, Sevens and Sixes
Seat 2: Mahu2021 (big blind) folded before Flop
Seat 3: coleouellette (button) showed [Jc Qd] and won (860) with two pair, Queens and Jacks



PokerStars Hand #255175752608: Tournament #3866218305, $4.60+$0.40 USD Hold'em No Limit - Level I (10/20) - 2025/03/07 8:50:47 CET [2025/03/07 2:50:47 ET]
Table '3866218305 1' 3-max Seat #2 is the button
Seat 2: Mahu2021 (580 in chips) 
Seat 3: coleouellette (920 in chips) 
Mahu2021: posts small blind 10
coleouellette: posts big blind 20
*** HOLE CARDS ***
Dealt to Mahu2021 [5d 9h]
Mahu2021: folds 
Uncalled bet (10) returned to coleouellette
coleouellette collected 20 from pot
*** SUMMARY ***
Total pot 20 | Rake 0 
Seat 2: Mahu2021 (button) (small blind) folded before Flop
Seat 3: coleouellette (big blind) collected (20)



PokerStars Hand #255175752958: Tournament #3866218305, $4.60+$0.40 USD Hold'em No Limit - Level I (10/20) - 2025/03/07 8:50:52 CET [2025/03/07 2:50:52 ET]
Table '3866218305 1' 3-max Seat #3 is the button
Seat 2: Mahu2021 (570 in chips) 
Seat 3: coleouellette (930 in chips) 
coleouellette: posts small blind 10
Mahu2021: posts big blind 20
*** HOLE CARDS ***
Dealt to Mahu2021 [8d Jc]
coleouellette: calls 10
Mahu2021: checks 
*** FLOP *** [7c 4h 4c]
Mahu2021: checks 
coleouellette: checks 
*** TURN *** [7c 4h 4c] [As]
Mahu2021: checks 
coleouellette: checks 
*** RIVER *** [7c 4h 4c As] [4s]
Mahu2021: checks 
coleouellette: checks 
*** SHOW DOWN ***
Mahu2021: shows [8d Jc] (three of a kind, Fours)
coleouellette: mucks hand 
Mahu2021 collected 40 from pot
*** SUMMARY ***
Total pot 40 | Rake 0 
Board [7c 4h 4c As 4s]
Seat 2: Mahu2021 (big blind) showed [8d Jc] and won (40) with three of a kind, Fours
Seat 3: coleouellette (button) (small blind) mucked [6c 9s]



PokerStars Hand #255175753916: Tournament #3866218305, $4.60+$0.40 USD Hold'em No Limit - Level I (10/20) - 2025/03/07 8:51:05 CET [2025/03/07 2:51:05 ET]
Table '3866218305 1' 3-max Seat #2 is the button
Seat 2: Mahu2021 (590 in chips) 
Seat 3: coleouellette (910 in chips) 
Mahu2021: posts small blind 10
coleouellette: posts big blind 20
*** HOLE CARDS ***
Dealt to Mahu2021 [9c Ad]
Mahu2021: raises 60 to 80
coleouellette: calls 60
*** FLOP *** [Tc 6s 4c]
coleouellette: bets 20
Mahu2021: raises 490 to 510 and is all-in
coleouellette: calls 490
*** TURN *** [Tc 6s 4c] [5d]
*** RIVER *** [Tc 6s 4c 5d] [8h]
*** SHOW DOWN ***
coleouellette: shows [Kd 6d] (a pair of Sixes)
Mahu2021: shows [9c Ad] (high card Ace)
coleouellette collected 1180 from pot
Mahu2021 finished the tournament in 2nd place
coleouellette wins the tournament and receives $15.00 - congratulations!
*** SUMMARY ***
Total pot 1180 | Rake 0 
Board [Tc 6s 4c 5d 8h]
Seat 2: Mahu2021 (button) (small blind) showed [9c Ad] and lost with high card Ace
Seat 3: coleouellette (big blind) showed [Kd 6d] and won (1180) with a pair of Sixes



