PokerStars Hand #247001448241: Tournament #3670146705, $1.84+$0.16 USD Hold'em No Limit - Level I (10/20) - 2023/11/08 21:14:32 CET [2023/11/08 15:14:32 ET]
Table '3670146705 1' 3-max Seat #1 is the button
Seat 1: agathorn27 (500 in chips) 
Seat 2: Mahu2021 (500 in chips) 
Seat 3: nojokepro (500 in chips) 
Mahu2021: posts small blind 10
nojokepro: posts big blind 20
*** HOLE CARDS ***
Dealt to Mahu2021 [3d 7d]
agathorn27: raises 20 to 40
Mahu2021: folds 
nojokepro: calls 20
*** FLOP *** [Kc 2s 2c]
nojokepro: checks 
agathorn27: bets 90
nojokepro: folds 
Uncalled bet (90) returned to agathorn27
agathorn27 collected 90 from pot
agathorn27: doesn't show hand 
*** SUMMARY ***
Total pot 90 | Rake 0 
Board [Kc 2s 2c]
Seat 1: agathorn27 (button) collected (90)
Seat 2: Mahu2021 (small blind) folded before Flop
Seat 3: nojokepro (big blind) folded on the Flop



PokerStars Hand #247001455271: Tournament #3670146705, $1.84+$0.16 USD Hold'em No Limit - Level I (10/20) - 2023/11/08 21:14:52 CET [2023/11/08 15:14:52 ET]
Table '3670146705 1' 3-max Seat #2 is the button
Seat 1: agathorn27 (550 in chips) 
Seat 2: Mahu2021 (490 in chips) 
Seat 3: nojokepro (460 in chips) 
nojokepro: posts small blind 10
agathorn27: posts big blind 20
*** HOLE CARDS ***
Dealt to Mahu2021 [7s 4c]
Mahu2021: folds 
nojokepro: calls 10
agathorn27: checks 
*** FLOP *** [7h 3d As]
nojokepro: bets 20
agathorn27: calls 20
*** TURN *** [7h 3d As] [7c]
nojokepro: bets 40
agathorn27: calls 40
*** RIVER *** [7h 3d As 7c] [5h]
nojokepro: bets 100
agathorn27: folds 
Uncalled bet (100) returned to nojokepro
nojokepro collected 160 from pot
*** SUMMARY ***
Total pot 160 | Rake 0 
Board [7h 3d As 7c 5h]
Seat 1: agathorn27 (big blind) folded on the River
Seat 2: Mahu2021 (button) folded before Flop (didn't bet)
Seat 3: nojokepro (small blind) collected (160)



PokerStars Hand #247001466838: Tournament #3670146705, $1.84+$0.16 USD Hold'em No Limit - Level I (10/20) - 2023/11/08 21:15:25 CET [2023/11/08 15:15:25 ET]
Table '3670146705 1' 3-max Seat #3 is the button
Seat 1: agathorn27 (470 in chips) 
Seat 2: Mahu2021 (490 in chips) 
Seat 3: nojokepro (540 in chips) 
agathorn27: posts small blind 10
Mahu2021: posts big blind 20
*** HOLE CARDS ***
Dealt to Mahu2021 [5h Jh]
nojokepro: folds 
agathorn27: raises 20 to 40
Mahu2021: calls 20
*** FLOP *** [7c 5s 9s]
agathorn27: checks 
Mahu2021: checks 
*** TURN *** [7c 5s 9s] [7h]
agathorn27: bets 40
Mahu2021: calls 40
*** RIVER *** [7c 5s 9s 7h] [8d]
agathorn27: bets 80
Mahu2021: calls 80
*** SHOW DOWN ***
agathorn27: shows [Ks 4h] (a pair of Sevens)
Mahu2021: shows [5h Jh] (two pair, Sevens and Fives)
Mahu2021 collected 320 from pot
*** SUMMARY ***
Total pot 320 | Rake 0 
Board [7c 5s 9s 7h 8d]
Seat 1: agathorn27 (small blind) showed [Ks 4h] and lost with a pair of Sevens
Seat 2: Mahu2021 (big blind) showed [5h Jh] and won (320) with two pair, Sevens and Fives
Seat 3: nojokepro (button) folded before Flop (didn't bet)



PokerStars Hand #247001475020: Tournament #3670146705, $1.84+$0.16 USD Hold'em No Limit - Level I (10/20) - 2023/11/08 21:15:49 CET [2023/11/08 15:15:49 ET]
Table '3670146705 1' 3-max Seat #1 is the button
Seat 1: agathorn27 (310 in chips) 
Seat 2: Mahu2021 (650 in chips) 
Seat 3: nojokepro (540 in chips) 
Mahu2021: posts small blind 10
nojokepro: posts big blind 20
*** HOLE CARDS ***
Dealt to Mahu2021 [Th Jc]
agathorn27: folds 
Mahu2021: raises 20 to 40
nojokepro: calls 20
*** FLOP *** [8s Qs 2h]
Mahu2021: checks 
nojokepro: bets 120
Mahu2021: folds 
Uncalled bet (120) returned to nojokepro
nojokepro collected 80 from pot
*** SUMMARY ***
Total pot 80 | Rake 0 
Board [8s Qs 2h]
Seat 1: agathorn27 (button) folded before Flop (didn't bet)
Seat 2: Mahu2021 (small blind) folded on the Flop
Seat 3: nojokepro (big blind) collected (80)



PokerStars Hand #247001481794: Tournament #3670146705, $1.84+$0.16 USD Hold'em No Limit - Level I (10/20) - 2023/11/08 21:16:08 CET [2023/11/08 15:16:08 ET]
Table '3670146705 1' 3-max Seat #2 is the button
Seat 1: agathorn27 (310 in chips) 
Seat 2: Mahu2021 (610 in chips) 
Seat 3: nojokepro (580 in chips) 
nojokepro: posts small blind 10
agathorn27: posts big blind 20
*** HOLE CARDS ***
Dealt to Mahu2021 [5h Qc]
Mahu2021: folds 
nojokepro: calls 10
agathorn27: checks 
*** FLOP *** [6c 3d 8h]
nojokepro: bets 20
agathorn27: raises 80 to 100
nojokepro: calls 80
*** TURN *** [6c 3d 8h] [Jh]
nojokepro: checks 
agathorn27: bets 190 and is all-in
nojokepro: calls 190
*** RIVER *** [6c 3d 8h Jh] [8c]
*** SHOW DOWN ***
nojokepro: shows [Js 6h] (two pair, Jacks and Eights)
agathorn27: shows [8d 2c] (three of a kind, Eights)
agathorn27 collected 620 from pot
*** SUMMARY ***
Total pot 620 | Rake 0 
Board [6c 3d 8h Jh 8c]
Seat 1: agathorn27 (big blind) showed [8d 2c] and won (620) with three of a kind, Eights
Seat 2: Mahu2021 (button) folded before Flop (didn't bet)
Seat 3: nojokepro (small blind) showed [Js 6h] and lost with two pair, Jacks and Eights



PokerStars Hand #247001494988: Tournament #3670146705, $1.84+$0.16 USD Hold'em No Limit - Level II (15/30) - 2023/11/08 21:16:45 CET [2023/11/08 15:16:45 ET]
Table '3670146705 1' 3-max Seat #3 is the button
Seat 1: agathorn27 (620 in chips) 
Seat 2: Mahu2021 (610 in chips) 
Seat 3: nojokepro (270 in chips) 
agathorn27: posts small blind 15
Mahu2021: posts big blind 30
*** HOLE CARDS ***
Dealt to Mahu2021 [Ah 7h]
nojokepro: calls 30
agathorn27: calls 15
Mahu2021: checks 
*** FLOP *** [5d Ac 9d]
agathorn27: checks 
Mahu2021: bets 90
nojokepro: folds 
agathorn27: folds 
Uncalled bet (90) returned to Mahu2021
Mahu2021 collected 90 from pot
Mahu2021: doesn't show hand 
*** SUMMARY ***
Total pot 90 | Rake 0 
Board [5d Ac 9d]
Seat 1: agathorn27 (small blind) folded on the Flop
Seat 2: Mahu2021 (big blind) collected (90)
Seat 3: nojokepro (button) folded on the Flop



PokerStars Hand #247001501949: Tournament #3670146705, $1.84+$0.16 USD Hold'em No Limit - Level II (15/30) - 2023/11/08 21:17:05 CET [2023/11/08 15:17:05 ET]
Table '3670146705 1' 3-max Seat #1 is the button
Seat 1: agathorn27 (590 in chips) 
Seat 2: Mahu2021 (670 in chips) 
Seat 3: nojokepro (240 in chips) 
Mahu2021: posts small blind 15
nojokepro: posts big blind 30
*** HOLE CARDS ***
Dealt to Mahu2021 [As Th]
agathorn27: folds 
Mahu2021: raises 60 to 90
nojokepro: folds 
Uncalled bet (60) returned to Mahu2021
Mahu2021 collected 60 from pot
Mahu2021: doesn't show hand 
*** SUMMARY ***
Total pot 60 | Rake 0 
Seat 1: agathorn27 (button) folded before Flop (didn't bet)
Seat 2: Mahu2021 (small blind) collected (60)
Seat 3: nojokepro (big blind) folded before Flop



PokerStars Hand #247001505280: Tournament #3670146705, $1.84+$0.16 USD Hold'em No Limit - Level II (15/30) - 2023/11/08 21:17:14 CET [2023/11/08 15:17:14 ET]
Table '3670146705 1' 3-max Seat #2 is the button
Seat 1: agathorn27 (590 in chips) 
Seat 2: Mahu2021 (700 in chips) 
Seat 3: nojokepro (210 in chips) 
nojokepro: posts small blind 15
agathorn27: posts big blind 30
*** HOLE CARDS ***
Dealt to Mahu2021 [Jc 6s]
Mahu2021: folds 
nojokepro: raises 30 to 60
agathorn27: raises 180 to 240
nojokepro: calls 150 and is all-in
Uncalled bet (30) returned to agathorn27
*** FLOP *** [2d Kd Qh]
*** TURN *** [2d Kd Qh] [As]
*** RIVER *** [2d Kd Qh As] [Qs]
*** SHOW DOWN ***
nojokepro: shows [Ts Th] (two pair, Queens and Tens)
agathorn27: shows [7s Ah] (two pair, Aces and Queens)
agathorn27 collected 420 from pot
nojokepro finished the tournament in 3rd place
*** SUMMARY ***
Total pot 420 | Rake 0 
Board [2d Kd Qh As Qs]
Seat 1: agathorn27 (big blind) showed [7s Ah] and won (420) with two pair, Aces and Queens
Seat 2: Mahu2021 (button) folded before Flop (didn't bet)
Seat 3: nojokepro (small blind) showed [Ts Th] and lost with two pair, Queens and Tens



PokerStars Hand #247001512969: Tournament #3670146705, $1.84+$0.16 USD Hold'em No Limit - Level II (15/30) - 2023/11/08 21:17:36 CET [2023/11/08 15:17:36 ET]
Table '3670146705 1' 3-max Seat #1 is the button
Seat 1: agathorn27 (800 in chips) 
Seat 2: Mahu2021 (700 in chips) 
agathorn27: posts small blind 15
Mahu2021: posts big blind 30
*** HOLE CARDS ***
Dealt to Mahu2021 [Ks 2c]
agathorn27: raises 60 to 90
Mahu2021: folds 
Uncalled bet (60) returned to agathorn27
agathorn27 collected 60 from pot
agathorn27: doesn't show hand 
*** SUMMARY ***
Total pot 60 | Rake 0 
Seat 1: agathorn27 (button) (small blind) collected (60)
Seat 2: Mahu2021 (big blind) folded before Flop



PokerStars Hand #247001515672: Tournament #3670146705, $1.84+$0.16 USD Hold'em No Limit - Level II (15/30) - 2023/11/08 21:17:44 CET [2023/11/08 15:17:44 ET]
Table '3670146705 1' 3-max Seat #2 is the button
Seat 1: agathorn27 (830 in chips) 
Seat 2: Mahu2021 (670 in chips) 
Mahu2021: posts small blind 15
agathorn27: posts big blind 30
*** HOLE CARDS ***
Dealt to Mahu2021 [6h 7d]
Mahu2021: calls 15
agathorn27: raises 120 to 150
Mahu2021: folds 
Uncalled bet (120) returned to agathorn27
agathorn27 collected 60 from pot
agathorn27: doesn't show hand 
*** SUMMARY ***
Total pot 60 | Rake 0 
Seat 1: agathorn27 (big blind) collected (60)
Seat 2: Mahu2021 (button) (small blind) folded before Flop



PokerStars Hand #247001519241: Tournament #3670146705, $1.84+$0.16 USD Hold'em No Limit - Level II (15/30) - 2023/11/08 21:17:54 CET [2023/11/08 15:17:54 ET]
Table '3670146705 1' 3-max Seat #1 is the button
Seat 1: agathorn27 (860 in chips) 
Seat 2: Mahu2021 (640 in chips) 
agathorn27: posts small blind 15
Mahu2021: posts big blind 30
*** HOLE CARDS ***
Dealt to Mahu2021 [3h Qs]
agathorn27: folds 
Uncalled bet (15) returned to Mahu2021
Mahu2021 collected 30 from pot
Mahu2021: doesn't show hand 
*** SUMMARY ***
Total pot 30 | Rake 0 
Seat 1: agathorn27 (button) (small blind) folded before Flop
Seat 2: Mahu2021 (big blind) collected (30)



PokerStars Hand #247001521163: Tournament #3670146705, $1.84+$0.16 USD Hold'em No Limit - Level II (15/30) - 2023/11/08 21:17:59 CET [2023/11/08 15:17:59 ET]
Table '3670146705 1' 3-max Seat #2 is the button
Seat 1: agathorn27 (845 in chips) 
Seat 2: Mahu2021 (655 in chips) 
Mahu2021: posts small blind 15
agathorn27: posts big blind 30
*** HOLE CARDS ***
Dealt to Mahu2021 [5d 9h]
Mahu2021: folds 
Uncalled bet (15) returned to agathorn27
agathorn27 collected 30 from pot
agathorn27: doesn't show hand 
*** SUMMARY ***
Total pot 30 | Rake 0 
Seat 1: agathorn27 (big blind) collected (30)
Seat 2: Mahu2021 (button) (small blind) folded before Flop



PokerStars Hand #247001522743: Tournament #3670146705, $1.84+$0.16 USD Hold'em No Limit - Level II (15/30) - 2023/11/08 21:18:04 CET [2023/11/08 15:18:04 ET]
Table '3670146705 1' 3-max Seat #1 is the button
Seat 1: agathorn27 (860 in chips) 
Seat 2: Mahu2021 (640 in chips) 
agathorn27: posts small blind 15
Mahu2021: posts big blind 30
*** HOLE CARDS ***
Dealt to Mahu2021 [Kc 8s]
agathorn27: raises 90 to 120
Mahu2021: folds 
Uncalled bet (90) returned to agathorn27
agathorn27 collected 60 from pot
agathorn27: doesn't show hand 
*** SUMMARY ***
Total pot 60 | Rake 0 
Seat 1: agathorn27 (button) (small blind) collected (60)
Seat 2: Mahu2021 (big blind) folded before Flop



PokerStars Hand #247001526171: Tournament #3670146705, $1.84+$0.16 USD Hold'em No Limit - Level II (15/30) - 2023/11/08 21:18:14 CET [2023/11/08 15:18:14 ET]
Table '3670146705 1' 3-max Seat #2 is the button
Seat 1: agathorn27 (890 in chips) 
Seat 2: Mahu2021 (610 in chips) 
Mahu2021: posts small blind 15
agathorn27: posts big blind 30
*** HOLE CARDS ***
Dealt to Mahu2021 [Qc 8c]
Mahu2021: calls 15
agathorn27: checks 
*** FLOP *** [Qh 3c Kh]
agathorn27: checks 
Mahu2021: bets 30
agathorn27: raises 30 to 60
Mahu2021: raises 90 to 150
agathorn27: calls 90
*** TURN *** [Qh 3c Kh] [Js]
agathorn27: bets 180
Mahu2021: folds 
Uncalled bet (180) returned to agathorn27
agathorn27 collected 360 from pot
agathorn27: doesn't show hand 
*** SUMMARY ***
Total pot 360 | Rake 0 
Board [Qh 3c Kh Js]
Seat 1: agathorn27 (big blind) collected (360)
Seat 2: Mahu2021 (button) (small blind) folded on the Turn



PokerStars Hand #247001535877: Tournament #3670146705, $1.84+$0.16 USD Hold'em No Limit - Level III (20/40) - 2023/11/08 21:18:41 CET [2023/11/08 15:18:41 ET]
Table '3670146705 1' 3-max Seat #1 is the button
Seat 1: agathorn27 (1070 in chips) 
Seat 2: Mahu2021 (430 in chips) 
agathorn27: posts small blind 20
Mahu2021: posts big blind 40
*** HOLE CARDS ***
Dealt to Mahu2021 [Jd 5h]
agathorn27: raises 160 to 200
Mahu2021: folds 
Uncalled bet (160) returned to agathorn27
agathorn27 collected 80 from pot
agathorn27: doesn't show hand 
*** SUMMARY ***
Total pot 80 | Rake 0 
Seat 1: agathorn27 (button) (small blind) collected (80)
Seat 2: Mahu2021 (big blind) folded before Flop



PokerStars Hand #247001538358: Tournament #3670146705, $1.84+$0.16 USD Hold'em No Limit - Level III (20/40) - 2023/11/08 21:18:48 CET [2023/11/08 15:18:48 ET]
Table '3670146705 1' 3-max Seat #2 is the button
Seat 1: agathorn27 (1110 in chips) 
Seat 2: Mahu2021 (390 in chips) 
Mahu2021: posts small blind 20
agathorn27: posts big blind 40
*** HOLE CARDS ***
Dealt to Mahu2021 [Th 5c]
Mahu2021: folds 
Uncalled bet (20) returned to agathorn27
agathorn27 collected 40 from pot
agathorn27: doesn't show hand 
*** SUMMARY ***
Total pot 40 | Rake 0 
Seat 1: agathorn27 (big blind) collected (40)
Seat 2: Mahu2021 (button) (small blind) folded before Flop



PokerStars Hand #247001539803: Tournament #3670146705, $1.84+$0.16 USD Hold'em No Limit - Level III (20/40) - 2023/11/08 21:18:52 CET [2023/11/08 15:18:52 ET]
Table '3670146705 1' 3-max Seat #1 is the button
Seat 1: agathorn27 (1130 in chips) 
Seat 2: Mahu2021 (370 in chips) 
agathorn27: posts small blind 20
Mahu2021: posts big blind 40
*** HOLE CARDS ***
Dealt to Mahu2021 [7s Tc]
agathorn27: raises 240 to 280
Mahu2021: folds 
Uncalled bet (240) returned to agathorn27
agathorn27 collected 80 from pot
agathorn27: doesn't show hand 
*** SUMMARY ***
Total pot 80 | Rake 0 
Seat 1: agathorn27 (button) (small blind) collected (80)
Seat 2: Mahu2021 (big blind) folded before Flop



PokerStars Hand #247001542560: Tournament #3670146705, $1.84+$0.16 USD Hold'em No Limit - Level III (20/40) - 2023/11/08 21:19:00 CET [2023/11/08 15:19:00 ET]
Table '3670146705 1' 3-max Seat #2 is the button
Seat 1: agathorn27 (1170 in chips) 
Seat 2: Mahu2021 (330 in chips) 
Mahu2021: posts small blind 20
agathorn27: posts big blind 40
*** HOLE CARDS ***
Dealt to Mahu2021 [Th 2d]
Mahu2021: folds 
Uncalled bet (20) returned to agathorn27
agathorn27 collected 40 from pot
agathorn27: doesn't show hand 
*** SUMMARY ***
Total pot 40 | Rake 0 
Seat 1: agathorn27 (big blind) collected (40)
Seat 2: Mahu2021 (button) (small blind) folded before Flop



PokerStars Hand #247001544083: Tournament #3670146705, $1.84+$0.16 USD Hold'em No Limit - Level III (20/40) - 2023/11/08 21:19:04 CET [2023/11/08 15:19:04 ET]
Table '3670146705 1' 3-max Seat #1 is the button
Seat 1: agathorn27 (1190 in chips) 
Seat 2: Mahu2021 (310 in chips) 
agathorn27: posts small blind 20
Mahu2021: posts big blind 40
*** HOLE CARDS ***
Dealt to Mahu2021 [6c As]
agathorn27: calls 20
Mahu2021: raises 270 to 310 and is all-in
agathorn27: folds 
Uncalled bet (270) returned to Mahu2021
Mahu2021 collected 80 from pot
Mahu2021: doesn't show hand 
*** SUMMARY ***
Total pot 80 | Rake 0 
Seat 1: agathorn27 (button) (small blind) folded before Flop
Seat 2: Mahu2021 (big blind) collected (80)



PokerStars Hand #247001547119: Tournament #3670146705, $1.84+$0.16 USD Hold'em No Limit - Level III (20/40) - 2023/11/08 21:19:13 CET [2023/11/08 15:19:13 ET]
Table '3670146705 1' 3-max Seat #2 is the button
Seat 1: agathorn27 (1150 in chips) 
Seat 2: Mahu2021 (350 in chips) 
Mahu2021: posts small blind 20
agathorn27: posts big blind 40
*** HOLE CARDS ***
Dealt to Mahu2021 [9s Ac]
Mahu2021: calls 20
agathorn27: checks 
*** FLOP *** [9d 6h 4d]
agathorn27: checks 
Mahu2021: bets 80
agathorn27: calls 80
*** TURN *** [9d 6h 4d] [Js]
agathorn27: checks 
Mahu2021: bets 230 and is all-in
agathorn27: folds 
Uncalled bet (230) returned to Mahu2021
Mahu2021 collected 240 from pot
Mahu2021: doesn't show hand 
*** SUMMARY ***
Total pot 240 | Rake 0 
Board [9d 6h 4d Js]
Seat 1: agathorn27 (big blind) folded on the Turn
Seat 2: Mahu2021 (button) (small blind) collected (240)



PokerStars Hand #247001553036: Tournament #3670146705, $1.84+$0.16 USD Hold'em No Limit - Level III (20/40) - 2023/11/08 21:19:29 CET [2023/11/08 15:19:29 ET]
Table '3670146705 1' 3-max Seat #1 is the button
Seat 1: agathorn27 (1030 in chips) 
Seat 2: Mahu2021 (470 in chips) 
agathorn27: posts small blind 20
Mahu2021: posts big blind 40
*** HOLE CARDS ***
Dealt to Mahu2021 [8c 4c]
agathorn27: raises 120 to 160
Mahu2021: folds 
Uncalled bet (120) returned to agathorn27
agathorn27 collected 80 from pot
agathorn27: doesn't show hand 
*** SUMMARY ***
Total pot 80 | Rake 0 
Seat 1: agathorn27 (button) (small blind) collected (80)
Seat 2: Mahu2021 (big blind) folded before Flop



PokerStars Hand #247001555881: Tournament #3670146705, $1.84+$0.16 USD Hold'em No Limit - Level III (20/40) - 2023/11/08 21:19:37 CET [2023/11/08 15:19:37 ET]
Table '3670146705 1' 3-max Seat #2 is the button
Seat 1: agathorn27 (1070 in chips) 
Seat 2: Mahu2021 (430 in chips) 
Mahu2021: posts small blind 20
agathorn27: posts big blind 40
*** HOLE CARDS ***
Dealt to Mahu2021 [8s 9c]
Mahu2021: calls 20
agathorn27: raises 40 to 80
Mahu2021: calls 40
*** FLOP *** [Kd As 2d]
agathorn27: checks 
Mahu2021: checks 
*** TURN *** [Kd As 2d] [5s]
agathorn27: bets 160
Mahu2021: folds 
Uncalled bet (160) returned to agathorn27
agathorn27 collected 160 from pot
agathorn27: doesn't show hand 
*** SUMMARY ***
Total pot 160 | Rake 0 
Board [Kd As 2d 5s]
Seat 1: agathorn27 (big blind) collected (160)
Seat 2: Mahu2021 (button) (small blind) folded on the Turn



PokerStars Hand #247001560502: Tournament #3670146705, $1.84+$0.16 USD Hold'em No Limit - Level III (20/40) - 2023/11/08 21:19:51 CET [2023/11/08 15:19:51 ET]
Table '3670146705 1' 3-max Seat #1 is the button
Seat 1: agathorn27 (1150 in chips) 
Seat 2: Mahu2021 (350 in chips) 
agathorn27: posts small blind 20
Mahu2021: posts big blind 40
*** HOLE CARDS ***
Dealt to Mahu2021 [Qh 9c]
agathorn27: raises 160 to 200
Mahu2021: folds 
Uncalled bet (160) returned to agathorn27
agathorn27 collected 80 from pot
agathorn27: doesn't show hand 
*** SUMMARY ***
Total pot 80 | Rake 0 
Seat 1: agathorn27 (button) (small blind) collected (80)
Seat 2: Mahu2021 (big blind) folded before Flop



PokerStars Hand #247001563355: Tournament #3670146705, $1.84+$0.16 USD Hold'em No Limit - Level III (20/40) - 2023/11/08 21:19:59 CET [2023/11/08 15:19:59 ET]
Table '3670146705 1' 3-max Seat #2 is the button
Seat 1: agathorn27 (1190 in chips) 
Seat 2: Mahu2021 (310 in chips) 
Mahu2021: posts small blind 20
agathorn27: posts big blind 40
*** HOLE CARDS ***
Dealt to Mahu2021 [3h Jc]
Mahu2021: folds 
Uncalled bet (20) returned to agathorn27
agathorn27 collected 40 from pot
agathorn27: doesn't show hand 
*** SUMMARY ***
Total pot 40 | Rake 0 
Seat 1: agathorn27 (big blind) collected (40)
Seat 2: Mahu2021 (button) (small blind) folded before Flop



PokerStars Hand #247001564865: Tournament #3670146705, $1.84+$0.16 USD Hold'em No Limit - Level III (20/40) - 2023/11/08 21:20:03 CET [2023/11/08 15:20:03 ET]
Table '3670146705 1' 3-max Seat #1 is the button
Seat 1: agathorn27 (1210 in chips) 
Seat 2: Mahu2021 (290 in chips) 
agathorn27: posts small blind 20
Mahu2021: posts big blind 40
*** HOLE CARDS ***
Dealt to Mahu2021 [4c Ah]
agathorn27: folds 
Uncalled bet (20) returned to Mahu2021
Mahu2021 collected 40 from pot
Mahu2021: doesn't show hand 
*** SUMMARY ***
Total pot 40 | Rake 0 
Seat 1: agathorn27 (button) (small blind) folded before Flop
Seat 2: Mahu2021 (big blind) collected (40)



PokerStars Hand #247001566480: Tournament #3670146705, $1.84+$0.16 USD Hold'em No Limit - Level III (20/40) - 2023/11/08 21:20:07 CET [2023/11/08 15:20:07 ET]
Table '3670146705 1' 3-max Seat #2 is the button
Seat 1: agathorn27 (1190 in chips) 
Seat 2: Mahu2021 (310 in chips) 
Mahu2021: posts small blind 20
agathorn27: posts big blind 40
*** HOLE CARDS ***
Dealt to Mahu2021 [3c 9h]
Mahu2021: folds 
Uncalled bet (20) returned to agathorn27
agathorn27 collected 40 from pot
agathorn27: doesn't show hand 
*** SUMMARY ***
Total pot 40 | Rake 0 
Seat 1: agathorn27 (big blind) collected (40)
Seat 2: Mahu2021 (button) (small blind) folded before Flop



PokerStars Hand #247001567917: Tournament #3670146705, $1.84+$0.16 USD Hold'em No Limit - Level III (20/40) - 2023/11/08 21:20:12 CET [2023/11/08 15:20:12 ET]
Table '3670146705 1' 3-max Seat #1 is the button
Seat 1: agathorn27 (1210 in chips) 
Seat 2: Mahu2021 (290 in chips) 
agathorn27: posts small blind 20
Mahu2021: posts big blind 40
*** HOLE CARDS ***
Dealt to Mahu2021 [Jd 2c]
agathorn27: folds 
Uncalled bet (20) returned to Mahu2021
Mahu2021 collected 40 from pot
Mahu2021: doesn't show hand 
*** SUMMARY ***
Total pot 40 | Rake 0 
Seat 1: agathorn27 (button) (small blind) folded before Flop
Seat 2: Mahu2021 (big blind) collected (40)



PokerStars Hand #247001569380: Tournament #3670146705, $1.84+$0.16 USD Hold'em No Limit - Level III (20/40) - 2023/11/08 21:20:16 CET [2023/11/08 15:20:16 ET]
Table '3670146705 1' 3-max Seat #2 is the button
Seat 1: agathorn27 (1190 in chips) 
Seat 2: Mahu2021 (310 in chips) 
Mahu2021: posts small blind 20
agathorn27: posts big blind 40
*** HOLE CARDS ***
Dealt to Mahu2021 [Kd Tc]
Mahu2021: calls 20
agathorn27: raises 320 to 360
Mahu2021: calls 270 and is all-in
Uncalled bet (50) returned to agathorn27
*** FLOP *** [6h Ac 9s]
*** TURN *** [6h Ac 9s] [Qc]
*** RIVER *** [6h Ac 9s Qc] [4c]
*** SHOW DOWN ***
agathorn27: shows [3h 3d] (a pair of Threes)
Mahu2021: shows [Kd Tc] (high card Ace)
agathorn27 collected 620 from pot
Mahu2021 finished the tournament in 2nd place
agathorn27 wins the tournament and receives $4.00 - congratulations!
*** SUMMARY ***
Total pot 620 | Rake 0 
Board [6h Ac 9s Qc 4c]
Seat 1: agathorn27 (big blind) showed [3h 3d] and won (620) with a pair of Threes
Seat 2: Mahu2021 (button) (small blind) showed [Kd Tc] and lost with high card Ace



