PokerStars Hand #245142882339: Tournament #3625329049, $0.92+$0.08 USD Hold'em No Limit - Level I (10/20) - 2023/08/01 17:28:48 CET [2023/08/01 11:28:48 ET]
Table '3625329049 1' 3-max Seat #1 is the button
Seat 1: Mahu2021 (500 in chips) 
Seat 2: Kopper1205 (500 in chips) 
Seat 3: present797 (500 in chips) 
Kopper1205: posts small blind 10
present797: posts big blind 20
*** HOLE CARDS ***
Dealt to Mahu2021 [Th 5c]
Mahu2021: folds 
Kopper1205: folds 
Uncalled bet (10) returned to present797
present797 collected 20 from pot
present797: doesn't show hand 
*** SUMMARY ***
Total pot 20 | Rake 0 
Seat 1: Mahu2021 (button) folded before Flop (didn't bet)
Seat 2: Kopper1205 (small blind) folded before Flop
Seat 3: present797 (big blind) collected (20)



PokerStars Hand #245142883810: Tournament #3625329049, $0.92+$0.08 USD Hold'em No Limit - Level I (10/20) - 2023/08/01 17:28:55 CET [2023/08/01 11:28:55 ET]
Table '3625329049 1' 3-max Seat #2 is the button
Seat 1: Mahu2021 (500 in chips) 
Seat 2: Kopper1205 (490 in chips) 
Seat 3: present797 (510 in chips) 
present797: posts small blind 10
Mahu2021: posts big blind 20
*** HOLE CARDS ***
Dealt to Mahu2021 [3c 5h]
Kopper1205: calls 20
present797: raises 40 to 60
Mahu2021: folds 
Kopper1205: calls 40
*** FLOP *** [4h 2h 3s]
present797: bets 60
Kopper1205: folds 
Uncalled bet (60) returned to present797
present797 collected 140 from pot
present797: doesn't show hand 
*** SUMMARY ***
Total pot 140 | Rake 0 
Board [4h 2h 3s]
Seat 1: Mahu2021 (big blind) folded before Flop
Seat 2: Kopper1205 (button) folded on the Flop
Seat 3: present797 (small blind) collected (140)



PokerStars Hand #245142887295: Tournament #3625329049, $0.92+$0.08 USD Hold'em No Limit - Level I (10/20) - 2023/08/01 17:29:08 CET [2023/08/01 11:29:08 ET]
Table '3625329049 1' 3-max Seat #3 is the button
Seat 1: Mahu2021 (480 in chips) 
Seat 2: Kopper1205 (430 in chips) 
Seat 3: present797 (590 in chips) 
Mahu2021: posts small blind 10
Kopper1205: posts big blind 20
*** HOLE CARDS ***
Dealt to Mahu2021 [3d Ah]
present797: raises 40 to 60
Mahu2021: calls 50
Kopper1205: calls 40
*** FLOP *** [Jh 3h Td]
Mahu2021: checks 
Kopper1205: bets 370 and is all-in
present797: raises 160 to 530 and is all-in
Mahu2021: folds 
Uncalled bet (160) returned to present797
*** TURN *** [Jh 3h Td] [9c]
*** RIVER *** [Jh 3h Td 9c] [5h]
*** SHOW DOWN ***
Kopper1205: shows [Ac 9s] (a pair of Nines)
present797: shows [Ks Kd] (a pair of Kings)
present797 collected 920 from pot
Kopper1205 finished the tournament in 3rd place
*** SUMMARY ***
Total pot 920 | Rake 0 
Board [Jh 3h Td 9c 5h]
Seat 1: Mahu2021 (small blind) folded on the Flop
Seat 2: Kopper1205 (big blind) showed [Ac 9s] and lost with a pair of Nines
Seat 3: present797 (button) showed [Ks Kd] and won (920) with a pair of Kings



PokerStars Hand #245142892315: Tournament #3625329049, $0.92+$0.08 USD Hold'em No Limit - Level I (10/20) - 2023/08/01 17:29:29 CET [2023/08/01 11:29:29 ET]
Table '3625329049 1' 3-max Seat #1 is the button
Seat 1: Mahu2021 (420 in chips) 
Seat 3: present797 (1080 in chips) 
Mahu2021: posts small blind 10
present797: posts big blind 20
*** HOLE CARDS ***
Dealt to Mahu2021 [Js 7d]
Mahu2021: folds 
Uncalled bet (10) returned to present797
present797 collected 20 from pot
present797: doesn't show hand 
*** SUMMARY ***
Total pot 20 | Rake 0 
Seat 1: Mahu2021 (button) (small blind) folded before Flop
Seat 3: present797 (big blind) collected (20)



PokerStars Hand #245142893540: Tournament #3625329049, $0.92+$0.08 USD Hold'em No Limit - Level I (10/20) - 2023/08/01 17:29:34 CET [2023/08/01 11:29:34 ET]
Table '3625329049 1' 3-max Seat #3 is the button
Seat 1: Mahu2021 (410 in chips) 
Seat 3: present797 (1090 in chips) 
present797: posts small blind 10
Mahu2021: posts big blind 20
*** HOLE CARDS ***
Dealt to Mahu2021 [Ks Kd]
present797: calls 10
Mahu2021: raises 390 to 410 and is all-in
present797: folds 
Uncalled bet (390) returned to Mahu2021
Mahu2021 collected 40 from pot
Mahu2021: doesn't show hand 
*** SUMMARY ***
Total pot 40 | Rake 0 
Seat 1: Mahu2021 (big blind) collected (40)
Seat 3: present797 (button) (small blind) folded before Flop



PokerStars Hand #245142897512: Tournament #3625329049, $0.92+$0.08 USD Hold'em No Limit - Level I (10/20) - 2023/08/01 17:29:50 CET [2023/08/01 11:29:50 ET]
Table '3625329049 1' 3-max Seat #1 is the button
Seat 1: Mahu2021 (430 in chips) 
Seat 3: present797 (1070 in chips) 
Mahu2021: posts small blind 10
present797: posts big blind 20
*** HOLE CARDS ***
Dealt to Mahu2021 [2d 2s]
Mahu2021: raises 20 to 40
present797: folds 
Uncalled bet (20) returned to Mahu2021
Mahu2021 collected 40 from pot
Mahu2021: doesn't show hand 
*** SUMMARY ***
Total pot 40 | Rake 0 
Seat 1: Mahu2021 (button) (small blind) collected (40)
Seat 3: present797 (big blind) folded before Flop



PokerStars Hand #245142900047: Tournament #3625329049, $0.92+$0.08 USD Hold'em No Limit - Level I (10/20) - 2023/08/01 17:30:00 CET [2023/08/01 11:30:00 ET]
Table '3625329049 1' 3-max Seat #3 is the button
Seat 1: Mahu2021 (450 in chips) 
Seat 3: present797 (1050 in chips) 
present797: posts small blind 10
Mahu2021: posts big blind 20
*** HOLE CARDS ***
Dealt to Mahu2021 [2h 3d]
present797: raises 1030 to 1050 and is all-in
Mahu2021: folds 
Uncalled bet (1030) returned to present797
present797 collected 40 from pot
present797: doesn't show hand 
*** SUMMARY ***
Total pot 40 | Rake 0 
Seat 1: Mahu2021 (big blind) folded before Flop
Seat 3: present797 (button) (small blind) collected (40)



PokerStars Hand #245142902053: Tournament #3625329049, $0.92+$0.08 USD Hold'em No Limit - Level I (10/20) - 2023/08/01 17:30:08 CET [2023/08/01 11:30:08 ET]
Table '3625329049 1' 3-max Seat #1 is the button
Seat 1: Mahu2021 (430 in chips) 
Seat 3: present797 (1070 in chips) 
Mahu2021: posts small blind 10
present797: posts big blind 20
*** HOLE CARDS ***
Dealt to Mahu2021 [7d Ts]
Mahu2021: folds 
Uncalled bet (10) returned to present797
present797 collected 20 from pot
present797: doesn't show hand 
*** SUMMARY ***
Total pot 20 | Rake 0 
Seat 1: Mahu2021 (button) (small blind) folded before Flop
Seat 3: present797 (big blind) collected (20)



PokerStars Hand #245142903109: Tournament #3625329049, $0.92+$0.08 USD Hold'em No Limit - Level I (10/20) - 2023/08/01 17:30:12 CET [2023/08/01 11:30:12 ET]
Table '3625329049 1' 3-max Seat #3 is the button
Seat 1: Mahu2021 (420 in chips) 
Seat 3: present797 (1080 in chips) 
present797: posts small blind 10
Mahu2021: posts big blind 20
*** HOLE CARDS ***
Dealt to Mahu2021 [3s 7s]
present797: raises 1060 to 1080 and is all-in
Mahu2021: folds 
Uncalled bet (1060) returned to present797
present797 collected 40 from pot
present797: doesn't show hand 
*** SUMMARY ***
Total pot 40 | Rake 0 
Seat 1: Mahu2021 (big blind) folded before Flop
Seat 3: present797 (button) (small blind) collected (40)



PokerStars Hand #245142904821: Tournament #3625329049, $0.92+$0.08 USD Hold'em No Limit - Level I (10/20) - 2023/08/01 17:30:19 CET [2023/08/01 11:30:19 ET]
Table '3625329049 1' 3-max Seat #1 is the button
Seat 1: Mahu2021 (400 in chips) 
Seat 3: present797 (1100 in chips) 
Mahu2021: posts small blind 10
present797: posts big blind 20
*** HOLE CARDS ***
Dealt to Mahu2021 [3s Th]
Mahu2021: folds 
Uncalled bet (10) returned to present797
present797 collected 20 from pot
present797: doesn't show hand 
*** SUMMARY ***
Total pot 20 | Rake 0 
Seat 1: Mahu2021 (button) (small blind) folded before Flop
Seat 3: present797 (big blind) collected (20)



PokerStars Hand #245142905972: Tournament #3625329049, $0.92+$0.08 USD Hold'em No Limit - Level I (10/20) - 2023/08/01 17:30:23 CET [2023/08/01 11:30:23 ET]
Table '3625329049 1' 3-max Seat #3 is the button
Seat 1: Mahu2021 (390 in chips) 
Seat 3: present797 (1110 in chips) 
present797: posts small blind 10
Mahu2021: posts big blind 20
*** HOLE CARDS ***
Dealt to Mahu2021 [Qs As]
present797: calls 10
Mahu2021: raises 20 to 40
present797: folds 
Uncalled bet (20) returned to Mahu2021
Mahu2021 collected 40 from pot
Mahu2021: doesn't show hand 
*** SUMMARY ***
Total pot 40 | Rake 0 
Seat 1: Mahu2021 (big blind) collected (40)
Seat 3: present797 (button) (small blind) folded before Flop



PokerStars Hand #245142908361: Tournament #3625329049, $0.92+$0.08 USD Hold'em No Limit - Level I (10/20) - 2023/08/01 17:30:32 CET [2023/08/01 11:30:32 ET]
Table '3625329049 1' 3-max Seat #1 is the button
Seat 1: Mahu2021 (410 in chips) 
Seat 3: present797 (1090 in chips) 
Mahu2021: posts small blind 10
present797: posts big blind 20
*** HOLE CARDS ***
Dealt to Mahu2021 [3h Ks]
Mahu2021: folds 
Uncalled bet (10) returned to present797
present797 collected 20 from pot
present797: doesn't show hand 
*** SUMMARY ***
Total pot 20 | Rake 0 
Seat 1: Mahu2021 (button) (small blind) folded before Flop
Seat 3: present797 (big blind) collected (20)



PokerStars Hand #245142909636: Tournament #3625329049, $0.92+$0.08 USD Hold'em No Limit - Level I (10/20) - 2023/08/01 17:30:37 CET [2023/08/01 11:30:37 ET]
Table '3625329049 1' 3-max Seat #3 is the button
Seat 1: Mahu2021 (400 in chips) 
Seat 3: present797 (1100 in chips) 
present797: posts small blind 10
Mahu2021: posts big blind 20
*** HOLE CARDS ***
Dealt to Mahu2021 [As 6d]
present797: raises 1080 to 1100 and is all-in
Mahu2021: calls 380 and is all-in
Uncalled bet (700) returned to present797
*** FLOP *** [4h 7d 2h]
*** TURN *** [4h 7d 2h] [Ks]
*** RIVER *** [4h 7d 2h Ks] [9d]
*** SHOW DOWN ***
Mahu2021: shows [As 6d] (high card Ace)
present797: shows [Jh Ad] (high card Ace - King+Jack kicker)
present797 collected 800 from pot
Mahu2021 finished the tournament in 2nd place
present797 wins the tournament and receives $3.00 - congratulations!
*** SUMMARY ***
Total pot 800 | Rake 0 
Board [4h 7d 2h Ks 9d]
Seat 1: Mahu2021 (big blind) showed [As 6d] and lost with high card Ace
Seat 3: present797 (button) (small blind) showed [Jh Ad] and won (800) with high card Ace



