PokerStars Hand #249275683221: Tournament #3725406215, $1.84+$0.16 USD Hold'em No Limit - Level I (10/20) - 2024/03/06 21:35:27 CET [2024/03/06 15:35:27 ET]
Table '3725406215 1' 3-max Seat #1 is the button
Seat 1: s4w8rty (500 in chips) 
Seat 2: sevenlabe552 (500 in chips) 
Seat 3: Mahu2021 (500 in chips) 
sevenlabe552: posts small blind 10
Mahu2021: posts big blind 20
*** HOLE CARDS ***
Dealt to Mahu2021 [Jh 6h]
s4w8rty: folds 
sevenlabe552: calls 10
Mahu2021: checks 
*** FLOP *** [9s 3s Ks]
sevenlabe552: bets 40
Mahu2021: folds 
Uncalled bet (40) returned to sevenlabe552
sevenlabe552 collected 40 from pot
sevenlabe552: doesn't show hand 
*** SUMMARY ***
Total pot 40 | Rake 0 
Board [9s 3s Ks]
Seat 1: s4w8rty (button) folded before Flop (didn't bet)
Seat 2: sevenlabe552 (small blind) collected (40)
Seat 3: Mahu2021 (big blind) folded on the Flop



PokerStars Hand #249275687282: Tournament #3725406215, $1.84+$0.16 USD Hold'em No Limit - Level I (10/20) - 2024/03/06 21:35:38 CET [2024/03/06 15:35:38 ET]
Table '3725406215 1' 3-max Seat #2 is the button
Seat 1: s4w8rty (500 in chips) 
Seat 2: sevenlabe552 (520 in chips) 
Seat 3: Mahu2021 (480 in chips) 
Mahu2021: posts small blind 10
s4w8rty: posts big blind 20
*** HOLE CARDS ***
Dealt to Mahu2021 [Td 8d]
sevenlabe552: calls 20
Mahu2021: calls 10
s4w8rty: raises 480 to 500 and is all-in
sevenlabe552: folds 
Mahu2021: folds 
Uncalled bet (480) returned to s4w8rty
s4w8rty collected 60 from pot
s4w8rty: doesn't show hand 
*** SUMMARY ***
Total pot 60 | Rake 0 
Seat 1: s4w8rty (big blind) collected (60)
Seat 2: sevenlabe552 (button) folded before Flop
Seat 3: Mahu2021 (small blind) folded before Flop



PokerStars Hand #249275691807: Tournament #3725406215, $1.84+$0.16 USD Hold'em No Limit - Level I (10/20) - 2024/03/06 21:35:52 CET [2024/03/06 15:35:52 ET]
Table '3725406215 1' 3-max Seat #3 is the button
Seat 1: s4w8rty (540 in chips) 
Seat 2: sevenlabe552 (500 in chips) 
Seat 3: Mahu2021 (460 in chips) 
s4w8rty: posts small blind 10
sevenlabe552: posts big blind 20
*** HOLE CARDS ***
Dealt to Mahu2021 [As Th]
Mahu2021: calls 20
s4w8rty: calls 10
sevenlabe552: checks 
*** FLOP *** [Td Ks 8h]
s4w8rty: checks 
sevenlabe552: checks 
Mahu2021: bets 60
s4w8rty: calls 60
sevenlabe552: folds 
*** TURN *** [Td Ks 8h] [3h]
s4w8rty: checks 
Mahu2021: checks 
*** RIVER *** [Td Ks 8h 3h] [Js]
s4w8rty: bets 100
Mahu2021: calls 100
*** SHOW DOWN ***
s4w8rty: shows [6d 8d] (a pair of Eights)
Mahu2021: shows [As Th] (a pair of Tens)
Mahu2021 collected 380 from pot
*** SUMMARY ***
Total pot 380 | Rake 0 
Board [Td Ks 8h 3h Js]
Seat 1: s4w8rty (small blind) showed [6d 8d] and lost with a pair of Eights
Seat 2: sevenlabe552 (big blind) folded on the Flop
Seat 3: Mahu2021 (button) showed [As Th] and won (380) with a pair of Tens



PokerStars Hand #249275699774: Tournament #3725406215, $1.84+$0.16 USD Hold'em No Limit - Level I (10/20) - 2024/03/06 21:36:15 CET [2024/03/06 15:36:15 ET]
Table '3725406215 1' 3-max Seat #1 is the button
Seat 1: s4w8rty (360 in chips) 
Seat 2: sevenlabe552 (480 in chips) 
Seat 3: Mahu2021 (660 in chips) 
sevenlabe552: posts small blind 10
Mahu2021: posts big blind 20
*** HOLE CARDS ***
Dealt to Mahu2021 [Ad Kd]
s4w8rty: raises 20 to 40
sevenlabe552: folds 
Mahu2021: calls 20
*** FLOP *** [Qc Ac 9c]
Mahu2021: checks 
s4w8rty: checks 
*** TURN *** [Qc Ac 9c] [Jd]
Mahu2021: checks 
s4w8rty: bets 65
Mahu2021: calls 65
*** RIVER *** [Qc Ac 9c Jd] [6c]
Mahu2021: checks 
s4w8rty: checks 
*** SHOW DOWN ***
Mahu2021: shows [Ad Kd] (a pair of Aces)
s4w8rty: shows [9d 9h] (three of a kind, Nines)
s4w8rty collected 220 from pot
*** SUMMARY ***
Total pot 220 | Rake 0 
Board [Qc Ac 9c Jd 6c]
Seat 1: s4w8rty (button) showed [9d 9h] and won (220) with three of a kind, Nines
Seat 2: sevenlabe552 (small blind) folded before Flop
Seat 3: Mahu2021 (big blind) showed [Ad Kd] and lost with a pair of Aces



PokerStars Hand #249275707468: Tournament #3725406215, $1.84+$0.16 USD Hold'em No Limit - Level I (10/20) - 2024/03/06 21:36:37 CET [2024/03/06 15:36:37 ET]
Table '3725406215 1' 3-max Seat #2 is the button
Seat 1: s4w8rty (475 in chips) 
Seat 2: sevenlabe552 (470 in chips) 
Seat 3: Mahu2021 (555 in chips) 
Mahu2021: posts small blind 10
s4w8rty: posts big blind 20
*** HOLE CARDS ***
Dealt to Mahu2021 [5c Ad]
sevenlabe552: folds 
Mahu2021: calls 10
s4w8rty: checks 
*** FLOP *** [Kd 3d Th]
Mahu2021: checks 
s4w8rty: checks 
*** TURN *** [Kd 3d Th] [7c]
Mahu2021: bets 20
s4w8rty: folds 
Uncalled bet (20) returned to Mahu2021
Mahu2021 collected 40 from pot
Mahu2021: doesn't show hand 
*** SUMMARY ***
Total pot 40 | Rake 0 
Board [Kd 3d Th 7c]
Seat 1: s4w8rty (big blind) folded on the Turn
Seat 2: sevenlabe552 (button) folded before Flop (didn't bet)
Seat 3: Mahu2021 (small blind) collected (40)



PokerStars Hand #249275712208: Tournament #3725406215, $1.84+$0.16 USD Hold'em No Limit - Level I (10/20) - 2024/03/06 21:36:51 CET [2024/03/06 15:36:51 ET]
Table '3725406215 1' 3-max Seat #3 is the button
Seat 1: s4w8rty (455 in chips) 
Seat 2: sevenlabe552 (470 in chips) 
Seat 3: Mahu2021 (575 in chips) 
s4w8rty: posts small blind 10
sevenlabe552: posts big blind 20
*** HOLE CARDS ***
Dealt to Mahu2021 [9d Qd]
Mahu2021: calls 20
s4w8rty: calls 10
sevenlabe552: checks 
*** FLOP *** [Ts 8d Qs]
s4w8rty: checks 
sevenlabe552: checks 
Mahu2021: bets 40
s4w8rty: folds 
sevenlabe552: folds 
Uncalled bet (40) returned to Mahu2021
Mahu2021 collected 60 from pot
Mahu2021: doesn't show hand 
*** SUMMARY ***
Total pot 60 | Rake 0 
Board [Ts 8d Qs]
Seat 1: s4w8rty (small blind) folded on the Flop
Seat 2: sevenlabe552 (big blind) folded on the Flop
Seat 3: Mahu2021 (button) collected (60)



PokerStars Hand #249275717691: Tournament #3725406215, $1.84+$0.16 USD Hold'em No Limit - Level I (10/20) - 2024/03/06 21:37:07 CET [2024/03/06 15:37:07 ET]
Table '3725406215 1' 3-max Seat #1 is the button
Seat 1: s4w8rty (435 in chips) 
Seat 2: sevenlabe552 (450 in chips) 
Seat 3: Mahu2021 (615 in chips) 
sevenlabe552: posts small blind 10
Mahu2021: posts big blind 20
*** HOLE CARDS ***
Dealt to Mahu2021 [Th Ks]
s4w8rty: raises 20 to 40
sevenlabe552: calls 30
Mahu2021: calls 20
*** FLOP *** [3s 3h 9d]
sevenlabe552: checks 
Mahu2021: checks 
s4w8rty: bets 40
sevenlabe552: folds 
Mahu2021: folds 
Uncalled bet (40) returned to s4w8rty
s4w8rty collected 120 from pot
s4w8rty: doesn't show hand 
*** SUMMARY ***
Total pot 120 | Rake 0 
Board [3s 3h 9d]
Seat 1: s4w8rty (button) collected (120)
Seat 2: sevenlabe552 (small blind) folded on the Flop
Seat 3: Mahu2021 (big blind) folded on the Flop



PokerStars Hand #249275723317: Tournament #3725406215, $1.84+$0.16 USD Hold'em No Limit - Level I (10/20) - 2024/03/06 21:37:23 CET [2024/03/06 15:37:23 ET]
Table '3725406215 1' 3-max Seat #2 is the button
Seat 1: s4w8rty (515 in chips) 
Seat 2: sevenlabe552 (410 in chips) 
Seat 3: Mahu2021 (575 in chips) 
Mahu2021: posts small blind 10
s4w8rty: posts big blind 20
*** HOLE CARDS ***
Dealt to Mahu2021 [Qs 5d]
sevenlabe552: raises 20 to 40
Mahu2021: folds 
s4w8rty: folds 
Uncalled bet (20) returned to sevenlabe552
sevenlabe552 collected 50 from pot
sevenlabe552: doesn't show hand 
*** SUMMARY ***
Total pot 50 | Rake 0 
Seat 1: s4w8rty (big blind) folded before Flop
Seat 2: sevenlabe552 (button) collected (50)
Seat 3: Mahu2021 (small blind) folded before Flop



PokerStars Hand #249275726346: Tournament #3725406215, $1.84+$0.16 USD Hold'em No Limit - Level I (10/20) - 2024/03/06 21:37:31 CET [2024/03/06 15:37:31 ET]
Table '3725406215 1' 3-max Seat #3 is the button
Seat 1: s4w8rty (495 in chips) 
Seat 2: sevenlabe552 (440 in chips) 
Seat 3: Mahu2021 (565 in chips) 
s4w8rty: posts small blind 10
sevenlabe552: posts big blind 20
*** HOLE CARDS ***
Dealt to Mahu2021 [7c Td]
Mahu2021: folds 
s4w8rty: folds 
Uncalled bet (10) returned to sevenlabe552
sevenlabe552 collected 20 from pot
sevenlabe552: doesn't show hand 
*** SUMMARY ***
Total pot 20 | Rake 0 
Seat 1: s4w8rty (small blind) folded before Flop
Seat 2: sevenlabe552 (big blind) collected (20)
Seat 3: Mahu2021 (button) folded before Flop (didn't bet)



PokerStars Hand #249275728946: Tournament #3725406215, $1.84+$0.16 USD Hold'em No Limit - Level I (10/20) - 2024/03/06 21:37:39 CET [2024/03/06 15:37:39 ET]
Table '3725406215 1' 3-max Seat #1 is the button
Seat 1: s4w8rty (485 in chips) 
Seat 2: sevenlabe552 (450 in chips) 
Seat 3: Mahu2021 (565 in chips) 
sevenlabe552: posts small blind 10
Mahu2021: posts big blind 20
*** HOLE CARDS ***
Dealt to Mahu2021 [Qh 3h]
s4w8rty: folds 
sevenlabe552: folds 
Uncalled bet (10) returned to Mahu2021
Mahu2021 collected 20 from pot
Mahu2021: doesn't show hand 
*** SUMMARY ***
Total pot 20 | Rake 0 
Seat 1: s4w8rty (button) folded before Flop (didn't bet)
Seat 2: sevenlabe552 (small blind) folded before Flop
Seat 3: Mahu2021 (big blind) collected (20)



PokerStars Hand #249275730858: Tournament #3725406215, $1.84+$0.16 USD Hold'em No Limit - Level I (10/20) - 2024/03/06 21:37:45 CET [2024/03/06 15:37:45 ET]
Table '3725406215 1' 3-max Seat #2 is the button
Seat 1: s4w8rty (485 in chips) 
Seat 2: sevenlabe552 (440 in chips) 
Seat 3: Mahu2021 (575 in chips) 
Mahu2021: posts small blind 10
s4w8rty: posts big blind 20
*** HOLE CARDS ***
Dealt to Mahu2021 [9c Ks]
sevenlabe552: folds 
Mahu2021: raises 20 to 40
s4w8rty: calls 20
*** FLOP *** [7h As 2d]
Mahu2021: checks 
s4w8rty: checks 
*** TURN *** [7h As 2d] [9d]
Mahu2021: checks 
s4w8rty: bets 40
Mahu2021: calls 40
*** RIVER *** [7h As 2d 9d] [8s]
Mahu2021: checks 
s4w8rty: checks 
*** SHOW DOWN ***
Mahu2021: shows [9c Ks] (a pair of Nines)
s4w8rty: mucks hand 
Mahu2021 collected 160 from pot
*** SUMMARY ***
Total pot 160 | Rake 0 
Board [7h As 2d 9d 8s]
Seat 1: s4w8rty (big blind) mucked [2s 3s]
Seat 2: sevenlabe552 (button) folded before Flop (didn't bet)
Seat 3: Mahu2021 (small blind) showed [9c Ks] and won (160) with a pair of Nines



PokerStars Hand #249275738156: Tournament #3725406215, $1.84+$0.16 USD Hold'em No Limit - Level I (10/20) - 2024/03/06 21:38:05 CET [2024/03/06 15:38:05 ET]
Table '3725406215 1' 3-max Seat #3 is the button
Seat 1: s4w8rty (405 in chips) 
Seat 2: sevenlabe552 (440 in chips) 
Seat 3: Mahu2021 (655 in chips) 
s4w8rty: posts small blind 10
sevenlabe552: posts big blind 20
*** HOLE CARDS ***
Dealt to Mahu2021 [As 6d]
Mahu2021: calls 20
s4w8rty: folds 
sevenlabe552: checks 
*** FLOP *** [5d 2d 2c]
sevenlabe552: checks 
Mahu2021: checks 
*** TURN *** [5d 2d 2c] [8s]
sevenlabe552: bets 20
Mahu2021: folds 
Uncalled bet (20) returned to sevenlabe552
sevenlabe552 collected 50 from pot
sevenlabe552: doesn't show hand 
*** SUMMARY ***
Total pot 50 | Rake 0 
Board [5d 2d 2c 8s]
Seat 1: s4w8rty (small blind) folded before Flop
Seat 2: sevenlabe552 (big blind) collected (50)
Seat 3: Mahu2021 (button) folded on the Turn



PokerStars Hand #249275742357: Tournament #3725406215, $1.84+$0.16 USD Hold'em No Limit - Level I (10/20) - 2024/03/06 21:38:17 CET [2024/03/06 15:38:17 ET]
Table '3725406215 1' 3-max Seat #1 is the button
Seat 1: s4w8rty (395 in chips) 
Seat 2: sevenlabe552 (470 in chips) 
Seat 3: Mahu2021 (635 in chips) 
sevenlabe552: posts small blind 10
Mahu2021: posts big blind 20
*** HOLE CARDS ***
Dealt to Mahu2021 [Ah 9h]
s4w8rty: folds 
sevenlabe552: calls 10
Mahu2021: checks 
*** FLOP *** [5h 7h 2c]
sevenlabe552: checks 
Mahu2021: bets 40
sevenlabe552: calls 40
*** TURN *** [5h 7h 2c] [Td]
sevenlabe552: checks 
Mahu2021: checks 
*** RIVER *** [5h 7h 2c Td] [4c]
sevenlabe552: bets 60
Mahu2021: folds 
Uncalled bet (60) returned to sevenlabe552
sevenlabe552 collected 120 from pot
sevenlabe552: doesn't show hand 
*** SUMMARY ***
Total pot 120 | Rake 0 
Board [5h 7h 2c Td 4c]
Seat 1: s4w8rty (button) folded before Flop (didn't bet)
Seat 2: sevenlabe552 (small blind) collected (120)
Seat 3: Mahu2021 (big blind) folded on the River



PokerStars Hand #249275749563: Tournament #3725406215, $1.84+$0.16 USD Hold'em No Limit - Level II (15/30) - 2024/03/06 21:38:38 CET [2024/03/06 15:38:38 ET]
Table '3725406215 1' 3-max Seat #2 is the button
Seat 1: s4w8rty (395 in chips) 
Seat 2: sevenlabe552 (530 in chips) 
Seat 3: Mahu2021 (575 in chips) 
Mahu2021: posts small blind 15
s4w8rty: posts big blind 30
*** HOLE CARDS ***
Dealt to Mahu2021 [6d Ac]
sevenlabe552: raises 30 to 60
Mahu2021: calls 45
s4w8rty: folds 
*** FLOP *** [5c 6s 3c]
Mahu2021: bets 150
sevenlabe552: calls 150
*** TURN *** [5c 6s 3c] [2c]
Mahu2021: bets 365 and is all-in
sevenlabe552: calls 320 and is all-in
Uncalled bet (45) returned to Mahu2021
*** RIVER *** [5c 6s 3c 2c] [9s]
*** SHOW DOWN ***
Mahu2021: shows [6d Ac] (a pair of Sixes)
sevenlabe552: shows [9c 9d] (three of a kind, Nines)
sevenlabe552 collected 1090 from pot
*** SUMMARY ***
Total pot 1090 | Rake 0 
Board [5c 6s 3c 2c 9s]
Seat 1: s4w8rty (big blind) folded before Flop
Seat 2: sevenlabe552 (button) showed [9c 9d] and won (1090) with three of a kind, Nines
Seat 3: Mahu2021 (small blind) showed [6d Ac] and lost with a pair of Sixes



PokerStars Hand #249275756847: Tournament #3725406215, $1.84+$0.16 USD Hold'em No Limit - Level II (15/30) - 2024/03/06 21:38:59 CET [2024/03/06 15:38:59 ET]
Table '3725406215 1' 3-max Seat #3 is the button
Seat 1: s4w8rty (365 in chips) 
Seat 2: sevenlabe552 (1090 in chips) 
Seat 3: Mahu2021 (45 in chips) 
s4w8rty: posts small blind 15
sevenlabe552: posts big blind 30
*** HOLE CARDS ***
Dealt to Mahu2021 [Kc 6s]
Mahu2021: raises 15 to 45 and is all-in
s4w8rty: raises 320 to 365 and is all-in
sevenlabe552: folds 
Uncalled bet (320) returned to s4w8rty
*** FLOP *** [Jc Ah 3s]
*** TURN *** [Jc Ah 3s] [Kd]
*** RIVER *** [Jc Ah 3s Kd] [8h]
*** SHOW DOWN ***
s4w8rty: shows [Ac 5d] (a pair of Aces)
Mahu2021: shows [Kc 6s] (a pair of Kings)
s4w8rty collected 120 from pot
Mahu2021 finished the tournament in 3rd place
*** SUMMARY ***
Total pot 120 | Rake 0 
Board [Jc Ah 3s Kd 8h]
Seat 1: s4w8rty (small blind) showed [Ac 5d] and won (120) with a pair of Aces
Seat 2: sevenlabe552 (big blind) folded before Flop
Seat 3: Mahu2021 (button) showed [Kc 6s] and lost with a pair of Kings



