PokerStars Hand #249062899568: Tournament #3720533861, $1.84+$0.16 USD Hold'em No Limit - Level I (10/20) - 2024/02/24 13:18:38 CET [2024/02/24 7:18:38 ET]
Table '3720533861 1' 3-max Seat #1 is the button
Seat 1: Kelvin138 (500 in chips) 
Seat 2: Mahu2021 (500 in chips) 
Seat 3: szekrena (500 in chips) 
Mahu2021: posts small blind 10
szekrena: posts big blind 20
*** HOLE CARDS ***
Dealt to Mahu2021 [4d 7c]
Kelvin138: calls 20
Mahu2021: folds 
szekrena: checks 
*** FLOP *** [5d 2d Tc]
szekrena: checks 
Kelvin138: bets 25
szekrena: folds 
Uncalled bet (25) returned to Kelvin138
Kelvin138 collected 50 from pot
*** SUMMARY ***
Total pot 50 | Rake 0 
Board [5d 2d Tc]
Seat 1: Kelvin138 (button) collected (50)
Seat 2: Mahu2021 (small blind) folded before Flop
Seat 3: szekrena (big blind) folded on the Flop



PokerStars Hand #249062904372: Tournament #3720533861, $1.84+$0.16 USD Hold'em No Limit - Level I (10/20) - 2024/02/24 13:19:05 CET [2024/02/24 7:19:05 ET]
Table '3720533861 1' 3-max Seat #2 is the button
Seat 1: Kelvin138 (530 in chips) 
Seat 2: Mahu2021 (490 in chips) 
Seat 3: szekrena (480 in chips) 
szekrena: posts small blind 10
Kelvin138: posts big blind 20
*** HOLE CARDS ***
Dealt to Mahu2021 [9s 6s]
Mahu2021: folds 
szekrena: raises 20 to 40
Kelvin138: calls 20
*** FLOP *** [5h 2h Ah]
szekrena: bets 40
Kelvin138: calls 40
*** TURN *** [5h 2h Ah] [Kh]
szekrena: bets 60
Kelvin138: calls 60
*** RIVER *** [5h 2h Ah Kh] [Qs]
szekrena: checks 
Kelvin138: checks 
*** SHOW DOWN ***
szekrena: shows [Kc 6h] (a flush, Ace high)
Kelvin138: mucks hand 
szekrena collected 280 from pot
*** SUMMARY ***
Total pot 280 | Rake 0 
Board [5h 2h Ah Kh Qs]
Seat 1: Kelvin138 (big blind) mucked [Ac 4h]
Seat 2: Mahu2021 (button) folded before Flop (didn't bet)
Seat 3: szekrena (small blind) showed [Kc 6h] and won (280) with a flush, Ace high



PokerStars Hand #249062911182: Tournament #3720533861, $1.84+$0.16 USD Hold'em No Limit - Level I (10/20) - 2024/02/24 13:19:42 CET [2024/02/24 7:19:42 ET]
Table '3720533861 1' 3-max Seat #3 is the button
Seat 1: Kelvin138 (390 in chips) 
Seat 2: Mahu2021 (490 in chips) 
Seat 3: szekrena (620 in chips) 
Kelvin138: posts small blind 10
Mahu2021: posts big blind 20
*** HOLE CARDS ***
Dealt to Mahu2021 [9s Kc]
szekrena: folds 
Kelvin138: raises 370 to 390 and is all-in
Mahu2021: folds 
Uncalled bet (370) returned to Kelvin138
Kelvin138 collected 40 from pot
*** SUMMARY ***
Total pot 40 | Rake 0 
Seat 1: Kelvin138 (small blind) collected (40)
Seat 2: Mahu2021 (big blind) folded before Flop
Seat 3: szekrena (button) folded before Flop (didn't bet)



PokerStars Hand #249062913497: Tournament #3720533861, $1.84+$0.16 USD Hold'em No Limit - Level I (10/20) - 2024/02/24 13:19:55 CET [2024/02/24 7:19:55 ET]
Table '3720533861 1' 3-max Seat #1 is the button
Seat 1: Kelvin138 (410 in chips) 
Seat 2: Mahu2021 (470 in chips) 
Seat 3: szekrena (620 in chips) 
Mahu2021: posts small blind 10
szekrena: posts big blind 20
*** HOLE CARDS ***
Dealt to Mahu2021 [Ah 3c]
Kelvin138: folds 
Mahu2021: calls 10
szekrena: checks 
*** FLOP *** [Jd 2s 2d]
Mahu2021: checks 
szekrena: checks 
*** TURN *** [Jd 2s 2d] [5s]
Mahu2021: bets 20
szekrena: calls 20
*** RIVER *** [Jd 2s 2d 5s] [8s]
Mahu2021: checks 
szekrena: checks 
*** SHOW DOWN ***
Mahu2021: shows [Ah 3c] (a pair of Deuces)
szekrena: mucks hand 
Mahu2021 collected 80 from pot
*** SUMMARY ***
Total pot 80 | Rake 0 
Board [Jd 2s 2d 5s 8s]
Seat 1: Kelvin138 (button) folded before Flop (didn't bet)
Seat 2: Mahu2021 (small blind) showed [Ah 3c] and won (80) with a pair of Deuces
Seat 3: szekrena (big blind) mucked [3s 6d]



PokerStars Hand #249062920983: Tournament #3720533861, $1.84+$0.16 USD Hold'em No Limit - Level I (10/20) - 2024/02/24 13:20:36 CET [2024/02/24 7:20:36 ET]
Table '3720533861 1' 3-max Seat #2 is the button
Seat 1: Kelvin138 (410 in chips) 
Seat 2: Mahu2021 (510 in chips) 
Seat 3: szekrena (580 in chips) 
szekrena: posts small blind 10
Kelvin138: posts big blind 20
*** HOLE CARDS ***
Dealt to Mahu2021 [5s 2c]
Mahu2021: folds 
szekrena: folds 
Uncalled bet (10) returned to Kelvin138
Kelvin138 collected 20 from pot
*** SUMMARY ***
Total pot 20 | Rake 0 
Seat 1: Kelvin138 (big blind) collected (20)
Seat 2: Mahu2021 (button) folded before Flop (didn't bet)
Seat 3: szekrena (small blind) folded before Flop



PokerStars Hand #249062922726: Tournament #3720533861, $1.84+$0.16 USD Hold'em No Limit - Level II (15/30) - 2024/02/24 13:20:45 CET [2024/02/24 7:20:45 ET]
Table '3720533861 1' 3-max Seat #3 is the button
Seat 1: Kelvin138 (420 in chips) 
Seat 2: Mahu2021 (510 in chips) 
Seat 3: szekrena (570 in chips) 
Kelvin138: posts small blind 15
Mahu2021: posts big blind 30
*** HOLE CARDS ***
Dealt to Mahu2021 [Ad 6d]
szekrena: folds 
Kelvin138: calls 15
Mahu2021: checks 
*** FLOP *** [Jc 8h 5h]
Kelvin138: checks 
Mahu2021: checks 
*** TURN *** [Jc 8h 5h] [5c]
Kelvin138: bets 30
Mahu2021: folds 
Uncalled bet (30) returned to Kelvin138
Kelvin138 collected 60 from pot
*** SUMMARY ***
Total pot 60 | Rake 0 
Board [Jc 8h 5h 5c]
Seat 1: Kelvin138 (small blind) collected (60)
Seat 2: Mahu2021 (big blind) folded on the Turn
Seat 3: szekrena (button) folded before Flop (didn't bet)



PokerStars Hand #249062926863: Tournament #3720533861, $1.84+$0.16 USD Hold'em No Limit - Level II (15/30) - 2024/02/24 13:21:07 CET [2024/02/24 7:21:07 ET]
Table '3720533861 1' 3-max Seat #1 is the button
Seat 1: Kelvin138 (450 in chips) 
Seat 2: Mahu2021 (480 in chips) 
Seat 3: szekrena (570 in chips) 
Mahu2021: posts small blind 15
szekrena: posts big blind 30
*** HOLE CARDS ***
Dealt to Mahu2021 [2c 7c]
Kelvin138: calls 30
Mahu2021: folds 
szekrena: checks 
*** FLOP *** [5s Kc Qh]
szekrena: checks 
Kelvin138: checks 
*** TURN *** [5s Kc Qh] [5h]
szekrena: checks 
Kelvin138: checks 
*** RIVER *** [5s Kc Qh 5h] [Js]
szekrena: checks 
Kelvin138: checks 
*** SHOW DOWN ***
szekrena: shows [6c 4s] (a pair of Fives)
Kelvin138: shows [7d 3d] (a pair of Fives)
szekrena collected 38 from pot
Kelvin138 collected 37 from pot
*** SUMMARY ***
Total pot 75 | Rake 0 
Board [5s Kc Qh 5h Js]
Seat 1: Kelvin138 (button) showed [7d 3d] and won (37) with a pair of Fives
Seat 2: Mahu2021 (small blind) folded before Flop
Seat 3: szekrena (big blind) showed [6c 4s] and won (38) with a pair of Fives



PokerStars Hand #249062931819: Tournament #3720533861, $1.84+$0.16 USD Hold'em No Limit - Level II (15/30) - 2024/02/24 13:21:34 CET [2024/02/24 7:21:34 ET]
Table '3720533861 1' 3-max Seat #2 is the button
Seat 1: Kelvin138 (457 in chips) 
Seat 2: Mahu2021 (465 in chips) 
Seat 3: szekrena (578 in chips) 
szekrena: posts small blind 15
Kelvin138: posts big blind 30
*** HOLE CARDS ***
Dealt to Mahu2021 [3d 7d]
Mahu2021: folds 
szekrena: folds 
Uncalled bet (15) returned to Kelvin138
Kelvin138 collected 30 from pot
*** SUMMARY ***
Total pot 30 | Rake 0 
Seat 1: Kelvin138 (big blind) collected (30)
Seat 2: Mahu2021 (button) folded before Flop (didn't bet)
Seat 3: szekrena (small blind) folded before Flop



PokerStars Hand #249062933047: Tournament #3720533861, $1.84+$0.16 USD Hold'em No Limit - Level II (15/30) - 2024/02/24 13:21:41 CET [2024/02/24 7:21:41 ET]
Table '3720533861 1' 3-max Seat #3 is the button
Seat 1: Kelvin138 (472 in chips) 
Seat 2: Mahu2021 (465 in chips) 
Seat 3: szekrena (563 in chips) 
Kelvin138: posts small blind 15
Mahu2021: posts big blind 30
*** HOLE CARDS ***
Dealt to Mahu2021 [4s Qc]
szekrena: raises 60 to 90
Kelvin138: folds 
Mahu2021: folds 
Uncalled bet (60) returned to szekrena
szekrena collected 75 from pot
szekrena: doesn't show hand 
*** SUMMARY ***
Total pot 75 | Rake 0 
Seat 1: Kelvin138 (small blind) folded before Flop
Seat 2: Mahu2021 (big blind) folded before Flop
Seat 3: szekrena (button) collected (75)



PokerStars Hand #249062934281: Tournament #3720533861, $1.84+$0.16 USD Hold'em No Limit - Level II (15/30) - 2024/02/24 13:21:47 CET [2024/02/24 7:21:47 ET]
Table '3720533861 1' 3-max Seat #1 is the button
Seat 1: Kelvin138 (457 in chips) 
Seat 2: Mahu2021 (435 in chips) 
Seat 3: szekrena (608 in chips) 
Mahu2021: posts small blind 15
szekrena: posts big blind 30
*** HOLE CARDS ***
Dealt to Mahu2021 [8h 3h]
Kelvin138: raises 60 to 90
Mahu2021: folds 
szekrena: folds 
Uncalled bet (60) returned to Kelvin138
Kelvin138 collected 75 from pot
*** SUMMARY ***
Total pot 75 | Rake 0 
Seat 1: Kelvin138 (button) collected (75)
Seat 2: Mahu2021 (small blind) folded before Flop
Seat 3: szekrena (big blind) folded before Flop



PokerStars Hand #249062935791: Tournament #3720533861, $1.84+$0.16 USD Hold'em No Limit - Level II (15/30) - 2024/02/24 13:21:55 CET [2024/02/24 7:21:55 ET]
Table '3720533861 1' 3-max Seat #2 is the button
Seat 1: Kelvin138 (502 in chips) 
Seat 2: Mahu2021 (420 in chips) 
Seat 3: szekrena (578 in chips) 
szekrena: posts small blind 15
Kelvin138: posts big blind 30
*** HOLE CARDS ***
Dealt to Mahu2021 [2h 3s]
Mahu2021: folds 
szekrena: raises 60 to 90
Kelvin138: folds 
Uncalled bet (60) returned to szekrena
szekrena collected 60 from pot
szekrena: doesn't show hand 
*** SUMMARY ***
Total pot 60 | Rake 0 
Seat 1: Kelvin138 (big blind) folded before Flop
Seat 2: Mahu2021 (button) folded before Flop (didn't bet)
Seat 3: szekrena (small blind) collected (60)



PokerStars Hand #249062937975: Tournament #3720533861, $1.84+$0.16 USD Hold'em No Limit - Level II (15/30) - 2024/02/24 13:22:07 CET [2024/02/24 7:22:07 ET]
Table '3720533861 1' 3-max Seat #3 is the button
Seat 1: Kelvin138 (472 in chips) 
Seat 2: Mahu2021 (420 in chips) 
Seat 3: szekrena (608 in chips) 
Kelvin138: posts small blind 15
Mahu2021: posts big blind 30
*** HOLE CARDS ***
Dealt to Mahu2021 [4h 4s]
szekrena: folds 
Kelvin138: calls 15
Mahu2021: raises 390 to 420 and is all-in
Kelvin138: folds 
Uncalled bet (390) returned to Mahu2021
Mahu2021 collected 60 from pot
Mahu2021: doesn't show hand 
*** SUMMARY ***
Total pot 60 | Rake 0 
Seat 1: Kelvin138 (small blind) folded before Flop
Seat 2: Mahu2021 (big blind) collected (60)
Seat 3: szekrena (button) folded before Flop (didn't bet)



PokerStars Hand #249062940882: Tournament #3720533861, $1.84+$0.16 USD Hold'em No Limit - Level II (15/30) - 2024/02/24 13:22:23 CET [2024/02/24 7:22:23 ET]
Table '3720533861 1' 3-max Seat #1 is the button
Seat 1: Kelvin138 (442 in chips) 
Seat 2: Mahu2021 (450 in chips) 
Seat 3: szekrena (608 in chips) 
Mahu2021: posts small blind 15
szekrena: posts big blind 30
*** HOLE CARDS ***
Dealt to Mahu2021 [Ah Kd]
Kelvin138: raises 30 to 60
Mahu2021: calls 45
szekrena: calls 30
*** FLOP *** [Kh 2d Jc]
Mahu2021: bets 180
szekrena: folds 
Kelvin138: folds 
Uncalled bet (180) returned to Mahu2021
Mahu2021 collected 180 from pot
Mahu2021: doesn't show hand 
*** SUMMARY ***
Total pot 180 | Rake 0 
Board [Kh 2d Jc]
Seat 1: Kelvin138 (button) folded on the Flop
Seat 2: Mahu2021 (small blind) collected (180)
Seat 3: szekrena (big blind) folded on the Flop



PokerStars Hand #249062945860: Tournament #3720533861, $1.84+$0.16 USD Hold'em No Limit - Level III (20/40) - 2024/02/24 13:22:50 CET [2024/02/24 7:22:50 ET]
Table '3720533861 1' 3-max Seat #2 is the button
Seat 1: Kelvin138 (382 in chips) 
Seat 2: Mahu2021 (570 in chips) 
Seat 3: szekrena (548 in chips) 
szekrena: posts small blind 20
Kelvin138: posts big blind 40
*** HOLE CARDS ***
Dealt to Mahu2021 [5d 6s]
Mahu2021: folds 
szekrena: calls 20
Kelvin138: checks 
*** FLOP *** [8s Qc Tc]
szekrena: checks 
Kelvin138: checks 
*** TURN *** [8s Qc Tc] [Qs]
szekrena: bets 80
Kelvin138: folds 
Uncalled bet (80) returned to szekrena
szekrena collected 80 from pot
szekrena: doesn't show hand 
*** SUMMARY ***
Total pot 80 | Rake 0 
Board [8s Qc Tc Qs]
Seat 1: Kelvin138 (big blind) folded on the Turn
Seat 2: Mahu2021 (button) folded before Flop (didn't bet)
Seat 3: szekrena (small blind) collected (80)



PokerStars Hand #249062949955: Tournament #3720533861, $1.84+$0.16 USD Hold'em No Limit - Level III (20/40) - 2024/02/24 13:23:12 CET [2024/02/24 7:23:12 ET]
Table '3720533861 1' 3-max Seat #3 is the button
Seat 1: Kelvin138 (342 in chips) 
Seat 2: Mahu2021 (570 in chips) 
Seat 3: szekrena (588 in chips) 
Kelvin138: posts small blind 20
Mahu2021: posts big blind 40
*** HOLE CARDS ***
Dealt to Mahu2021 [2c 8h]
szekrena: folds 
Kelvin138: folds 
Uncalled bet (20) returned to Mahu2021
Mahu2021 collected 40 from pot
Mahu2021: doesn't show hand 
*** SUMMARY ***
Total pot 40 | Rake 0 
Seat 1: Kelvin138 (small blind) folded before Flop
Seat 2: Mahu2021 (big blind) collected (40)
Seat 3: szekrena (button) folded before Flop (didn't bet)



PokerStars Hand #249062951879: Tournament #3720533861, $1.84+$0.16 USD Hold'em No Limit - Level III (20/40) - 2024/02/24 13:23:22 CET [2024/02/24 7:23:22 ET]
Table '3720533861 1' 3-max Seat #1 is the button
Seat 1: Kelvin138 (322 in chips) 
Seat 2: Mahu2021 (590 in chips) 
Seat 3: szekrena (588 in chips) 
Mahu2021: posts small blind 20
szekrena: posts big blind 40
*** HOLE CARDS ***
Dealt to Mahu2021 [Qh Kd]
Kelvin138: folds 
Mahu2021: raises 40 to 80
szekrena: folds 
Uncalled bet (40) returned to Mahu2021
Mahu2021 collected 80 from pot
Mahu2021: doesn't show hand 
*** SUMMARY ***
Total pot 80 | Rake 0 
Seat 1: Kelvin138 (button) folded before Flop (didn't bet)
Seat 2: Mahu2021 (small blind) collected (80)
Seat 3: szekrena (big blind) folded before Flop



PokerStars Hand #249062953746: Tournament #3720533861, $1.84+$0.16 USD Hold'em No Limit - Level III (20/40) - 2024/02/24 13:23:32 CET [2024/02/24 7:23:32 ET]
Table '3720533861 1' 3-max Seat #2 is the button
Seat 1: Kelvin138 (322 in chips) 
Seat 2: Mahu2021 (630 in chips) 
Seat 3: szekrena (548 in chips) 
szekrena: posts small blind 20
Kelvin138: posts big blind 40
*** HOLE CARDS ***
Dealt to Mahu2021 [Td Qd]
Mahu2021: raises 40 to 80
szekrena: folds 
Kelvin138: calls 40
*** FLOP *** [2s Jd 8h]
Kelvin138: checks 
Mahu2021: checks 
*** TURN *** [2s Jd 8h] [5d]
Kelvin138: checks 
Mahu2021: bets 550 and is all-in
Kelvin138: calls 242 and is all-in
Uncalled bet (308) returned to Mahu2021
*** RIVER *** [2s Jd 8h 5d] [6h]
*** SHOW DOWN ***
Kelvin138: shows [4h 5s] (a pair of Fives)
Mahu2021: shows [Td Qd] (high card Queen)
Kelvin138 collected 664 from pot
*** SUMMARY ***
Total pot 664 | Rake 0 
Board [2s Jd 8h 5d 6h]
Seat 1: Kelvin138 (big blind) showed [4h 5s] and won (664) with a pair of Fives
Seat 2: Mahu2021 (button) showed [Td Qd] and lost with high card Queen
Seat 3: szekrena (small blind) folded before Flop



PokerStars Hand #249062957175: Tournament #3720533861, $1.84+$0.16 USD Hold'em No Limit - Level III (20/40) - 2024/02/24 13:23:51 CET [2024/02/24 7:23:51 ET]
Table '3720533861 1' 3-max Seat #3 is the button
Seat 1: Kelvin138 (664 in chips) 
Seat 2: Mahu2021 (308 in chips) 
Seat 3: szekrena (528 in chips) 
Kelvin138: posts small blind 20
Mahu2021: posts big blind 40
*** HOLE CARDS ***
Dealt to Mahu2021 [7s 2h]
szekrena has timed out
szekrena: folds 
szekrena is sitting out
szekrena has returned
Kelvin138: calls 20
Mahu2021: checks 
*** FLOP *** [Qc 2s As]
Kelvin138: bets 40
Mahu2021: calls 40
*** TURN *** [Qc 2s As] [Qh]
Kelvin138: checks 
Mahu2021: bets 228 and is all-in
Kelvin138: folds 
Uncalled bet (228) returned to Mahu2021
Mahu2021 collected 160 from pot
Mahu2021: doesn't show hand 
*** SUMMARY ***
Total pot 160 | Rake 0 
Board [Qc 2s As Qh]
Seat 1: Kelvin138 (small blind) folded on the Turn
Seat 2: Mahu2021 (big blind) collected (160)
Seat 3: szekrena (button) folded before Flop (didn't bet)



PokerStars Hand #249062962533: Tournament #3720533861, $1.84+$0.16 USD Hold'em No Limit - Level III (20/40) - 2024/02/24 13:24:19 CET [2024/02/24 7:24:19 ET]
Table '3720533861 1' 3-max Seat #1 is the button
Seat 1: Kelvin138 (584 in chips) 
Seat 2: Mahu2021 (388 in chips) 
Seat 3: szekrena (528 in chips) 
Mahu2021: posts small blind 20
szekrena: posts big blind 40
*** HOLE CARDS ***
Dealt to Mahu2021 [Kh Qc]
Kelvin138: raises 40 to 80
Mahu2021: calls 60
szekrena: folds 
*** FLOP *** [9d 9s Ah]
Mahu2021: checks 
Kelvin138: checks 
*** TURN *** [9d 9s Ah] [3d]
Mahu2021: checks 
Kelvin138: checks 
*** RIVER *** [9d 9s Ah 3d] [3s]
Mahu2021: checks 
Kelvin138: bets 200
Mahu2021: calls 200
*** SHOW DOWN ***
Kelvin138: shows [Jh 9c] (a full house, Nines full of Threes)
Mahu2021: mucks hand 
Kelvin138 collected 600 from pot
*** SUMMARY ***
Total pot 600 | Rake 0 
Board [9d 9s Ah 3d 3s]
Seat 1: Kelvin138 (button) showed [Jh 9c] and won (600) with a full house, Nines full of Threes
Seat 2: Mahu2021 (small blind) mucked [Kh Qc]
Seat 3: szekrena (big blind) folded before Flop



PokerStars Hand #249062965437: Tournament #3720533861, $1.84+$0.16 USD Hold'em No Limit - Level III (20/40) - 2024/02/24 13:24:35 CET [2024/02/24 7:24:35 ET]
Table '3720533861 1' 3-max Seat #2 is the button
Seat 1: Kelvin138 (904 in chips) 
Seat 2: Mahu2021 (108 in chips) 
Seat 3: szekrena (488 in chips) 
szekrena: posts small blind 20
Kelvin138: posts big blind 40
*** HOLE CARDS ***
Dealt to Mahu2021 [Ks 3h]
Mahu2021: raises 68 to 108 and is all-in
szekrena: folds 
Kelvin138: calls 68
*** FLOP *** [As 2s 6d]
*** TURN *** [As 2s 6d] [4s]
*** RIVER *** [As 2s 6d 4s] [Js]
*** SHOW DOWN ***
Kelvin138: shows [9d 3c] (high card Ace)
Mahu2021: shows [Ks 3h] (a flush, Ace high)
Mahu2021 collected 236 from pot
*** SUMMARY ***
Total pot 236 | Rake 0 
Board [As 2s 6d 4s Js]
Seat 1: Kelvin138 (big blind) showed [9d 3c] and lost with high card Ace
Seat 2: Mahu2021 (button) showed [Ks 3h] and won (236) with a flush, Ace high
Seat 3: szekrena (small blind) folded before Flop



PokerStars Hand #249062968637: Tournament #3720533861, $1.84+$0.16 USD Hold'em No Limit - Level IV (30/60) - 2024/02/24 13:24:52 CET [2024/02/24 7:24:52 ET]
Table '3720533861 1' 3-max Seat #3 is the button
Seat 1: Kelvin138 (796 in chips) 
Seat 2: Mahu2021 (236 in chips) 
Seat 3: szekrena (468 in chips) 
Kelvin138: posts small blind 30
Mahu2021: posts big blind 60
*** HOLE CARDS ***
Dealt to Mahu2021 [4h Js]
szekrena: raises 408 to 468 and is all-in
Kelvin138: folds 
Mahu2021: folds 
Uncalled bet (408) returned to szekrena
szekrena collected 150 from pot
szekrena: doesn't show hand 
*** SUMMARY ***
Total pot 150 | Rake 0 
Seat 1: Kelvin138 (small blind) folded before Flop
Seat 2: Mahu2021 (big blind) folded before Flop
Seat 3: szekrena (button) collected (150)



PokerStars Hand #249062971528: Tournament #3720533861, $1.84+$0.16 USD Hold'em No Limit - Level IV (30/60) - 2024/02/24 13:25:07 CET [2024/02/24 7:25:07 ET]
Table '3720533861 1' 3-max Seat #1 is the button
Seat 1: Kelvin138 (766 in chips) 
Seat 2: Mahu2021 (176 in chips) 
Seat 3: szekrena (558 in chips) 
Mahu2021: posts small blind 30
szekrena: posts big blind 60
*** HOLE CARDS ***
Dealt to Mahu2021 [8h 6s]
Kelvin138: calls 60
Mahu2021: folds 
szekrena: checks 
*** FLOP *** [5h Qc Kh]
szekrena: checks 
Kelvin138: bets 75
szekrena: folds 
Uncalled bet (75) returned to Kelvin138
Kelvin138 collected 150 from pot
*** SUMMARY ***
Total pot 150 | Rake 0 
Board [5h Qc Kh]
Seat 1: Kelvin138 (button) collected (150)
Seat 2: Mahu2021 (small blind) folded before Flop
Seat 3: szekrena (big blind) folded on the Flop



PokerStars Hand #249062975954: Tournament #3720533861, $1.84+$0.16 USD Hold'em No Limit - Level IV (30/60) - 2024/02/24 13:25:31 CET [2024/02/24 7:25:31 ET]
Table '3720533861 1' 3-max Seat #2 is the button
Seat 1: Kelvin138 (856 in chips) 
Seat 2: Mahu2021 (146 in chips) 
Seat 3: szekrena (498 in chips) 
szekrena: posts small blind 30
Kelvin138: posts big blind 60
*** HOLE CARDS ***
Dealt to Mahu2021 [2d 5d]
Mahu2021: folds 
szekrena: folds 
Uncalled bet (30) returned to Kelvin138
Kelvin138 collected 60 from pot
*** SUMMARY ***
Total pot 60 | Rake 0 
Seat 1: Kelvin138 (big blind) collected (60)
Seat 2: Mahu2021 (button) folded before Flop (didn't bet)
Seat 3: szekrena (small blind) folded before Flop



PokerStars Hand #249062977579: Tournament #3720533861, $1.84+$0.16 USD Hold'em No Limit - Level IV (30/60) - 2024/02/24 13:25:40 CET [2024/02/24 7:25:40 ET]
Table '3720533861 1' 3-max Seat #3 is the button
Seat 1: Kelvin138 (886 in chips) 
Seat 2: Mahu2021 (146 in chips) 
Seat 3: szekrena (468 in chips) 
Kelvin138: posts small blind 30
Mahu2021: posts big blind 60
*** HOLE CARDS ***
Dealt to Mahu2021 [9h As]
szekrena: folds 
Kelvin138: calls 30
Mahu2021: raises 86 to 146 and is all-in
Kelvin138: calls 86
*** FLOP *** [Ac Qc 6s]
*** TURN *** [Ac Qc 6s] [Td]
*** RIVER *** [Ac Qc 6s Td] [8d]
*** SHOW DOWN ***
Kelvin138: shows [8s Tc] (two pair, Tens and Eights)
Mahu2021: shows [9h As] (a pair of Aces)
Kelvin138 collected 292 from pot
Mahu2021 finished the tournament in 3rd place
*** SUMMARY ***
Total pot 292 | Rake 0 
Board [Ac Qc 6s Td 8d]
Seat 1: Kelvin138 (small blind) showed [8s Tc] and won (292) with two pair, Tens and Eights
Seat 2: Mahu2021 (big blind) showed [9h As] and lost with a pair of Aces
Seat 3: szekrena (button) folded before Flop (didn't bet)



