PokerStars Hand #248784978989: Tournament #3713528563, $1.84+$0.16 USD Hold'em No Limit - Level I (10/20) - 2024/02/09 21:55:47 CET [2024/02/09 15:55:47 ET]
Table '3713528563 1' 3-max Seat #1 is the button
Seat 1: nicci666666 (500 in chips) 
Seat 2: stellartua81 (500 in chips) 
Seat 3: Mahu2021 (500 in chips) 
stellartua81: posts small blind 10
Mahu2021: posts big blind 20
*** HOLE CARDS ***
Dealt to Mahu2021 [Ks Jh]
nicci666666: calls 20
stellartua81: calls 10
Mahu2021: checks 
*** FLOP *** [2s 2d 7d]
stellartua81: checks 
Mahu2021: checks 
nicci666666: bets 20
stellartua81: calls 20
Mahu2021: calls 20
*** TURN *** [2s 2d 7d] [6c]
stellartua81: checks 
Mahu2021: checks 
nicci666666: checks 
*** RIVER *** [2s 2d 7d 6c] [5h]
stellartua81: bets 20
Mahu2021: folds 
nicci666666: folds 
Uncalled bet (20) returned to stellartua81
stellartua81 collected 120 from pot
stellartua81: doesn't show hand 
*** SUMMARY ***
Total pot 120 | Rake 0 
Board [2s 2d 7d 6c 5h]
Seat 1: nicci666666 (button) folded on the River
Seat 2: stellartua81 (small blind) collected (120)
Seat 3: Mahu2021 (big blind) folded on the River



PokerStars Hand #248784984796: Tournament #3713528563, $1.84+$0.16 USD Hold'em No Limit - Level I (10/20) - 2024/02/09 21:56:09 CET [2024/02/09 15:56:09 ET]
Table '3713528563 1' 3-max Seat #2 is the button
Seat 1: nicci666666 (460 in chips) 
Seat 2: stellartua81 (580 in chips) 
Seat 3: Mahu2021 (460 in chips) 
Mahu2021: posts small blind 10
nicci666666: posts big blind 20
*** HOLE CARDS ***
Dealt to Mahu2021 [Kc 4s]
stellartua81: calls 20
Mahu2021: calls 10
nicci666666: raises 60 to 80
stellartua81: folds 
Mahu2021: folds 
Uncalled bet (60) returned to nicci666666
nicci666666 collected 60 from pot
*** SUMMARY ***
Total pot 60 | Rake 0 
Seat 1: nicci666666 (big blind) collected (60)
Seat 2: stellartua81 (button) folded before Flop
Seat 3: Mahu2021 (small blind) folded before Flop



PokerStars Hand #248784988009: Tournament #3713528563, $1.84+$0.16 USD Hold'em No Limit - Level I (10/20) - 2024/02/09 21:56:21 CET [2024/02/09 15:56:21 ET]
Table '3713528563 1' 3-max Seat #3 is the button
Seat 1: nicci666666 (500 in chips) 
Seat 2: stellartua81 (560 in chips) 
Seat 3: Mahu2021 (440 in chips) 
nicci666666: posts small blind 10
stellartua81: posts big blind 20
*** HOLE CARDS ***
Dealt to Mahu2021 [4d 8s]
Mahu2021: folds 
nicci666666: calls 10
stellartua81: raises 40 to 60
nicci666666: calls 40
*** FLOP *** [4h 3h 7c]
nicci666666: checks 
stellartua81: bets 500 and is all-in
nicci666666: folds 
Uncalled bet (500) returned to stellartua81
stellartua81 collected 120 from pot
stellartua81: doesn't show hand 
*** SUMMARY ***
Total pot 120 | Rake 0 
Board [4h 3h 7c]
Seat 1: nicci666666 (small blind) folded on the Flop
Seat 2: stellartua81 (big blind) collected (120)
Seat 3: Mahu2021 (button) folded before Flop (didn't bet)



PokerStars Hand #248784991350: Tournament #3713528563, $1.84+$0.16 USD Hold'em No Limit - Level I (10/20) - 2024/02/09 21:56:34 CET [2024/02/09 15:56:34 ET]
Table '3713528563 1' 3-max Seat #1 is the button
Seat 1: nicci666666 (440 in chips) 
Seat 2: stellartua81 (620 in chips) 
Seat 3: Mahu2021 (440 in chips) 
stellartua81: posts small blind 10
Mahu2021: posts big blind 20
*** HOLE CARDS ***
Dealt to Mahu2021 [Qc 8h]
nicci666666: calls 20
stellartua81: calls 10
Mahu2021: checks 
*** FLOP *** [6d Kh 3s]
stellartua81: bets 60
Mahu2021: folds 
nicci666666: folds 
Uncalled bet (60) returned to stellartua81
stellartua81 collected 60 from pot
stellartua81: doesn't show hand 
*** SUMMARY ***
Total pot 60 | Rake 0 
Board [6d Kh 3s]
Seat 1: nicci666666 (button) folded on the Flop
Seat 2: stellartua81 (small blind) collected (60)
Seat 3: Mahu2021 (big blind) folded on the Flop



PokerStars Hand #248784994296: Tournament #3713528563, $1.84+$0.16 USD Hold'em No Limit - Level I (10/20) - 2024/02/09 21:56:45 CET [2024/02/09 15:56:45 ET]
Table '3713528563 1' 3-max Seat #2 is the button
Seat 1: nicci666666 (420 in chips) 
Seat 2: stellartua81 (660 in chips) 
Seat 3: Mahu2021 (420 in chips) 
Mahu2021: posts small blind 10
nicci666666: posts big blind 20
*** HOLE CARDS ***
Dealt to Mahu2021 [Ad Kh]
stellartua81: folds 
Mahu2021: raises 40 to 60
nicci666666: calls 40
*** FLOP *** [6d 7s 2h]
Mahu2021: checks 
nicci666666: bets 120
Mahu2021: calls 120
*** TURN *** [6d 7s 2h] [3d]
Mahu2021: checks 
nicci666666: bets 240 and is all-in
Mahu2021: folds 
Uncalled bet (240) returned to nicci666666
nicci666666 collected 360 from pot
*** SUMMARY ***
Total pot 360 | Rake 0 
Board [6d 7s 2h 3d]
Seat 1: nicci666666 (big blind) collected (360)
Seat 2: stellartua81 (button) folded before Flop (didn't bet)
Seat 3: Mahu2021 (small blind) folded on the Turn



PokerStars Hand #248784998204: Tournament #3713528563, $1.84+$0.16 USD Hold'em No Limit - Level I (10/20) - 2024/02/09 21:57:00 CET [2024/02/09 15:57:00 ET]
Table '3713528563 1' 3-max Seat #3 is the button
Seat 1: nicci666666 (600 in chips) 
Seat 2: stellartua81 (660 in chips) 
Seat 3: Mahu2021 (240 in chips) 
nicci666666: posts small blind 10
stellartua81: posts big blind 20
*** HOLE CARDS ***
Dealt to Mahu2021 [6c 5d]
Mahu2021: folds 
nicci666666: folds 
Uncalled bet (10) returned to stellartua81
stellartua81 collected 20 from pot
stellartua81: doesn't show hand 
*** SUMMARY ***
Total pot 20 | Rake 0 
Seat 1: nicci666666 (small blind) folded before Flop
Seat 2: stellartua81 (big blind) collected (20)
Seat 3: Mahu2021 (button) folded before Flop (didn't bet)



PokerStars Hand #248784999409: Tournament #3713528563, $1.84+$0.16 USD Hold'em No Limit - Level I (10/20) - 2024/02/09 21:57:04 CET [2024/02/09 15:57:04 ET]
Table '3713528563 1' 3-max Seat #1 is the button
Seat 1: nicci666666 (590 in chips) 
Seat 2: stellartua81 (670 in chips) 
Seat 3: Mahu2021 (240 in chips) 
stellartua81: posts small blind 10
Mahu2021: posts big blind 20
*** HOLE CARDS ***
Dealt to Mahu2021 [Kh 2s]
nicci666666: folds 
stellartua81: calls 10
Mahu2021: checks 
*** FLOP *** [Jd 2c 2d]
stellartua81: checks 
Mahu2021: bets 20
stellartua81: raises 630 to 650 and is all-in
Mahu2021: calls 200 and is all-in
Uncalled bet (430) returned to stellartua81
*** TURN *** [Jd 2c 2d] [7c]
*** RIVER *** [Jd 2c 2d 7c] [7d]
*** SHOW DOWN ***
stellartua81: shows [9s Jh] (two pair, Jacks and Sevens)
Mahu2021: shows [Kh 2s] (a full house, Deuces full of Sevens)
Mahu2021 collected 480 from pot
*** SUMMARY ***
Total pot 480 | Rake 0 
Board [Jd 2c 2d 7c 7d]
Seat 1: nicci666666 (button) folded before Flop (didn't bet)
Seat 2: stellartua81 (small blind) showed [9s Jh] and lost with two pair, Jacks and Sevens
Seat 3: Mahu2021 (big blind) showed [Kh 2s] and won (480) with a full house, Deuces full of Sevens



PokerStars Hand #248785004579: Tournament #3713528563, $1.84+$0.16 USD Hold'em No Limit - Level I (10/20) - 2024/02/09 21:57:24 CET [2024/02/09 15:57:24 ET]
Table '3713528563 1' 3-max Seat #2 is the button
Seat 1: nicci666666 (590 in chips) 
Seat 2: stellartua81 (430 in chips) 
Seat 3: Mahu2021 (480 in chips) 
Mahu2021: posts small blind 10
nicci666666: posts big blind 20
*** HOLE CARDS ***
Dealt to Mahu2021 [2c 9h]
stellartua81: folds 
Mahu2021: folds 
Uncalled bet (10) returned to nicci666666
nicci666666 collected 20 from pot
*** SUMMARY ***
Total pot 20 | Rake 0 
Seat 1: nicci666666 (big blind) collected (20)
Seat 2: stellartua81 (button) folded before Flop (didn't bet)
Seat 3: Mahu2021 (small blind) folded before Flop



PokerStars Hand #248785005882: Tournament #3713528563, $1.84+$0.16 USD Hold'em No Limit - Level I (10/20) - 2024/02/09 21:57:29 CET [2024/02/09 15:57:29 ET]
Table '3713528563 1' 3-max Seat #3 is the button
Seat 1: nicci666666 (600 in chips) 
Seat 2: stellartua81 (430 in chips) 
Seat 3: Mahu2021 (470 in chips) 
nicci666666: posts small blind 10
stellartua81: posts big blind 20
*** HOLE CARDS ***
Dealt to Mahu2021 [4s Kc]
Mahu2021: calls 20
nicci666666: folds 
stellartua81: checks 
*** FLOP *** [6c 9h Kh]
stellartua81: checks 
Mahu2021: bets 20
stellartua81: calls 20
*** TURN *** [6c 9h Kh] [Kd]
stellartua81: checks 
Mahu2021: bets 20
stellartua81: folds 
Uncalled bet (20) returned to Mahu2021
Mahu2021 collected 90 from pot
Mahu2021: doesn't show hand 
*** SUMMARY ***
Total pot 90 | Rake 0 
Board [6c 9h Kh Kd]
Seat 1: nicci666666 (small blind) folded before Flop
Seat 2: stellartua81 (big blind) folded on the Turn
Seat 3: Mahu2021 (button) collected (90)



PokerStars Hand #248785009954: Tournament #3713528563, $1.84+$0.16 USD Hold'em No Limit - Level I (10/20) - 2024/02/09 21:57:44 CET [2024/02/09 15:57:44 ET]
Table '3713528563 1' 3-max Seat #1 is the button
Seat 1: nicci666666 (590 in chips) 
Seat 2: stellartua81 (390 in chips) 
Seat 3: Mahu2021 (520 in chips) 
stellartua81: posts small blind 10
Mahu2021: posts big blind 20
*** HOLE CARDS ***
Dealt to Mahu2021 [4d 6h]
nicci666666: calls 20
stellartua81: raises 370 to 390 and is all-in
Mahu2021: folds 
nicci666666: folds 
Uncalled bet (370) returned to stellartua81
stellartua81 collected 60 from pot
stellartua81: doesn't show hand 
*** SUMMARY ***
Total pot 60 | Rake 0 
Seat 1: nicci666666 (button) folded before Flop
Seat 2: stellartua81 (small blind) collected (60)
Seat 3: Mahu2021 (big blind) folded before Flop



PokerStars Hand #248785012848: Tournament #3713528563, $1.84+$0.16 USD Hold'em No Limit - Level I (10/20) - 2024/02/09 21:57:54 CET [2024/02/09 15:57:54 ET]
Table '3713528563 1' 3-max Seat #2 is the button
Seat 1: nicci666666 (570 in chips) 
Seat 2: stellartua81 (430 in chips) 
Seat 3: Mahu2021 (500 in chips) 
Mahu2021: posts small blind 10
nicci666666: posts big blind 20
*** HOLE CARDS ***
Dealt to Mahu2021 [9h 3d]
stellartua81: raises 410 to 430 and is all-in
Mahu2021: folds 
nicci666666: calls 410
*** FLOP *** [4h 9d Kc]
*** TURN *** [4h 9d Kc] [Jh]
*** RIVER *** [4h 9d Kc Jh] [6c]
*** SHOW DOWN ***
nicci666666: shows [2s As] (high card Ace)
stellartua81: shows [Tc Ad] (high card Ace - King+Jack+Ten kicker)
stellartua81 collected 870 from pot
*** SUMMARY ***
Total pot 870 | Rake 0 
Board [4h 9d Kc Jh 6c]
Seat 1: nicci666666 (big blind) showed [2s As] and lost with high card Ace
Seat 2: stellartua81 (button) showed [Tc Ad] and won (870) with high card Ace
Seat 3: Mahu2021 (small blind) folded before Flop



PokerStars Hand #248785016090: Tournament #3713528563, $1.84+$0.16 USD Hold'em No Limit - Level I (10/20) - 2024/02/09 21:58:07 CET [2024/02/09 15:58:07 ET]
Table '3713528563 1' 3-max Seat #3 is the button
Seat 1: nicci666666 (140 in chips) 
Seat 2: stellartua81 (870 in chips) 
Seat 3: Mahu2021 (490 in chips) 
nicci666666: posts small blind 10
stellartua81: posts big blind 20
*** HOLE CARDS ***
Dealt to Mahu2021 [3d 7h]
Mahu2021: folds 
nicci666666: raises 120 to 140 and is all-in
stellartua81: folds 
Uncalled bet (120) returned to nicci666666
nicci666666 collected 40 from pot
*** SUMMARY ***
Total pot 40 | Rake 0 
Seat 1: nicci666666 (small blind) collected (40)
Seat 2: stellartua81 (big blind) folded before Flop
Seat 3: Mahu2021 (button) folded before Flop (didn't bet)



PokerStars Hand #248785018118: Tournament #3713528563, $1.84+$0.16 USD Hold'em No Limit - Level I (10/20) - 2024/02/09 21:58:14 CET [2024/02/09 15:58:14 ET]
Table '3713528563 1' 3-max Seat #1 is the button
Seat 1: nicci666666 (160 in chips) 
Seat 2: stellartua81 (850 in chips) 
Seat 3: Mahu2021 (490 in chips) 
stellartua81: posts small blind 10
Mahu2021: posts big blind 20
*** HOLE CARDS ***
Dealt to Mahu2021 [Tc 4s]
nicci666666: folds 
stellartua81: calls 10
Mahu2021: checks 
*** FLOP *** [3c Jc 7s]
stellartua81: checks 
Mahu2021: checks 
*** TURN *** [3c Jc 7s] [2h]
stellartua81: checks 
Mahu2021: checks 
*** RIVER *** [3c Jc 7s 2h] [9c]
stellartua81: bets 20
Mahu2021: folds 
Uncalled bet (20) returned to stellartua81
stellartua81 collected 40 from pot
stellartua81: doesn't show hand 
*** SUMMARY ***
Total pot 40 | Rake 0 
Board [3c Jc 7s 2h 9c]
Seat 1: nicci666666 (button) folded before Flop (didn't bet)
Seat 2: stellartua81 (small blind) collected (40)
Seat 3: Mahu2021 (big blind) folded on the River



PokerStars Hand #248785022282: Tournament #3713528563, $1.84+$0.16 USD Hold'em No Limit - Level I (10/20) - 2024/02/09 21:58:30 CET [2024/02/09 15:58:30 ET]
Table '3713528563 1' 3-max Seat #2 is the button
Seat 1: nicci666666 (160 in chips) 
Seat 2: stellartua81 (870 in chips) 
Seat 3: Mahu2021 (470 in chips) 
Mahu2021: posts small blind 10
nicci666666: posts big blind 20
*** HOLE CARDS ***
Dealt to Mahu2021 [9d 6s]
stellartua81: folds 
Mahu2021: folds 
Uncalled bet (10) returned to nicci666666
nicci666666 collected 20 from pot
*** SUMMARY ***
Total pot 20 | Rake 0 
Seat 1: nicci666666 (big blind) collected (20)
Seat 2: stellartua81 (button) folded before Flop (didn't bet)
Seat 3: Mahu2021 (small blind) folded before Flop



PokerStars Hand #248785023446: Tournament #3713528563, $1.84+$0.16 USD Hold'em No Limit - Level I (10/20) - 2024/02/09 21:58:34 CET [2024/02/09 15:58:34 ET]
Table '3713528563 1' 3-max Seat #3 is the button
Seat 1: nicci666666 (170 in chips) 
Seat 2: stellartua81 (870 in chips) 
Seat 3: Mahu2021 (460 in chips) 
nicci666666: posts small blind 10
stellartua81: posts big blind 20
*** HOLE CARDS ***
Dealt to Mahu2021 [4c Kh]
Mahu2021: raises 20 to 40
nicci666666: calls 30
stellartua81: folds 
*** FLOP *** [Jd 5h Th]
nicci666666: checks 
Mahu2021: checks 
*** TURN *** [Jd 5h Th] [2s]
nicci666666: checks 
Mahu2021: checks 
*** RIVER *** [Jd 5h Th 2s] [8s]
nicci666666: bets 130 and is all-in
Mahu2021: folds 
Uncalled bet (130) returned to nicci666666
nicci666666 collected 100 from pot
*** SUMMARY ***
Total pot 100 | Rake 0 
Board [Jd 5h Th 2s 8s]
Seat 1: nicci666666 (small blind) collected (100)
Seat 2: stellartua81 (big blind) folded before Flop
Seat 3: Mahu2021 (button) folded on the River



PokerStars Hand #248785027304: Tournament #3713528563, $1.84+$0.16 USD Hold'em No Limit - Level I (10/20) - 2024/02/09 21:58:48 CET [2024/02/09 15:58:48 ET]
Table '3713528563 1' 3-max Seat #1 is the button
Seat 1: nicci666666 (230 in chips) 
Seat 2: stellartua81 (850 in chips) 
Seat 3: Mahu2021 (420 in chips) 
stellartua81: posts small blind 10
Mahu2021: posts big blind 20
*** HOLE CARDS ***
Dealt to Mahu2021 [8h 7s]
nicci666666: calls 20
stellartua81: folds 
Mahu2021: checks 
*** FLOP *** [5h 3h 4d]
Mahu2021: checks 
nicci666666: bets 50
Mahu2021: folds 
Uncalled bet (50) returned to nicci666666
nicci666666 collected 50 from pot
*** SUMMARY ***
Total pot 50 | Rake 0 
Board [5h 3h 4d]
Seat 1: nicci666666 (button) collected (50)
Seat 2: stellartua81 (small blind) folded before Flop
Seat 3: Mahu2021 (big blind) folded on the Flop



PokerStars Hand #248785031289: Tournament #3713528563, $1.84+$0.16 USD Hold'em No Limit - Level II (15/30) - 2024/02/09 21:59:03 CET [2024/02/09 15:59:03 ET]
Table '3713528563 1' 3-max Seat #2 is the button
Seat 1: nicci666666 (260 in chips) 
Seat 2: stellartua81 (840 in chips) 
Seat 3: Mahu2021 (400 in chips) 
Mahu2021: posts small blind 15
nicci666666: posts big blind 30
*** HOLE CARDS ***
Dealt to Mahu2021 [Qc 3h]
stellartua81: folds 
Mahu2021: folds 
Uncalled bet (15) returned to nicci666666
nicci666666 collected 30 from pot
*** SUMMARY ***
Total pot 30 | Rake 0 
Seat 1: nicci666666 (big blind) collected (30)
Seat 2: stellartua81 (button) folded before Flop (didn't bet)
Seat 3: Mahu2021 (small blind) folded before Flop



PokerStars Hand #248785032598: Tournament #3713528563, $1.84+$0.16 USD Hold'em No Limit - Level II (15/30) - 2024/02/09 21:59:08 CET [2024/02/09 15:59:08 ET]
Table '3713528563 1' 3-max Seat #3 is the button
Seat 1: nicci666666 (275 in chips) 
Seat 2: stellartua81 (840 in chips) 
Seat 3: Mahu2021 (385 in chips) 
nicci666666: posts small blind 15
stellartua81: posts big blind 30
*** HOLE CARDS ***
Dealt to Mahu2021 [3c 9d]
Mahu2021: folds 
nicci666666: calls 15
stellartua81: checks 
*** FLOP *** [7d Kc Th]
nicci666666: checks 
stellartua81: checks 
*** TURN *** [7d Kc Th] [6s]
nicci666666: bets 30
stellartua81: folds 
Uncalled bet (30) returned to nicci666666
nicci666666 collected 60 from pot
nicci666666: doesn't show hand 
*** SUMMARY ***
Total pot 60 | Rake 0 
Board [7d Kc Th 6s]
Seat 1: nicci666666 (small blind) collected (60)
Seat 2: stellartua81 (big blind) folded on the Turn
Seat 3: Mahu2021 (button) folded before Flop (didn't bet)



PokerStars Hand #248785036652: Tournament #3713528563, $1.84+$0.16 USD Hold'em No Limit - Level II (15/30) - 2024/02/09 21:59:23 CET [2024/02/09 15:59:23 ET]
Table '3713528563 1' 3-max Seat #1 is the button
Seat 1: nicci666666 (305 in chips) 
Seat 2: stellartua81 (810 in chips) 
Seat 3: Mahu2021 (385 in chips) 
stellartua81: posts small blind 15
Mahu2021: posts big blind 30
*** HOLE CARDS ***
Dealt to Mahu2021 [3h 4s]
nicci666666: calls 30
stellartua81: calls 15
Mahu2021: checks 
*** FLOP *** [5d 3c 2h]
stellartua81: checks 
Mahu2021: bets 90
nicci666666: folds 
stellartua81: folds 
Uncalled bet (90) returned to Mahu2021
Mahu2021 collected 90 from pot
Mahu2021: doesn't show hand 
*** SUMMARY ***
Total pot 90 | Rake 0 
Board [5d 3c 2h]
Seat 1: nicci666666 (button) folded on the Flop
Seat 2: stellartua81 (small blind) folded on the Flop
Seat 3: Mahu2021 (big blind) collected (90)



PokerStars Hand #248785040761: Tournament #3713528563, $1.84+$0.16 USD Hold'em No Limit - Level II (15/30) - 2024/02/09 21:59:38 CET [2024/02/09 15:59:38 ET]
Table '3713528563 1' 3-max Seat #2 is the button
Seat 1: nicci666666 (275 in chips) 
Seat 2: stellartua81 (780 in chips) 
Seat 3: Mahu2021 (445 in chips) 
Mahu2021: posts small blind 15
nicci666666: posts big blind 30
*** HOLE CARDS ***
Dealt to Mahu2021 [8h Ah]
stellartua81: calls 30
Mahu2021: calls 15
nicci666666: checks 
*** FLOP *** [Td Qh Ad]
Mahu2021: bets 30
nicci666666: folds 
stellartua81: calls 30
*** TURN *** [Td Qh Ad] [9d]
Mahu2021: bets 30
stellartua81: calls 30
*** RIVER *** [Td Qh Ad 9d] [5s]
Mahu2021: bets 30
stellartua81: folds 
Uncalled bet (30) returned to Mahu2021
Mahu2021 collected 210 from pot
Mahu2021: doesn't show hand 
*** SUMMARY ***
Total pot 210 | Rake 0 
Board [Td Qh Ad 9d 5s]
Seat 1: nicci666666 (big blind) folded on the Flop
Seat 2: stellartua81 (button) folded on the River
Seat 3: Mahu2021 (small blind) collected (210)



PokerStars Hand #248785045228: Tournament #3713528563, $1.84+$0.16 USD Hold'em No Limit - Level II (15/30) - 2024/02/09 21:59:55 CET [2024/02/09 15:59:55 ET]
Table '3713528563 1' 3-max Seat #3 is the button
Seat 1: nicci666666 (245 in chips) 
Seat 2: stellartua81 (690 in chips) 
Seat 3: Mahu2021 (565 in chips) 
nicci666666: posts small blind 15
stellartua81: posts big blind 30
*** HOLE CARDS ***
Dealt to Mahu2021 [9c 4d]
Mahu2021: folds 
nicci666666: calls 15
stellartua81: raises 30 to 60
nicci666666: calls 30
*** FLOP *** [Qh 9d 5d]
nicci666666: checks 
stellartua81: bets 630 and is all-in
nicci666666: calls 185 and is all-in
Uncalled bet (445) returned to stellartua81
*** TURN *** [Qh 9d 5d] [3c]
*** RIVER *** [Qh 9d 5d 3c] [3h]
*** SHOW DOWN ***
nicci666666: shows [8s Td] (a pair of Threes)
stellartua81: shows [Ah As] (two pair, Aces and Threes)
stellartua81 collected 490 from pot
nicci666666 finished the tournament in 3rd place
*** SUMMARY ***
Total pot 490 | Rake 0 
Board [Qh 9d 5d 3c 3h]
Seat 1: nicci666666 (small blind) showed [8s Td] and lost with a pair of Threes
Seat 2: stellartua81 (big blind) showed [Ah As] and won (490) with two pair, Aces and Threes
Seat 3: Mahu2021 (button) folded before Flop (didn't bet)



PokerStars Hand #248785052847: Tournament #3713528563, $1.84+$0.16 USD Hold'em No Limit - Level II (15/30) - 2024/02/09 22:00:22 CET [2024/02/09 16:00:22 ET]
Table '3713528563 1' 3-max Seat #2 is the button
Seat 2: stellartua81 (935 in chips) 
Seat 3: Mahu2021 (565 in chips) 
stellartua81: posts small blind 15
Mahu2021: posts big blind 30
*** HOLE CARDS ***
Dealt to Mahu2021 [2c 6c]
stellartua81: calls 15
Mahu2021: checks 
*** FLOP *** [Kd 3c Qs]
Mahu2021: checks 
stellartua81: bets 30
Mahu2021: folds 
Uncalled bet (30) returned to stellartua81
stellartua81 collected 60 from pot
stellartua81: doesn't show hand 
*** SUMMARY ***
Total pot 60 | Rake 0 
Board [Kd 3c Qs]
Seat 2: stellartua81 (button) (small blind) collected (60)
Seat 3: Mahu2021 (big blind) folded on the Flop



PokerStars Hand #248785055461: Tournament #3713528563, $1.84+$0.16 USD Hold'em No Limit - Level II (15/30) - 2024/02/09 22:00:31 CET [2024/02/09 16:00:31 ET]
Table '3713528563 1' 3-max Seat #3 is the button
Seat 2: stellartua81 (965 in chips) 
Seat 3: Mahu2021 (535 in chips) 
Mahu2021: posts small blind 15
stellartua81: posts big blind 30
*** HOLE CARDS ***
Dealt to Mahu2021 [8c 6h]
Mahu2021: folds 
Uncalled bet (15) returned to stellartua81
stellartua81 collected 30 from pot
stellartua81: doesn't show hand 
*** SUMMARY ***
Total pot 30 | Rake 0 
Seat 2: stellartua81 (big blind) collected (30)
Seat 3: Mahu2021 (button) (small blind) folded before Flop



PokerStars Hand #248785056706: Tournament #3713528563, $1.84+$0.16 USD Hold'em No Limit - Level II (15/30) - 2024/02/09 22:00:35 CET [2024/02/09 16:00:35 ET]
Table '3713528563 1' 3-max Seat #2 is the button
Seat 2: stellartua81 (980 in chips) 
Seat 3: Mahu2021 (520 in chips) 
stellartua81: posts small blind 15
Mahu2021: posts big blind 30
*** HOLE CARDS ***
Dealt to Mahu2021 [Qd 6c]
stellartua81: calls 15
Mahu2021: checks 
*** FLOP *** [Ah Qh 5c]
Mahu2021: checks 
stellartua81: checks 
*** TURN *** [Ah Qh 5c] [Js]
Mahu2021: checks 
stellartua81: bets 60
Mahu2021: calls 60
*** RIVER *** [Ah Qh 5c Js] [3d]
Mahu2021: checks 
stellartua81: bets 121
Mahu2021: calls 121
*** SHOW DOWN ***
stellartua81: shows [As 6h] (a pair of Aces)
Mahu2021: mucks hand 
stellartua81 collected 422 from pot
*** SUMMARY ***
Total pot 422 | Rake 0 
Board [Ah Qh 5c Js 3d]
Seat 2: stellartua81 (button) (small blind) showed [As 6h] and won (422) with a pair of Aces
Seat 3: Mahu2021 (big blind) mucked [Qd 6c]



PokerStars Hand #248785060457: Tournament #3713528563, $1.84+$0.16 USD Hold'em No Limit - Level II (15/30) - 2024/02/09 22:00:47 CET [2024/02/09 16:00:47 ET]
Table '3713528563 1' 3-max Seat #3 is the button
Seat 2: stellartua81 (1191 in chips) 
Seat 3: Mahu2021 (309 in chips) 
Mahu2021: posts small blind 15
stellartua81: posts big blind 30
*** HOLE CARDS ***
Dealt to Mahu2021 [Ad Ks]
Mahu2021: raises 30 to 60
stellartua81: folds 
Uncalled bet (30) returned to Mahu2021
Mahu2021 collected 60 from pot
Mahu2021: doesn't show hand 
*** SUMMARY ***
Total pot 60 | Rake 0 
Seat 2: stellartua81 (big blind) folded before Flop
Seat 3: Mahu2021 (button) (small blind) collected (60)



PokerStars Hand #248785062486: Tournament #3713528563, $1.84+$0.16 USD Hold'em No Limit - Level II (15/30) - 2024/02/09 22:00:54 CET [2024/02/09 16:00:54 ET]
Table '3713528563 1' 3-max Seat #2 is the button
Seat 2: stellartua81 (1161 in chips) 
Seat 3: Mahu2021 (339 in chips) 
stellartua81: posts small blind 15
Mahu2021: posts big blind 30
*** HOLE CARDS ***
Dealt to Mahu2021 [3s 2d]
stellartua81: raises 1131 to 1161 and is all-in
Mahu2021: folds 
Uncalled bet (1131) returned to stellartua81
stellartua81 collected 60 from pot
stellartua81: doesn't show hand 
*** SUMMARY ***
Total pot 60 | Rake 0 
Seat 2: stellartua81 (button) (small blind) collected (60)
Seat 3: Mahu2021 (big blind) folded before Flop



PokerStars Hand #248785063795: Tournament #3713528563, $1.84+$0.16 USD Hold'em No Limit - Level II (15/30) - 2024/02/09 22:00:58 CET [2024/02/09 16:00:58 ET]
Table '3713528563 1' 3-max Seat #3 is the button
Seat 2: stellartua81 (1191 in chips) 
Seat 3: Mahu2021 (309 in chips) 
Mahu2021: posts small blind 15
stellartua81: posts big blind 30
*** HOLE CARDS ***
Dealt to Mahu2021 [9d 4c]
Mahu2021: folds 
Uncalled bet (15) returned to stellartua81
stellartua81 collected 30 from pot
stellartua81: doesn't show hand 
*** SUMMARY ***
Total pot 30 | Rake 0 
Seat 2: stellartua81 (big blind) collected (30)
Seat 3: Mahu2021 (button) (small blind) folded before Flop



PokerStars Hand #248785065050: Tournament #3713528563, $1.84+$0.16 USD Hold'em No Limit - Level II (15/30) - 2024/02/09 22:01:02 CET [2024/02/09 16:01:02 ET]
Table '3713528563 1' 3-max Seat #2 is the button
Seat 2: stellartua81 (1206 in chips) 
Seat 3: Mahu2021 (294 in chips) 
stellartua81: posts small blind 15
Mahu2021: posts big blind 30
*** HOLE CARDS ***
Dealt to Mahu2021 [Ah 5s]
stellartua81: calls 15
Mahu2021: raises 264 to 294 and is all-in
stellartua81: folds 
Uncalled bet (264) returned to Mahu2021
Mahu2021 collected 60 from pot
Mahu2021: doesn't show hand 
*** SUMMARY ***
Total pot 60 | Rake 0 
Seat 2: stellartua81 (button) (small blind) folded before Flop
Seat 3: Mahu2021 (big blind) collected (60)



PokerStars Hand #248785066970: Tournament #3713528563, $1.84+$0.16 USD Hold'em No Limit - Level II (15/30) - 2024/02/09 22:01:08 CET [2024/02/09 16:01:08 ET]
Table '3713528563 1' 3-max Seat #3 is the button
Seat 2: stellartua81 (1176 in chips) 
Seat 3: Mahu2021 (324 in chips) 
Mahu2021: posts small blind 15
stellartua81: posts big blind 30
*** HOLE CARDS ***
Dealt to Mahu2021 [2s 9s]
Mahu2021: folds 
Uncalled bet (15) returned to stellartua81
stellartua81 collected 30 from pot
stellartua81: doesn't show hand 
*** SUMMARY ***
Total pot 30 | Rake 0 
Seat 2: stellartua81 (big blind) collected (30)
Seat 3: Mahu2021 (button) (small blind) folded before Flop



PokerStars Hand #248785068171: Tournament #3713528563, $1.84+$0.16 USD Hold'em No Limit - Level II (15/30) - 2024/02/09 22:01:12 CET [2024/02/09 16:01:12 ET]
Table '3713528563 1' 3-max Seat #2 is the button
Seat 2: stellartua81 (1191 in chips) 
Seat 3: Mahu2021 (309 in chips) 
stellartua81: posts small blind 15
Mahu2021: posts big blind 30
*** HOLE CARDS ***
Dealt to Mahu2021 [4s 6h]
stellartua81: raises 1161 to 1191 and is all-in
Mahu2021: folds 
Uncalled bet (1161) returned to stellartua81
stellartua81 collected 60 from pot
stellartua81: doesn't show hand 
*** SUMMARY ***
Total pot 60 | Rake 0 
Seat 2: stellartua81 (button) (small blind) collected (60)
Seat 3: Mahu2021 (big blind) folded before Flop



PokerStars Hand #248785069907: Tournament #3713528563, $1.84+$0.16 USD Hold'em No Limit - Level II (15/30) - 2024/02/09 22:01:16 CET [2024/02/09 16:01:16 ET]
Table '3713528563 1' 3-max Seat #3 is the button
Seat 2: stellartua81 (1221 in chips) 
Seat 3: Mahu2021 (279 in chips) 
Mahu2021: posts small blind 15
stellartua81: posts big blind 30
*** HOLE CARDS ***
Dealt to Mahu2021 [Jh Qs]
Mahu2021: calls 15
stellartua81: checks 
*** FLOP *** [3d Tc Ks]
stellartua81: checks 
Mahu2021: bets 30
stellartua81: folds 
Uncalled bet (30) returned to Mahu2021
Mahu2021 collected 60 from pot
Mahu2021: doesn't show hand 
*** SUMMARY ***
Total pot 60 | Rake 0 
Board [3d Tc Ks]
Seat 2: stellartua81 (big blind) folded on the Flop
Seat 3: Mahu2021 (button) (small blind) collected (60)



PokerStars Hand #248785073281: Tournament #3713528563, $1.84+$0.16 USD Hold'em No Limit - Level II (15/30) - 2024/02/09 22:01:26 CET [2024/02/09 16:01:26 ET]
Table '3713528563 1' 3-max Seat #2 is the button
Seat 2: stellartua81 (1191 in chips) 
Seat 3: Mahu2021 (309 in chips) 
stellartua81: posts small blind 15
Mahu2021: posts big blind 30
*** HOLE CARDS ***
Dealt to Mahu2021 [7s 6s]
stellartua81: calls 15
Mahu2021: checks 
*** FLOP *** [6d 6c As]
Mahu2021: checks 
stellartua81: bets 30
Mahu2021: calls 30
*** TURN *** [6d 6c As] [5d]
Mahu2021: checks 
stellartua81: checks 
*** RIVER *** [6d 6c As 5d] [4h]
Mahu2021: bets 60
stellartua81: folds 
Uncalled bet (60) returned to Mahu2021
Mahu2021 collected 120 from pot
Mahu2021: doesn't show hand 
*** SUMMARY ***
Total pot 120 | Rake 0 
Board [6d 6c As 5d 4h]
Seat 2: stellartua81 (button) (small blind) folded on the River
Seat 3: Mahu2021 (big blind) collected (120)



PokerStars Hand #248785077889: Tournament #3713528563, $1.84+$0.16 USD Hold'em No Limit - Level II (15/30) - 2024/02/09 22:01:39 CET [2024/02/09 16:01:39 ET]
Table '3713528563 1' 3-max Seat #3 is the button
Seat 2: stellartua81 (1131 in chips) 
Seat 3: Mahu2021 (369 in chips) 
Mahu2021: posts small blind 15
stellartua81: posts big blind 30
*** HOLE CARDS ***
Dealt to Mahu2021 [Qh Jh]
Mahu2021: raises 30 to 60
stellartua81: calls 30
*** FLOP *** [4h Qs 7s]
stellartua81: checks 
Mahu2021: bets 60
stellartua81: folds 
Uncalled bet (60) returned to Mahu2021
Mahu2021 collected 120 from pot
Mahu2021: doesn't show hand 
*** SUMMARY ***
Total pot 120 | Rake 0 
Board [4h Qs 7s]
Seat 2: stellartua81 (big blind) folded on the Flop
Seat 3: Mahu2021 (button) (small blind) collected (120)



PokerStars Hand #248785082936: Tournament #3713528563, $1.84+$0.16 USD Hold'em No Limit - Level III (20/40) - 2024/02/09 22:01:53 CET [2024/02/09 16:01:53 ET]
Table '3713528563 1' 3-max Seat #2 is the button
Seat 2: stellartua81 (1071 in chips) 
Seat 3: Mahu2021 (429 in chips) 
stellartua81: posts small blind 20
Mahu2021: posts big blind 40
*** HOLE CARDS ***
Dealt to Mahu2021 [Js 6h]
stellartua81: calls 20
Mahu2021: checks 
*** FLOP *** [Qs Kc Ah]
Mahu2021: checks 
stellartua81: bets 40
Mahu2021: calls 40
*** TURN *** [Qs Kc Ah] [6s]
Mahu2021: checks 
stellartua81: bets 53
Mahu2021: raises 296 to 349 and is all-in
stellartua81: folds 
Uncalled bet (296) returned to Mahu2021
Mahu2021 collected 266 from pot
Mahu2021: doesn't show hand 
*** SUMMARY ***
Total pot 266 | Rake 0 
Board [Qs Kc Ah 6s]
Seat 2: stellartua81 (button) (small blind) folded on the Turn
Seat 3: Mahu2021 (big blind) collected (266)



PokerStars Hand #248785088075: Tournament #3713528563, $1.84+$0.16 USD Hold'em No Limit - Level III (20/40) - 2024/02/09 22:02:08 CET [2024/02/09 16:02:08 ET]
Table '3713528563 1' 3-max Seat #3 is the button
Seat 2: stellartua81 (938 in chips) 
Seat 3: Mahu2021 (562 in chips) 
Mahu2021: posts small blind 20
stellartua81: posts big blind 40
*** HOLE CARDS ***
Dealt to Mahu2021 [7s 2h]
Mahu2021: folds 
Uncalled bet (20) returned to stellartua81
stellartua81 collected 40 from pot
stellartua81: doesn't show hand 
*** SUMMARY ***
Total pot 40 | Rake 0 
Seat 2: stellartua81 (big blind) collected (40)
Seat 3: Mahu2021 (button) (small blind) folded before Flop



PokerStars Hand #248785089374: Tournament #3713528563, $1.84+$0.16 USD Hold'em No Limit - Level III (20/40) - 2024/02/09 22:02:12 CET [2024/02/09 16:02:12 ET]
Table '3713528563 1' 3-max Seat #2 is the button
Seat 2: stellartua81 (958 in chips) 
Seat 3: Mahu2021 (542 in chips) 
stellartua81: posts small blind 20
Mahu2021: posts big blind 40
*** HOLE CARDS ***
Dealt to Mahu2021 [Td 6s]
stellartua81: calls 20
Mahu2021: checks 
*** FLOP *** [3d 8s Kc]
Mahu2021: checks 
stellartua81: checks 
*** TURN *** [3d 8s Kc] [9c]
Mahu2021: checks 
stellartua81: bets 54
Mahu2021: folds 
Uncalled bet (54) returned to stellartua81
stellartua81 collected 80 from pot
stellartua81: doesn't show hand 
*** SUMMARY ***
Total pot 80 | Rake 0 
Board [3d 8s Kc 9c]
Seat 2: stellartua81 (button) (small blind) collected (80)
Seat 3: Mahu2021 (big blind) folded on the Turn



PokerStars Hand #248785092691: Tournament #3713528563, $1.84+$0.16 USD Hold'em No Limit - Level III (20/40) - 2024/02/09 22:02:21 CET [2024/02/09 16:02:21 ET]
Table '3713528563 1' 3-max Seat #3 is the button
Seat 2: stellartua81 (998 in chips) 
Seat 3: Mahu2021 (502 in chips) 
Mahu2021: posts small blind 20
stellartua81: posts big blind 40
*** HOLE CARDS ***
Dealt to Mahu2021 [Qc Qd]
Mahu2021: raises 462 to 502 and is all-in
stellartua81: folds 
Uncalled bet (462) returned to Mahu2021
Mahu2021 collected 80 from pot
Mahu2021: doesn't show hand 
*** SUMMARY ***
Total pot 80 | Rake 0 
Seat 2: stellartua81 (big blind) folded before Flop
Seat 3: Mahu2021 (button) (small blind) collected (80)



PokerStars Hand #248785094607: Tournament #3713528563, $1.84+$0.16 USD Hold'em No Limit - Level III (20/40) - 2024/02/09 22:02:27 CET [2024/02/09 16:02:27 ET]
Table '3713528563 1' 3-max Seat #2 is the button
Seat 2: stellartua81 (958 in chips) 
Seat 3: Mahu2021 (542 in chips) 
stellartua81: posts small blind 20
Mahu2021: posts big blind 40
*** HOLE CARDS ***
Dealt to Mahu2021 [Jd 5s]
stellartua81: calls 20
Mahu2021: checks 
*** FLOP *** [9h Qc Td]
Mahu2021: checks 
stellartua81: checks 
*** TURN *** [9h Qc Td] [6d]
Mahu2021: checks 
stellartua81: checks 
*** RIVER *** [9h Qc Td 6d] [As]
Mahu2021: checks 
stellartua81: checks 
*** SHOW DOWN ***
Mahu2021: shows [Jd 5s] (high card Ace)
stellartua81: mucks hand 
Mahu2021 collected 80 from pot
*** SUMMARY ***
Total pot 80 | Rake 0 
Board [9h Qc Td 6d As]
Seat 2: stellartua81 (button) (small blind) mucked [3s 8c]
Seat 3: Mahu2021 (big blind) showed [Jd 5s] and won (80) with high card Ace



PokerStars Hand #248785100311: Tournament #3713528563, $1.84+$0.16 USD Hold'em No Limit - Level III (20/40) - 2024/02/09 22:02:42 CET [2024/02/09 16:02:42 ET]
Table '3713528563 1' 3-max Seat #3 is the button
Seat 2: stellartua81 (918 in chips) 
Seat 3: Mahu2021 (582 in chips) 
Mahu2021: posts small blind 20
stellartua81: posts big blind 40
*** HOLE CARDS ***
Dealt to Mahu2021 [7s 4h]
Mahu2021: folds 
Uncalled bet (20) returned to stellartua81
stellartua81 collected 40 from pot
stellartua81: doesn't show hand 
*** SUMMARY ***
Total pot 40 | Rake 0 
Seat 2: stellartua81 (big blind) collected (40)
Seat 3: Mahu2021 (button) (small blind) folded before Flop



PokerStars Hand #248785101744: Tournament #3713528563, $1.84+$0.16 USD Hold'em No Limit - Level III (20/40) - 2024/02/09 22:02:46 CET [2024/02/09 16:02:46 ET]
Table '3713528563 1' 3-max Seat #2 is the button
Seat 2: stellartua81 (938 in chips) 
Seat 3: Mahu2021 (562 in chips) 
stellartua81: posts small blind 20
Mahu2021: posts big blind 40
*** HOLE CARDS ***
Dealt to Mahu2021 [5h Jh]
stellartua81: raises 898 to 938 and is all-in
Mahu2021: folds 
Uncalled bet (898) returned to stellartua81
stellartua81 collected 80 from pot
stellartua81: doesn't show hand 
*** SUMMARY ***
Total pot 80 | Rake 0 
Seat 2: stellartua81 (button) (small blind) collected (80)
Seat 3: Mahu2021 (big blind) folded before Flop



PokerStars Hand #248785103290: Tournament #3713528563, $1.84+$0.16 USD Hold'em No Limit - Level III (20/40) - 2024/02/09 22:02:51 CET [2024/02/09 16:02:51 ET]
Table '3713528563 1' 3-max Seat #3 is the button
Seat 2: stellartua81 (978 in chips) 
Seat 3: Mahu2021 (522 in chips) 
Mahu2021: posts small blind 20
stellartua81: posts big blind 40
*** HOLE CARDS ***
Dealt to Mahu2021 [Qs 4d]
Mahu2021: calls 20
stellartua81: raises 40 to 80
Mahu2021: calls 40
*** FLOP *** [Qh 8h 9s]
stellartua81: bets 898 and is all-in
Mahu2021: calls 442 and is all-in
Uncalled bet (456) returned to stellartua81
*** TURN *** [Qh 8h 9s] [6s]
*** RIVER *** [Qh 8h 9s 6s] [2d]
*** SHOW DOWN ***
stellartua81: shows [Ah Kh] (high card Ace)
Mahu2021: shows [Qs 4d] (a pair of Queens)
Mahu2021 collected 1044 from pot
*** SUMMARY ***
Total pot 1044 | Rake 0 
Board [Qh 8h 9s 6s 2d]
Seat 2: stellartua81 (big blind) showed [Ah Kh] and lost with high card Ace
Seat 3: Mahu2021 (button) (small blind) showed [Qs 4d] and won (1044) with a pair of Queens



PokerStars Hand #248785108556: Tournament #3713528563, $1.84+$0.16 USD Hold'em No Limit - Level III (20/40) - 2024/02/09 22:03:06 CET [2024/02/09 16:03:06 ET]
Table '3713528563 1' 3-max Seat #2 is the button
Seat 2: stellartua81 (456 in chips) 
Seat 3: Mahu2021 (1044 in chips) 
stellartua81: posts small blind 20
Mahu2021: posts big blind 40
*** HOLE CARDS ***
Dealt to Mahu2021 [As 2h]
stellartua81: folds 
Uncalled bet (20) returned to Mahu2021
Mahu2021 collected 40 from pot
Mahu2021: doesn't show hand 
*** SUMMARY ***
Total pot 40 | Rake 0 
Seat 2: stellartua81 (button) (small blind) folded before Flop
Seat 3: Mahu2021 (big blind) collected (40)



PokerStars Hand #248785109982: Tournament #3713528563, $1.84+$0.16 USD Hold'em No Limit - Level III (20/40) - 2024/02/09 22:03:09 CET [2024/02/09 16:03:09 ET]
Table '3713528563 1' 3-max Seat #3 is the button
Seat 2: stellartua81 (436 in chips) 
Seat 3: Mahu2021 (1064 in chips) 
Mahu2021: posts small blind 20
stellartua81: posts big blind 40
*** HOLE CARDS ***
Dealt to Mahu2021 [6h Th]
Mahu2021: calls 20
stellartua81: raises 396 to 436 and is all-in
Mahu2021: folds 
Uncalled bet (396) returned to stellartua81
stellartua81 collected 80 from pot
stellartua81: doesn't show hand 
*** SUMMARY ***
Total pot 80 | Rake 0 
Seat 2: stellartua81 (big blind) collected (80)
Seat 3: Mahu2021 (button) (small blind) folded before Flop



PokerStars Hand #248785113180: Tournament #3713528563, $1.84+$0.16 USD Hold'em No Limit - Level III (20/40) - 2024/02/09 22:03:18 CET [2024/02/09 16:03:18 ET]
Table '3713528563 1' 3-max Seat #2 is the button
Seat 2: stellartua81 (476 in chips) 
Seat 3: Mahu2021 (1024 in chips) 
stellartua81: posts small blind 20
Mahu2021: posts big blind 40
*** HOLE CARDS ***
Dealt to Mahu2021 [3d Kc]
stellartua81: calls 20
Mahu2021: checks 
*** FLOP *** [4h 8d 6s]
Mahu2021: checks 
stellartua81: bets 40
Mahu2021: folds 
Uncalled bet (40) returned to stellartua81
stellartua81 collected 80 from pot
stellartua81: doesn't show hand 
*** SUMMARY ***
Total pot 80 | Rake 0 
Board [4h 8d 6s]
Seat 2: stellartua81 (button) (small blind) collected (80)
Seat 3: Mahu2021 (big blind) folded on the Flop



PokerStars Hand #248785116272: Tournament #3713528563, $1.84+$0.16 USD Hold'em No Limit - Level III (20/40) - 2024/02/09 22:03:27 CET [2024/02/09 16:03:27 ET]
Table '3713528563 1' 3-max Seat #3 is the button
Seat 2: stellartua81 (516 in chips) 
Seat 3: Mahu2021 (984 in chips) 
Mahu2021: posts small blind 20
stellartua81: posts big blind 40
*** HOLE CARDS ***
Dealt to Mahu2021 [Kd 9h]
Mahu2021: raises 40 to 80
stellartua81: calls 40
*** FLOP *** [7c 4s Qc]
stellartua81: checks 
Mahu2021: bets 904 and is all-in
stellartua81: calls 436 and is all-in
Uncalled bet (468) returned to Mahu2021
*** TURN *** [7c 4s Qc] [2d]
*** RIVER *** [7c 4s Qc 2d] [5c]
*** SHOW DOWN ***
stellartua81: shows [2c Kc] (a flush, King high)
Mahu2021: shows [Kd 9h] (high card King)
stellartua81 collected 1032 from pot
*** SUMMARY ***
Total pot 1032 | Rake 0 
Board [7c 4s Qc 2d 5c]
Seat 2: stellartua81 (big blind) showed [2c Kc] and won (1032) with a flush, King high
Seat 3: Mahu2021 (button) (small blind) showed [Kd 9h] and lost with high card King



PokerStars Hand #248785122553: Tournament #3713528563, $1.84+$0.16 USD Hold'em No Limit - Level III (20/40) - 2024/02/09 22:03:44 CET [2024/02/09 16:03:44 ET]
Table '3713528563 1' 3-max Seat #2 is the button
Seat 2: stellartua81 (1032 in chips) 
Seat 3: Mahu2021 (468 in chips) 
stellartua81: posts small blind 20
Mahu2021: posts big blind 40
*** HOLE CARDS ***
Dealt to Mahu2021 [7h Qh]
stellartua81: folds 
Uncalled bet (20) returned to Mahu2021
Mahu2021 collected 40 from pot
Mahu2021: doesn't show hand 
*** SUMMARY ***
Total pot 40 | Rake 0 
Seat 2: stellartua81 (button) (small blind) folded before Flop
Seat 3: Mahu2021 (big blind) collected (40)



PokerStars Hand #248785123680: Tournament #3713528563, $1.84+$0.16 USD Hold'em No Limit - Level III (20/40) - 2024/02/09 22:03:47 CET [2024/02/09 16:03:47 ET]
Table '3713528563 1' 3-max Seat #3 is the button
Seat 2: stellartua81 (1012 in chips) 
Seat 3: Mahu2021 (488 in chips) 
Mahu2021: posts small blind 20
stellartua81: posts big blind 40
*** HOLE CARDS ***
Dealt to Mahu2021 [Th 4h]
Mahu2021: calls 20
stellartua81: checks 
*** FLOP *** [8c Jd 7c]
stellartua81: checks 
Mahu2021: bets 40
stellartua81: calls 40
*** TURN *** [8c Jd 7c] [Qh]
stellartua81: checks 
Mahu2021: bets 408 and is all-in
stellartua81: calls 408
*** RIVER *** [8c Jd 7c Qh] [4c]
*** SHOW DOWN ***
stellartua81: shows [8d Qs] (two pair, Queens and Eights)
Mahu2021: shows [Th 4h] (a pair of Fours)
stellartua81 collected 976 from pot
Mahu2021 finished the tournament in 2nd place
stellartua81 wins the tournament and receives $6.00 - congratulations!
*** SUMMARY ***
Total pot 976 | Rake 0 
Board [8c Jd 7c Qh 4c]
Seat 2: stellartua81 (big blind) showed [8d Qs] and won (976) with two pair, Queens and Eights
Seat 3: Mahu2021 (button) (small blind) showed [Th 4h] and lost with a pair of Fours



