PokerStars Hand #247706526284: Tournament #3687582886, $1.84+$0.16 USD Hold'em No Limit - Level I (10/20) - 2023/12/17 9:08:19 CET [2023/12/17 3:08:19 ET]
Table '3687582886 1' 3-max Seat #1 is the button
Seat 1: sernas1984 (500 in chips) 
Seat 2: blitzas (500 in chips) 
Seat 3: Mahu2021 (500 in chips) 
blitzas: posts small blind 10
Mahu2021: posts big blind 20
*** HOLE CARDS ***
Dealt to Mahu2021 [9d Jh]
sernas1984: raises 20 to 40
blitzas: folds 
Mahu2021: calls 20
*** FLOP *** [Jc Tc 7d]
Mahu2021: checks 
sernas1984: bets 23
Mahu2021: calls 23
*** TURN *** [Jc Tc 7d] [Ad]
Mahu2021: checks 
sernas1984: checks 
*** RIVER *** [Jc Tc 7d Ad] [4h]
Mahu2021: checks 
sernas1984: checks 
*** SHOW DOWN ***
Mahu2021: shows [9d Jh] (a pair of Jacks)
sernas1984: shows [Qc Qh] (a pair of Queens)
sernas1984 collected 136 from pot
*** SUMMARY ***
Total pot 136 | Rake 0 
Board [Jc Tc 7d Ad 4h]
Seat 1: sernas1984 (button) showed [Qc Qh] and won (136) with a pair of Queens
Seat 2: blitzas (small blind) folded before Flop
Seat 3: Mahu2021 (big blind) showed [9d Jh] and lost with a pair of Jacks



PokerStars Hand #247706529742: Tournament #3687582886, $1.84+$0.16 USD Hold'em No Limit - Level I (10/20) - 2023/12/17 9:08:51 CET [2023/12/17 3:08:51 ET]
Table '3687582886 1' 3-max Seat #2 is the button
Seat 1: sernas1984 (573 in chips) 
Seat 2: blitzas (490 in chips) 
Seat 3: Mahu2021 (437 in chips) 
Mahu2021: posts small blind 10
sernas1984: posts big blind 20
*** HOLE CARDS ***
Dealt to Mahu2021 [5c 6d]
blitzas: raises 20 to 40
Mahu2021: calls 30
sernas1984: calls 20
*** FLOP *** [3s 3d 3h]
Mahu2021: checks 
sernas1984: checks 
blitzas: bets 60
Mahu2021: folds 
sernas1984: folds 
Uncalled bet (60) returned to blitzas
blitzas collected 120 from pot
blitzas: doesn't show hand 
*** SUMMARY ***
Total pot 120 | Rake 0 
Board [3s 3d 3h]
Seat 1: sernas1984 (big blind) folded on the Flop
Seat 2: blitzas (button) collected (120)
Seat 3: Mahu2021 (small blind) folded on the Flop



PokerStars Hand #247706532432: Tournament #3687582886, $1.84+$0.16 USD Hold'em No Limit - Level I (10/20) - 2023/12/17 9:09:16 CET [2023/12/17 3:09:16 ET]
Table '3687582886 1' 3-max Seat #3 is the button
Seat 1: sernas1984 (533 in chips) 
Seat 2: blitzas (570 in chips) 
Seat 3: Mahu2021 (397 in chips) 
sernas1984: posts small blind 10
blitzas: posts big blind 20
*** HOLE CARDS ***
Dealt to Mahu2021 [Jc 5d]
Mahu2021: folds 
sernas1984: folds 
Uncalled bet (10) returned to blitzas
blitzas collected 20 from pot
blitzas: doesn't show hand 
*** SUMMARY ***
Total pot 20 | Rake 0 
Seat 1: sernas1984 (small blind) folded before Flop
Seat 2: blitzas (big blind) collected (20)
Seat 3: Mahu2021 (button) folded before Flop (didn't bet)



PokerStars Hand #247706532966: Tournament #3687582886, $1.84+$0.16 USD Hold'em No Limit - Level I (10/20) - 2023/12/17 9:09:21 CET [2023/12/17 3:09:21 ET]
Table '3687582886 1' 3-max Seat #1 is the button
Seat 1: sernas1984 (523 in chips) 
Seat 2: blitzas (580 in chips) 
Seat 3: Mahu2021 (397 in chips) 
blitzas: posts small blind 10
Mahu2021: posts big blind 20
*** HOLE CARDS ***
Dealt to Mahu2021 [Td 4s]
sernas1984: folds 
blitzas: raises 20 to 40
Mahu2021: folds 
Uncalled bet (20) returned to blitzas
blitzas collected 40 from pot
blitzas: doesn't show hand 
*** SUMMARY ***
Total pot 40 | Rake 0 
Seat 1: sernas1984 (button) folded before Flop (didn't bet)
Seat 2: blitzas (small blind) collected (40)
Seat 3: Mahu2021 (big blind) folded before Flop



PokerStars Hand #247706533544: Tournament #3687582886, $1.84+$0.16 USD Hold'em No Limit - Level I (10/20) - 2023/12/17 9:09:27 CET [2023/12/17 3:09:27 ET]
Table '3687582886 1' 3-max Seat #2 is the button
Seat 1: sernas1984 (523 in chips) 
Seat 2: blitzas (600 in chips) 
Seat 3: Mahu2021 (377 in chips) 
Mahu2021: posts small blind 10
sernas1984: posts big blind 20
*** HOLE CARDS ***
Dealt to Mahu2021 [Ac 4d]
blitzas: folds 
Mahu2021: calls 10
sernas1984: raises 40 to 60
Mahu2021: folds 
Uncalled bet (40) returned to sernas1984
sernas1984 collected 40 from pot
sernas1984: doesn't show hand 
*** SUMMARY ***
Total pot 40 | Rake 0 
Seat 1: sernas1984 (big blind) collected (40)
Seat 2: blitzas (button) folded before Flop (didn't bet)
Seat 3: Mahu2021 (small blind) folded before Flop



PokerStars Hand #247706534615: Tournament #3687582886, $1.84+$0.16 USD Hold'em No Limit - Level I (10/20) - 2023/12/17 9:09:37 CET [2023/12/17 3:09:37 ET]
Table '3687582886 1' 3-max Seat #3 is the button
Seat 1: sernas1984 (543 in chips) 
Seat 2: blitzas (600 in chips) 
Seat 3: Mahu2021 (357 in chips) 
sernas1984: posts small blind 10
blitzas: posts big blind 20
*** HOLE CARDS ***
Dealt to Mahu2021 [2d 6d]
Mahu2021: folds 
sernas1984: calls 10
blitzas: checks 
*** FLOP *** [7d 8h Ah]
sernas1984: bets 20
blitzas: calls 20
*** TURN *** [7d 8h Ah] [Th]
sernas1984: checks 
blitzas: checks 
*** RIVER *** [7d 8h Ah Th] [Tc]
sernas1984: checks 
blitzas: bets 40
sernas1984: folds 
Uncalled bet (40) returned to blitzas
blitzas collected 80 from pot
blitzas: doesn't show hand 
*** SUMMARY ***
Total pot 80 | Rake 0 
Board [7d 8h Ah Th Tc]
Seat 1: sernas1984 (small blind) folded on the River
Seat 2: blitzas (big blind) collected (80)
Seat 3: Mahu2021 (button) folded before Flop (didn't bet)



PokerStars Hand #247706539479: Tournament #3687582886, $1.84+$0.16 USD Hold'em No Limit - Level I (10/20) - 2023/12/17 9:10:23 CET [2023/12/17 3:10:23 ET]
Table '3687582886 1' 3-max Seat #1 is the button
Seat 1: sernas1984 (503 in chips) 
Seat 2: blitzas (640 in chips) 
Seat 3: Mahu2021 (357 in chips) 
blitzas: posts small blind 10
Mahu2021: posts big blind 20
*** HOLE CARDS ***
Dealt to Mahu2021 [5d 2h]
sernas1984: folds 
blitzas: raises 20 to 40
Mahu2021: folds 
Uncalled bet (20) returned to blitzas
blitzas collected 40 from pot
blitzas: doesn't show hand 
*** SUMMARY ***
Total pot 40 | Rake 0 
Seat 1: sernas1984 (button) folded before Flop (didn't bet)
Seat 2: blitzas (small blind) collected (40)
Seat 3: Mahu2021 (big blind) folded before Flop



PokerStars Hand #247706540426: Tournament #3687582886, $1.84+$0.16 USD Hold'em No Limit - Level I (10/20) - 2023/12/17 9:10:32 CET [2023/12/17 3:10:32 ET]
Table '3687582886 1' 3-max Seat #2 is the button
Seat 1: sernas1984 (503 in chips) 
Seat 2: blitzas (660 in chips) 
Seat 3: Mahu2021 (337 in chips) 
Mahu2021: posts small blind 10
sernas1984: posts big blind 20
*** HOLE CARDS ***
Dealt to Mahu2021 [Jh Jc]
blitzas: folds 
Mahu2021: raises 317 to 337 and is all-in
sernas1984: folds 
Uncalled bet (317) returned to Mahu2021
Mahu2021 collected 40 from pot
Mahu2021: doesn't show hand 
*** SUMMARY ***
Total pot 40 | Rake 0 
Seat 1: sernas1984 (big blind) folded before Flop
Seat 2: blitzas (button) folded before Flop (didn't bet)
Seat 3: Mahu2021 (small blind) collected (40)



PokerStars Hand #247706541387: Tournament #3687582886, $1.84+$0.16 USD Hold'em No Limit - Level I (10/20) - 2023/12/17 9:10:41 CET [2023/12/17 3:10:41 ET]
Table '3687582886 1' 3-max Seat #3 is the button
Seat 1: sernas1984 (483 in chips) 
Seat 2: blitzas (660 in chips) 
Seat 3: Mahu2021 (357 in chips) 
sernas1984: posts small blind 10
blitzas: posts big blind 20
*** HOLE CARDS ***
Dealt to Mahu2021 [Ad 6s]
Mahu2021: calls 20
sernas1984: calls 10
blitzas: checks 
*** FLOP *** [8s 4h Qd]
sernas1984: checks 
blitzas: checks 
Mahu2021: checks 
*** TURN *** [8s 4h Qd] [Kh]
sernas1984: checks 
blitzas: checks 
Mahu2021: bets 40
sernas1984: calls 40
blitzas: folds 
*** RIVER *** [8s 4h Qd Kh] [Kd]
sernas1984: checks 
Mahu2021: bets 297 and is all-in
sernas1984: folds 
Uncalled bet (297) returned to Mahu2021
Mahu2021 collected 140 from pot
Mahu2021: doesn't show hand 
*** SUMMARY ***
Total pot 140 | Rake 0 
Board [8s 4h Qd Kh Kd]
Seat 1: sernas1984 (small blind) folded on the River
Seat 2: blitzas (big blind) folded on the Turn
Seat 3: Mahu2021 (button) collected (140)



PokerStars Hand #247706546044: Tournament #3687582886, $1.84+$0.16 USD Hold'em No Limit - Level II (15/30) - 2023/12/17 9:11:26 CET [2023/12/17 3:11:26 ET]
Table '3687582886 1' 3-max Seat #1 is the button
Seat 1: sernas1984 (423 in chips) 
Seat 2: blitzas (640 in chips) 
Seat 3: Mahu2021 (437 in chips) 
blitzas: posts small blind 15
Mahu2021: posts big blind 30
*** HOLE CARDS ***
Dealt to Mahu2021 [3c 6d]
sernas1984: folds 
blitzas: raises 30 to 60
Mahu2021: calls 30
*** FLOP *** [4h 2h 3s]
blitzas: checks 
Mahu2021: bets 120
blitzas: folds 
Uncalled bet (120) returned to Mahu2021
Mahu2021 collected 120 from pot
Mahu2021: doesn't show hand 
*** SUMMARY ***
Total pot 120 | Rake 0 
Board [4h 2h 3s]
Seat 1: sernas1984 (button) folded before Flop (didn't bet)
Seat 2: blitzas (small blind) folded on the Flop
Seat 3: Mahu2021 (big blind) collected (120)



PokerStars Hand #247706548307: Tournament #3687582886, $1.84+$0.16 USD Hold'em No Limit - Level II (15/30) - 2023/12/17 9:11:47 CET [2023/12/17 3:11:47 ET]
Table '3687582886 1' 3-max Seat #2 is the button
Seat 1: sernas1984 (423 in chips) 
Seat 2: blitzas (580 in chips) 
Seat 3: Mahu2021 (497 in chips) 
Mahu2021: posts small blind 15
sernas1984: posts big blind 30
*** HOLE CARDS ***
Dealt to Mahu2021 [8s Jd]
blitzas: raises 30 to 60
Mahu2021: calls 45
sernas1984: calls 30
*** FLOP *** [9s Js 6d]
Mahu2021: bets 60
sernas1984: raises 303 to 363 and is all-in
blitzas: folds 
Mahu2021: calls 303
*** TURN *** [9s Js 6d] [2h]
*** RIVER *** [9s Js 6d 2h] [8d]
*** SHOW DOWN ***
Mahu2021: shows [8s Jd] (two pair, Jacks and Eights)
sernas1984: shows [Jc 6c] (two pair, Jacks and Sixes)
Mahu2021 collected 906 from pot
sernas1984 finished the tournament in 3rd place
*** SUMMARY ***
Total pot 906 | Rake 0 
Board [9s Js 6d 2h 8d]
Seat 1: sernas1984 (big blind) showed [Jc 6c] and lost with two pair, Jacks and Sixes
Seat 2: blitzas (button) folded on the Flop
Seat 3: Mahu2021 (small blind) showed [8s Jd] and won (906) with two pair, Jacks and Eights



PokerStars Hand #247706552079: Tournament #3687582886, $1.84+$0.16 USD Hold'em No Limit - Level II (15/30) - 2023/12/17 9:12:22 CET [2023/12/17 3:12:22 ET]
Table '3687582886 1' 3-max Seat #3 is the button
Seat 2: blitzas (520 in chips) 
Seat 3: Mahu2021 (980 in chips) 
Mahu2021: posts small blind 15
blitzas: posts big blind 30
*** HOLE CARDS ***
Dealt to Mahu2021 [Ks 7s]
Mahu2021: raises 30 to 60
blitzas: calls 30
*** FLOP *** [6h 9h 5s]
blitzas: checks 
Mahu2021: checks 
*** TURN *** [6h 9h 5s] [4c]
blitzas: checks 
Mahu2021: bets 120
blitzas: calls 120
*** RIVER *** [6h 9h 5s 4c] [2h]
blitzas: checks 
Mahu2021: checks 
*** SHOW DOWN ***
blitzas: shows [Kd 5h] (a pair of Fives)
Mahu2021: mucks hand 
blitzas collected 360 from pot
*** SUMMARY ***
Total pot 360 | Rake 0 
Board [6h 9h 5s 4c 2h]
Seat 2: blitzas (big blind) showed [Kd 5h] and won (360) with a pair of Fives
Seat 3: Mahu2021 (button) (small blind) mucked [Ks 7s]



PokerStars Hand #247706554474: Tournament #3687582886, $1.84+$0.16 USD Hold'em No Limit - Level II (15/30) - 2023/12/17 9:12:45 CET [2023/12/17 3:12:45 ET]
Table '3687582886 1' 3-max Seat #2 is the button
Seat 2: blitzas (700 in chips) 
Seat 3: Mahu2021 (800 in chips) 
blitzas: posts small blind 15
Mahu2021: posts big blind 30
*** HOLE CARDS ***
Dealt to Mahu2021 [8s 9d]
blitzas: calls 15
Mahu2021: checks 
*** FLOP *** [2d 6h 4d]
Mahu2021: checks 
blitzas: bets 30
Mahu2021: folds 
Uncalled bet (30) returned to blitzas
blitzas collected 60 from pot
blitzas: doesn't show hand 
*** SUMMARY ***
Total pot 60 | Rake 0 
Board [2d 6h 4d]
Seat 2: blitzas (button) (small blind) collected (60)
Seat 3: Mahu2021 (big blind) folded on the Flop



PokerStars Hand #247706555461: Tournament #3687582886, $1.84+$0.16 USD Hold'em No Limit - Level II (15/30) - 2023/12/17 9:12:54 CET [2023/12/17 3:12:54 ET]
Table '3687582886 1' 3-max Seat #3 is the button
Seat 2: blitzas (730 in chips) 
Seat 3: Mahu2021 (770 in chips) 
Mahu2021: posts small blind 15
blitzas: posts big blind 30
*** HOLE CARDS ***
Dealt to Mahu2021 [3s Ad]
Mahu2021: calls 15
blitzas: checks 
*** FLOP *** [2d 2s As]
blitzas: checks 
Mahu2021: bets 30
blitzas: folds 
Uncalled bet (30) returned to Mahu2021
Mahu2021 collected 60 from pot
Mahu2021: doesn't show hand 
*** SUMMARY ***
Total pot 60 | Rake 0 
Board [2d 2s As]
Seat 2: blitzas (big blind) folded on the Flop
Seat 3: Mahu2021 (button) (small blind) collected (60)



PokerStars Hand #247706556405: Tournament #3687582886, $1.84+$0.16 USD Hold'em No Limit - Level II (15/30) - 2023/12/17 9:13:03 CET [2023/12/17 3:13:03 ET]
Table '3687582886 1' 3-max Seat #2 is the button
Seat 2: blitzas (700 in chips) 
Seat 3: Mahu2021 (800 in chips) 
blitzas: posts small blind 15
Mahu2021: posts big blind 30
*** HOLE CARDS ***
Dealt to Mahu2021 [7h 4h]
blitzas: calls 15
Mahu2021: checks 
*** FLOP *** [Qc 8h 8c]
Mahu2021: checks 
blitzas: bets 30
Mahu2021: folds 
Uncalled bet (30) returned to blitzas
blitzas collected 60 from pot
blitzas: doesn't show hand 
*** SUMMARY ***
Total pot 60 | Rake 0 
Board [Qc 8h 8c]
Seat 2: blitzas (button) (small blind) collected (60)
Seat 3: Mahu2021 (big blind) folded on the Flop



PokerStars Hand #247706557492: Tournament #3687582886, $1.84+$0.16 USD Hold'em No Limit - Level II (15/30) - 2023/12/17 9:13:13 CET [2023/12/17 3:13:13 ET]
Table '3687582886 1' 3-max Seat #3 is the button
Seat 2: blitzas (730 in chips) 
Seat 3: Mahu2021 (770 in chips) 
Mahu2021: posts small blind 15
blitzas: posts big blind 30
*** HOLE CARDS ***
Dealt to Mahu2021 [4c 2c]
Mahu2021: calls 15
blitzas: checks 
*** FLOP *** [4h 8c Qh]
blitzas: checks 
Mahu2021: checks 
*** TURN *** [4h 8c Qh] [5h]
blitzas: checks 
Mahu2021: bets 30
blitzas: calls 30
*** RIVER *** [4h 8c Qh 5h] [Kd]
blitzas: checks 
Mahu2021: checks 
*** SHOW DOWN ***
blitzas: shows [2h 6c] (high card King)
Mahu2021: shows [4c 2c] (a pair of Fours)
Mahu2021 collected 120 from pot
*** SUMMARY ***
Total pot 120 | Rake 0 
Board [4h 8c Qh 5h Kd]
Seat 2: blitzas (big blind) showed [2h 6c] and lost with high card King
Seat 3: Mahu2021 (button) (small blind) showed [4c 2c] and won (120) with a pair of Fours



PokerStars Hand #247706560347: Tournament #3687582886, $1.84+$0.16 USD Hold'em No Limit - Level II (15/30) - 2023/12/17 9:13:40 CET [2023/12/17 3:13:40 ET]
Table '3687582886 1' 3-max Seat #2 is the button
Seat 2: blitzas (670 in chips) 
Seat 3: Mahu2021 (830 in chips) 
blitzas: posts small blind 15
Mahu2021: posts big blind 30
*** HOLE CARDS ***
Dealt to Mahu2021 [As Ks]
blitzas: calls 15
Mahu2021: raises 800 to 830 and is all-in
blitzas: folds 
Uncalled bet (800) returned to Mahu2021
Mahu2021 collected 60 from pot
Mahu2021: doesn't show hand 
*** SUMMARY ***
Total pot 60 | Rake 0 
Seat 2: blitzas (button) (small blind) folded before Flop
Seat 3: Mahu2021 (big blind) collected (60)



PokerStars Hand #247706561586: Tournament #3687582886, $1.84+$0.16 USD Hold'em No Limit - Level II (15/30) - 2023/12/17 9:13:51 CET [2023/12/17 3:13:51 ET]
Table '3687582886 1' 3-max Seat #3 is the button
Seat 2: blitzas (640 in chips) 
Seat 3: Mahu2021 (860 in chips) 
Mahu2021: posts small blind 15
blitzas: posts big blind 30
*** HOLE CARDS ***
Dealt to Mahu2021 [9s 7h]
Mahu2021: calls 15
blitzas: checks 
*** FLOP *** [6s Ts Jd]
blitzas: checks 
Mahu2021: checks 
*** TURN *** [6s Ts Jd] [6c]
blitzas: checks 
Mahu2021: checks 
*** RIVER *** [6s Ts Jd 6c] [5c]
blitzas: checks 
Mahu2021: checks 
*** SHOW DOWN ***
blitzas: shows [3h As] (a pair of Sixes)
Mahu2021: mucks hand 
blitzas collected 60 from pot
*** SUMMARY ***
Total pot 60 | Rake 0 
Board [6s Ts Jd 6c 5c]
Seat 2: blitzas (big blind) showed [3h As] and won (60) with a pair of Sixes
Seat 3: Mahu2021 (button) (small blind) mucked [9s 7h]



PokerStars Hand #247706563125: Tournament #3687582886, $1.84+$0.16 USD Hold'em No Limit - Level II (15/30) - 2023/12/17 9:14:06 CET [2023/12/17 3:14:06 ET]
Table '3687582886 1' 3-max Seat #2 is the button
Seat 2: blitzas (670 in chips) 
Seat 3: Mahu2021 (830 in chips) 
blitzas: posts small blind 15
Mahu2021: posts big blind 30
*** HOLE CARDS ***
Dealt to Mahu2021 [Ah 6h]
blitzas: calls 15
Mahu2021: raises 60 to 90
blitzas: calls 60
*** FLOP *** [3h Qd As]
Mahu2021: bets 90
blitzas: calls 90
*** TURN *** [3h Qd As] [8s]
Mahu2021: bets 650 and is all-in
blitzas: calls 490 and is all-in
Uncalled bet (160) returned to Mahu2021
*** RIVER *** [3h Qd As 8s] [Js]
*** SHOW DOWN ***
Mahu2021: shows [Ah 6h] (a pair of Aces)
blitzas: shows [Ac 5c] (a pair of Aces)
Mahu2021 collected 670 from pot
blitzas collected 670 from pot
*** SUMMARY ***
Total pot 1340 | Rake 0 
Board [3h Qd As 8s Js]
Seat 2: blitzas (button) (small blind) showed [Ac 5c] and won (670) with a pair of Aces
Seat 3: Mahu2021 (big blind) showed [Ah 6h] and won (670) with a pair of Aces



PokerStars Hand #247706565877: Tournament #3687582886, $1.84+$0.16 USD Hold'em No Limit - Level III (20/40) - 2023/12/17 9:14:32 CET [2023/12/17 3:14:32 ET]
Table '3687582886 1' 3-max Seat #3 is the button
Seat 2: blitzas (670 in chips) 
Seat 3: Mahu2021 (830 in chips) 
Mahu2021: posts small blind 20
blitzas: posts big blind 40
*** HOLE CARDS ***
Dealt to Mahu2021 [7c 7h]
Mahu2021: raises 790 to 830 and is all-in
blitzas: folds 
Uncalled bet (790) returned to Mahu2021
Mahu2021 collected 80 from pot
Mahu2021: doesn't show hand 
*** SUMMARY ***
Total pot 80 | Rake 0 
Seat 2: blitzas (big blind) folded before Flop
Seat 3: Mahu2021 (button) (small blind) collected (80)



PokerStars Hand #247706566670: Tournament #3687582886, $1.84+$0.16 USD Hold'em No Limit - Level III (20/40) - 2023/12/17 9:14:40 CET [2023/12/17 3:14:40 ET]
Table '3687582886 1' 3-max Seat #2 is the button
Seat 2: blitzas (630 in chips) 
Seat 3: Mahu2021 (870 in chips) 
blitzas: posts small blind 20
Mahu2021: posts big blind 40
*** HOLE CARDS ***
Dealt to Mahu2021 [8d Tc]
blitzas: calls 20
Mahu2021: checks 
*** FLOP *** [8h 4h 4d]
Mahu2021: bets 40
blitzas: calls 40
*** TURN *** [8h 4h 4d] [Ks]
Mahu2021: bets 40
blitzas: calls 40
*** RIVER *** [8h 4h 4d Ks] [Ah]
Mahu2021: checks 
blitzas: checks 
*** SHOW DOWN ***
Mahu2021: shows [8d Tc] (two pair, Eights and Fours)
blitzas: mucks hand 
Mahu2021 collected 240 from pot
*** SUMMARY ***
Total pot 240 | Rake 0 
Board [8h 4h 4d Ks Ah]
Seat 2: blitzas (button) (small blind) mucked [5s 5c]
Seat 3: Mahu2021 (big blind) showed [8d Tc] and won (240) with two pair, Eights and Fours



PokerStars Hand #247706568924: Tournament #3687582886, $1.84+$0.16 USD Hold'em No Limit - Level III (20/40) - 2023/12/17 9:15:01 CET [2023/12/17 3:15:01 ET]
Table '3687582886 1' 3-max Seat #3 is the button
Seat 2: blitzas (510 in chips) 
Seat 3: Mahu2021 (990 in chips) 
Mahu2021: posts small blind 20
blitzas: posts big blind 40
*** HOLE CARDS ***
Dealt to Mahu2021 [Th 9h]
Mahu2021: raises 40 to 80
blitzas: calls 40
*** FLOP *** [Js Qs 2d]
blitzas: checks 
Mahu2021: bets 160
blitzas: raises 240 to 400
Mahu2021: raises 510 to 910 and is all-in
blitzas: calls 30 and is all-in
Uncalled bet (480) returned to Mahu2021
*** TURN *** [Js Qs 2d] [8c]
*** RIVER *** [Js Qs 2d 8c] [5d]
*** SHOW DOWN ***
blitzas: shows [Jh Qc] (two pair, Queens and Jacks)
Mahu2021: shows [Th 9h] (a straight, Eight to Queen)
Mahu2021 collected 1020 from pot
blitzas finished the tournament in 2nd place
Mahu2021 wins the tournament and receives $6.00 - congratulations!
*** SUMMARY ***
Total pot 1020 | Rake 0 
Board [Js Qs 2d 8c 5d]
Seat 2: blitzas (big blind) showed [Jh Qc] and lost with two pair, Queens and Jacks
Seat 3: Mahu2021 (button) (small blind) showed [Th 9h] and won (1020) with a straight, Eight to Queen



