PokerStars Hand #246735458290: Tournament #3663745563, $0.92+$0.08 USD Hold'em No Limit - Level I (10/20) - 2023/10/25 17:35:41 CET [2023/10/25 11:35:41 ET]
Table '3663745563 1' 3-max Seat #1 is the button
Seat 1: Mahu2021 (500 in chips) 
Seat 2: myluckyno7. (500 in chips) 
Seat 3: bigodinho8 (500 in chips) 
myluckyno7.: posts small blind 10
bigodinho8: posts big blind 20
*** HOLE CARDS ***
Dealt to Mahu2021 [7d 6s]
Mahu2021: folds 
myluckyno7.: folds 
Uncalled bet (10) returned to bigodinho8
bigodinho8 collected 20 from pot
*** SUMMARY ***
Total pot 20 | Rake 0 
Seat 1: Mahu2021 (button) folded before Flop (didn't bet)
Seat 2: myluckyno7. (small blind) folded before Flop
Seat 3: bigodinho8 (big blind) collected (20)



PokerStars Hand #246735460939: Tournament #3663745563, $0.92+$0.08 USD Hold'em No Limit - Level I (10/20) - 2023/10/25 17:35:52 CET [2023/10/25 11:35:52 ET]
Table '3663745563 1' 3-max Seat #2 is the button
Seat 1: Mahu2021 (500 in chips) 
Seat 2: myluckyno7. (490 in chips) 
Seat 3: bigodinho8 (510 in chips) 
bigodinho8: posts small blind 10
Mahu2021: posts big blind 20
*** HOLE CARDS ***
Dealt to Mahu2021 [Jc Kc]
myluckyno7.: calls 20
bigodinho8: calls 10
Mahu2021: checks 
*** FLOP *** [Ks 8c 2h]
bigodinho8: checks 
Mahu2021: bets 20
myluckyno7.: folds 
bigodinho8: folds 
Uncalled bet (20) returned to Mahu2021
Mahu2021 collected 60 from pot
Mahu2021: doesn't show hand 
*** SUMMARY ***
Total pot 60 | Rake 0 
Board [Ks 8c 2h]
Seat 1: Mahu2021 (big blind) collected (60)
Seat 2: myluckyno7. (button) folded on the Flop
Seat 3: bigodinho8 (small blind) folded on the Flop



PokerStars Hand #246735465274: Tournament #3663745563, $0.92+$0.08 USD Hold'em No Limit - Level I (10/20) - 2023/10/25 17:36:09 CET [2023/10/25 11:36:09 ET]
Table '3663745563 1' 3-max Seat #3 is the button
Seat 1: Mahu2021 (540 in chips) 
Seat 2: myluckyno7. (470 in chips) 
Seat 3: bigodinho8 (490 in chips) 
Mahu2021: posts small blind 10
myluckyno7.: posts big blind 20
*** HOLE CARDS ***
Dealt to Mahu2021 [5h 5c]
bigodinho8: raises 470 to 490 and is all-in
Mahu2021: folds 
myluckyno7.: folds 
Uncalled bet (470) returned to bigodinho8
bigodinho8 collected 50 from pot
*** SUMMARY ***
Total pot 50 | Rake 0 
Seat 1: Mahu2021 (small blind) folded before Flop
Seat 2: myluckyno7. (big blind) folded before Flop
Seat 3: bigodinho8 (button) collected (50)



PokerStars Hand #246735467565: Tournament #3663745563, $0.92+$0.08 USD Hold'em No Limit - Level I (10/20) - 2023/10/25 17:36:18 CET [2023/10/25 11:36:18 ET]
Table '3663745563 1' 3-max Seat #1 is the button
Seat 1: Mahu2021 (530 in chips) 
Seat 2: myluckyno7. (450 in chips) 
Seat 3: bigodinho8 (520 in chips) 
myluckyno7.: posts small blind 10
bigodinho8: posts big blind 20
*** HOLE CARDS ***
Dealt to Mahu2021 [7s 4h]
Mahu2021: folds 
myluckyno7.: calls 10
bigodinho8: checks 
*** FLOP *** [8d Ah 8h]
myluckyno7.: checks 
bigodinho8: checks 
*** TURN *** [8d Ah 8h] [Th]
myluckyno7.: checks 
bigodinho8: checks 
*** RIVER *** [8d Ah 8h Th] [7d]
myluckyno7.: bets 430 and is all-in
bigodinho8: folds 
Uncalled bet (430) returned to myluckyno7.
myluckyno7. collected 40 from pot
*** SUMMARY ***
Total pot 40 | Rake 0 
Board [8d Ah 8h Th 7d]
Seat 1: Mahu2021 (button) folded before Flop (didn't bet)
Seat 2: myluckyno7. (small blind) collected (40)
Seat 3: bigodinho8 (big blind) folded on the River



PokerStars Hand #246735472907: Tournament #3663745563, $0.92+$0.08 USD Hold'em No Limit - Level I (10/20) - 2023/10/25 17:36:39 CET [2023/10/25 11:36:39 ET]
Table '3663745563 1' 3-max Seat #2 is the button
Seat 1: Mahu2021 (530 in chips) 
Seat 2: myluckyno7. (470 in chips) 
Seat 3: bigodinho8 (500 in chips) 
bigodinho8: posts small blind 10
Mahu2021: posts big blind 20
*** HOLE CARDS ***
Dealt to Mahu2021 [2d Qh]
myluckyno7.: calls 20
bigodinho8: calls 10
Mahu2021: checks 
*** FLOP *** [8d As 3h]
bigodinho8: checks 
Mahu2021: checks 
myluckyno7.: bets 60
bigodinho8: folds 
Mahu2021: folds 
Uncalled bet (60) returned to myluckyno7.
myluckyno7. collected 60 from pot
*** SUMMARY ***
Total pot 60 | Rake 0 
Board [8d As 3h]
Seat 1: Mahu2021 (big blind) folded on the Flop
Seat 2: myluckyno7. (button) collected (60)
Seat 3: bigodinho8 (small blind) folded on the Flop



PokerStars Hand #246735483189: Tournament #3663745563, $0.92+$0.08 USD Hold'em No Limit - Level I (10/20) - 2023/10/25 17:37:19 CET [2023/10/25 11:37:19 ET]
Table '3663745563 1' 3-max Seat #3 is the button
Seat 1: Mahu2021 (510 in chips) 
Seat 2: myluckyno7. (510 in chips) 
Seat 3: bigodinho8 (480 in chips) 
Mahu2021: posts small blind 10
myluckyno7.: posts big blind 20
*** HOLE CARDS ***
Dealt to Mahu2021 [6d Ks]
bigodinho8: calls 20
Mahu2021: calls 10
myluckyno7.: raises 20 to 40
bigodinho8: calls 20
Mahu2021: calls 20
*** FLOP *** [5h Td 5d]
Mahu2021: checks 
myluckyno7.: checks 
bigodinho8: bets 20
Mahu2021: folds 
myluckyno7.: raises 20 to 40
bigodinho8: raises 20 to 60
myluckyno7.: calls 20
*** TURN *** [5h Td 5d] [Qd]
myluckyno7.: bets 240
bigodinho8: calls 240
*** RIVER *** [5h Td 5d Qd] [4d]
myluckyno7.: bets 170 and is all-in
bigodinho8: calls 140 and is all-in
Uncalled bet (30) returned to myluckyno7.
*** SHOW DOWN ***
myluckyno7.: shows [8h 9h] (a pair of Fives)
bigodinho8: shows [Ac 5c] (three of a kind, Fives)
bigodinho8 collected 1000 from pot
*** SUMMARY ***
Total pot 1000 | Rake 0 
Board [5h Td 5d Qd 4d]
Seat 1: Mahu2021 (small blind) folded on the Flop
Seat 2: myluckyno7. (big blind) showed [8h 9h] and lost with a pair of Fives
Seat 3: bigodinho8 (button) showed [Ac 5c] and won (1000) with three of a kind, Fives



PokerStars Hand #246735494117: Tournament #3663745563, $0.92+$0.08 USD Hold'em No Limit - Level I (10/20) - 2023/10/25 17:38:02 CET [2023/10/25 11:38:02 ET]
Table '3663745563 1' 3-max Seat #1 is the button
Seat 1: Mahu2021 (470 in chips) 
Seat 2: myluckyno7. (30 in chips) 
Seat 3: bigodinho8 (1000 in chips) 
myluckyno7.: posts small blind 10
bigodinho8: posts big blind 20
*** HOLE CARDS ***
Dealt to Mahu2021 [2s 3c]
Mahu2021: folds 
myluckyno7.: raises 10 to 30 and is all-in
bigodinho8: calls 10
*** FLOP *** [7s 6s Qs]
*** TURN *** [7s 6s Qs] [3s]
*** RIVER *** [7s 6s Qs 3s] [As]
*** SHOW DOWN ***
myluckyno7.: shows [8h Js] (a flush, Ace high)
bigodinho8: shows [Jd 6h] (a flush, Ace high - lower cards)
myluckyno7. collected 60 from pot
*** SUMMARY ***
Total pot 60 | Rake 0 
Board [7s 6s Qs 3s As]
Seat 1: Mahu2021 (button) folded before Flop (didn't bet)
Seat 2: myluckyno7. (small blind) showed [8h Js] and won (60) with a flush, Ace high
Seat 3: bigodinho8 (big blind) showed [Jd 6h] and lost with a flush, Ace high



PokerStars Hand #246735497844: Tournament #3663745563, $0.92+$0.08 USD Hold'em No Limit - Level I (10/20) - 2023/10/25 17:38:17 CET [2023/10/25 11:38:17 ET]
Table '3663745563 1' 3-max Seat #2 is the button
Seat 1: Mahu2021 (470 in chips) 
Seat 2: myluckyno7. (60 in chips) 
Seat 3: bigodinho8 (970 in chips) 
bigodinho8: posts small blind 10
Mahu2021: posts big blind 20
*** HOLE CARDS ***
Dealt to Mahu2021 [Kh Kd]
myluckyno7.: raises 40 to 60 and is all-in
bigodinho8: calls 50
Mahu2021: raises 410 to 470 and is all-in
bigodinho8: calls 410
*** FLOP *** [6c 2d Qc]
*** TURN *** [6c 2d Qc] [3d]
*** RIVER *** [6c 2d Qc 3d] [9h]
*** SHOW DOWN ***
bigodinho8: shows [3s Ah] (a pair of Threes)
Mahu2021: shows [Kh Kd] (a pair of Kings)
Mahu2021 collected 820 from side pot
myluckyno7.: shows [Kc Ts] (high card King)
Mahu2021 collected 180 from main pot
myluckyno7. finished the tournament in 3rd place
*** SUMMARY ***
Total pot 1000 Main pot 180. Side pot 820. | Rake 0 
Board [6c 2d Qc 3d 9h]
Seat 1: Mahu2021 (big blind) showed [Kh Kd] and won (1000) with a pair of Kings
Seat 2: myluckyno7. (button) showed [Kc Ts] and lost with high card King
Seat 3: bigodinho8 (small blind) showed [3s Ah] and lost with a pair of Threes



PokerStars Hand #246735503218: Tournament #3663745563, $0.92+$0.08 USD Hold'em No Limit - Level I (10/20) - 2023/10/25 17:38:38 CET [2023/10/25 11:38:38 ET]
Table '3663745563 1' 3-max Seat #1 is the button
Seat 1: Mahu2021 (1000 in chips) 
Seat 3: bigodinho8 (500 in chips) 
Mahu2021: posts small blind 10
bigodinho8: posts big blind 20
*** HOLE CARDS ***
Dealt to Mahu2021 [3s 6s]
Mahu2021: calls 10
bigodinho8: checks 
*** FLOP *** [Kh 5d Th]
bigodinho8: checks 
Mahu2021: bets 20
bigodinho8: folds 
Uncalled bet (20) returned to Mahu2021
Mahu2021 collected 40 from pot
Mahu2021: doesn't show hand 
*** SUMMARY ***
Total pot 40 | Rake 0 
Board [Kh 5d Th]
Seat 1: Mahu2021 (button) (small blind) collected (40)
Seat 3: bigodinho8 (big blind) folded on the Flop



PokerStars Hand #246735507222: Tournament #3663745563, $0.92+$0.08 USD Hold'em No Limit - Level II (15/30) - 2023/10/25 17:38:53 CET [2023/10/25 11:38:53 ET]
Table '3663745563 1' 3-max Seat #3 is the button
Seat 1: Mahu2021 (1020 in chips) 
Seat 3: bigodinho8 (480 in chips) 
bigodinho8: posts small blind 15
Mahu2021: posts big blind 30
*** HOLE CARDS ***
Dealt to Mahu2021 [5s Jh]
bigodinho8: calls 15
Mahu2021: checks 
*** FLOP *** [As 8h Ks]
Mahu2021: checks 
bigodinho8: checks 
*** TURN *** [As 8h Ks] [4d]
Mahu2021: checks 
bigodinho8: checks 
*** RIVER *** [As 8h Ks 4d] [7h]
Mahu2021: checks 
bigodinho8: checks 
*** SHOW DOWN ***
Mahu2021: shows [5s Jh] (high card Ace)
bigodinho8: mucks hand 
Mahu2021 collected 60 from pot
*** SUMMARY ***
Total pot 60 | Rake 0 
Board [As 8h Ks 4d 7h]
Seat 1: Mahu2021 (big blind) showed [5s Jh] and won (60) with high card Ace
Seat 3: bigodinho8 (button) (small blind) mucked [5c 9d]



PokerStars Hand #246735511442: Tournament #3663745563, $0.92+$0.08 USD Hold'em No Limit - Level II (15/30) - 2023/10/25 17:39:10 CET [2023/10/25 11:39:10 ET]
Table '3663745563 1' 3-max Seat #1 is the button
Seat 1: Mahu2021 (1050 in chips) 
Seat 3: bigodinho8 (450 in chips) 
Mahu2021: posts small blind 15
bigodinho8: posts big blind 30
*** HOLE CARDS ***
Dealt to Mahu2021 [8h 3c]
Mahu2021: folds 
Uncalled bet (15) returned to bigodinho8
bigodinho8 collected 30 from pot
*** SUMMARY ***
Total pot 30 | Rake 0 
Seat 1: Mahu2021 (button) (small blind) folded before Flop
Seat 3: bigodinho8 (big blind) collected (30)



PokerStars Hand #246735512566: Tournament #3663745563, $0.92+$0.08 USD Hold'em No Limit - Level II (15/30) - 2023/10/25 17:39:15 CET [2023/10/25 11:39:15 ET]
Table '3663745563 1' 3-max Seat #3 is the button
Seat 1: Mahu2021 (1035 in chips) 
Seat 3: bigodinho8 (465 in chips) 
bigodinho8: posts small blind 15
Mahu2021: posts big blind 30
*** HOLE CARDS ***
Dealt to Mahu2021 [As 2h]
bigodinho8: calls 15
Mahu2021: raises 60 to 90
bigodinho8: calls 60
*** FLOP *** [3c Qh 3h]
Mahu2021: checks 
bigodinho8: checks 
*** TURN *** [3c Qh 3h] [Jc]
Mahu2021: checks 
bigodinho8: checks 
*** RIVER *** [3c Qh 3h Jc] [Qc]
Mahu2021: checks 
bigodinho8: bets 30
Mahu2021: calls 30
*** SHOW DOWN ***
bigodinho8: shows [Kh 8h] (two pair, Queens and Threes)
Mahu2021: shows [As 2h] (two pair, Queens and Threes - Ace kicker)
Mahu2021 collected 240 from pot
*** SUMMARY ***
Total pot 240 | Rake 0 
Board [3c Qh 3h Jc Qc]
Seat 1: Mahu2021 (big blind) showed [As 2h] and won (240) with two pair, Queens and Threes
Seat 3: bigodinho8 (button) (small blind) showed [Kh 8h] and lost with two pair, Queens and Threes



PokerStars Hand #246735517237: Tournament #3663745563, $0.92+$0.08 USD Hold'em No Limit - Level II (15/30) - 2023/10/25 17:39:33 CET [2023/10/25 11:39:33 ET]
Table '3663745563 1' 3-max Seat #1 is the button
Seat 1: Mahu2021 (1155 in chips) 
Seat 3: bigodinho8 (345 in chips) 
Mahu2021: posts small blind 15
bigodinho8: posts big blind 30
*** HOLE CARDS ***
Dealt to Mahu2021 [Qh 9s]
Mahu2021: calls 15
bigodinho8: checks 
*** FLOP *** [Ts 8h Tc]
bigodinho8: checks 
Mahu2021: checks 
*** TURN *** [Ts 8h Tc] [9h]
bigodinho8: bets 30
Mahu2021: calls 30
*** RIVER *** [Ts 8h Tc 9h] [Qc]
bigodinho8: bets 120
Mahu2021: folds 
Uncalled bet (120) returned to bigodinho8
bigodinho8 collected 120 from pot
*** SUMMARY ***
Total pot 120 | Rake 0 
Board [Ts 8h Tc 9h Qc]
Seat 1: Mahu2021 (button) (small blind) folded on the River
Seat 3: bigodinho8 (big blind) collected (120)



PokerStars Hand #246735523391: Tournament #3663745563, $0.92+$0.08 USD Hold'em No Limit - Level II (15/30) - 2023/10/25 17:39:57 CET [2023/10/25 11:39:57 ET]
Table '3663745563 1' 3-max Seat #3 is the button
Seat 1: Mahu2021 (1095 in chips) 
Seat 3: bigodinho8 (405 in chips) 
bigodinho8: posts small blind 15
Mahu2021: posts big blind 30
*** HOLE CARDS ***
Dealt to Mahu2021 [Jh Kh]
bigodinho8: calls 15
Mahu2021: raises 60 to 90
bigodinho8: calls 60
*** FLOP *** [Ac 5d Js]
Mahu2021: checks 
bigodinho8: bets 30
Mahu2021: calls 30
*** TURN *** [Ac 5d Js] [6d]
Mahu2021: checks 
bigodinho8: bets 240
Mahu2021: calls 240
*** RIVER *** [Ac 5d Js 6d] [2d]
Mahu2021: checks 
bigodinho8: bets 45 and is all-in
Mahu2021: calls 45
*** SHOW DOWN ***
bigodinho8: shows [2c Ah] (two pair, Aces and Deuces)
Mahu2021: shows [Jh Kh] (a pair of Jacks)
bigodinho8 collected 810 from pot
*** SUMMARY ***
Total pot 810 | Rake 0 
Board [Ac 5d Js 6d 2d]
Seat 1: Mahu2021 (big blind) showed [Jh Kh] and lost with a pair of Jacks
Seat 3: bigodinho8 (button) (small blind) showed [2c Ah] and won (810) with two pair, Aces and Deuces



PokerStars Hand #246735529553: Tournament #3663745563, $0.92+$0.08 USD Hold'em No Limit - Level II (15/30) - 2023/10/25 17:40:21 CET [2023/10/25 11:40:21 ET]
Table '3663745563 1' 3-max Seat #1 is the button
Seat 1: Mahu2021 (690 in chips) 
Seat 3: bigodinho8 (810 in chips) 
Mahu2021: posts small blind 15
bigodinho8: posts big blind 30
*** HOLE CARDS ***
Dealt to Mahu2021 [2s 7h]
Mahu2021: folds 
Uncalled bet (15) returned to bigodinho8
bigodinho8 collected 30 from pot
*** SUMMARY ***
Total pot 30 | Rake 0 
Seat 1: Mahu2021 (button) (small blind) folded before Flop
Seat 3: bigodinho8 (big blind) collected (30)



PokerStars Hand #246735530759: Tournament #3663745563, $0.92+$0.08 USD Hold'em No Limit - Level II (15/30) - 2023/10/25 17:40:25 CET [2023/10/25 11:40:25 ET]
Table '3663745563 1' 3-max Seat #3 is the button
Seat 1: Mahu2021 (675 in chips) 
Seat 3: bigodinho8 (825 in chips) 
bigodinho8: posts small blind 15
Mahu2021: posts big blind 30
*** HOLE CARDS ***
Dealt to Mahu2021 [4s 7s]
bigodinho8: calls 15
Mahu2021: checks 
*** FLOP *** [5c 6d 4h]
Mahu2021: bets 30
bigodinho8: folds 
Uncalled bet (30) returned to Mahu2021
Mahu2021 collected 60 from pot
Mahu2021: doesn't show hand 
*** SUMMARY ***
Total pot 60 | Rake 0 
Board [5c 6d 4h]
Seat 1: Mahu2021 (big blind) collected (60)
Seat 3: bigodinho8 (button) (small blind) folded on the Flop



PokerStars Hand #246735533706: Tournament #3663745563, $0.92+$0.08 USD Hold'em No Limit - Level II (15/30) - 2023/10/25 17:40:37 CET [2023/10/25 11:40:37 ET]
Table '3663745563 1' 3-max Seat #1 is the button
Seat 1: Mahu2021 (705 in chips) 
Seat 3: bigodinho8 (795 in chips) 
Mahu2021: posts small blind 15
bigodinho8: posts big blind 30
*** HOLE CARDS ***
Dealt to Mahu2021 [5c 8s]
Mahu2021: folds 
Uncalled bet (15) returned to bigodinho8
bigodinho8 collected 30 from pot
*** SUMMARY ***
Total pot 30 | Rake 0 
Seat 1: Mahu2021 (button) (small blind) folded before Flop
Seat 3: bigodinho8 (big blind) collected (30)



PokerStars Hand #246735534897: Tournament #3663745563, $0.92+$0.08 USD Hold'em No Limit - Level II (15/30) - 2023/10/25 17:40:41 CET [2023/10/25 11:40:41 ET]
Table '3663745563 1' 3-max Seat #3 is the button
Seat 1: Mahu2021 (690 in chips) 
Seat 3: bigodinho8 (810 in chips) 
bigodinho8: posts small blind 15
Mahu2021: posts big blind 30
*** HOLE CARDS ***
Dealt to Mahu2021 [Qc Ts]
bigodinho8: calls 15
Mahu2021: raises 60 to 90
bigodinho8: calls 60
*** FLOP *** [2d 6s 8d]
Mahu2021: checks 
bigodinho8: checks 
*** TURN *** [2d 6s 8d] [9d]
Mahu2021: checks 
bigodinho8: checks 
*** RIVER *** [2d 6s 8d 9d] [6c]
Mahu2021: bets 60
bigodinho8: folds 
Uncalled bet (60) returned to Mahu2021
Mahu2021 collected 180 from pot
Mahu2021: doesn't show hand 
*** SUMMARY ***
Total pot 180 | Rake 0 
Board [2d 6s 8d 9d 6c]
Seat 1: Mahu2021 (big blind) collected (180)
Seat 3: bigodinho8 (button) (small blind) folded on the River



PokerStars Hand #246735539889: Tournament #3663745563, $0.92+$0.08 USD Hold'em No Limit - Level II (15/30) - 2023/10/25 17:41:01 CET [2023/10/25 11:41:01 ET]
Table '3663745563 1' 3-max Seat #1 is the button
Seat 1: Mahu2021 (780 in chips) 
Seat 3: bigodinho8 (720 in chips) 
Mahu2021: posts small blind 15
bigodinho8: posts big blind 30
*** HOLE CARDS ***
Dealt to Mahu2021 [9h 5s]
Mahu2021: folds 
Uncalled bet (15) returned to bigodinho8
bigodinho8 collected 30 from pot
*** SUMMARY ***
Total pot 30 | Rake 0 
Seat 1: Mahu2021 (button) (small blind) folded before Flop
Seat 3: bigodinho8 (big blind) collected (30)



PokerStars Hand #246735541108: Tournament #3663745563, $0.92+$0.08 USD Hold'em No Limit - Level II (15/30) - 2023/10/25 17:41:06 CET [2023/10/25 11:41:06 ET]
Table '3663745563 1' 3-max Seat #3 is the button
Seat 1: Mahu2021 (765 in chips) 
Seat 3: bigodinho8 (735 in chips) 
bigodinho8: posts small blind 15
Mahu2021: posts big blind 30
*** HOLE CARDS ***
Dealt to Mahu2021 [Qc 9s]
bigodinho8: calls 15
Mahu2021: checks 
*** FLOP *** [4c Qs 4h]
Mahu2021: checks 
bigodinho8: checks 
*** TURN *** [4c Qs 4h] [8s]
Mahu2021: checks 
bigodinho8: bets 30
Mahu2021: raises 60 to 90
bigodinho8: calls 60
*** RIVER *** [4c Qs 4h 8s] [2c]
Mahu2021: checks 
bigodinho8: bets 30
Mahu2021: calls 30
*** SHOW DOWN ***
bigodinho8: shows [3c 8h] (two pair, Eights and Fours)
Mahu2021: shows [Qc 9s] (two pair, Queens and Fours)
Mahu2021 collected 300 from pot
*** SUMMARY ***
Total pot 300 | Rake 0 
Board [4c Qs 4h 8s 2c]
Seat 1: Mahu2021 (big blind) showed [Qc 9s] and won (300) with two pair, Queens and Fours
Seat 3: bigodinho8 (button) (small blind) showed [3c 8h] and lost with two pair, Eights and Fours



PokerStars Hand #246735546550: Tournament #3663745563, $0.92+$0.08 USD Hold'em No Limit - Level II (15/30) - 2023/10/25 17:41:27 CET [2023/10/25 11:41:27 ET]
Table '3663745563 1' 3-max Seat #1 is the button
Seat 1: Mahu2021 (915 in chips) 
Seat 3: bigodinho8 (585 in chips) 
Mahu2021: posts small blind 15
bigodinho8: posts big blind 30
*** HOLE CARDS ***
Dealt to Mahu2021 [Ad Th]
Mahu2021: raises 60 to 90
bigodinho8: folds 
Uncalled bet (60) returned to Mahu2021
Mahu2021 collected 60 from pot
Mahu2021: doesn't show hand 
*** SUMMARY ***
Total pot 60 | Rake 0 
Seat 1: Mahu2021 (button) (small blind) collected (60)
Seat 3: bigodinho8 (big blind) folded before Flop



PokerStars Hand #246735548466: Tournament #3663745563, $0.92+$0.08 USD Hold'em No Limit - Level II (15/30) - 2023/10/25 17:41:34 CET [2023/10/25 11:41:34 ET]
Table '3663745563 1' 3-max Seat #3 is the button
Seat 1: Mahu2021 (945 in chips) 
Seat 3: bigodinho8 (555 in chips) 
bigodinho8: posts small blind 15
Mahu2021: posts big blind 30
*** HOLE CARDS ***
Dealt to Mahu2021 [9d Jd]
bigodinho8: calls 15
Mahu2021: checks 
*** FLOP *** [Qs Ah Ad]
Mahu2021: checks 
bigodinho8: checks 
*** TURN *** [Qs Ah Ad] [8s]
Mahu2021: checks 
bigodinho8: bets 30
Mahu2021: calls 30
*** RIVER *** [Qs Ah Ad 8s] [Kc]
Mahu2021: checks 
bigodinho8: bets 30
Mahu2021: folds 
Uncalled bet (30) returned to bigodinho8
bigodinho8 collected 120 from pot
*** SUMMARY ***
Total pot 120 | Rake 0 
Board [Qs Ah Ad 8s Kc]
Seat 1: Mahu2021 (big blind) folded on the River
Seat 3: bigodinho8 (button) (small blind) collected (120)



PokerStars Hand #246735553989: Tournament #3663745563, $0.92+$0.08 USD Hold'em No Limit - Level III (20/40) - 2023/10/25 17:41:56 CET [2023/10/25 11:41:56 ET]
Table '3663745563 1' 3-max Seat #1 is the button
Seat 1: Mahu2021 (885 in chips) 
Seat 3: bigodinho8 (615 in chips) 
Mahu2021: posts small blind 20
bigodinho8: posts big blind 40
*** HOLE CARDS ***
Dealt to Mahu2021 [4h 3s]
Mahu2021: calls 20
bigodinho8: checks 
*** FLOP *** [2s 5c 7s]
bigodinho8: checks 
Mahu2021: bets 40
bigodinho8: folds 
Uncalled bet (40) returned to Mahu2021
Mahu2021 collected 80 from pot
Mahu2021: doesn't show hand 
*** SUMMARY ***
Total pot 80 | Rake 0 
Board [2s 5c 7s]
Seat 1: Mahu2021 (button) (small blind) collected (80)
Seat 3: bigodinho8 (big blind) folded on the Flop



PokerStars Hand #246735556773: Tournament #3663745563, $0.92+$0.08 USD Hold'em No Limit - Level III (20/40) - 2023/10/25 17:42:07 CET [2023/10/25 11:42:07 ET]
Table '3663745563 1' 3-max Seat #3 is the button
Seat 1: Mahu2021 (925 in chips) 
Seat 3: bigodinho8 (575 in chips) 
bigodinho8: posts small blind 20
Mahu2021: posts big blind 40
*** HOLE CARDS ***
Dealt to Mahu2021 [Ks 5d]
bigodinho8: raises 535 to 575 and is all-in
Mahu2021: folds 
Uncalled bet (535) returned to bigodinho8
bigodinho8 collected 80 from pot
*** SUMMARY ***
Total pot 80 | Rake 0 
Seat 1: Mahu2021 (big blind) folded before Flop
Seat 3: bigodinho8 (button) (small blind) collected (80)



PokerStars Hand #246735558640: Tournament #3663745563, $0.92+$0.08 USD Hold'em No Limit - Level III (20/40) - 2023/10/25 17:42:14 CET [2023/10/25 11:42:14 ET]
Table '3663745563 1' 3-max Seat #1 is the button
Seat 1: Mahu2021 (885 in chips) 
Seat 3: bigodinho8 (615 in chips) 
Mahu2021: posts small blind 20
bigodinho8: posts big blind 40
*** HOLE CARDS ***
Dealt to Mahu2021 [8s 4h]
Mahu2021: folds 
Uncalled bet (20) returned to bigodinho8
bigodinho8 collected 40 from pot
*** SUMMARY ***
Total pot 40 | Rake 0 
Seat 1: Mahu2021 (button) (small blind) folded before Flop
Seat 3: bigodinho8 (big blind) collected (40)



PokerStars Hand #246735559801: Tournament #3663745563, $0.92+$0.08 USD Hold'em No Limit - Level III (20/40) - 2023/10/25 17:42:19 CET [2023/10/25 11:42:19 ET]
Table '3663745563 1' 3-max Seat #3 is the button
Seat 1: Mahu2021 (865 in chips) 
Seat 3: bigodinho8 (635 in chips) 
bigodinho8: posts small blind 20
Mahu2021: posts big blind 40
*** HOLE CARDS ***
Dealt to Mahu2021 [Th Jd]
bigodinho8: calls 20
Mahu2021: checks 
*** FLOP *** [7h 4d 5d]
Mahu2021: checks 
bigodinho8: checks 
*** TURN *** [7h 4d 5d] [Jc]
Mahu2021: checks 
bigodinho8: checks 
*** RIVER *** [7h 4d 5d Jc] [Qc]
Mahu2021: checks 
bigodinho8: bets 40
Mahu2021: calls 40
*** SHOW DOWN ***
bigodinho8: shows [8c 9h] (high card Queen)
Mahu2021: shows [Th Jd] (a pair of Jacks)
Mahu2021 collected 160 from pot
*** SUMMARY ***
Total pot 160 | Rake 0 
Board [7h 4d 5d Jc Qc]
Seat 1: Mahu2021 (big blind) showed [Th Jd] and won (160) with a pair of Jacks
Seat 3: bigodinho8 (button) (small blind) showed [8c 9h] and lost with high card Queen



PokerStars Hand #246735564216: Tournament #3663745563, $0.92+$0.08 USD Hold'em No Limit - Level III (20/40) - 2023/10/25 17:42:36 CET [2023/10/25 11:42:36 ET]
Table '3663745563 1' 3-max Seat #1 is the button
Seat 1: Mahu2021 (945 in chips) 
Seat 3: bigodinho8 (555 in chips) 
Mahu2021: posts small blind 20
bigodinho8: posts big blind 40
*** HOLE CARDS ***
Dealt to Mahu2021 [Tc Qd]
Mahu2021: calls 20
bigodinho8: checks 
*** FLOP *** [Qc 2h 2c]
bigodinho8: checks 
Mahu2021: bets 40
bigodinho8: raises 160 to 200
Mahu2021: raises 705 to 905 and is all-in
bigodinho8: calls 315 and is all-in
Uncalled bet (390) returned to Mahu2021
*** TURN *** [Qc 2h 2c] [As]
*** RIVER *** [Qc 2h 2c As] [Jc]
*** SHOW DOWN ***
bigodinho8: shows [2s Qs] (a full house, Deuces full of Queens)
Mahu2021: shows [Tc Qd] (two pair, Queens and Deuces)
bigodinho8 collected 1110 from pot
*** SUMMARY ***
Total pot 1110 | Rake 0 
Board [Qc 2h 2c As Jc]
Seat 1: Mahu2021 (button) (small blind) showed [Tc Qd] and lost with two pair, Queens and Deuces
Seat 3: bigodinho8 (big blind) showed [2s Qs] and won (1110) with a full house, Deuces full of Queens



PokerStars Hand #246735571202: Tournament #3663745563, $0.92+$0.08 USD Hold'em No Limit - Level III (20/40) - 2023/10/25 17:43:04 CET [2023/10/25 11:43:04 ET]
Table '3663745563 1' 3-max Seat #3 is the button
Seat 1: Mahu2021 (390 in chips) 
Seat 3: bigodinho8 (1110 in chips) 
bigodinho8: posts small blind 20
Mahu2021: posts big blind 40
*** HOLE CARDS ***
Dealt to Mahu2021 [7h Td]
bigodinho8: calls 20
Mahu2021: checks 
*** FLOP *** [Kd 7d 2d]
Mahu2021: bets 350 and is all-in
bigodinho8: folds 
Uncalled bet (350) returned to Mahu2021
Mahu2021 collected 80 from pot
Mahu2021: doesn't show hand 
*** SUMMARY ***
Total pot 80 | Rake 0 
Board [Kd 7d 2d]
Seat 1: Mahu2021 (big blind) collected (80)
Seat 3: bigodinho8 (button) (small blind) folded on the Flop



PokerStars Hand #246735573720: Tournament #3663745563, $0.92+$0.08 USD Hold'em No Limit - Level III (20/40) - 2023/10/25 17:43:14 CET [2023/10/25 11:43:14 ET]
Table '3663745563 1' 3-max Seat #1 is the button
Seat 1: Mahu2021 (430 in chips) 
Seat 3: bigodinho8 (1070 in chips) 
Mahu2021: posts small blind 20
bigodinho8: posts big blind 40
*** HOLE CARDS ***
Dealt to Mahu2021 [9h Js]
Mahu2021: calls 20
bigodinho8: checks 
*** FLOP *** [Kc 3h Ac]
bigodinho8: checks 
Mahu2021: bets 40
bigodinho8: folds 
Uncalled bet (40) returned to Mahu2021
Mahu2021 collected 80 from pot
Mahu2021: doesn't show hand 
*** SUMMARY ***
Total pot 80 | Rake 0 
Board [Kc 3h Ac]
Seat 1: Mahu2021 (button) (small blind) collected (80)
Seat 3: bigodinho8 (big blind) folded on the Flop



PokerStars Hand #246735576558: Tournament #3663745563, $0.92+$0.08 USD Hold'em No Limit - Level III (20/40) - 2023/10/25 17:43:25 CET [2023/10/25 11:43:25 ET]
Table '3663745563 1' 3-max Seat #3 is the button
Seat 1: Mahu2021 (470 in chips) 
Seat 3: bigodinho8 (1030 in chips) 
bigodinho8: posts small blind 20
Mahu2021: posts big blind 40
*** HOLE CARDS ***
Dealt to Mahu2021 [3c Td]
bigodinho8: calls 20
Mahu2021: checks 
*** FLOP *** [3h 2h 4c]
Mahu2021: checks 
bigodinho8: checks 
*** TURN *** [3h 2h 4c] [Th]
Mahu2021: checks 
bigodinho8: checks 
*** RIVER *** [3h 2h 4c Th] [8h]
Mahu2021: bets 430 and is all-in
bigodinho8: folds 
Uncalled bet (430) returned to Mahu2021
Mahu2021 collected 80 from pot
Mahu2021: doesn't show hand 
*** SUMMARY ***
Total pot 80 | Rake 0 
Board [3h 2h 4c Th 8h]
Seat 1: Mahu2021 (big blind) collected (80)
Seat 3: bigodinho8 (button) (small blind) folded on the River



PokerStars Hand #246735580138: Tournament #3663745563, $0.92+$0.08 USD Hold'em No Limit - Level III (20/40) - 2023/10/25 17:43:39 CET [2023/10/25 11:43:39 ET]
Table '3663745563 1' 3-max Seat #1 is the button
Seat 1: Mahu2021 (510 in chips) 
Seat 3: bigodinho8 (990 in chips) 
Mahu2021: posts small blind 20
bigodinho8: posts big blind 40
*** HOLE CARDS ***
Dealt to Mahu2021 [5s Qs]
Mahu2021: calls 20
bigodinho8: checks 
*** FLOP *** [6c Jc 9h]
bigodinho8: checks 
Mahu2021: checks 
*** TURN *** [6c Jc 9h] [7c]
bigodinho8: checks 
Mahu2021: checks 
*** RIVER *** [6c Jc 9h 7c] [Th]
bigodinho8: checks 
Mahu2021: checks 
*** SHOW DOWN ***
bigodinho8: shows [3d 2s] (high card Jack)
Mahu2021: shows [5s Qs] (high card Queen)
Mahu2021 collected 80 from pot
*** SUMMARY ***
Total pot 80 | Rake 0 
Board [6c Jc 9h 7c Th]
Seat 1: Mahu2021 (button) (small blind) showed [5s Qs] and won (80) with high card Queen
Seat 3: bigodinho8 (big blind) showed [3d 2s] and lost with high card Jack



PokerStars Hand #246735583757: Tournament #3663745563, $0.92+$0.08 USD Hold'em No Limit - Level III (20/40) - 2023/10/25 17:43:53 CET [2023/10/25 11:43:53 ET]
Table '3663745563 1' 3-max Seat #3 is the button
Seat 1: Mahu2021 (550 in chips) 
Seat 3: bigodinho8 (950 in chips) 
bigodinho8: posts small blind 20
Mahu2021: posts big blind 40
*** HOLE CARDS ***
Dealt to Mahu2021 [5h Qh]
bigodinho8: calls 20
Mahu2021: checks 
*** FLOP *** [3c Ah 2d]
Mahu2021: checks 
bigodinho8: checks 
*** TURN *** [3c Ah 2d] [6d]
Mahu2021: bets 40
bigodinho8: calls 40
*** RIVER *** [3c Ah 2d 6d] [6h]
Mahu2021: checks 
bigodinho8: bets 870 and is all-in
Mahu2021: folds 
Uncalled bet (870) returned to bigodinho8
bigodinho8 collected 160 from pot
*** SUMMARY ***
Total pot 160 | Rake 0 
Board [3c Ah 2d 6d 6h]
Seat 1: Mahu2021 (big blind) folded on the River
Seat 3: bigodinho8 (button) (small blind) collected (160)



PokerStars Hand #246735588800: Tournament #3663745563, $0.92+$0.08 USD Hold'em No Limit - Level III (20/40) - 2023/10/25 17:44:13 CET [2023/10/25 11:44:13 ET]
Table '3663745563 1' 3-max Seat #1 is the button
Seat 1: Mahu2021 (470 in chips) 
Seat 3: bigodinho8 (1030 in chips) 
Mahu2021: posts small blind 20
bigodinho8: posts big blind 40
*** HOLE CARDS ***
Dealt to Mahu2021 [Qh Js]
Mahu2021: raises 40 to 80
bigodinho8: calls 40
*** FLOP *** [4s Jh Ac]
bigodinho8: checks 
Mahu2021: checks 
*** TURN *** [4s Jh Ac] [Th]
bigodinho8: bets 160
Mahu2021: calls 160
*** RIVER *** [4s Jh Ac Th] [7h]
bigodinho8: bets 480
Mahu2021: folds 
Uncalled bet (480) returned to bigodinho8
bigodinho8 collected 480 from pot
*** SUMMARY ***
Total pot 480 | Rake 0 
Board [4s Jh Ac Th 7h]
Seat 1: Mahu2021 (button) (small blind) folded on the River
Seat 3: bigodinho8 (big blind) collected (480)



PokerStars Hand #246735593646: Tournament #3663745563, $0.92+$0.08 USD Hold'em No Limit - Level III (20/40) - 2023/10/25 17:44:32 CET [2023/10/25 11:44:32 ET]
Table '3663745563 1' 3-max Seat #3 is the button
Seat 1: Mahu2021 (230 in chips) 
Seat 3: bigodinho8 (1270 in chips) 
bigodinho8: posts small blind 20
Mahu2021: posts big blind 40
*** HOLE CARDS ***
Dealt to Mahu2021 [Qh 3d]
bigodinho8: calls 20
Mahu2021: checks 
*** FLOP *** [5d 9d Jh]
Mahu2021: checks 
bigodinho8: bets 80
Mahu2021: folds 
Uncalled bet (80) returned to bigodinho8
bigodinho8 collected 80 from pot
*** SUMMARY ***
Total pot 80 | Rake 0 
Board [5d 9d Jh]
Seat 1: Mahu2021 (big blind) folded on the Flop
Seat 3: bigodinho8 (button) (small blind) collected (80)



PokerStars Hand #246735597313: Tournament #3663745563, $0.92+$0.08 USD Hold'em No Limit - Level IV (30/60) - 2023/10/25 17:44:46 CET [2023/10/25 11:44:46 ET]
Table '3663745563 1' 3-max Seat #1 is the button
Seat 1: Mahu2021 (190 in chips) 
Seat 3: bigodinho8 (1310 in chips) 
Mahu2021: posts small blind 30
bigodinho8: posts big blind 60
*** HOLE CARDS ***
Dealt to Mahu2021 [2d 5d]
Mahu2021: folds 
Uncalled bet (30) returned to bigodinho8
bigodinho8 collected 60 from pot
*** SUMMARY ***
Total pot 60 | Rake 0 
Seat 1: Mahu2021 (button) (small blind) folded before Flop
Seat 3: bigodinho8 (big blind) collected (60)



PokerStars Hand #246735598652: Tournament #3663745563, $0.92+$0.08 USD Hold'em No Limit - Level IV (30/60) - 2023/10/25 17:44:52 CET [2023/10/25 11:44:52 ET]
Table '3663745563 1' 3-max Seat #3 is the button
Seat 1: Mahu2021 (160 in chips) 
Seat 3: bigodinho8 (1340 in chips) 
bigodinho8: posts small blind 30
Mahu2021: posts big blind 60
*** HOLE CARDS ***
Dealt to Mahu2021 [Qs 4h]
bigodinho8: calls 30
Mahu2021: raises 100 to 160 and is all-in
bigodinho8: calls 100
*** FLOP *** [3d 7s Qd]
*** TURN *** [3d 7s Qd] [Jc]
*** RIVER *** [3d 7s Qd Jc] [As]
*** SHOW DOWN ***
Mahu2021: shows [Qs 4h] (a pair of Queens)
bigodinho8: shows [3c 4s] (a pair of Threes)
Mahu2021 collected 320 from pot
*** SUMMARY ***
Total pot 320 | Rake 0 
Board [3d 7s Qd Jc As]
Seat 1: Mahu2021 (big blind) showed [Qs 4h] and won (320) with a pair of Queens
Seat 3: bigodinho8 (button) (small blind) showed [3c 4s] and lost with a pair of Threes



PokerStars Hand #246735602585: Tournament #3663745563, $0.92+$0.08 USD Hold'em No Limit - Level IV (30/60) - 2023/10/25 17:45:07 CET [2023/10/25 11:45:07 ET]
Table '3663745563 1' 3-max Seat #1 is the button
Seat 1: Mahu2021 (320 in chips) 
Seat 3: bigodinho8 (1180 in chips) 
Mahu2021: posts small blind 30
bigodinho8: posts big blind 60
*** HOLE CARDS ***
Dealt to Mahu2021 [8d Ks]
Mahu2021: raises 260 to 320 and is all-in
bigodinho8: calls 260
*** FLOP *** [3s 4h 4s]
*** TURN *** [3s 4h 4s] [9s]
*** RIVER *** [3s 4h 4s 9s] [As]
*** SHOW DOWN ***
bigodinho8: shows [Qs Jd] (a flush, Ace high)
Mahu2021: shows [8d Ks] (a flush, Ace high - King higher)
Mahu2021 collected 640 from pot
*** SUMMARY ***
Total pot 640 | Rake 0 
Board [3s 4h 4s 9s As]
Seat 1: Mahu2021 (button) (small blind) showed [8d Ks] and won (640) with a flush, Ace high
Seat 3: bigodinho8 (big blind) showed [Qs Jd] and lost with a flush, Ace high



PokerStars Hand #246735605866: Tournament #3663745563, $0.92+$0.08 USD Hold'em No Limit - Level IV (30/60) - 2023/10/25 17:45:20 CET [2023/10/25 11:45:20 ET]
Table '3663745563 1' 3-max Seat #3 is the button
Seat 1: Mahu2021 (640 in chips) 
Seat 3: bigodinho8 (860 in chips) 
bigodinho8: posts small blind 30
Mahu2021: posts big blind 60
*** HOLE CARDS ***
Dealt to Mahu2021 [5d 7d]
bigodinho8: calls 30
Mahu2021: checks 
*** FLOP *** [7h 2h 7c]
Mahu2021: checks 
bigodinho8: checks 
*** TURN *** [7h 2h 7c] [Td]
Mahu2021: checks 
bigodinho8: checks 
*** RIVER *** [7h 2h 7c Td] [Ah]
Mahu2021: bets 580 and is all-in
bigodinho8: folds 
Uncalled bet (580) returned to Mahu2021
Mahu2021 collected 120 from pot
Mahu2021: doesn't show hand 
*** SUMMARY ***
Total pot 120 | Rake 0 
Board [7h 2h 7c Td Ah]
Seat 1: Mahu2021 (big blind) collected (120)
Seat 3: bigodinho8 (button) (small blind) folded on the River



PokerStars Hand #246735610077: Tournament #3663745563, $0.92+$0.08 USD Hold'em No Limit - Level IV (30/60) - 2023/10/25 17:45:36 CET [2023/10/25 11:45:36 ET]
Table '3663745563 1' 3-max Seat #1 is the button
Seat 1: Mahu2021 (700 in chips) 
Seat 3: bigodinho8 (800 in chips) 
Mahu2021: posts small blind 30
bigodinho8: posts big blind 60
*** HOLE CARDS ***
Dealt to Mahu2021 [6c Kd]
Mahu2021: calls 30
bigodinho8: checks 
*** FLOP *** [Th 7c 9c]
bigodinho8: checks 
Mahu2021: checks 
*** TURN *** [Th 7c 9c] [5s]
bigodinho8: checks 
Mahu2021: checks 
*** RIVER *** [Th 7c 9c 5s] [Jc]
bigodinho8: checks 
Mahu2021: checks 
*** SHOW DOWN ***
bigodinho8: shows [As 2c] (high card Ace)
Mahu2021: mucks hand 
bigodinho8 collected 120 from pot
*** SUMMARY ***
Total pot 120 | Rake 0 
Board [Th 7c 9c 5s Jc]
Seat 1: Mahu2021 (button) (small blind) mucked [6c Kd]
Seat 3: bigodinho8 (big blind) showed [As 2c] and won (120) with high card Ace



PokerStars Hand #246735613892: Tournament #3663745563, $0.92+$0.08 USD Hold'em No Limit - Level IV (30/60) - 2023/10/25 17:45:51 CET [2023/10/25 11:45:51 ET]
Table '3663745563 1' 3-max Seat #3 is the button
Seat 1: Mahu2021 (640 in chips) 
Seat 3: bigodinho8 (860 in chips) 
bigodinho8: posts small blind 30
Mahu2021: posts big blind 60
*** HOLE CARDS ***
Dealt to Mahu2021 [6s Kc]
bigodinho8: calls 30
Mahu2021: checks 
*** FLOP *** [5h Jd Ks]
Mahu2021: bets 60
bigodinho8: calls 60
*** TURN *** [5h Jd Ks] [Jc]
Mahu2021: checks 
bigodinho8: checks 
*** RIVER *** [5h Jd Ks Jc] [7c]
Mahu2021: checks 
bigodinho8: checks 
*** SHOW DOWN ***
Mahu2021: shows [6s Kc] (two pair, Kings and Jacks)
bigodinho8: mucks hand 
Mahu2021 collected 240 from pot
*** SUMMARY ***
Total pot 240 | Rake 0 
Board [5h Jd Ks Jc 7c]
Seat 1: Mahu2021 (big blind) showed [6s Kc] and won (240) with two pair, Kings and Jacks
Seat 3: bigodinho8 (button) (small blind) mucked [Ad 8s]



PokerStars Hand #246735618409: Tournament #3663745563, $0.92+$0.08 USD Hold'em No Limit - Level IV (30/60) - 2023/10/25 17:46:09 CET [2023/10/25 11:46:09 ET]
Table '3663745563 1' 3-max Seat #1 is the button
Seat 1: Mahu2021 (760 in chips) 
Seat 3: bigodinho8 (740 in chips) 
Mahu2021: posts small blind 30
bigodinho8: posts big blind 60
*** HOLE CARDS ***
Dealt to Mahu2021 [6h 7d]
Mahu2021: calls 30
bigodinho8: checks 
*** FLOP *** [3c Jh 5d]
bigodinho8: checks 
Mahu2021: bets 60
bigodinho8: folds 
Uncalled bet (60) returned to Mahu2021
Mahu2021 collected 120 from pot
Mahu2021: doesn't show hand 
*** SUMMARY ***
Total pot 120 | Rake 0 
Board [3c Jh 5d]
Seat 1: Mahu2021 (button) (small blind) collected (120)
Seat 3: bigodinho8 (big blind) folded on the Flop



PokerStars Hand #246735621114: Tournament #3663745563, $0.92+$0.08 USD Hold'em No Limit - Level IV (30/60) - 2023/10/25 17:46:20 CET [2023/10/25 11:46:20 ET]
Table '3663745563 1' 3-max Seat #3 is the button
Seat 1: Mahu2021 (820 in chips) 
Seat 3: bigodinho8 (680 in chips) 
bigodinho8: posts small blind 30
Mahu2021: posts big blind 60
*** HOLE CARDS ***
Dealt to Mahu2021 [Qc 9s]
bigodinho8: calls 30
Mahu2021: checks 
*** FLOP *** [Tc Jd 8s]
Mahu2021: checks 
bigodinho8: checks 
*** TURN *** [Tc Jd 8s] [Js]
Mahu2021: checks 
bigodinho8: checks 
*** RIVER *** [Tc Jd 8s Js] [5d]
Mahu2021: bets 120
bigodinho8: folds 
Uncalled bet (120) returned to Mahu2021
Mahu2021 collected 120 from pot
Mahu2021: doesn't show hand 
*** SUMMARY ***
Total pot 120 | Rake 0 
Board [Tc Jd 8s Js 5d]
Seat 1: Mahu2021 (big blind) collected (120)
Seat 3: bigodinho8 (button) (small blind) folded on the River



PokerStars Hand #246735625222: Tournament #3663745563, $0.92+$0.08 USD Hold'em No Limit - Level IV (30/60) - 2023/10/25 17:46:36 CET [2023/10/25 11:46:36 ET]
Table '3663745563 1' 3-max Seat #1 is the button
Seat 1: Mahu2021 (880 in chips) 
Seat 3: bigodinho8 (620 in chips) 
Mahu2021: posts small blind 30
bigodinho8: posts big blind 60
*** HOLE CARDS ***
Dealt to Mahu2021 [Ks 4d]
Mahu2021: calls 30
bigodinho8: checks 
*** FLOP *** [8s 6h Qs]
bigodinho8: checks 
Mahu2021: checks 
*** TURN *** [8s 6h Qs] [3d]
bigodinho8: checks 
Mahu2021: bets 60
bigodinho8: calls 60
*** RIVER *** [8s 6h Qs 3d] [5h]
bigodinho8: bets 500 and is all-in
Mahu2021: folds 
Uncalled bet (500) returned to bigodinho8
bigodinho8 collected 240 from pot
*** SUMMARY ***
Total pot 240 | Rake 0 
Board [8s 6h Qs 3d 5h]
Seat 1: Mahu2021 (button) (small blind) folded on the River
Seat 3: bigodinho8 (big blind) collected (240)



PokerStars Hand #246735631184: Tournament #3663745563, $0.92+$0.08 USD Hold'em No Limit - Level IV (30/60) - 2023/10/25 17:46:59 CET [2023/10/25 11:46:59 ET]
Table '3663745563 1' 3-max Seat #3 is the button
Seat 1: Mahu2021 (760 in chips) 
Seat 3: bigodinho8 (740 in chips) 
bigodinho8: posts small blind 30
Mahu2021: posts big blind 60
*** HOLE CARDS ***
Dealt to Mahu2021 [4h 5d]
bigodinho8: calls 30
Mahu2021: checks 
*** FLOP *** [4s Ac Qd]
Mahu2021: checks 
bigodinho8: checks 
*** TURN *** [4s Ac Qd] [Qc]
Mahu2021: checks 
bigodinho8: checks 
*** RIVER *** [4s Ac Qd Qc] [8h]
Mahu2021: checks 
bigodinho8: checks 
*** SHOW DOWN ***
Mahu2021: shows [4h 5d] (two pair, Queens and Fours)
bigodinho8: mucks hand 
Mahu2021 collected 120 from pot
*** SUMMARY ***
Total pot 120 | Rake 0 
Board [4s Ac Qd Qc 8h]
Seat 1: Mahu2021 (big blind) showed [4h 5d] and won (120) with two pair, Queens and Fours
Seat 3: bigodinho8 (button) (small blind) mucked [5c Kc]



PokerStars Hand #246735635678: Tournament #3663745563, $0.92+$0.08 USD Hold'em No Limit - Level IV (30/60) - 2023/10/25 17:47:16 CET [2023/10/25 11:47:16 ET]
Table '3663745563 1' 3-max Seat #1 is the button
Seat 1: Mahu2021 (820 in chips) 
Seat 3: bigodinho8 (680 in chips) 
Mahu2021: posts small blind 30
bigodinho8: posts big blind 60
*** HOLE CARDS ***
Dealt to Mahu2021 [Kd As]
Mahu2021: raises 120 to 180
bigodinho8: folds 
Uncalled bet (120) returned to Mahu2021
Mahu2021 collected 120 from pot
Mahu2021: doesn't show hand 
*** SUMMARY ***
Total pot 120 | Rake 0 
Seat 1: Mahu2021 (button) (small blind) collected (120)
Seat 3: bigodinho8 (big blind) folded before Flop



PokerStars Hand #246735637329: Tournament #3663745563, $0.92+$0.08 USD Hold'em No Limit - Level IV (30/60) - 2023/10/25 17:47:23 CET [2023/10/25 11:47:23 ET]
Table '3663745563 1' 3-max Seat #3 is the button
Seat 1: Mahu2021 (880 in chips) 
Seat 3: bigodinho8 (620 in chips) 
bigodinho8: posts small blind 30
Mahu2021: posts big blind 60
*** HOLE CARDS ***
Dealt to Mahu2021 [2s 3d]
bigodinho8: calls 30
Mahu2021: checks 
*** FLOP *** [5h 6s 6c]
Mahu2021: checks 
bigodinho8: checks 
*** TURN *** [5h 6s 6c] [As]
Mahu2021: checks 
bigodinho8: checks 
*** RIVER *** [5h 6s 6c As] [Td]
Mahu2021: bets 60
bigodinho8: calls 60
*** SHOW DOWN ***
Mahu2021: shows [2s 3d] (a pair of Sixes)
bigodinho8: shows [Ac 4h] (two pair, Aces and Sixes)
bigodinho8 collected 240 from pot
*** SUMMARY ***
Total pot 240 | Rake 0 
Board [5h 6s 6c As Td]
Seat 1: Mahu2021 (big blind) showed [2s 3d] and lost with a pair of Sixes
Seat 3: bigodinho8 (button) (small blind) showed [Ac 4h] and won (240) with two pair, Aces and Sixes



PokerStars Hand #246735643675: Tournament #3663745563, $0.92+$0.08 USD Hold'em No Limit - Level V (40/80) - 2023/10/25 17:47:48 CET [2023/10/25 11:47:48 ET]
Table '3663745563 1' 3-max Seat #1 is the button
Seat 1: Mahu2021 (760 in chips) 
Seat 3: bigodinho8 (740 in chips) 
Mahu2021: posts small blind 40
bigodinho8: posts big blind 80
*** HOLE CARDS ***
Dealt to Mahu2021 [4c Ah]
Mahu2021: raises 80 to 160
bigodinho8: calls 80
*** FLOP *** [6s 2d As]
bigodinho8: checks 
Mahu2021: bets 600 and is all-in
bigodinho8: folds 
Uncalled bet (600) returned to Mahu2021
Mahu2021 collected 320 from pot
Mahu2021: doesn't show hand 
*** SUMMARY ***
Total pot 320 | Rake 0 
Board [6s 2d As]
Seat 1: Mahu2021 (button) (small blind) collected (320)
Seat 3: bigodinho8 (big blind) folded on the Flop



PokerStars Hand #246735647011: Tournament #3663745563, $0.92+$0.08 USD Hold'em No Limit - Level V (40/80) - 2023/10/25 17:48:01 CET [2023/10/25 11:48:01 ET]
Table '3663745563 1' 3-max Seat #3 is the button
Seat 1: Mahu2021 (920 in chips) 
Seat 3: bigodinho8 (580 in chips) 
bigodinho8: posts small blind 40
Mahu2021: posts big blind 80
*** HOLE CARDS ***
Dealt to Mahu2021 [4h Th]
bigodinho8: calls 40
Mahu2021: checks 
*** FLOP *** [9h Jc Qh]
Mahu2021: bets 840 and is all-in
bigodinho8: folds 
Uncalled bet (840) returned to Mahu2021
Mahu2021 collected 160 from pot
Mahu2021: doesn't show hand 
*** SUMMARY ***
Total pot 160 | Rake 0 
Board [9h Jc Qh]
Seat 1: Mahu2021 (big blind) collected (160)
Seat 3: bigodinho8 (button) (small blind) folded on the Flop



PokerStars Hand #246735649834: Tournament #3663745563, $0.92+$0.08 USD Hold'em No Limit - Level V (40/80) - 2023/10/25 17:48:12 CET [2023/10/25 11:48:12 ET]
Table '3663745563 1' 3-max Seat #1 is the button
Seat 1: Mahu2021 (1000 in chips) 
Seat 3: bigodinho8 (500 in chips) 
Mahu2021: posts small blind 40
bigodinho8: posts big blind 80
*** HOLE CARDS ***
Dealt to Mahu2021 [As 9c]
Mahu2021: raises 160 to 240
bigodinho8: folds 
Uncalled bet (160) returned to Mahu2021
Mahu2021 collected 160 from pot
Mahu2021: doesn't show hand 
*** SUMMARY ***
Total pot 160 | Rake 0 
Seat 1: Mahu2021 (button) (small blind) collected (160)
Seat 3: bigodinho8 (big blind) folded before Flop



PokerStars Hand #246735651563: Tournament #3663745563, $0.92+$0.08 USD Hold'em No Limit - Level V (40/80) - 2023/10/25 17:48:18 CET [2023/10/25 11:48:18 ET]
Table '3663745563 1' 3-max Seat #3 is the button
Seat 1: Mahu2021 (1080 in chips) 
Seat 3: bigodinho8 (420 in chips) 
bigodinho8: posts small blind 40
Mahu2021: posts big blind 80
*** HOLE CARDS ***
Dealt to Mahu2021 [Kh Ks]
bigodinho8: calls 40
Mahu2021: raises 160 to 240
bigodinho8: folds 
Uncalled bet (160) returned to Mahu2021
Mahu2021 collected 160 from pot
Mahu2021: doesn't show hand 
*** SUMMARY ***
Total pot 160 | Rake 0 
Seat 1: Mahu2021 (big blind) collected (160)
Seat 3: bigodinho8 (button) (small blind) folded before Flop



PokerStars Hand #246735654034: Tournament #3663745563, $0.92+$0.08 USD Hold'em No Limit - Level V (40/80) - 2023/10/25 17:48:28 CET [2023/10/25 11:48:28 ET]
Table '3663745563 1' 3-max Seat #1 is the button
Seat 1: Mahu2021 (1160 in chips) 
Seat 3: bigodinho8 (340 in chips) 
Mahu2021: posts small blind 40
bigodinho8: posts big blind 80
*** HOLE CARDS ***
Dealt to Mahu2021 [Jc 8s]
Mahu2021: raises 160 to 240
bigodinho8: folds 
Uncalled bet (160) returned to Mahu2021
Mahu2021 collected 160 from pot
Mahu2021: doesn't show hand 
*** SUMMARY ***
Total pot 160 | Rake 0 
Seat 1: Mahu2021 (button) (small blind) collected (160)
Seat 3: bigodinho8 (big blind) folded before Flop



PokerStars Hand #246735656099: Tournament #3663745563, $0.92+$0.08 USD Hold'em No Limit - Level V (40/80) - 2023/10/25 17:48:36 CET [2023/10/25 11:48:36 ET]
Table '3663745563 1' 3-max Seat #3 is the button
Seat 1: Mahu2021 (1240 in chips) 
Seat 3: bigodinho8 (260 in chips) 
bigodinho8: posts small blind 40
Mahu2021: posts big blind 80
*** HOLE CARDS ***
Dealt to Mahu2021 [7d 9c]
bigodinho8: calls 40
Mahu2021: checks 
*** FLOP *** [Th Kc Ts]
Mahu2021: checks 
bigodinho8: checks 
*** TURN *** [Th Kc Ts] [4s]
Mahu2021: checks 
bigodinho8: checks 
*** RIVER *** [Th Kc Ts 4s] [8s]
Mahu2021: bets 80
bigodinho8: calls 80
*** SHOW DOWN ***
Mahu2021: shows [7d 9c] (a pair of Tens)
bigodinho8: shows [7c 4c] (two pair, Tens and Fours)
bigodinho8 collected 320 from pot
*** SUMMARY ***
Total pot 320 | Rake 0 
Board [Th Kc Ts 4s 8s]
Seat 1: Mahu2021 (big blind) showed [7d 9c] and lost with a pair of Tens
Seat 3: bigodinho8 (button) (small blind) showed [7c 4c] and won (320) with two pair, Tens and Fours



PokerStars Hand #246735660178: Tournament #3663745563, $0.92+$0.08 USD Hold'em No Limit - Level V (40/80) - 2023/10/25 17:48:51 CET [2023/10/25 11:48:51 ET]
Table '3663745563 1' 3-max Seat #1 is the button
Seat 1: Mahu2021 (1080 in chips) 
Seat 3: bigodinho8 (420 in chips) 
Mahu2021: posts small blind 40
bigodinho8: posts big blind 80
*** HOLE CARDS ***
Dealt to Mahu2021 [8h 4c]
Mahu2021: folds 
Uncalled bet (40) returned to bigodinho8
bigodinho8 collected 80 from pot
*** SUMMARY ***
Total pot 80 | Rake 0 
Seat 1: Mahu2021 (button) (small blind) folded before Flop
Seat 3: bigodinho8 (big blind) collected (80)



PokerStars Hand #246735661411: Tournament #3663745563, $0.92+$0.08 USD Hold'em No Limit - Level V (40/80) - 2023/10/25 17:48:56 CET [2023/10/25 11:48:56 ET]
Table '3663745563 1' 3-max Seat #3 is the button
Seat 1: Mahu2021 (1040 in chips) 
Seat 3: bigodinho8 (460 in chips) 
bigodinho8: posts small blind 40
Mahu2021: posts big blind 80
*** HOLE CARDS ***
Dealt to Mahu2021 [3h 3c]
bigodinho8: calls 40
Mahu2021: raises 960 to 1040 and is all-in
bigodinho8: folds 
Uncalled bet (960) returned to Mahu2021
Mahu2021 collected 160 from pot
Mahu2021: doesn't show hand 
*** SUMMARY ***
Total pot 160 | Rake 0 
Seat 1: Mahu2021 (big blind) collected (160)
Seat 3: bigodinho8 (button) (small blind) folded before Flop



PokerStars Hand #246735663719: Tournament #3663745563, $0.92+$0.08 USD Hold'em No Limit - Level V (40/80) - 2023/10/25 17:49:05 CET [2023/10/25 11:49:05 ET]
Table '3663745563 1' 3-max Seat #1 is the button
Seat 1: Mahu2021 (1120 in chips) 
Seat 3: bigodinho8 (380 in chips) 
Mahu2021: posts small blind 40
bigodinho8: posts big blind 80
*** HOLE CARDS ***
Dealt to Mahu2021 [4d Ks]
Mahu2021: raises 80 to 160
bigodinho8: calls 80
*** FLOP *** [2s 3c Tc]
bigodinho8: checks 
Mahu2021: bets 320
bigodinho8: calls 220 and is all-in
Uncalled bet (100) returned to Mahu2021
*** TURN *** [2s 3c Tc] [Jh]
*** RIVER *** [2s 3c Tc Jh] [4h]
*** SHOW DOWN ***
bigodinho8: shows [Ah Ts] (a pair of Tens)
Mahu2021: shows [4d Ks] (a pair of Fours)
bigodinho8 collected 760 from pot
*** SUMMARY ***
Total pot 760 | Rake 0 
Board [2s 3c Tc Jh 4h]
Seat 1: Mahu2021 (button) (small blind) showed [4d Ks] and lost with a pair of Fours
Seat 3: bigodinho8 (big blind) showed [Ah Ts] and won (760) with a pair of Tens



PokerStars Hand #246735668372: Tournament #3663745563, $0.92+$0.08 USD Hold'em No Limit - Level V (40/80) - 2023/10/25 17:49:23 CET [2023/10/25 11:49:23 ET]
Table '3663745563 1' 3-max Seat #3 is the button
Seat 1: Mahu2021 (740 in chips) 
Seat 3: bigodinho8 (760 in chips) 
bigodinho8: posts small blind 40
Mahu2021: posts big blind 80
*** HOLE CARDS ***
Dealt to Mahu2021 [Jc 4c]
bigodinho8: calls 40
Mahu2021: checks 
*** FLOP *** [9d 9c 3d]
Mahu2021: checks 
bigodinho8: checks 
*** TURN *** [9d 9c 3d] [Th]
Mahu2021: checks 
bigodinho8: checks 
*** RIVER *** [9d 9c 3d Th] [Qs]
Mahu2021: checks 
bigodinho8: checks 
*** SHOW DOWN ***
Mahu2021: shows [Jc 4c] (a pair of Nines)
bigodinho8: shows [Jh 7d] (a pair of Nines)
Mahu2021 collected 80 from pot
bigodinho8 collected 80 from pot
*** SUMMARY ***
Total pot 160 | Rake 0 
Board [9d 9c 3d Th Qs]
Seat 1: Mahu2021 (big blind) showed [Jc 4c] and won (80) with a pair of Nines
Seat 3: bigodinho8 (button) (small blind) showed [Jh 7d] and won (80) with a pair of Nines



PokerStars Hand #246735672618: Tournament #3663745563, $0.92+$0.08 USD Hold'em No Limit - Level V (40/80) - 2023/10/25 17:49:39 CET [2023/10/25 11:49:39 ET]
Table '3663745563 1' 3-max Seat #1 is the button
Seat 1: Mahu2021 (740 in chips) 
Seat 3: bigodinho8 (760 in chips) 
Mahu2021: posts small blind 40
bigodinho8: posts big blind 80
*** HOLE CARDS ***
Dealt to Mahu2021 [2h Qh]
Mahu2021: calls 40
bigodinho8: checks 
*** FLOP *** [Qd 5c 3d]
bigodinho8: checks 
Mahu2021: bets 80
bigodinho8: folds 
Uncalled bet (80) returned to Mahu2021
Mahu2021 collected 160 from pot
Mahu2021: doesn't show hand 
*** SUMMARY ***
Total pot 160 | Rake 0 
Board [Qd 5c 3d]
Seat 1: Mahu2021 (button) (small blind) collected (160)
Seat 3: bigodinho8 (big blind) folded on the Flop



PokerStars Hand #246735676484: Tournament #3663745563, $0.92+$0.08 USD Hold'em No Limit - Level V (40/80) - 2023/10/25 17:49:54 CET [2023/10/25 11:49:54 ET]
Table '3663745563 1' 3-max Seat #3 is the button
Seat 1: Mahu2021 (820 in chips) 
Seat 3: bigodinho8 (680 in chips) 
bigodinho8: posts small blind 40
Mahu2021: posts big blind 80
*** HOLE CARDS ***
Dealt to Mahu2021 [7c Ad]
bigodinho8: calls 40
Mahu2021: raises 740 to 820 and is all-in
bigodinho8: calls 600 and is all-in
Uncalled bet (140) returned to Mahu2021
*** FLOP *** [9d 8h Jd]
*** TURN *** [9d 8h Jd] [4s]
*** RIVER *** [9d 8h Jd 4s] [6s]
*** SHOW DOWN ***
Mahu2021: shows [7c Ad] (high card Ace)
bigodinho8: shows [Kc 3c] (high card King)
Mahu2021 collected 1360 from pot
bigodinho8 finished the tournament in 2nd place
Mahu2021 wins the tournament and receives $3.00 - congratulations!
*** SUMMARY ***
Total pot 1360 | Rake 0 
Board [9d 8h Jd 4s 6s]
Seat 1: Mahu2021 (big blind) showed [7c Ad] and won (1360) with high card Ace
Seat 3: bigodinho8 (button) (small blind) showed [Kc 3c] and lost with high card King



