PokerStars Hand #253816152685: Tournament #3833115421, $1.84+$0.16 USD Hold'em No Limit - Level I (10/20) - 2024/12/12 8:09:17 CET [2024/12/12 2:09:17 ET]
Table '3833115421 1' 3-max Seat #1 is the button
Seat 1: Mahu2021 (500 in chips) 
Seat 2: denmogilev84 (500 in chips) 
Seat 3: BigMan869 (500 in chips) 
denmogilev84: posts small blind 10
BigMan869: posts big blind 20
*** HOLE CARDS ***
Dealt to Mahu2021 [2h 8s]
Mahu2021: folds 
denmogilev84: folds 
Uncalled bet (10) returned to BigMan869
BigMan869 collected 20 from pot
BigMan869: doesn't show hand 
*** SUMMARY ***
Total pot 20 | Rake 0 
Seat 1: Mahu2021 (button) folded before Flop (didn't bet)
Seat 2: denmogilev84 (small blind) folded before Flop
Seat 3: BigMan869 (big blind) collected (20)



PokerStars Hand #253816153128: Tournament #3833115421, $1.84+$0.16 USD Hold'em No Limit - Level I (10/20) - 2024/12/12 8:09:24 CET [2024/12/12 2:09:24 ET]
Table '3833115421 1' 3-max Seat #2 is the button
Seat 1: Mahu2021 (500 in chips) 
Seat 2: denmogilev84 (490 in chips) 
Seat 3: BigMan869 (510 in chips) 
BigMan869: posts small blind 10
Mahu2021: posts big blind 20
*** HOLE CARDS ***
Dealt to Mahu2021 [Td 8d]
denmogilev84: raises 20 to 40
BigMan869: folds 
Mahu2021: calls 20
*** FLOP *** [Ah 9c 5c]
Mahu2021: checks 
denmogilev84: bets 30
Mahu2021: folds 
Uncalled bet (30) returned to denmogilev84
denmogilev84 collected 90 from pot
denmogilev84: doesn't show hand 
*** SUMMARY ***
Total pot 90 | Rake 0 
Board [Ah 9c 5c]
Seat 1: Mahu2021 (big blind) folded on the Flop
Seat 2: denmogilev84 (button) collected (90)
Seat 3: BigMan869 (small blind) folded before Flop



PokerStars Hand #253816154497: Tournament #3833115421, $1.84+$0.16 USD Hold'em No Limit - Level I (10/20) - 2024/12/12 8:09:44 CET [2024/12/12 2:09:44 ET]
Table '3833115421 1' 3-max Seat #3 is the button
Seat 1: Mahu2021 (460 in chips) 
Seat 2: denmogilev84 (540 in chips) 
Seat 3: BigMan869 (500 in chips) 
Mahu2021: posts small blind 10
denmogilev84: posts big blind 20
*** HOLE CARDS ***
Dealt to Mahu2021 [Qc As]
BigMan869: raises 20 to 40
Mahu2021: calls 30
denmogilev84: folds 
*** FLOP *** [3d 6s 2s]
Mahu2021: checks 
BigMan869: checks 
*** TURN *** [3d 6s 2s] [Td]
Mahu2021: checks 
BigMan869: bets 50
Mahu2021: calls 50
*** RIVER *** [3d 6s 2s Td] [6h]
Mahu2021: checks 
BigMan869: bets 140
Mahu2021: folds 
Uncalled bet (140) returned to BigMan869
BigMan869 collected 200 from pot
BigMan869: doesn't show hand 
*** SUMMARY ***
Total pot 200 | Rake 0 
Board [3d 6s 2s Td 6h]
Seat 1: Mahu2021 (small blind) folded on the River
Seat 2: denmogilev84 (big blind) folded before Flop
Seat 3: BigMan869 (button) collected (200)



PokerStars Hand #253816157425: Tournament #3833115421, $1.84+$0.16 USD Hold'em No Limit - Level I (10/20) - 2024/12/12 8:10:26 CET [2024/12/12 2:10:26 ET]
Table '3833115421 1' 3-max Seat #1 is the button
Seat 1: Mahu2021 (370 in chips) 
Seat 2: denmogilev84 (520 in chips) 
Seat 3: BigMan869 (610 in chips) 
denmogilev84: posts small blind 10
BigMan869: posts big blind 20
*** HOLE CARDS ***
Dealt to Mahu2021 [8d Ts]
Mahu2021: folds 
denmogilev84: calls 10
BigMan869: checks 
*** FLOP *** [Kh 2s 2h]
denmogilev84: checks 
BigMan869: bets 20
denmogilev84: folds 
Uncalled bet (20) returned to BigMan869
BigMan869 collected 40 from pot
BigMan869: doesn't show hand 
*** SUMMARY ***
Total pot 40 | Rake 0 
Board [Kh 2s 2h]
Seat 1: Mahu2021 (button) folded before Flop (didn't bet)
Seat 2: denmogilev84 (small blind) folded on the Flop
Seat 3: BigMan869 (big blind) collected (40)



PokerStars Hand #253816159197: Tournament #3833115421, $1.84+$0.16 USD Hold'em No Limit - Level I (10/20) - 2024/12/12 8:10:52 CET [2024/12/12 2:10:52 ET]
Table '3833115421 1' 3-max Seat #2 is the button
Seat 1: Mahu2021 (370 in chips) 
Seat 2: denmogilev84 (500 in chips) 
Seat 3: BigMan869 (630 in chips) 
BigMan869: posts small blind 10
Mahu2021: posts big blind 20
*** HOLE CARDS ***
Dealt to Mahu2021 [Ad 9c]
denmogilev84: raises 20 to 40
BigMan869: folds 
Mahu2021: calls 20
*** FLOP *** [3s Ts 6s]
Mahu2021: checks 
denmogilev84: checks 
*** TURN *** [3s Ts 6s] [5c]
Mahu2021: bets 40
denmogilev84: calls 40
*** RIVER *** [3s Ts 6s 5c] [6c]
Mahu2021: bets 170
denmogilev84: folds 
Uncalled bet (170) returned to Mahu2021
Mahu2021 collected 170 from pot
Mahu2021: doesn't show hand 
*** SUMMARY ***
Total pot 170 | Rake 0 
Board [3s Ts 6s 5c 6c]
Seat 1: Mahu2021 (big blind) collected (170)
Seat 2: denmogilev84 (button) folded on the River
Seat 3: BigMan869 (small blind) folded before Flop



PokerStars Hand #253816161332: Tournament #3833115421, $1.84+$0.16 USD Hold'em No Limit - Level I (10/20) - 2024/12/12 8:11:24 CET [2024/12/12 2:11:24 ET]
Table '3833115421 1' 3-max Seat #3 is the button
Seat 1: Mahu2021 (460 in chips) 
Seat 2: denmogilev84 (420 in chips) 
Seat 3: BigMan869 (620 in chips) 
Mahu2021: posts small blind 10
denmogilev84: posts big blind 20
*** HOLE CARDS ***
Dealt to Mahu2021 [5s Jc]
BigMan869: folds 
Mahu2021: folds 
Uncalled bet (10) returned to denmogilev84
denmogilev84 collected 20 from pot
denmogilev84: doesn't show hand 
*** SUMMARY ***
Total pot 20 | Rake 0 
Seat 1: Mahu2021 (small blind) folded before Flop
Seat 2: denmogilev84 (big blind) collected (20)
Seat 3: BigMan869 (button) folded before Flop (didn't bet)



PokerStars Hand #253816161682: Tournament #3833115421, $1.84+$0.16 USD Hold'em No Limit - Level I (10/20) - 2024/12/12 8:11:29 CET [2024/12/12 2:11:29 ET]
Table '3833115421 1' 3-max Seat #1 is the button
Seat 1: Mahu2021 (450 in chips) 
Seat 2: denmogilev84 (430 in chips) 
Seat 3: BigMan869 (620 in chips) 
denmogilev84: posts small blind 10
BigMan869: posts big blind 20
*** HOLE CARDS ***
Dealt to Mahu2021 [3h 5d]
Mahu2021: folds 
denmogilev84: raises 410 to 430 and is all-in
BigMan869: folds 
Uncalled bet (410) returned to denmogilev84
denmogilev84 collected 40 from pot
denmogilev84: doesn't show hand 
*** SUMMARY ***
Total pot 40 | Rake 0 
Seat 1: Mahu2021 (button) folded before Flop (didn't bet)
Seat 2: denmogilev84 (small blind) collected (40)
Seat 3: BigMan869 (big blind) folded before Flop



PokerStars Hand #253816162268: Tournament #3833115421, $1.84+$0.16 USD Hold'em No Limit - Level I (10/20) - 2024/12/12 8:11:37 CET [2024/12/12 2:11:37 ET]
Table '3833115421 1' 3-max Seat #2 is the button
Seat 1: Mahu2021 (450 in chips) 
Seat 2: denmogilev84 (450 in chips) 
Seat 3: BigMan869 (600 in chips) 
BigMan869: posts small blind 10
Mahu2021: posts big blind 20
*** HOLE CARDS ***
Dealt to Mahu2021 [2s Td]
denmogilev84: raises 20 to 40
BigMan869: folds 
Mahu2021: folds 
Uncalled bet (20) returned to denmogilev84
denmogilev84 collected 50 from pot
denmogilev84: doesn't show hand 
*** SUMMARY ***
Total pot 50 | Rake 0 
Seat 1: Mahu2021 (big blind) folded before Flop
Seat 2: denmogilev84 (button) collected (50)
Seat 3: BigMan869 (small blind) folded before Flop



PokerStars Hand #253816163362: Tournament #3833115421, $1.84+$0.16 USD Hold'em No Limit - Level I (10/20) - 2024/12/12 8:11:54 CET [2024/12/12 2:11:54 ET]
Table '3833115421 1' 3-max Seat #3 is the button
Seat 1: Mahu2021 (430 in chips) 
Seat 2: denmogilev84 (480 in chips) 
Seat 3: BigMan869 (590 in chips) 
Mahu2021: posts small blind 10
denmogilev84: posts big blind 20
*** HOLE CARDS ***
Dealt to Mahu2021 [Jh Jc]
BigMan869: raises 20 to 40
Mahu2021: raises 390 to 430 and is all-in
denmogilev84: folds 
BigMan869: folds 
Uncalled bet (390) returned to Mahu2021
Mahu2021 collected 100 from pot
Mahu2021: doesn't show hand 
*** SUMMARY ***
Total pot 100 | Rake 0 
Seat 1: Mahu2021 (small blind) collected (100)
Seat 2: denmogilev84 (big blind) folded before Flop
Seat 3: BigMan869 (button) folded before Flop



PokerStars Hand #253816164107: Tournament #3833115421, $1.84+$0.16 USD Hold'em No Limit - Level I (10/20) - 2024/12/12 8:12:05 CET [2024/12/12 2:12:05 ET]
Table '3833115421 1' 3-max Seat #1 is the button
Seat 1: Mahu2021 (490 in chips) 
Seat 2: denmogilev84 (460 in chips) 
Seat 3: BigMan869 (550 in chips) 
denmogilev84: posts small blind 10
BigMan869: posts big blind 20
*** HOLE CARDS ***
Dealt to Mahu2021 [7s 9h]
Mahu2021: folds 
denmogilev84: raises 40 to 60
BigMan869: folds 
Uncalled bet (40) returned to denmogilev84
denmogilev84 collected 40 from pot
denmogilev84: doesn't show hand 
*** SUMMARY ***
Total pot 40 | Rake 0 
Seat 1: Mahu2021 (button) folded before Flop (didn't bet)
Seat 2: denmogilev84 (small blind) collected (40)
Seat 3: BigMan869 (big blind) folded before Flop



PokerStars Hand #253816165376: Tournament #3833115421, $1.84+$0.16 USD Hold'em No Limit - Level II (15/30) - 2024/12/12 8:12:24 CET [2024/12/12 2:12:24 ET]
Table '3833115421 1' 3-max Seat #2 is the button
Seat 1: Mahu2021 (490 in chips) 
Seat 2: denmogilev84 (480 in chips) 
Seat 3: BigMan869 (530 in chips) 
BigMan869: posts small blind 15
Mahu2021: posts big blind 30
*** HOLE CARDS ***
Dealt to Mahu2021 [Qd Qc]
denmogilev84: folds 
BigMan869: calls 15
Mahu2021: raises 460 to 490 and is all-in
BigMan869: folds 
Uncalled bet (460) returned to Mahu2021
Mahu2021 collected 60 from pot
Mahu2021: doesn't show hand 
*** SUMMARY ***
Total pot 60 | Rake 0 
Seat 1: Mahu2021 (big blind) collected (60)
Seat 2: denmogilev84 (button) folded before Flop (didn't bet)
Seat 3: BigMan869 (small blind) folded before Flop



PokerStars Hand #253816166521: Tournament #3833115421, $1.84+$0.16 USD Hold'em No Limit - Level II (15/30) - 2024/12/12 8:12:41 CET [2024/12/12 2:12:41 ET]
Table '3833115421 1' 3-max Seat #3 is the button
Seat 1: Mahu2021 (520 in chips) 
Seat 2: denmogilev84 (480 in chips) 
Seat 3: BigMan869 (500 in chips) 
Mahu2021: posts small blind 15
denmogilev84: posts big blind 30
*** HOLE CARDS ***
Dealt to Mahu2021 [4d 6h]
BigMan869: folds 
Mahu2021: folds 
Uncalled bet (15) returned to denmogilev84
denmogilev84 collected 30 from pot
denmogilev84: doesn't show hand 
*** SUMMARY ***
Total pot 30 | Rake 0 
Seat 1: Mahu2021 (small blind) folded before Flop
Seat 2: denmogilev84 (big blind) collected (30)
Seat 3: BigMan869 (button) folded before Flop (didn't bet)



PokerStars Hand #253816166861: Tournament #3833115421, $1.84+$0.16 USD Hold'em No Limit - Level II (15/30) - 2024/12/12 8:12:46 CET [2024/12/12 2:12:46 ET]
Table '3833115421 1' 3-max Seat #1 is the button
Seat 1: Mahu2021 (505 in chips) 
Seat 2: denmogilev84 (495 in chips) 
Seat 3: BigMan869 (500 in chips) 
denmogilev84: posts small blind 15
BigMan869: posts big blind 30
*** HOLE CARDS ***
Dealt to Mahu2021 [3c Th]
Mahu2021: folds 
denmogilev84: folds 
Uncalled bet (15) returned to BigMan869
BigMan869 collected 30 from pot
BigMan869: doesn't show hand 
*** SUMMARY ***
Total pot 30 | Rake 0 
Seat 1: Mahu2021 (button) folded before Flop (didn't bet)
Seat 2: denmogilev84 (small blind) folded before Flop
Seat 3: BigMan869 (big blind) collected (30)



PokerStars Hand #253816167374: Tournament #3833115421, $1.84+$0.16 USD Hold'em No Limit - Level II (15/30) - 2024/12/12 8:12:54 CET [2024/12/12 2:12:54 ET]
Table '3833115421 1' 3-max Seat #2 is the button
Seat 1: Mahu2021 (505 in chips) 
Seat 2: denmogilev84 (480 in chips) 
Seat 3: BigMan869 (515 in chips) 
BigMan869: posts small blind 15
Mahu2021: posts big blind 30
*** HOLE CARDS ***
Dealt to Mahu2021 [7s 7c]
denmogilev84: folds 
BigMan869: calls 15
Mahu2021: raises 475 to 505 and is all-in
BigMan869: folds 
Uncalled bet (475) returned to Mahu2021
Mahu2021 collected 60 from pot
Mahu2021: doesn't show hand 
*** SUMMARY ***
Total pot 60 | Rake 0 
Seat 1: Mahu2021 (big blind) collected (60)
Seat 2: denmogilev84 (button) folded before Flop (didn't bet)
Seat 3: BigMan869 (small blind) folded before Flop



PokerStars Hand #253816169370: Tournament #3833115421, $1.84+$0.16 USD Hold'em No Limit - Level II (15/30) - 2024/12/12 8:13:23 CET [2024/12/12 2:13:23 ET]
Table '3833115421 1' 3-max Seat #3 is the button
Seat 1: Mahu2021 (535 in chips) 
Seat 2: denmogilev84 (480 in chips) 
Seat 3: BigMan869 (485 in chips) 
Mahu2021: posts small blind 15
denmogilev84: posts big blind 30
*** HOLE CARDS ***
Dealt to Mahu2021 [Ac 5c]
BigMan869: raises 30 to 60
Mahu2021: calls 45
denmogilev84: calls 30
*** FLOP *** [Td Ts Kd]
Mahu2021: checks 
denmogilev84: checks 
BigMan869: checks 
*** TURN *** [Td Ts Kd] [Qh]
Mahu2021: checks 
denmogilev84: checks 
BigMan869: checks 
*** RIVER *** [Td Ts Kd Qh] [Jh]
Mahu2021: bets 180
denmogilev84: folds 
BigMan869: calls 180
*** SHOW DOWN ***
Mahu2021: shows [Ac 5c] (a straight, Ten to Ace)
BigMan869: shows [Ad 8h] (a straight, Ten to Ace)
Mahu2021 collected 270 from pot
BigMan869 collected 270 from pot
*** SUMMARY ***
Total pot 540 | Rake 0 
Board [Td Ts Kd Qh Jh]
Seat 1: Mahu2021 (small blind) showed [Ac 5c] and won (270) with a straight, Ten to Ace
Seat 2: denmogilev84 (big blind) folded on the River
Seat 3: BigMan869 (button) showed [Ad 8h] and won (270) with a straight, Ten to Ace



PokerStars Hand #253816172965: Tournament #3833115421, $1.84+$0.16 USD Hold'em No Limit - Level II (15/30) - 2024/12/12 8:14:18 CET [2024/12/12 2:14:18 ET]
Table '3833115421 1' 3-max Seat #1 is the button
Seat 1: Mahu2021 (565 in chips) 
Seat 2: denmogilev84 (420 in chips) 
Seat 3: BigMan869 (515 in chips) 
denmogilev84: posts small blind 15
BigMan869: posts big blind 30
*** HOLE CARDS ***
Dealt to Mahu2021 [7s Jc]
Mahu2021: folds 
denmogilev84: raises 390 to 420 and is all-in
BigMan869: folds 
Uncalled bet (390) returned to denmogilev84
denmogilev84 collected 60 from pot
denmogilev84: doesn't show hand 
*** SUMMARY ***
Total pot 60 | Rake 0 
Seat 1: Mahu2021 (button) folded before Flop (didn't bet)
Seat 2: denmogilev84 (small blind) collected (60)
Seat 3: BigMan869 (big blind) folded before Flop



PokerStars Hand #253816173720: Tournament #3833115421, $1.84+$0.16 USD Hold'em No Limit - Level II (15/30) - 2024/12/12 8:14:29 CET [2024/12/12 2:14:29 ET]
Table '3833115421 1' 3-max Seat #2 is the button
Seat 1: Mahu2021 (565 in chips) 
Seat 2: denmogilev84 (450 in chips) 
Seat 3: BigMan869 (485 in chips) 
BigMan869: posts small blind 15
Mahu2021: posts big blind 30
*** HOLE CARDS ***
Dealt to Mahu2021 [2h 9d]
denmogilev84: folds 
BigMan869: calls 15
Mahu2021: checks 
*** FLOP *** [2d Ac Js]
BigMan869: checks 
Mahu2021: bets 60
BigMan869: calls 60
*** TURN *** [2d Ac Js] [Kc]
BigMan869: checks 
Mahu2021: checks 
*** RIVER *** [2d Ac Js Kc] [Ts]
BigMan869: checks 
Mahu2021: checks 
*** SHOW DOWN ***
BigMan869: shows [6s 6h] (a pair of Sixes)
Mahu2021: mucks hand 
BigMan869 collected 180 from pot
*** SUMMARY ***
Total pot 180 | Rake 0 
Board [2d Ac Js Kc Ts]
Seat 1: Mahu2021 (big blind) mucked [2h 9d]
Seat 2: denmogilev84 (button) folded before Flop (didn't bet)
Seat 3: BigMan869 (small blind) showed [6s 6h] and won (180) with a pair of Sixes



PokerStars Hand #253816177239: Tournament #3833115421, $1.84+$0.16 USD Hold'em No Limit - Level III (20/40) - 2024/12/12 8:15:21 CET [2024/12/12 2:15:21 ET]
Table '3833115421 1' 3-max Seat #3 is the button
Seat 1: Mahu2021 (475 in chips) 
Seat 2: denmogilev84 (450 in chips) 
Seat 3: BigMan869 (575 in chips) 
Mahu2021: posts small blind 20
denmogilev84: posts big blind 40
*** HOLE CARDS ***
Dealt to Mahu2021 [3h 2s]
BigMan869: folds 
Mahu2021: folds 
Uncalled bet (20) returned to denmogilev84
denmogilev84 collected 40 from pot
denmogilev84: doesn't show hand 
*** SUMMARY ***
Total pot 40 | Rake 0 
Seat 1: Mahu2021 (small blind) folded before Flop
Seat 2: denmogilev84 (big blind) collected (40)
Seat 3: BigMan869 (button) folded before Flop (didn't bet)



PokerStars Hand #253816177529: Tournament #3833115421, $1.84+$0.16 USD Hold'em No Limit - Level III (20/40) - 2024/12/12 8:15:26 CET [2024/12/12 2:15:26 ET]
Table '3833115421 1' 3-max Seat #1 is the button
Seat 1: Mahu2021 (455 in chips) 
Seat 2: denmogilev84 (470 in chips) 
Seat 3: BigMan869 (575 in chips) 
denmogilev84: posts small blind 20
BigMan869: posts big blind 40
*** HOLE CARDS ***
Dealt to Mahu2021 [4c 2s]
Mahu2021: folds 
denmogilev84: raises 430 to 470 and is all-in
BigMan869: folds 
Uncalled bet (430) returned to denmogilev84
denmogilev84 collected 80 from pot
denmogilev84: doesn't show hand 
*** SUMMARY ***
Total pot 80 | Rake 0 
Seat 1: Mahu2021 (button) folded before Flop (didn't bet)
Seat 2: denmogilev84 (small blind) collected (80)
Seat 3: BigMan869 (big blind) folded before Flop



PokerStars Hand #253816178279: Tournament #3833115421, $1.84+$0.16 USD Hold'em No Limit - Level III (20/40) - 2024/12/12 8:15:37 CET [2024/12/12 2:15:37 ET]
Table '3833115421 1' 3-max Seat #2 is the button
Seat 1: Mahu2021 (455 in chips) 
Seat 2: denmogilev84 (510 in chips) 
Seat 3: BigMan869 (535 in chips) 
BigMan869: posts small blind 20
Mahu2021: posts big blind 40
*** HOLE CARDS ***
Dealt to Mahu2021 [6d 9h]
denmogilev84: folds 
BigMan869: folds 
Uncalled bet (20) returned to Mahu2021
Mahu2021 collected 40 from pot
Mahu2021: doesn't show hand 
*** SUMMARY ***
Total pot 40 | Rake 0 
Seat 1: Mahu2021 (big blind) collected (40)
Seat 2: denmogilev84 (button) folded before Flop (didn't bet)
Seat 3: BigMan869 (small blind) folded before Flop



PokerStars Hand #253816179114: Tournament #3833115421, $1.84+$0.16 USD Hold'em No Limit - Level III (20/40) - 2024/12/12 8:15:49 CET [2024/12/12 2:15:49 ET]
Table '3833115421 1' 3-max Seat #3 is the button
Seat 1: Mahu2021 (475 in chips) 
Seat 2: denmogilev84 (510 in chips) 
Seat 3: BigMan869 (515 in chips) 
Mahu2021: posts small blind 20
denmogilev84: posts big blind 40
*** HOLE CARDS ***
Dealt to Mahu2021 [3d 3h]
BigMan869: raises 40 to 80
Mahu2021: folds 
denmogilev84: folds 
Uncalled bet (40) returned to BigMan869
BigMan869 collected 100 from pot
BigMan869: doesn't show hand 
*** SUMMARY ***
Total pot 100 | Rake 0 
Seat 1: Mahu2021 (small blind) folded before Flop
Seat 2: denmogilev84 (big blind) folded before Flop
Seat 3: BigMan869 (button) collected (100)



PokerStars Hand #253816180036: Tournament #3833115421, $1.84+$0.16 USD Hold'em No Limit - Level III (20/40) - 2024/12/12 8:16:03 CET [2024/12/12 2:16:03 ET]
Table '3833115421 1' 3-max Seat #1 is the button
Seat 1: Mahu2021 (455 in chips) 
Seat 2: denmogilev84 (470 in chips) 
Seat 3: BigMan869 (575 in chips) 
denmogilev84: posts small blind 20
BigMan869: posts big blind 40
*** HOLE CARDS ***
Dealt to Mahu2021 [9d 9s]
Mahu2021: raises 415 to 455 and is all-in
denmogilev84: folds 
BigMan869: calls 415
*** FLOP *** [2d 8d 7c]
*** TURN *** [2d 8d 7c] [Kd]
*** RIVER *** [2d 8d 7c Kd] [2s]
*** SHOW DOWN ***
BigMan869: shows [Ks Kh] (a full house, Kings full of Deuces)
Mahu2021: shows [9d 9s] (two pair, Nines and Deuces)
BigMan869 collected 930 from pot
Mahu2021 finished the tournament in 3rd place
*** SUMMARY ***
Total pot 930 | Rake 0 
Board [2d 8d 7c Kd 2s]
Seat 1: Mahu2021 (button) showed [9d 9s] and lost with two pair, Nines and Deuces
Seat 2: denmogilev84 (small blind) folded before Flop
Seat 3: BigMan869 (big blind) showed [Ks Kh] and won (930) with a full house, Kings full of Deuces



