PokerStars Hand #252857811415: Tournament #3810322587, $1.84+$0.16 USD Hold'em No Limit - Level I (10/20) - 2024/10/10 15:19:41 CET [2024/10/10 9:19:41 ET]
Table '3810322587 1' 3-max Seat #1 is the button
Seat 1: kald konn (500 in chips) 
Seat 2: Mahu2021 (500 in chips) 
Seat 3: fap.filho (500 in chips) 
Mahu2021: posts small blind 10
fap.filho: posts big blind 20
*** HOLE CARDS ***
Dealt to Mahu2021 [6s Tc]
kald konn: raises 20 to 40
Mahu2021: folds 
fap.filho: calls 20
*** FLOP *** [3d 9h 8h]
fap.filho: checks 
kald konn: bets 68
fap.filho: calls 68
*** TURN *** [3d 9h 8h] [Kh]
fap.filho: checks 
kald konn: bets 113
fap.filho: calls 113
*** RIVER *** [3d 9h 8h Kh] [Ts]
fap.filho: checks 
kald konn: checks 
*** SHOW DOWN ***
fap.filho: shows [7s Ah] (high card Ace)
kald konn: shows [9d Qh] (a pair of Nines)
kald konn collected 452 from pot
*** SUMMARY ***
Total pot 452 | Rake 0 
Board [3d 9h 8h Kh Ts]
Seat 1: kald konn (button) showed [9d Qh] and won (452) with a pair of Nines
Seat 2: Mahu2021 (small blind) folded before Flop
Seat 3: fap.filho (big blind) showed [7s Ah] and lost with high card Ace



PokerStars Hand #252857817305: Tournament #3810322587, $1.84+$0.16 USD Hold'em No Limit - Level I (10/20) - 2024/10/10 15:20:16 CET [2024/10/10 9:20:16 ET]
Table '3810322587 1' 3-max Seat #2 is the button
Seat 1: kald konn (731 in chips) 
Seat 2: Mahu2021 (490 in chips) 
Seat 3: fap.filho (279 in chips) 
fap.filho: posts small blind 10
kald konn: posts big blind 20
*** HOLE CARDS ***
Dealt to Mahu2021 [2c As]
Mahu2021: folds 
fap.filho: folds 
Uncalled bet (10) returned to kald konn
kald konn collected 20 from pot
kald konn: doesn't show hand 
*** SUMMARY ***
Total pot 20 | Rake 0 
Seat 1: kald konn (big blind) collected (20)
Seat 2: Mahu2021 (button) folded before Flop (didn't bet)
Seat 3: fap.filho (small blind) folded before Flop



PokerStars Hand #252857818104: Tournament #3810322587, $1.84+$0.16 USD Hold'em No Limit - Level I (10/20) - 2024/10/10 15:20:21 CET [2024/10/10 9:20:21 ET]
Table '3810322587 1' 3-max Seat #3 is the button
Seat 1: kald konn (741 in chips) 
Seat 2: Mahu2021 (490 in chips) 
Seat 3: fap.filho (269 in chips) 
kald konn: posts small blind 10
Mahu2021: posts big blind 20
*** HOLE CARDS ***
Dealt to Mahu2021 [4h Kc]
fap.filho: folds 
kald konn: folds 
Uncalled bet (10) returned to Mahu2021
Mahu2021 collected 20 from pot
Mahu2021: doesn't show hand 
*** SUMMARY ***
Total pot 20 | Rake 0 
Seat 1: kald konn (small blind) folded before Flop
Seat 2: Mahu2021 (big blind) collected (20)
Seat 3: fap.filho (button) folded before Flop (didn't bet)



PokerStars Hand #252857818956: Tournament #3810322587, $1.84+$0.16 USD Hold'em No Limit - Level I (10/20) - 2024/10/10 15:20:26 CET [2024/10/10 9:20:26 ET]
Table '3810322587 1' 3-max Seat #1 is the button
Seat 1: kald konn (731 in chips) 
Seat 2: Mahu2021 (500 in chips) 
Seat 3: fap.filho (269 in chips) 
Mahu2021: posts small blind 10
fap.filho: posts big blind 20
*** HOLE CARDS ***
Dealt to Mahu2021 [7d 2h]
kald konn: folds 
Mahu2021: folds 
Uncalled bet (10) returned to fap.filho
fap.filho collected 20 from pot
fap.filho: doesn't show hand 
*** SUMMARY ***
Total pot 20 | Rake 0 
Seat 1: kald konn (button) folded before Flop (didn't bet)
Seat 2: Mahu2021 (small blind) folded before Flop
Seat 3: fap.filho (big blind) collected (20)



PokerStars Hand #252857819909: Tournament #3810322587, $1.84+$0.16 USD Hold'em No Limit - Level I (10/20) - 2024/10/10 15:20:31 CET [2024/10/10 9:20:31 ET]
Table '3810322587 1' 3-max Seat #2 is the button
Seat 1: kald konn (731 in chips) 
Seat 2: Mahu2021 (490 in chips) 
Seat 3: fap.filho (279 in chips) 
fap.filho: posts small blind 10
kald konn: posts big blind 20
*** HOLE CARDS ***
Dealt to Mahu2021 [Ac Jh]
Mahu2021: raises 40 to 60
fap.filho: folds 
kald konn: calls 40
*** FLOP *** [7c 2s 8s]
kald konn: checks 
Mahu2021: checks 
*** TURN *** [7c 2s 8s] [Tc]
kald konn: bets 98
Mahu2021: folds 
Uncalled bet (98) returned to kald konn
kald konn collected 130 from pot
kald konn: doesn't show hand 
*** SUMMARY ***
Total pot 130 | Rake 0 
Board [7c 2s 8s Tc]
Seat 1: kald konn (big blind) collected (130)
Seat 2: Mahu2021 (button) folded on the Turn
Seat 3: fap.filho (small blind) folded before Flop



PokerStars Hand #252857826076: Tournament #3810322587, $1.84+$0.16 USD Hold'em No Limit - Level I (10/20) - 2024/10/10 15:21:08 CET [2024/10/10 9:21:08 ET]
Table '3810322587 1' 3-max Seat #3 is the button
Seat 1: kald konn (801 in chips) 
Seat 2: Mahu2021 (430 in chips) 
Seat 3: fap.filho (269 in chips) 
kald konn: posts small blind 10
Mahu2021: posts big blind 20
*** HOLE CARDS ***
Dealt to Mahu2021 [Ah 5d]
fap.filho: calls 20
kald konn: calls 10
Mahu2021: checks 
*** FLOP *** [Kd Ks Jc]
kald konn: checks 
Mahu2021: bets 20
fap.filho: folds 
kald konn: folds 
Uncalled bet (20) returned to Mahu2021
Mahu2021 collected 60 from pot
Mahu2021: doesn't show hand 
*** SUMMARY ***
Total pot 60 | Rake 0 
Board [Kd Ks Jc]
Seat 1: kald konn (small blind) folded on the Flop
Seat 2: Mahu2021 (big blind) collected (60)
Seat 3: fap.filho (button) folded on the Flop



PokerStars Hand #252857828934: Tournament #3810322587, $1.84+$0.16 USD Hold'em No Limit - Level I (10/20) - 2024/10/10 15:21:25 CET [2024/10/10 9:21:25 ET]
Table '3810322587 1' 3-max Seat #1 is the button
Seat 1: kald konn (781 in chips) 
Seat 2: Mahu2021 (470 in chips) 
Seat 3: fap.filho (249 in chips) 
Mahu2021: posts small blind 10
fap.filho: posts big blind 20
*** HOLE CARDS ***
Dealt to Mahu2021 [Ad 6d]
kald konn: folds 
Mahu2021: calls 10
fap.filho: checks 
*** FLOP *** [Qc 2s 6h]
Mahu2021: bets 20
fap.filho: calls 20
*** TURN *** [Qc 2s 6h] [6c]
Mahu2021: bets 20
fap.filho: calls 20
*** RIVER *** [Qc 2s 6h 6c] [Qs]
Mahu2021: bets 40
fap.filho: calls 40
*** SHOW DOWN ***
Mahu2021: shows [Ad 6d] (a full house, Sixes full of Queens)
fap.filho: shows [6s 8c] (a full house, Sixes full of Queens)
Mahu2021 collected 100 from pot
fap.filho collected 100 from pot
*** SUMMARY ***
Total pot 200 | Rake 0 
Board [Qc 2s 6h 6c Qs]
Seat 1: kald konn (button) folded before Flop (didn't bet)
Seat 2: Mahu2021 (small blind) showed [Ad 6d] and won (100) with a full house, Sixes full of Queens
Seat 3: fap.filho (big blind) showed [6s 8c] and won (100) with a full house, Sixes full of Queens



PokerStars Hand #252857833713: Tournament #3810322587, $1.84+$0.16 USD Hold'em No Limit - Level II (15/30) - 2024/10/10 15:21:53 CET [2024/10/10 9:21:53 ET]
Table '3810322587 1' 3-max Seat #2 is the button
Seat 1: kald konn (781 in chips) 
Seat 2: Mahu2021 (470 in chips) 
Seat 3: fap.filho (249 in chips) 
fap.filho: posts small blind 15
kald konn: posts big blind 30
*** HOLE CARDS ***
Dealt to Mahu2021 [Ad 6d]
Mahu2021: calls 30
fap.filho: folds 
kald konn: checks 
*** FLOP *** [Qs Qd 8c]
kald konn: checks 
Mahu2021: bets 30
kald konn: calls 30
*** TURN *** [Qs Qd 8c] [7d]
kald konn: checks 
Mahu2021: checks 
*** RIVER *** [Qs Qd 8c 7d] [4d]
kald konn: checks 
Mahu2021: bets 410 and is all-in
kald konn: folds 
Uncalled bet (410) returned to Mahu2021
Mahu2021 collected 135 from pot
Mahu2021: doesn't show hand 
*** SUMMARY ***
Total pot 135 | Rake 0 
Board [Qs Qd 8c 7d 4d]
Seat 1: kald konn (big blind) folded on the River
Seat 2: Mahu2021 (button) collected (135)
Seat 3: fap.filho (small blind) folded before Flop



PokerStars Hand #252857840995: Tournament #3810322587, $1.84+$0.16 USD Hold'em No Limit - Level II (15/30) - 2024/10/10 15:22:37 CET [2024/10/10 9:22:37 ET]
Table '3810322587 1' 3-max Seat #3 is the button
Seat 1: kald konn (721 in chips) 
Seat 2: Mahu2021 (545 in chips) 
Seat 3: fap.filho (234 in chips) 
kald konn: posts small blind 15
Mahu2021: posts big blind 30
*** HOLE CARDS ***
Dealt to Mahu2021 [Ts 3s]
fap.filho: folds 
kald konn: raises 45 to 75
Mahu2021: folds 
Uncalled bet (45) returned to kald konn
kald konn collected 60 from pot
kald konn: doesn't show hand 
*** SUMMARY ***
Total pot 60 | Rake 0 
Seat 1: kald konn (small blind) collected (60)
Seat 2: Mahu2021 (big blind) folded before Flop
Seat 3: fap.filho (button) folded before Flop (didn't bet)



PokerStars Hand #252857842812: Tournament #3810322587, $1.84+$0.16 USD Hold'em No Limit - Level II (15/30) - 2024/10/10 15:22:48 CET [2024/10/10 9:22:48 ET]
Table '3810322587 1' 3-max Seat #1 is the button
Seat 1: kald konn (751 in chips) 
Seat 2: Mahu2021 (515 in chips) 
Seat 3: fap.filho (234 in chips) 
Mahu2021: posts small blind 15
fap.filho: posts big blind 30
*** HOLE CARDS ***
Dealt to Mahu2021 [6s Qc]
kald konn: raises 721 to 751 and is all-in
Mahu2021: folds 
fap.filho: folds 
Uncalled bet (721) returned to kald konn
kald konn collected 75 from pot
kald konn: doesn't show hand 
*** SUMMARY ***
Total pot 75 | Rake 0 
Seat 1: kald konn (button) collected (75)
Seat 2: Mahu2021 (small blind) folded before Flop
Seat 3: fap.filho (big blind) folded before Flop



PokerStars Hand #252857843924: Tournament #3810322587, $1.84+$0.16 USD Hold'em No Limit - Level II (15/30) - 2024/10/10 15:22:54 CET [2024/10/10 9:22:54 ET]
Table '3810322587 1' 3-max Seat #2 is the button
Seat 1: kald konn (796 in chips) 
Seat 2: Mahu2021 (500 in chips) 
Seat 3: fap.filho (204 in chips) 
fap.filho: posts small blind 15
kald konn: posts big blind 30
*** HOLE CARDS ***
Dealt to Mahu2021 [9h 6c]
Mahu2021: folds 
fap.filho: folds 
Uncalled bet (15) returned to kald konn
kald konn collected 30 from pot
kald konn: doesn't show hand 
*** SUMMARY ***
Total pot 30 | Rake 0 
Seat 1: kald konn (big blind) collected (30)
Seat 2: Mahu2021 (button) folded before Flop (didn't bet)
Seat 3: fap.filho (small blind) folded before Flop



PokerStars Hand #252857844837: Tournament #3810322587, $1.84+$0.16 USD Hold'em No Limit - Level II (15/30) - 2024/10/10 15:23:00 CET [2024/10/10 9:23:00 ET]
Table '3810322587 1' 3-max Seat #3 is the button
Seat 1: kald konn (811 in chips) 
Seat 2: Mahu2021 (500 in chips) 
Seat 3: fap.filho (189 in chips) 
kald konn: posts small blind 15
Mahu2021: posts big blind 30
*** HOLE CARDS ***
Dealt to Mahu2021 [Jd 3d]
fap.filho: folds 
kald konn: raises 45 to 75
Mahu2021: folds 
Uncalled bet (45) returned to kald konn
kald konn collected 60 from pot
kald konn: doesn't show hand 
*** SUMMARY ***
Total pot 60 | Rake 0 
Seat 1: kald konn (small blind) collected (60)
Seat 2: Mahu2021 (big blind) folded before Flop
Seat 3: fap.filho (button) folded before Flop (didn't bet)



PokerStars Hand #252857846851: Tournament #3810322587, $1.84+$0.16 USD Hold'em No Limit - Level II (15/30) - 2024/10/10 15:23:12 CET [2024/10/10 9:23:12 ET]
Table '3810322587 1' 3-max Seat #1 is the button
Seat 1: kald konn (841 in chips) 
Seat 2: Mahu2021 (470 in chips) 
Seat 3: fap.filho (189 in chips) 
Mahu2021: posts small blind 15
fap.filho: posts big blind 30
*** HOLE CARDS ***
Dealt to Mahu2021 [Ad 7c]
kald konn: folds 
Mahu2021: raises 440 to 470 and is all-in
fap.filho: calls 159 and is all-in
Uncalled bet (281) returned to Mahu2021
*** FLOP *** [Ts 6s Qs]
*** TURN *** [Ts 6s Qs] [3h]
*** RIVER *** [Ts 6s Qs 3h] [Jc]
*** SHOW DOWN ***
Mahu2021: shows [Ad 7c] (high card Ace)
fap.filho: shows [6c 8c] (a pair of Sixes)
fap.filho collected 378 from pot
*** SUMMARY ***
Total pot 378 | Rake 0 
Board [Ts 6s Qs 3h Jc]
Seat 1: kald konn (button) folded before Flop (didn't bet)
Seat 2: Mahu2021 (small blind) showed [Ad 7c] and lost with high card Ace
Seat 3: fap.filho (big blind) showed [6c 8c] and won (378) with a pair of Sixes



PokerStars Hand #252857849732: Tournament #3810322587, $1.84+$0.16 USD Hold'em No Limit - Level II (15/30) - 2024/10/10 15:23:29 CET [2024/10/10 9:23:29 ET]
Table '3810322587 1' 3-max Seat #2 is the button
Seat 1: kald konn (841 in chips) 
Seat 2: Mahu2021 (281 in chips) 
Seat 3: fap.filho (378 in chips) 
fap.filho: posts small blind 15
kald konn: posts big blind 30
*** HOLE CARDS ***
Dealt to Mahu2021 [8s 5s]
Mahu2021: folds 
fap.filho: raises 348 to 378 and is all-in
kald konn: folds 
Uncalled bet (348) returned to fap.filho
fap.filho collected 60 from pot
fap.filho: doesn't show hand 
*** SUMMARY ***
Total pot 60 | Rake 0 
Seat 1: kald konn (big blind) folded before Flop
Seat 2: Mahu2021 (button) folded before Flop (didn't bet)
Seat 3: fap.filho (small blind) collected (60)



PokerStars Hand #252857851959: Tournament #3810322587, $1.84+$0.16 USD Hold'em No Limit - Level II (15/30) - 2024/10/10 15:23:42 CET [2024/10/10 9:23:42 ET]
Table '3810322587 1' 3-max Seat #3 is the button
Seat 1: kald konn (811 in chips) 
Seat 2: Mahu2021 (281 in chips) 
Seat 3: fap.filho (408 in chips) 
kald konn: posts small blind 15
Mahu2021: posts big blind 30
*** HOLE CARDS ***
Dealt to Mahu2021 [Ts 8h]
fap.filho: folds 
kald konn: raises 781 to 811 and is all-in
Mahu2021: folds 
Uncalled bet (781) returned to kald konn
kald konn collected 60 from pot
kald konn: doesn't show hand 
*** SUMMARY ***
Total pot 60 | Rake 0 
Seat 1: kald konn (small blind) collected (60)
Seat 2: Mahu2021 (big blind) folded before Flop
Seat 3: fap.filho (button) folded before Flop (didn't bet)



PokerStars Hand #252857854708: Tournament #3810322587, $1.84+$0.16 USD Hold'em No Limit - Level III (20/40) - 2024/10/10 15:23:59 CET [2024/10/10 9:23:59 ET]
Table '3810322587 1' 3-max Seat #1 is the button
Seat 1: kald konn (841 in chips) 
Seat 2: Mahu2021 (251 in chips) 
Seat 3: fap.filho (408 in chips) 
Mahu2021: posts small blind 20
fap.filho: posts big blind 40
*** HOLE CARDS ***
Dealt to Mahu2021 [5s Qd]
kald konn: folds 
Mahu2021: folds 
Uncalled bet (20) returned to fap.filho
fap.filho collected 40 from pot
fap.filho: doesn't show hand 
*** SUMMARY ***
Total pot 40 | Rake 0 
Seat 1: kald konn (button) folded before Flop (didn't bet)
Seat 2: Mahu2021 (small blind) folded before Flop
Seat 3: fap.filho (big blind) collected (40)



PokerStars Hand #252857855504: Tournament #3810322587, $1.84+$0.16 USD Hold'em No Limit - Level III (20/40) - 2024/10/10 15:24:03 CET [2024/10/10 9:24:03 ET]
Table '3810322587 1' 3-max Seat #2 is the button
Seat 1: kald konn (841 in chips) 
Seat 2: Mahu2021 (231 in chips) 
Seat 3: fap.filho (428 in chips) 
fap.filho: posts small blind 20
kald konn: posts big blind 40
*** HOLE CARDS ***
Dealt to Mahu2021 [6c Qd]
Mahu2021: folds 
fap.filho: raises 40 to 80
kald konn: calls 40
*** FLOP *** [Kc 7d 4d]
fap.filho: checks 
kald konn: bets 40
fap.filho: folds 
Uncalled bet (40) returned to kald konn
kald konn collected 160 from pot
kald konn: doesn't show hand 
*** SUMMARY ***
Total pot 160 | Rake 0 
Board [Kc 7d 4d]
Seat 1: kald konn (big blind) collected (160)
Seat 2: Mahu2021 (button) folded before Flop (didn't bet)
Seat 3: fap.filho (small blind) folded on the Flop



PokerStars Hand #252857861917: Tournament #3810322587, $1.84+$0.16 USD Hold'em No Limit - Level III (20/40) - 2024/10/10 15:24:41 CET [2024/10/10 9:24:41 ET]
Table '3810322587 1' 3-max Seat #3 is the button
Seat 1: kald konn (921 in chips) 
Seat 2: Mahu2021 (231 in chips) 
Seat 3: fap.filho (348 in chips) 
kald konn: posts small blind 20
Mahu2021: posts big blind 40
*** HOLE CARDS ***
Dealt to Mahu2021 [Kd Ah]
fap.filho: raises 40 to 80
kald konn: folds 
Mahu2021: raises 151 to 231 and is all-in
fap.filho: calls 151
*** FLOP *** [Kc 5s 8c]
*** TURN *** [Kc 5s 8c] [Td]
*** RIVER *** [Kc 5s 8c Td] [8d]
*** SHOW DOWN ***
Mahu2021: shows [Kd Ah] (two pair, Kings and Eights)
fap.filho: shows [Th Qc] (two pair, Tens and Eights)
Mahu2021 collected 482 from pot
*** SUMMARY ***
Total pot 482 | Rake 0 
Board [Kc 5s 8c Td 8d]
Seat 1: kald konn (small blind) folded before Flop
Seat 2: Mahu2021 (big blind) showed [Kd Ah] and won (482) with two pair, Kings and Eights
Seat 3: fap.filho (button) showed [Th Qc] and lost with two pair, Tens and Eights



PokerStars Hand #252857867249: Tournament #3810322587, $1.84+$0.16 USD Hold'em No Limit - Level III (20/40) - 2024/10/10 15:25:12 CET [2024/10/10 9:25:12 ET]
Table '3810322587 1' 3-max Seat #1 is the button
Seat 1: kald konn (901 in chips) 
Seat 2: Mahu2021 (482 in chips) 
Seat 3: fap.filho (117 in chips) 
Mahu2021: posts small blind 20
fap.filho: posts big blind 40
*** HOLE CARDS ***
Dealt to Mahu2021 [Ah 6d]
kald konn: folds 
Mahu2021: raises 80 to 120
fap.filho: calls 77 and is all-in
Uncalled bet (3) returned to Mahu2021
*** FLOP *** [5c 7s Th]
*** TURN *** [5c 7s Th] [2s]
*** RIVER *** [5c 7s Th 2s] [Qh]
*** SHOW DOWN ***
Mahu2021: shows [Ah 6d] (high card Ace)
fap.filho: shows [6h 8c] (high card Queen)
Mahu2021 collected 234 from pot
fap.filho finished the tournament in 3rd place
*** SUMMARY ***
Total pot 234 | Rake 0 
Board [5c 7s Th 2s Qh]
Seat 1: kald konn (button) folded before Flop (didn't bet)
Seat 2: Mahu2021 (small blind) showed [Ah 6d] and won (234) with high card Ace
Seat 3: fap.filho (big blind) showed [6h 8c] and lost with high card Queen



PokerStars Hand #252857870962: Tournament #3810322587, $1.84+$0.16 USD Hold'em No Limit - Level III (20/40) - 2024/10/10 15:25:33 CET [2024/10/10 9:25:33 ET]
Table '3810322587 1' 3-max Seat #2 is the button
Seat 1: kald konn (901 in chips) 
Seat 2: Mahu2021 (599 in chips) 
Mahu2021: posts small blind 20
kald konn: posts big blind 40
*** HOLE CARDS ***
Dealt to Mahu2021 [4d Qd]
Mahu2021: calls 20
kald konn: checks 
*** FLOP *** [3d Kh 5c]
kald konn: checks 
Mahu2021: bets 40
kald konn: folds 
Uncalled bet (40) returned to Mahu2021
Mahu2021 collected 80 from pot
Mahu2021: doesn't show hand 
*** SUMMARY ***
Total pot 80 | Rake 0 
Board [3d Kh 5c]
Seat 1: kald konn (big blind) folded on the Flop
Seat 2: Mahu2021 (button) (small blind) collected (80)



PokerStars Hand #252857875942: Tournament #3810322587, $1.84+$0.16 USD Hold'em No Limit - Level IV (30/60) - 2024/10/10 15:26:03 CET [2024/10/10 9:26:03 ET]
Table '3810322587 1' 3-max Seat #1 is the button
Seat 1: kald konn (861 in chips) 
Seat 2: Mahu2021 (639 in chips) 
kald konn: posts small blind 30
Mahu2021: posts big blind 60
*** HOLE CARDS ***
Dealt to Mahu2021 [Ts 2h]
kald konn: calls 30
Mahu2021: checks 
*** FLOP *** [2s Js 8h]
Mahu2021: checks 
kald konn: checks 
*** TURN *** [2s Js 8h] [3h]
Mahu2021: checks 
kald konn: bets 60
Mahu2021: calls 60
*** RIVER *** [2s Js 8h 3h] [4s]
Mahu2021: checks 
kald konn: bets 120
Mahu2021: folds 
Uncalled bet (120) returned to kald konn
kald konn collected 240 from pot
kald konn: doesn't show hand 
*** SUMMARY ***
Total pot 240 | Rake 0 
Board [2s Js 8h 3h 4s]
Seat 1: kald konn (button) (small blind) collected (240)
Seat 2: Mahu2021 (big blind) folded on the River



PokerStars Hand #252857880601: Tournament #3810322587, $1.84+$0.16 USD Hold'em No Limit - Level IV (30/60) - 2024/10/10 15:26:30 CET [2024/10/10 9:26:30 ET]
Table '3810322587 1' 3-max Seat #2 is the button
Seat 1: kald konn (981 in chips) 
Seat 2: Mahu2021 (519 in chips) 
Mahu2021: posts small blind 30
kald konn: posts big blind 60
*** HOLE CARDS ***
Dealt to Mahu2021 [2s 8c]
Mahu2021: folds 
Uncalled bet (30) returned to kald konn
kald konn collected 60 from pot
kald konn: doesn't show hand 
*** SUMMARY ***
Total pot 60 | Rake 0 
Seat 1: kald konn (big blind) collected (60)
Seat 2: Mahu2021 (button) (small blind) folded before Flop



PokerStars Hand #252857881231: Tournament #3810322587, $1.84+$0.16 USD Hold'em No Limit - Level IV (30/60) - 2024/10/10 15:26:34 CET [2024/10/10 9:26:34 ET]
Table '3810322587 1' 3-max Seat #1 is the button
Seat 1: kald konn (1011 in chips) 
Seat 2: Mahu2021 (489 in chips) 
kald konn: posts small blind 30
Mahu2021: posts big blind 60
*** HOLE CARDS ***
Dealt to Mahu2021 [5c Ac]
kald konn: raises 951 to 1011 and is all-in
Mahu2021: calls 429 and is all-in
Uncalled bet (522) returned to kald konn
*** FLOP *** [Kh 8d 7d]
*** TURN *** [Kh 8d 7d] [6s]
*** RIVER *** [Kh 8d 7d 6s] [Td]
*** SHOW DOWN ***
Mahu2021: shows [5c Ac] (high card Ace)
kald konn: shows [Qh Jh] (high card King)
Mahu2021 collected 978 from pot
*** SUMMARY ***
Total pot 978 | Rake 0 
Board [Kh 8d 7d 6s Td]
Seat 1: kald konn (button) (small blind) showed [Qh Jh] and lost with high card King
Seat 2: Mahu2021 (big blind) showed [5c Ac] and won (978) with high card Ace



PokerStars Hand #252857885966: Tournament #3810322587, $1.84+$0.16 USD Hold'em No Limit - Level IV (30/60) - 2024/10/10 15:27:02 CET [2024/10/10 9:27:02 ET]
Table '3810322587 1' 3-max Seat #2 is the button
Seat 1: kald konn (522 in chips) 
Seat 2: Mahu2021 (978 in chips) 
Mahu2021: posts small blind 30
kald konn: posts big blind 60
*** HOLE CARDS ***
Dealt to Mahu2021 [Kd 4d]
Mahu2021: calls 30
kald konn: checks 
*** FLOP *** [9h 4h 5s]
kald konn: checks 
Mahu2021: bets 60
kald konn: raises 120 to 180
Mahu2021: folds 
Uncalled bet (120) returned to kald konn
kald konn collected 240 from pot
kald konn: doesn't show hand 
*** SUMMARY ***
Total pot 240 | Rake 0 
Board [9h 4h 5s]
Seat 1: kald konn (big blind) collected (240)
Seat 2: Mahu2021 (button) (small blind) folded on the Flop



PokerStars Hand #252857890748: Tournament #3810322587, $1.84+$0.16 USD Hold'em No Limit - Level IV (30/60) - 2024/10/10 15:27:29 CET [2024/10/10 9:27:29 ET]
Table '3810322587 1' 3-max Seat #1 is the button
Seat 1: kald konn (642 in chips) 
Seat 2: Mahu2021 (858 in chips) 
kald konn: posts small blind 30
Mahu2021: posts big blind 60
*** HOLE CARDS ***
Dealt to Mahu2021 [Jh 7d]
kald konn: raises 582 to 642 and is all-in
Mahu2021: folds 
Uncalled bet (582) returned to kald konn
kald konn collected 120 from pot
kald konn: doesn't show hand 
*** SUMMARY ***
Total pot 120 | Rake 0 
Seat 1: kald konn (button) (small blind) collected (120)
Seat 2: Mahu2021 (big blind) folded before Flop



PokerStars Hand #252857892418: Tournament #3810322587, $1.84+$0.16 USD Hold'em No Limit - Level IV (30/60) - 2024/10/10 15:27:39 CET [2024/10/10 9:27:39 ET]
Table '3810322587 1' 3-max Seat #2 is the button
Seat 1: kald konn (702 in chips) 
Seat 2: Mahu2021 (798 in chips) 
Mahu2021: posts small blind 30
kald konn: posts big blind 60
*** HOLE CARDS ***
Dealt to Mahu2021 [2d Ad]
Mahu2021: raises 738 to 798 and is all-in
kald konn: folds 
Uncalled bet (738) returned to Mahu2021
Mahu2021 collected 120 from pot
Mahu2021: doesn't show hand 
*** SUMMARY ***
Total pot 120 | Rake 0 
Seat 1: kald konn (big blind) folded before Flop
Seat 2: Mahu2021 (button) (small blind) collected (120)



PokerStars Hand #252857894092: Tournament #3810322587, $1.84+$0.16 USD Hold'em No Limit - Level V (40/80) - 2024/10/10 15:27:49 CET [2024/10/10 9:27:49 ET]
Table '3810322587 1' 3-max Seat #1 is the button
Seat 1: kald konn (642 in chips) 
Seat 2: Mahu2021 (858 in chips) 
kald konn: posts small blind 40
Mahu2021: posts big blind 80
*** HOLE CARDS ***
Dealt to Mahu2021 [9h 5c]
kald konn: raises 562 to 642 and is all-in
Mahu2021: folds 
Uncalled bet (562) returned to kald konn
kald konn collected 160 from pot
kald konn: doesn't show hand 
*** SUMMARY ***
Total pot 160 | Rake 0 
Seat 1: kald konn (button) (small blind) collected (160)
Seat 2: Mahu2021 (big blind) folded before Flop



PokerStars Hand #252857895734: Tournament #3810322587, $1.84+$0.16 USD Hold'em No Limit - Level V (40/80) - 2024/10/10 15:27:59 CET [2024/10/10 9:27:59 ET]
Table '3810322587 1' 3-max Seat #2 is the button
Seat 1: kald konn (722 in chips) 
Seat 2: Mahu2021 (778 in chips) 
Mahu2021: posts small blind 40
kald konn: posts big blind 80
*** HOLE CARDS ***
Dealt to Mahu2021 [Kd Tc]
Mahu2021: raises 160 to 240
kald konn: folds 
Uncalled bet (160) returned to Mahu2021
Mahu2021 collected 160 from pot
Mahu2021: doesn't show hand 
*** SUMMARY ***
Total pot 160 | Rake 0 
Seat 1: kald konn (big blind) folded before Flop
Seat 2: Mahu2021 (button) (small blind) collected (160)



PokerStars Hand #252857896955: Tournament #3810322587, $1.84+$0.16 USD Hold'em No Limit - Level V (40/80) - 2024/10/10 15:28:06 CET [2024/10/10 9:28:06 ET]
Table '3810322587 1' 3-max Seat #1 is the button
Seat 1: kald konn (642 in chips) 
Seat 2: Mahu2021 (858 in chips) 
kald konn: posts small blind 40
Mahu2021: posts big blind 80
*** HOLE CARDS ***
Dealt to Mahu2021 [Qc Qh]
kald konn: raises 562 to 642 and is all-in
Mahu2021: calls 562
*** FLOP *** [7d Td 4d]
*** TURN *** [7d Td 4d] [Kh]
*** RIVER *** [7d Td 4d Kh] [8h]
*** SHOW DOWN ***
Mahu2021: shows [Qc Qh] (a pair of Queens)
kald konn: shows [Jh 9h] (a straight, Seven to Jack)
kald konn collected 1284 from pot
*** SUMMARY ***
Total pot 1284 | Rake 0 
Board [7d Td 4d Kh 8h]
Seat 1: kald konn (button) (small blind) showed [Jh 9h] and won (1284) with a straight, Seven to Jack
Seat 2: Mahu2021 (big blind) showed [Qc Qh] and lost with a pair of Queens



PokerStars Hand #252857899986: Tournament #3810322587, $1.84+$0.16 USD Hold'em No Limit - Level V (40/80) - 2024/10/10 15:28:23 CET [2024/10/10 9:28:23 ET]
Table '3810322587 1' 3-max Seat #2 is the button
Seat 1: kald konn (1284 in chips) 
Seat 2: Mahu2021 (216 in chips) 
Mahu2021: posts small blind 40
kald konn: posts big blind 80
*** HOLE CARDS ***
Dealt to Mahu2021 [2s 4h]
Mahu2021: folds 
Uncalled bet (40) returned to kald konn
kald konn collected 80 from pot
kald konn: doesn't show hand 
*** SUMMARY ***
Total pot 80 | Rake 0 
Seat 1: kald konn (big blind) collected (80)
Seat 2: Mahu2021 (button) (small blind) folded before Flop



PokerStars Hand #252857900694: Tournament #3810322587, $1.84+$0.16 USD Hold'em No Limit - Level V (40/80) - 2024/10/10 15:28:27 CET [2024/10/10 9:28:27 ET]
Table '3810322587 1' 3-max Seat #1 is the button
Seat 1: kald konn (1324 in chips) 
Seat 2: Mahu2021 (176 in chips) 
kald konn: posts small blind 40
Mahu2021: posts big blind 80
*** HOLE CARDS ***
Dealt to Mahu2021 [Ad Tc]
kald konn: raises 1244 to 1324 and is all-in
Mahu2021: calls 96 and is all-in
Uncalled bet (1148) returned to kald konn
*** FLOP *** [5h 5s Js]
*** TURN *** [5h 5s Js] [7c]
*** RIVER *** [5h 5s Js 7c] [8s]
*** SHOW DOWN ***
Mahu2021: shows [Ad Tc] (a pair of Fives)
kald konn: shows [Qd 6h] (a pair of Fives - lower kicker)
Mahu2021 collected 352 from pot
*** SUMMARY ***
Total pot 352 | Rake 0 
Board [5h 5s Js 7c 8s]
Seat 1: kald konn (button) (small blind) showed [Qd 6h] and lost with a pair of Fives
Seat 2: Mahu2021 (big blind) showed [Ad Tc] and won (352) with a pair of Fives



PokerStars Hand #252857903014: Tournament #3810322587, $1.84+$0.16 USD Hold'em No Limit - Level V (40/80) - 2024/10/10 15:28:41 CET [2024/10/10 9:28:41 ET]
Table '3810322587 1' 3-max Seat #2 is the button
Seat 1: kald konn (1148 in chips) 
Seat 2: Mahu2021 (352 in chips) 
Mahu2021: posts small blind 40
kald konn: posts big blind 80
*** HOLE CARDS ***
Dealt to Mahu2021 [3s 4s]
Mahu2021: folds 
Uncalled bet (40) returned to kald konn
kald konn collected 80 from pot
kald konn: doesn't show hand 
*** SUMMARY ***
Total pot 80 | Rake 0 
Seat 1: kald konn (big blind) collected (80)
Seat 2: Mahu2021 (button) (small blind) folded before Flop



PokerStars Hand #252857903724: Tournament #3810322587, $1.84+$0.16 USD Hold'em No Limit - Level V (40/80) - 2024/10/10 15:28:45 CET [2024/10/10 9:28:45 ET]
Table '3810322587 1' 3-max Seat #1 is the button
Seat 1: kald konn (1188 in chips) 
Seat 2: Mahu2021 (312 in chips) 
kald konn: posts small blind 40
Mahu2021: posts big blind 80
*** HOLE CARDS ***
Dealt to Mahu2021 [Ad Qd]
kald konn: raises 1108 to 1188 and is all-in
Mahu2021: calls 232 and is all-in
Uncalled bet (876) returned to kald konn
*** FLOP *** [6h 4d Qs]
*** TURN *** [6h 4d Qs] [4c]
*** RIVER *** [6h 4d Qs 4c] [Kh]
*** SHOW DOWN ***
Mahu2021: shows [Ad Qd] (two pair, Queens and Fours)
kald konn: shows [Th 4h] (three of a kind, Fours)
kald konn collected 624 from pot
Mahu2021 finished the tournament in 2nd place
kald konn wins the tournament and receives $4.00 - congratulations!
*** SUMMARY ***
Total pot 624 | Rake 0 
Board [6h 4d Qs 4c Kh]
Seat 1: kald konn (button) (small blind) showed [Th 4h] and won (624) with three of a kind, Fours
Seat 2: Mahu2021 (big blind) showed [Ad Qd] and lost with two pair, Queens and Fours



