PokerStars Hand #243998924016: Tournament #3598121418, $0.92+$0.08 USD Hold'em No Limit - Level I (10/20) - 2023/05/30 21:22:26 CET [2023/05/30 15:22:26 ET]
Table '3598121418 1' 3-max Seat #1 is the button
Seat 1: Abbyman57 (500 in chips) 
Seat 2: pampak73 (500 in chips) 
Seat 3: Mahu2021 (500 in chips) 
pampak73: posts small blind 10
Mahu2021: posts big blind 20
*** HOLE CARDS ***
Dealt to Mahu2021 [7s As]
Abbyman57: raises 20 to 40
pampak73: calls 30
Mahu2021: calls 20
*** FLOP *** [Qc Tc 9c]
pampak73: checks 
Mahu2021: checks 
Abbyman57: bets 60
pampak73: folds 
Mahu2021: folds 
Uncalled bet (60) returned to Abbyman57
Abbyman57 collected 120 from pot
*** SUMMARY ***
Total pot 120 | Rake 0 
Board [Qc Tc 9c]
Seat 1: Abbyman57 (button) collected (120)
Seat 2: pampak73 (small blind) folded on the Flop
Seat 3: Mahu2021 (big blind) folded on the Flop



PokerStars Hand #243998930968: Tournament #3598121418, $0.92+$0.08 USD Hold'em No Limit - Level I (10/20) - 2023/05/30 21:22:40 CET [2023/05/30 15:22:40 ET]
Table '3598121418 1' 3-max Seat #2 is the button
Seat 1: Abbyman57 (580 in chips) 
Seat 2: pampak73 (460 in chips) 
Seat 3: Mahu2021 (460 in chips) 
Mahu2021: posts small blind 10
Abbyman57: posts big blind 20
*** HOLE CARDS ***
Dealt to Mahu2021 [5c Tc]
pampak73: folds 
Mahu2021: calls 10
Abbyman57: checks 
*** FLOP *** [Kd 2d As]
Mahu2021: bets 20
Abbyman57: folds 
Uncalled bet (20) returned to Mahu2021
Mahu2021 collected 40 from pot
Mahu2021: doesn't show hand 
*** SUMMARY ***
Total pot 40 | Rake 0 
Board [Kd 2d As]
Seat 1: Abbyman57 (big blind) folded on the Flop
Seat 2: pampak73 (button) folded before Flop (didn't bet)
Seat 3: Mahu2021 (small blind) collected (40)



PokerStars Hand #243998935756: Tournament #3598121418, $0.92+$0.08 USD Hold'em No Limit - Level I (10/20) - 2023/05/30 21:22:51 CET [2023/05/30 15:22:51 ET]
Table '3598121418 1' 3-max Seat #3 is the button
Seat 1: Abbyman57 (560 in chips) 
Seat 2: pampak73 (460 in chips) 
Seat 3: Mahu2021 (480 in chips) 
Abbyman57: posts small blind 10
pampak73: posts big blind 20
*** HOLE CARDS ***
Dealt to Mahu2021 [Qd 7c]
Mahu2021: folds 
Abbyman57: raises 20 to 40
pampak73: calls 20
*** FLOP *** [Td 5d 8d]
Abbyman57: bets 40
pampak73: folds 
Uncalled bet (40) returned to Abbyman57
Abbyman57 collected 80 from pot
*** SUMMARY ***
Total pot 80 | Rake 0 
Board [Td 5d 8d]
Seat 1: Abbyman57 (small blind) collected (80)
Seat 2: pampak73 (big blind) folded on the Flop
Seat 3: Mahu2021 (button) folded before Flop (didn't bet)



PokerStars Hand #243998941193: Tournament #3598121418, $0.92+$0.08 USD Hold'em No Limit - Level I (10/20) - 2023/05/30 21:23:02 CET [2023/05/30 15:23:02 ET]
Table '3598121418 1' 3-max Seat #1 is the button
Seat 1: Abbyman57 (600 in chips) 
Seat 2: pampak73 (420 in chips) 
Seat 3: Mahu2021 (480 in chips) 
pampak73: posts small blind 10
Mahu2021: posts big blind 20
*** HOLE CARDS ***
Dealt to Mahu2021 [Jh 6c]
Abbyman57: folds 
pampak73: folds 
Uncalled bet (10) returned to Mahu2021
Mahu2021 collected 20 from pot
Mahu2021: doesn't show hand 
*** SUMMARY ***
Total pot 20 | Rake 0 
Seat 1: Abbyman57 (button) folded before Flop (didn't bet)
Seat 2: pampak73 (small blind) folded before Flop
Seat 3: Mahu2021 (big blind) collected (20)



PokerStars Hand #243998944509: Tournament #3598121418, $0.92+$0.08 USD Hold'em No Limit - Level I (10/20) - 2023/05/30 21:23:09 CET [2023/05/30 15:23:09 ET]
Table '3598121418 1' 3-max Seat #2 is the button
Seat 1: Abbyman57 (600 in chips) 
Seat 2: pampak73 (410 in chips) 
Seat 3: Mahu2021 (490 in chips) 
Mahu2021: posts small blind 10
Abbyman57: posts big blind 20
*** HOLE CARDS ***
Dealt to Mahu2021 [9h 9d]
pampak73: folds 
Mahu2021: raises 20 to 40
Abbyman57: folds 
Uncalled bet (20) returned to Mahu2021
Mahu2021 collected 40 from pot
Mahu2021: doesn't show hand 
*** SUMMARY ***
Total pot 40 | Rake 0 
Seat 1: Abbyman57 (big blind) folded before Flop
Seat 2: pampak73 (button) folded before Flop (didn't bet)
Seat 3: Mahu2021 (small blind) collected (40)



PokerStars Hand #243998947225: Tournament #3598121418, $0.92+$0.08 USD Hold'em No Limit - Level I (10/20) - 2023/05/30 21:23:15 CET [2023/05/30 15:23:15 ET]
Table '3598121418 1' 3-max Seat #3 is the button
Seat 1: Abbyman57 (580 in chips) 
Seat 2: pampak73 (410 in chips) 
Seat 3: Mahu2021 (510 in chips) 
Abbyman57: posts small blind 10
pampak73: posts big blind 20
*** HOLE CARDS ***
Dealt to Mahu2021 [5d Ks]
Mahu2021: folds 
Abbyman57: folds 
Uncalled bet (10) returned to pampak73
pampak73 collected 20 from pot
*** SUMMARY ***
Total pot 20 | Rake 0 
Seat 1: Abbyman57 (small blind) folded before Flop
Seat 2: pampak73 (big blind) collected (20)
Seat 3: Mahu2021 (button) folded before Flop (didn't bet)



PokerStars Hand #243998949920: Tournament #3598121418, $0.92+$0.08 USD Hold'em No Limit - Level I (10/20) - 2023/05/30 21:23:20 CET [2023/05/30 15:23:20 ET]
Table '3598121418 1' 3-max Seat #1 is the button
Seat 1: Abbyman57 (570 in chips) 
Seat 2: pampak73 (420 in chips) 
Seat 3: Mahu2021 (510 in chips) 
pampak73: posts small blind 10
Mahu2021: posts big blind 20
*** HOLE CARDS ***
Dealt to Mahu2021 [As Td]
Abbyman57: folds 
pampak73: raises 40 to 60
Mahu2021: calls 40
*** FLOP *** [Qd 9c Tc]
pampak73: checks 
Mahu2021: bets 60
pampak73: calls 60
*** TURN *** [Qd 9c Tc] [2d]
pampak73: checks 
Mahu2021: checks 
*** RIVER *** [Qd 9c Tc 2d] [7d]
pampak73: bets 40
Mahu2021: calls 40
*** SHOW DOWN ***
pampak73: shows [Qc Ac] (a pair of Queens)
Mahu2021: mucks hand 
pampak73 collected 320 from pot
*** SUMMARY ***
Total pot 320 | Rake 0 
Board [Qd 9c Tc 2d 7d]
Seat 1: Abbyman57 (button) folded before Flop (didn't bet)
Seat 2: pampak73 (small blind) showed [Qc Ac] and won (320) with a pair of Queens
Seat 3: Mahu2021 (big blind) mucked [As Td]



PokerStars Hand #243998959449: Tournament #3598121418, $0.92+$0.08 USD Hold'em No Limit - Level I (10/20) - 2023/05/30 21:23:40 CET [2023/05/30 15:23:40 ET]
Table '3598121418 1' 3-max Seat #2 is the button
Seat 1: Abbyman57 (570 in chips) 
Seat 2: pampak73 (580 in chips) 
Seat 3: Mahu2021 (350 in chips) 
Mahu2021: posts small blind 10
Abbyman57: posts big blind 20
*** HOLE CARDS ***
Dealt to Mahu2021 [2d 6s]
pampak73: calls 20
Mahu2021: folds 
Abbyman57: checks 
*** FLOP *** [9h 6d Td]
Abbyman57: checks 
pampak73: checks 
*** TURN *** [9h 6d Td] [Kc]
Abbyman57: bets 50
pampak73: calls 50
*** RIVER *** [9h 6d Td Kc] [Ad]
Abbyman57: bets 150
pampak73: calls 150
*** SHOW DOWN ***
Abbyman57: shows [7h 8h] (a straight, Six to Ten)
pampak73: mucks hand 
Abbyman57 collected 450 from pot
*** SUMMARY ***
Total pot 450 | Rake 0 
Board [9h 6d Td Kc Ad]
Seat 1: Abbyman57 (big blind) showed [7h 8h] and won (450) with a straight, Six to Ten
Seat 2: pampak73 (button) mucked [Ac 7d]
Seat 3: Mahu2021 (small blind) folded before Flop



PokerStars Hand #243998967658: Tournament #3598121418, $0.92+$0.08 USD Hold'em No Limit - Level I (10/20) - 2023/05/30 21:23:57 CET [2023/05/30 15:23:57 ET]
Table '3598121418 1' 3-max Seat #3 is the button
Seat 1: Abbyman57 (800 in chips) 
Seat 2: pampak73 (360 in chips) 
Seat 3: Mahu2021 (340 in chips) 
Abbyman57: posts small blind 10
pampak73: posts big blind 20
*** HOLE CARDS ***
Dealt to Mahu2021 [4d Jh]
Mahu2021: folds 
Abbyman57: folds 
Uncalled bet (10) returned to pampak73
pampak73 collected 20 from pot
*** SUMMARY ***
Total pot 20 | Rake 0 
Seat 1: Abbyman57 (small blind) folded before Flop
Seat 2: pampak73 (big blind) collected (20)
Seat 3: Mahu2021 (button) folded before Flop (didn't bet)



PokerStars Hand #243998970537: Tournament #3598121418, $0.92+$0.08 USD Hold'em No Limit - Level I (10/20) - 2023/05/30 21:24:03 CET [2023/05/30 15:24:03 ET]
Table '3598121418 1' 3-max Seat #1 is the button
Seat 1: Abbyman57 (790 in chips) 
Seat 2: pampak73 (370 in chips) 
Seat 3: Mahu2021 (340 in chips) 
pampak73: posts small blind 10
Mahu2021: posts big blind 20
*** HOLE CARDS ***
Dealt to Mahu2021 [8d Qh]
Abbyman57: folds 
pampak73: raises 40 to 60
Mahu2021: folds 
Uncalled bet (40) returned to pampak73
pampak73 collected 40 from pot
*** SUMMARY ***
Total pot 40 | Rake 0 
Seat 1: Abbyman57 (button) folded before Flop (didn't bet)
Seat 2: pampak73 (small blind) collected (40)
Seat 3: Mahu2021 (big blind) folded before Flop



PokerStars Hand #243998974146: Tournament #3598121418, $0.92+$0.08 USD Hold'em No Limit - Level I (10/20) - 2023/05/30 21:24:11 CET [2023/05/30 15:24:11 ET]
Table '3598121418 1' 3-max Seat #2 is the button
Seat 1: Abbyman57 (790 in chips) 
Seat 2: pampak73 (390 in chips) 
Seat 3: Mahu2021 (320 in chips) 
Mahu2021: posts small blind 10
Abbyman57: posts big blind 20
*** HOLE CARDS ***
Dealt to Mahu2021 [Ah 6h]
pampak73: folds 
Mahu2021: raises 20 to 40
Abbyman57: calls 20
*** FLOP *** [8c 9c Qh]
Mahu2021: checks 
Abbyman57: checks 
*** TURN *** [8c 9c Qh] [2c]
Mahu2021: checks 
Abbyman57: bets 20
Mahu2021: calls 20
*** RIVER *** [8c 9c Qh 2c] [Jh]
Mahu2021: checks 
Abbyman57: bets 730 and is all-in
Mahu2021: folds 
Uncalled bet (730) returned to Abbyman57
Abbyman57 collected 120 from pot
*** SUMMARY ***
Total pot 120 | Rake 0 
Board [8c 9c Qh 2c Jh]
Seat 1: Abbyman57 (big blind) collected (120)
Seat 2: pampak73 (button) folded before Flop (didn't bet)
Seat 3: Mahu2021 (small blind) folded on the River



PokerStars Hand #243998983262: Tournament #3598121418, $0.92+$0.08 USD Hold'em No Limit - Level I (10/20) - 2023/05/30 21:24:30 CET [2023/05/30 15:24:30 ET]
Table '3598121418 1' 3-max Seat #3 is the button
Seat 1: Abbyman57 (850 in chips) 
Seat 2: pampak73 (390 in chips) 
Seat 3: Mahu2021 (260 in chips) 
Abbyman57: posts small blind 10
pampak73: posts big blind 20
*** HOLE CARDS ***
Dealt to Mahu2021 [4d 7h]
Mahu2021: folds 
Abbyman57: folds 
Uncalled bet (10) returned to pampak73
pampak73 collected 20 from pot
*** SUMMARY ***
Total pot 20 | Rake 0 
Seat 1: Abbyman57 (small blind) folded before Flop
Seat 2: pampak73 (big blind) collected (20)
Seat 3: Mahu2021 (button) folded before Flop (didn't bet)



PokerStars Hand #243998985615: Tournament #3598121418, $0.92+$0.08 USD Hold'em No Limit - Level I (10/20) - 2023/05/30 21:24:35 CET [2023/05/30 15:24:35 ET]
Table '3598121418 1' 3-max Seat #1 is the button
Seat 1: Abbyman57 (840 in chips) 
Seat 2: pampak73 (400 in chips) 
Seat 3: Mahu2021 (260 in chips) 
pampak73: posts small blind 10
Mahu2021: posts big blind 20
*** HOLE CARDS ***
Dealt to Mahu2021 [3s 9h]
Abbyman57: folds 
pampak73: raises 20 to 40
Mahu2021: folds 
Uncalled bet (20) returned to pampak73
pampak73 collected 40 from pot
*** SUMMARY ***
Total pot 40 | Rake 0 
Seat 1: Abbyman57 (button) folded before Flop (didn't bet)
Seat 2: pampak73 (small blind) collected (40)
Seat 3: Mahu2021 (big blind) folded before Flop



PokerStars Hand #243998988580: Tournament #3598121418, $0.92+$0.08 USD Hold'em No Limit - Level I (10/20) - 2023/05/30 21:24:41 CET [2023/05/30 15:24:41 ET]
Table '3598121418 1' 3-max Seat #2 is the button
Seat 1: Abbyman57 (840 in chips) 
Seat 2: pampak73 (420 in chips) 
Seat 3: Mahu2021 (240 in chips) 
Mahu2021: posts small blind 10
Abbyman57: posts big blind 20
*** HOLE CARDS ***
Dealt to Mahu2021 [6s 3c]
pampak73: folds 
Mahu2021: folds 
Uncalled bet (10) returned to Abbyman57
Abbyman57 collected 20 from pot
*** SUMMARY ***
Total pot 20 | Rake 0 
Seat 1: Abbyman57 (big blind) collected (20)
Seat 2: pampak73 (button) folded before Flop (didn't bet)
Seat 3: Mahu2021 (small blind) folded before Flop



PokerStars Hand #243998990972: Tournament #3598121418, $0.92+$0.08 USD Hold'em No Limit - Level I (10/20) - 2023/05/30 21:24:46 CET [2023/05/30 15:24:46 ET]
Table '3598121418 1' 3-max Seat #3 is the button
Seat 1: Abbyman57 (850 in chips) 
Seat 2: pampak73 (420 in chips) 
Seat 3: Mahu2021 (230 in chips) 
Abbyman57: posts small blind 10
pampak73: posts big blind 20
*** HOLE CARDS ***
Dealt to Mahu2021 [4s 5c]
Mahu2021: folds 
Abbyman57: folds 
Uncalled bet (10) returned to pampak73
pampak73 collected 20 from pot
*** SUMMARY ***
Total pot 20 | Rake 0 
Seat 1: Abbyman57 (small blind) folded before Flop
Seat 2: pampak73 (big blind) collected (20)
Seat 3: Mahu2021 (button) folded before Flop (didn't bet)



PokerStars Hand #243998993119: Tournament #3598121418, $0.92+$0.08 USD Hold'em No Limit - Level I (10/20) - 2023/05/30 21:24:51 CET [2023/05/30 15:24:51 ET]
Table '3598121418 1' 3-max Seat #1 is the button
Seat 1: Abbyman57 (840 in chips) 
Seat 2: pampak73 (430 in chips) 
Seat 3: Mahu2021 (230 in chips) 
pampak73: posts small blind 10
Mahu2021: posts big blind 20
*** HOLE CARDS ***
Dealt to Mahu2021 [Qd 9c]
Abbyman57: folds 
pampak73: calls 10
Mahu2021: checks 
*** FLOP *** [4d Jd Qc]
pampak73: checks 
Mahu2021: bets 40
pampak73: calls 40
*** TURN *** [4d Jd Qc] [4c]
pampak73: checks 
Mahu2021: bets 170 and is all-in
pampak73: calls 170
*** RIVER *** [4d Jd Qc 4c] [Ts]
*** SHOW DOWN ***
pampak73: shows [6d 5d] (a pair of Fours)
Mahu2021: shows [Qd 9c] (two pair, Queens and Fours)
Mahu2021 collected 460 from pot
*** SUMMARY ***
Total pot 460 | Rake 0 
Board [4d Jd Qc 4c Ts]
Seat 1: Abbyman57 (button) folded before Flop (didn't bet)
Seat 2: pampak73 (small blind) showed [6d 5d] and lost with a pair of Fours
Seat 3: Mahu2021 (big blind) showed [Qd 9c] and won (460) with two pair, Queens and Fours



PokerStars Hand #243999003183: Tournament #3598121418, $0.92+$0.08 USD Hold'em No Limit - Level I (10/20) - 2023/05/30 21:25:12 CET [2023/05/30 15:25:12 ET]
Table '3598121418 1' 3-max Seat #2 is the button
Seat 1: Abbyman57 (840 in chips) 
Seat 2: pampak73 (200 in chips) 
Seat 3: Mahu2021 (460 in chips) 
Mahu2021: posts small blind 10
Abbyman57: posts big blind 20
*** HOLE CARDS ***
Dealt to Mahu2021 [2s 8s]
pampak73: raises 20 to 40
Mahu2021: folds 
Abbyman57: folds 
Uncalled bet (20) returned to pampak73
pampak73 collected 50 from pot
*** SUMMARY ***
Total pot 50 | Rake 0 
Seat 1: Abbyman57 (big blind) folded before Flop
Seat 2: pampak73 (button) collected (50)
Seat 3: Mahu2021 (small blind) folded before Flop



PokerStars Hand #243999007180: Tournament #3598121418, $0.92+$0.08 USD Hold'em No Limit - Level I (10/20) - 2023/05/30 21:25:21 CET [2023/05/30 15:25:21 ET]
Table '3598121418 1' 3-max Seat #3 is the button
Seat 1: Abbyman57 (820 in chips) 
Seat 2: pampak73 (230 in chips) 
Seat 3: Mahu2021 (450 in chips) 
Abbyman57: posts small blind 10
pampak73: posts big blind 20
*** HOLE CARDS ***
Dealt to Mahu2021 [9d 9c]
Mahu2021: raises 20 to 40
Abbyman57: calls 30
pampak73: calls 20
*** FLOP *** [3c Qd 3s]
Abbyman57: checks 
pampak73: checks 
Mahu2021: bets 410 and is all-in
Abbyman57: folds 
pampak73: calls 190 and is all-in
Uncalled bet (220) returned to Mahu2021
*** TURN *** [3c Qd 3s] [5d]
*** RIVER *** [3c Qd 3s 5d] [Ad]
*** SHOW DOWN ***
pampak73: shows [2d 3h] (three of a kind, Threes)
Mahu2021: shows [9d 9c] (two pair, Nines and Threes)
pampak73 collected 500 from pot
*** SUMMARY ***
Total pot 500 | Rake 0 
Board [3c Qd 3s 5d Ad]
Seat 1: Abbyman57 (small blind) folded on the Flop
Seat 2: pampak73 (big blind) showed [2d 3h] and won (500) with three of a kind, Threes
Seat 3: Mahu2021 (button) showed [9d 9c] and lost with two pair, Nines and Threes



PokerStars Hand #243999018713: Tournament #3598121418, $0.92+$0.08 USD Hold'em No Limit - Level II (15/30) - 2023/05/30 21:25:45 CET [2023/05/30 15:25:45 ET]
Table '3598121418 1' 3-max Seat #1 is the button
Seat 1: Abbyman57 (780 in chips) 
Seat 2: pampak73 (500 in chips) 
Seat 3: Mahu2021 (220 in chips) 
pampak73: posts small blind 15
Mahu2021: posts big blind 30
*** HOLE CARDS ***
Dealt to Mahu2021 [Kc 4c]
Abbyman57: folds 
pampak73: raises 180 to 210
Mahu2021: raises 10 to 220 and is all-in
pampak73: calls 10
*** FLOP *** [8h Jd Jc]
*** TURN *** [8h Jd Jc] [Ac]
*** RIVER *** [8h Jd Jc Ac] [6d]
*** SHOW DOWN ***
pampak73: shows [Qc Ad] (two pair, Aces and Jacks)
Mahu2021: shows [Kc 4c] (a pair of Jacks)
pampak73 collected 440 from pot
Mahu2021 finished the tournament in 3rd place
*** SUMMARY ***
Total pot 440 | Rake 0 
Board [8h Jd Jc Ac 6d]
Seat 1: Abbyman57 (button) folded before Flop (didn't bet)
Seat 2: pampak73 (small blind) showed [Qc Ad] and won (440) with two pair, Aces and Jacks
Seat 3: Mahu2021 (big blind) showed [Kc 4c] and lost with a pair of Jacks



