PokerStars Hand #253309766043: Tournament #3821360360, $1.84+$0.16 USD Hold'em No Limit - Level I (10/20) - 2024/11/08 15:05:16 CET [2024/11/08 9:05:16 ET]
Table '3821360360 1' 3-max Seat #1 is the button
Seat 1: Mahu2021 (500 in chips) 
Seat 2: Cris_Finkler (500 in chips) 
Seat 3: DeMarkus.F (500 in chips) 
Cris_Finkler: posts small blind 10
DeMarkus.F: posts big blind 20
*** HOLE CARDS ***
Dealt to Mahu2021 [Ac 6h]
Mahu2021: raises 20 to 40
Cris_Finkler: folds 
DeMarkus.F: calls 20
*** FLOP *** [4c 2s 4h]
DeMarkus.F: bets 60
Mahu2021: folds 
Uncalled bet (60) returned to DeMarkus.F
DeMarkus.F collected 90 from pot
*** SUMMARY ***
Total pot 90 | Rake 0 
Board [4c 2s 4h]
Seat 1: Mahu2021 (button) folded on the Flop
Seat 2: Cris_Finkler (small blind) folded before Flop
Seat 3: DeMarkus.F (big blind) collected (90)



PokerStars Hand #253309768559: Tournament #3821360360, $1.84+$0.16 USD Hold'em No Limit - Level I (10/20) - 2024/11/08 15:05:31 CET [2024/11/08 9:05:31 ET]
Table '3821360360 1' 3-max Seat #2 is the button
Seat 1: Mahu2021 (460 in chips) 
Seat 2: Cris_Finkler (490 in chips) 
Seat 3: DeMarkus.F (550 in chips) 
DeMarkus.F: posts small blind 10
Mahu2021: posts big blind 20
*** HOLE CARDS ***
Dealt to Mahu2021 [Js 7h]
Cris_Finkler: raises 20 to 40
DeMarkus.F: calls 30
Mahu2021: calls 20
*** FLOP *** [5c Th 4c]
DeMarkus.F: checks 
Mahu2021: checks 
Cris_Finkler: checks 
*** TURN *** [5c Th 4c] [Jc]
DeMarkus.F: checks 
Mahu2021: bets 40
Cris_Finkler: folds 
DeMarkus.F: calls 40
*** RIVER *** [5c Th 4c Jc] [8d]
DeMarkus.F: checks 
Mahu2021: checks 
*** SHOW DOWN ***
DeMarkus.F: shows [2d Ah] (high card Ace)
Mahu2021: shows [Js 7h] (a pair of Jacks)
Mahu2021 collected 200 from pot
*** SUMMARY ***
Total pot 200 | Rake 0 
Board [5c Th 4c Jc 8d]
Seat 1: Mahu2021 (big blind) showed [Js 7h] and won (200) with a pair of Jacks
Seat 2: Cris_Finkler (button) folded on the Turn
Seat 3: DeMarkus.F (small blind) showed [2d Ah] and lost with high card Ace



PokerStars Hand #253309775599: Tournament #3821360360, $1.84+$0.16 USD Hold'em No Limit - Level I (10/20) - 2024/11/08 15:06:13 CET [2024/11/08 9:06:13 ET]
Table '3821360360 1' 3-max Seat #3 is the button
Seat 1: Mahu2021 (580 in chips) 
Seat 2: Cris_Finkler (450 in chips) 
Seat 3: DeMarkus.F (470 in chips) 
Mahu2021: posts small blind 10
Cris_Finkler: posts big blind 20
*** HOLE CARDS ***
Dealt to Mahu2021 [Qs 5h]
DeMarkus.F: folds 
Mahu2021: folds 
Uncalled bet (10) returned to Cris_Finkler
Cris_Finkler collected 20 from pot
*** SUMMARY ***
Total pot 20 | Rake 0 
Seat 1: Mahu2021 (small blind) folded before Flop
Seat 2: Cris_Finkler (big blind) collected (20)
Seat 3: DeMarkus.F (button) folded before Flop (didn't bet)



PokerStars Hand #253309776871: Tournament #3821360360, $1.84+$0.16 USD Hold'em No Limit - Level I (10/20) - 2024/11/08 15:06:21 CET [2024/11/08 9:06:21 ET]
Table '3821360360 1' 3-max Seat #1 is the button
Seat 1: Mahu2021 (570 in chips) 
Seat 2: Cris_Finkler (460 in chips) 
Seat 3: DeMarkus.F (470 in chips) 
Cris_Finkler: posts small blind 10
DeMarkus.F: posts big blind 20
*** HOLE CARDS ***
Dealt to Mahu2021 [6d 7d]
Mahu2021: raises 20 to 40
Cris_Finkler: folds 
DeMarkus.F: calls 20
*** FLOP *** [5h Jc Ac]
DeMarkus.F: checks 
Mahu2021: bets 40
DeMarkus.F: calls 40
*** TURN *** [5h Jc Ac] [Td]
DeMarkus.F: checks 
Mahu2021: bets 40
DeMarkus.F: calls 40
*** RIVER *** [5h Jc Ac Td] [8s]
DeMarkus.F: checks 
Mahu2021: bets 160
DeMarkus.F: folds 
Uncalled bet (160) returned to Mahu2021
Mahu2021 collected 250 from pot
Mahu2021: doesn't show hand 
*** SUMMARY ***
Total pot 250 | Rake 0 
Board [5h Jc Ac Td 8s]
Seat 1: Mahu2021 (button) collected (250)
Seat 2: Cris_Finkler (small blind) folded before Flop
Seat 3: DeMarkus.F (big blind) folded on the River



PokerStars Hand #253309781892: Tournament #3821360360, $1.84+$0.16 USD Hold'em No Limit - Level I (10/20) - 2024/11/08 15:06:51 CET [2024/11/08 9:06:51 ET]
Table '3821360360 1' 3-max Seat #2 is the button
Seat 1: Mahu2021 (700 in chips) 
Seat 2: Cris_Finkler (450 in chips) 
Seat 3: DeMarkus.F (350 in chips) 
DeMarkus.F: posts small blind 10
Mahu2021: posts big blind 20
*** HOLE CARDS ***
Dealt to Mahu2021 [Ac As]
Cris_Finkler: folds 
DeMarkus.F: calls 10
Mahu2021: raises 680 to 700 and is all-in
DeMarkus.F: folds 
Uncalled bet (680) returned to Mahu2021
Mahu2021 collected 40 from pot
Mahu2021: doesn't show hand 
*** SUMMARY ***
Total pot 40 | Rake 0 
Seat 1: Mahu2021 (big blind) collected (40)
Seat 2: Cris_Finkler (button) folded before Flop (didn't bet)
Seat 3: DeMarkus.F (small blind) folded before Flop



PokerStars Hand #253309784235: Tournament #3821360360, $1.84+$0.16 USD Hold'em No Limit - Level I (10/20) - 2024/11/08 15:07:04 CET [2024/11/08 9:07:04 ET]
Table '3821360360 1' 3-max Seat #3 is the button
Seat 1: Mahu2021 (720 in chips) 
Seat 2: Cris_Finkler (450 in chips) 
Seat 3: DeMarkus.F (330 in chips) 
Mahu2021: posts small blind 10
Cris_Finkler: posts big blind 20
*** HOLE CARDS ***
Dealt to Mahu2021 [Ah Tc]
DeMarkus.F: calls 20
Mahu2021: calls 10
Cris_Finkler: checks 
*** FLOP *** [5c 8c 7h]
Mahu2021: checks 
Cris_Finkler has timed out
Cris_Finkler: checks 
DeMarkus.F: bets 60
Mahu2021: folds 
Cris_Finkler: raises 370 to 430 and is all-in
DeMarkus.F: calls 250 and is all-in
Uncalled bet (120) returned to Cris_Finkler
*** TURN *** [5c 8c 7h] [Kd]
*** RIVER *** [5c 8c 7h Kd] [3s]
*** SHOW DOWN ***
Cris_Finkler: shows [7s 8d] (two pair, Eights and Sevens)
DeMarkus.F: shows [6s 6d] (a pair of Sixes)
Cris_Finkler collected 680 from pot
DeMarkus.F finished the tournament in 3rd place
*** SUMMARY ***
Total pot 680 | Rake 0 
Board [5c 8c 7h Kd 3s]
Seat 1: Mahu2021 (small blind) folded on the Flop
Seat 2: Cris_Finkler (big blind) showed [7s 8d] and won (680) with two pair, Eights and Sevens
Seat 3: DeMarkus.F (button) showed [6s 6d] and lost with a pair of Sixes



PokerStars Hand #253309792916: Tournament #3821360360, $1.84+$0.16 USD Hold'em No Limit - Level II (15/30) - 2024/11/08 15:07:56 CET [2024/11/08 9:07:56 ET]
Table '3821360360 1' 3-max Seat #2 is the button
Seat 1: Mahu2021 (700 in chips) 
Seat 2: Cris_Finkler (800 in chips) 
Cris_Finkler: posts small blind 15
Mahu2021: posts big blind 30
*** HOLE CARDS ***
Dealt to Mahu2021 [5c 6c]
Cris_Finkler: folds 
Uncalled bet (15) returned to Mahu2021
Mahu2021 collected 30 from pot
Mahu2021: doesn't show hand 
*** SUMMARY ***
Total pot 30 | Rake 0 
Seat 1: Mahu2021 (big blind) collected (30)
Seat 2: Cris_Finkler (button) (small blind) folded before Flop



PokerStars Hand #253309793996: Tournament #3821360360, $1.84+$0.16 USD Hold'em No Limit - Level II (15/30) - 2024/11/08 15:08:03 CET [2024/11/08 9:08:03 ET]
Table '3821360360 1' 3-max Seat #1 is the button
Seat 1: Mahu2021 (715 in chips) 
Seat 2: Cris_Finkler (785 in chips) 
Mahu2021: posts small blind 15
Cris_Finkler: posts big blind 30
*** HOLE CARDS ***
Dealt to Mahu2021 [Jc 3c]
Mahu2021: raises 30 to 60
Cris_Finkler: folds 
Uncalled bet (30) returned to Mahu2021
Mahu2021 collected 60 from pot
Mahu2021: doesn't show hand 
*** SUMMARY ***
Total pot 60 | Rake 0 
Seat 1: Mahu2021 (button) (small blind) collected (60)
Seat 2: Cris_Finkler (big blind) folded before Flop



PokerStars Hand #253309794954: Tournament #3821360360, $1.84+$0.16 USD Hold'em No Limit - Level II (15/30) - 2024/11/08 15:08:08 CET [2024/11/08 9:08:08 ET]
Table '3821360360 1' 3-max Seat #2 is the button
Seat 1: Mahu2021 (745 in chips) 
Seat 2: Cris_Finkler (755 in chips) 
Cris_Finkler: posts small blind 15
Mahu2021: posts big blind 30
*** HOLE CARDS ***
Dealt to Mahu2021 [Qd 4d]
Cris_Finkler: raises 30 to 60
Mahu2021: calls 30
*** FLOP *** [7h Kh 3h]
Mahu2021: checks 
Cris_Finkler: bets 44
Mahu2021: folds 
Uncalled bet (44) returned to Cris_Finkler
Cris_Finkler collected 120 from pot
*** SUMMARY ***
Total pot 120 | Rake 0 
Board [7h Kh 3h]
Seat 1: Mahu2021 (big blind) folded on the Flop
Seat 2: Cris_Finkler (button) (small blind) collected (120)



PokerStars Hand #253309797444: Tournament #3821360360, $1.84+$0.16 USD Hold'em No Limit - Level II (15/30) - 2024/11/08 15:08:23 CET [2024/11/08 9:08:23 ET]
Table '3821360360 1' 3-max Seat #1 is the button
Seat 1: Mahu2021 (685 in chips) 
Seat 2: Cris_Finkler (815 in chips) 
Mahu2021: posts small blind 15
Cris_Finkler: posts big blind 30
*** HOLE CARDS ***
Dealt to Mahu2021 [Kc Js]
Mahu2021: raises 30 to 60
Cris_Finkler: folds 
Uncalled bet (30) returned to Mahu2021
Mahu2021 collected 60 from pot
Mahu2021: doesn't show hand 
*** SUMMARY ***
Total pot 60 | Rake 0 
Seat 1: Mahu2021 (button) (small blind) collected (60)
Seat 2: Cris_Finkler (big blind) folded before Flop



PokerStars Hand #253309798481: Tournament #3821360360, $1.84+$0.16 USD Hold'em No Limit - Level II (15/30) - 2024/11/08 15:08:29 CET [2024/11/08 9:08:29 ET]
Table '3821360360 1' 3-max Seat #2 is the button
Seat 1: Mahu2021 (715 in chips) 
Seat 2: Cris_Finkler (785 in chips) 
Cris_Finkler: posts small blind 15
Mahu2021: posts big blind 30
*** HOLE CARDS ***
Dealt to Mahu2021 [Qh 2s]
Cris_Finkler: raises 30 to 60
Mahu2021: calls 30
*** FLOP *** [Kc As Qs]
Mahu2021: checks 
Cris_Finkler: bets 44
Mahu2021: raises 76 to 120
Cris_Finkler: folds 
Uncalled bet (76) returned to Mahu2021
Mahu2021 collected 208 from pot
Mahu2021: doesn't show hand 
*** SUMMARY ***
Total pot 208 | Rake 0 
Board [Kc As Qs]
Seat 1: Mahu2021 (big blind) collected (208)
Seat 2: Cris_Finkler (button) (small blind) folded on the Flop



PokerStars Hand #253309801968: Tournament #3821360360, $1.84+$0.16 USD Hold'em No Limit - Level II (15/30) - 2024/11/08 15:08:50 CET [2024/11/08 9:08:50 ET]
Table '3821360360 1' 3-max Seat #1 is the button
Seat 1: Mahu2021 (819 in chips) 
Seat 2: Cris_Finkler (681 in chips) 
Mahu2021: posts small blind 15
Cris_Finkler: posts big blind 30
*** HOLE CARDS ***
Dealt to Mahu2021 [7d 3c]
Mahu2021: folds 
Uncalled bet (15) returned to Cris_Finkler
Cris_Finkler collected 30 from pot
*** SUMMARY ***
Total pot 30 | Rake 0 
Seat 1: Mahu2021 (button) (small blind) folded before Flop
Seat 2: Cris_Finkler (big blind) collected (30)



PokerStars Hand #253309802749: Tournament #3821360360, $1.84+$0.16 USD Hold'em No Limit - Level II (15/30) - 2024/11/08 15:08:54 CET [2024/11/08 9:08:54 ET]
Table '3821360360 1' 3-max Seat #2 is the button
Seat 1: Mahu2021 (804 in chips) 
Seat 2: Cris_Finkler (696 in chips) 
Cris_Finkler: posts small blind 15
Mahu2021: posts big blind 30
*** HOLE CARDS ***
Dealt to Mahu2021 [4c 7d]
Cris_Finkler: raises 30 to 60
Mahu2021: folds 
Uncalled bet (30) returned to Cris_Finkler
Cris_Finkler collected 60 from pot
*** SUMMARY ***
Total pot 60 | Rake 0 
Seat 1: Mahu2021 (big blind) folded before Flop
Seat 2: Cris_Finkler (button) (small blind) collected (60)



PokerStars Hand #253309803876: Tournament #3821360360, $1.84+$0.16 USD Hold'em No Limit - Level II (15/30) - 2024/11/08 15:09:01 CET [2024/11/08 9:09:01 ET]
Table '3821360360 1' 3-max Seat #1 is the button
Seat 1: Mahu2021 (774 in chips) 
Seat 2: Cris_Finkler (726 in chips) 
Mahu2021: posts small blind 15
Cris_Finkler: posts big blind 30
*** HOLE CARDS ***
Dealt to Mahu2021 [8s Ts]
Mahu2021: raises 30 to 60
Cris_Finkler: folds 
Uncalled bet (30) returned to Mahu2021
Mahu2021 collected 60 from pot
Mahu2021: doesn't show hand 
*** SUMMARY ***
Total pot 60 | Rake 0 
Seat 1: Mahu2021 (button) (small blind) collected (60)
Seat 2: Cris_Finkler (big blind) folded before Flop



PokerStars Hand #253309805033: Tournament #3821360360, $1.84+$0.16 USD Hold'em No Limit - Level II (15/30) - 2024/11/08 15:09:08 CET [2024/11/08 9:09:08 ET]
Table '3821360360 1' 3-max Seat #2 is the button
Seat 1: Mahu2021 (804 in chips) 
Seat 2: Cris_Finkler (696 in chips) 
Cris_Finkler: posts small blind 15
Mahu2021: posts big blind 30
*** HOLE CARDS ***
Dealt to Mahu2021 [9d 3c]
Cris_Finkler: raises 30 to 60
Mahu2021: folds 
Uncalled bet (30) returned to Cris_Finkler
Cris_Finkler collected 60 from pot
*** SUMMARY ***
Total pot 60 | Rake 0 
Seat 1: Mahu2021 (big blind) folded before Flop
Seat 2: Cris_Finkler (button) (small blind) collected (60)



PokerStars Hand #253309806544: Tournament #3821360360, $1.84+$0.16 USD Hold'em No Limit - Level II (15/30) - 2024/11/08 15:09:17 CET [2024/11/08 9:09:17 ET]
Table '3821360360 1' 3-max Seat #1 is the button
Seat 1: Mahu2021 (774 in chips) 
Seat 2: Cris_Finkler (726 in chips) 
Mahu2021: posts small blind 15
Cris_Finkler: posts big blind 30
*** HOLE CARDS ***
Dealt to Mahu2021 [7d Js]
Mahu2021: raises 30 to 60
Cris_Finkler: folds 
Uncalled bet (30) returned to Mahu2021
Mahu2021 collected 60 from pot
Mahu2021: doesn't show hand 
*** SUMMARY ***
Total pot 60 | Rake 0 
Seat 1: Mahu2021 (button) (small blind) collected (60)
Seat 2: Cris_Finkler (big blind) folded before Flop



PokerStars Hand #253309808292: Tournament #3821360360, $1.84+$0.16 USD Hold'em No Limit - Level III (20/40) - 2024/11/08 15:09:28 CET [2024/11/08 9:09:28 ET]
Table '3821360360 1' 3-max Seat #2 is the button
Seat 1: Mahu2021 (804 in chips) 
Seat 2: Cris_Finkler (696 in chips) 
Cris_Finkler: posts small blind 20
Mahu2021: posts big blind 40
*** HOLE CARDS ***
Dealt to Mahu2021 [5c Td]
Cris_Finkler: raises 40 to 80
Mahu2021: folds 
Uncalled bet (40) returned to Cris_Finkler
Cris_Finkler collected 80 from pot
*** SUMMARY ***
Total pot 80 | Rake 0 
Seat 1: Mahu2021 (big blind) folded before Flop
Seat 2: Cris_Finkler (button) (small blind) collected (80)



PokerStars Hand #253309809739: Tournament #3821360360, $1.84+$0.16 USD Hold'em No Limit - Level III (20/40) - 2024/11/08 15:09:36 CET [2024/11/08 9:09:36 ET]
Table '3821360360 1' 3-max Seat #1 is the button
Seat 1: Mahu2021 (764 in chips) 
Seat 2: Cris_Finkler (736 in chips) 
Mahu2021: posts small blind 20
Cris_Finkler: posts big blind 40
*** HOLE CARDS ***
Dealt to Mahu2021 [3s 9d]
Mahu2021: folds 
Uncalled bet (20) returned to Cris_Finkler
Cris_Finkler collected 40 from pot
*** SUMMARY ***
Total pot 40 | Rake 0 
Seat 1: Mahu2021 (button) (small blind) folded before Flop
Seat 2: Cris_Finkler (big blind) collected (40)



PokerStars Hand #253309810623: Tournament #3821360360, $1.84+$0.16 USD Hold'em No Limit - Level III (20/40) - 2024/11/08 15:09:41 CET [2024/11/08 9:09:41 ET]
Table '3821360360 1' 3-max Seat #2 is the button
Seat 1: Mahu2021 (744 in chips) 
Seat 2: Cris_Finkler (756 in chips) 
Cris_Finkler: posts small blind 20
Mahu2021: posts big blind 40
*** HOLE CARDS ***
Dealt to Mahu2021 [4s 6c]
Cris_Finkler: raises 716 to 756 and is all-in
Mahu2021: folds 
Uncalled bet (716) returned to Cris_Finkler
Cris_Finkler collected 80 from pot
*** SUMMARY ***
Total pot 80 | Rake 0 
Seat 1: Mahu2021 (big blind) folded before Flop
Seat 2: Cris_Finkler (button) (small blind) collected (80)



PokerStars Hand #253309811938: Tournament #3821360360, $1.84+$0.16 USD Hold'em No Limit - Level III (20/40) - 2024/11/08 15:09:49 CET [2024/11/08 9:09:49 ET]
Table '3821360360 1' 3-max Seat #1 is the button
Seat 1: Mahu2021 (704 in chips) 
Seat 2: Cris_Finkler (796 in chips) 
Mahu2021: posts small blind 20
Cris_Finkler: posts big blind 40
*** HOLE CARDS ***
Dealt to Mahu2021 [Jh Kh]
Mahu2021: raises 40 to 80
Cris_Finkler: calls 40
*** FLOP *** [3d Tc 9d]
Cris_Finkler: checks 
Mahu2021: checks 
*** TURN *** [3d Tc 9d] [6h]
Cris_Finkler: checks 
Mahu2021: checks 
*** RIVER *** [3d Tc 9d 6h] [7s]
Cris_Finkler: checks 
Mahu2021: bets 40
Cris_Finkler: calls 40
*** SHOW DOWN ***
Mahu2021: shows [Jh Kh] (high card King)
Cris_Finkler: shows [6s 4s] (a pair of Sixes)
Cris_Finkler collected 240 from pot
*** SUMMARY ***
Total pot 240 | Rake 0 
Board [3d Tc 9d 6h 7s]
Seat 1: Mahu2021 (button) (small blind) showed [Jh Kh] and lost with high card King
Seat 2: Cris_Finkler (big blind) showed [6s 4s] and won (240) with a pair of Sixes



PokerStars Hand #253309818705: Tournament #3821360360, $1.84+$0.16 USD Hold'em No Limit - Level III (20/40) - 2024/11/08 15:10:29 CET [2024/11/08 9:10:29 ET]
Table '3821360360 1' 3-max Seat #2 is the button
Seat 1: Mahu2021 (584 in chips) 
Seat 2: Cris_Finkler (916 in chips) 
Cris_Finkler: posts small blind 20
Mahu2021: posts big blind 40
*** HOLE CARDS ***
Dealt to Mahu2021 [Ad Ts]
Cris_Finkler: raises 40 to 80
Mahu2021: raises 504 to 584 and is all-in
Cris_Finkler: calls 504
*** FLOP *** [Qh 9h 8h]
*** TURN *** [Qh 9h 8h] [8d]
*** RIVER *** [Qh 9h 8h 8d] [Jh]
*** SHOW DOWN ***
Mahu2021: shows [Ad Ts] (a straight, Eight to Queen)
Cris_Finkler: shows [Kd Ks] (two pair, Kings and Eights)
Mahu2021 collected 1168 from pot
*** SUMMARY ***
Total pot 1168 | Rake 0 
Board [Qh 9h 8h 8d Jh]
Seat 1: Mahu2021 (big blind) showed [Ad Ts] and won (1168) with a straight, Eight to Queen
Seat 2: Cris_Finkler (button) (small blind) showed [Kd Ks] and lost with two pair, Kings and Eights



PokerStars Hand #253309821338: Tournament #3821360360, $1.84+$0.16 USD Hold'em No Limit - Level III (20/40) - 2024/11/08 15:10:45 CET [2024/11/08 9:10:45 ET]
Table '3821360360 1' 3-max Seat #1 is the button
Seat 1: Mahu2021 (1168 in chips) 
Seat 2: Cris_Finkler (332 in chips) 
Mahu2021: posts small blind 20
Cris_Finkler: posts big blind 40
*** HOLE CARDS ***
Dealt to Mahu2021 [4c Ah]
Mahu2021: raises 40 to 80
Cris_Finkler: folds 
Uncalled bet (40) returned to Mahu2021
Mahu2021 collected 80 from pot
Mahu2021: doesn't show hand 
*** SUMMARY ***
Total pot 80 | Rake 0 
Seat 1: Mahu2021 (button) (small blind) collected (80)
Seat 2: Cris_Finkler (big blind) folded before Flop



PokerStars Hand #253309822460: Tournament #3821360360, $1.84+$0.16 USD Hold'em No Limit - Level III (20/40) - 2024/11/08 15:10:52 CET [2024/11/08 9:10:52 ET]
Table '3821360360 1' 3-max Seat #2 is the button
Seat 1: Mahu2021 (1208 in chips) 
Seat 2: Cris_Finkler (292 in chips) 
Cris_Finkler: posts small blind 20
Mahu2021: posts big blind 40
*** HOLE CARDS ***
Dealt to Mahu2021 [4h 8d]
Cris_Finkler: raises 252 to 292 and is all-in
Mahu2021: folds 
Uncalled bet (252) returned to Cris_Finkler
Cris_Finkler collected 80 from pot
*** SUMMARY ***
Total pot 80 | Rake 0 
Seat 1: Mahu2021 (big blind) folded before Flop
Seat 2: Cris_Finkler (button) (small blind) collected (80)



PokerStars Hand #253309823574: Tournament #3821360360, $1.84+$0.16 USD Hold'em No Limit - Level III (20/40) - 2024/11/08 15:10:58 CET [2024/11/08 9:10:58 ET]
Table '3821360360 1' 3-max Seat #1 is the button
Seat 1: Mahu2021 (1168 in chips) 
Seat 2: Cris_Finkler (332 in chips) 
Mahu2021: posts small blind 20
Cris_Finkler: posts big blind 40
*** HOLE CARDS ***
Dealt to Mahu2021 [4d 9c]
Mahu2021: raises 40 to 80
Cris_Finkler: folds 
Uncalled bet (40) returned to Mahu2021
Mahu2021 collected 80 from pot
Mahu2021: doesn't show hand 
*** SUMMARY ***
Total pot 80 | Rake 0 
Seat 1: Mahu2021 (button) (small blind) collected (80)
Seat 2: Cris_Finkler (big blind) folded before Flop



PokerStars Hand #253309825235: Tournament #3821360360, $1.84+$0.16 USD Hold'em No Limit - Level III (20/40) - 2024/11/08 15:11:08 CET [2024/11/08 9:11:08 ET]
Table '3821360360 1' 3-max Seat #2 is the button
Seat 1: Mahu2021 (1208 in chips) 
Seat 2: Cris_Finkler (292 in chips) 
Cris_Finkler: posts small blind 20
Mahu2021: posts big blind 40
*** HOLE CARDS ***
Dealt to Mahu2021 [4s 2d]
Cris_Finkler: raises 252 to 292 and is all-in
Mahu2021: folds 
Uncalled bet (252) returned to Cris_Finkler
Cris_Finkler collected 80 from pot
*** SUMMARY ***
Total pot 80 | Rake 0 
Seat 1: Mahu2021 (big blind) folded before Flop
Seat 2: Cris_Finkler (button) (small blind) collected (80)



PokerStars Hand #253309826131: Tournament #3821360360, $1.84+$0.16 USD Hold'em No Limit - Level III (20/40) - 2024/11/08 15:11:14 CET [2024/11/08 9:11:14 ET]
Table '3821360360 1' 3-max Seat #1 is the button
Seat 1: Mahu2021 (1168 in chips) 
Seat 2: Cris_Finkler (332 in chips) 
Mahu2021: posts small blind 20
Cris_Finkler: posts big blind 40
*** HOLE CARDS ***
Dealt to Mahu2021 [8d Qd]
Mahu2021: raises 40 to 80
Cris_Finkler: raises 252 to 332 and is all-in
Mahu2021: calls 252
*** FLOP *** [6d 5c 8h]
*** TURN *** [6d 5c 8h] [7d]
*** RIVER *** [6d 5c 8h 7d] [3c]
*** SHOW DOWN ***
Cris_Finkler: shows [9d As] (a straight, Five to Nine)
Mahu2021: shows [8d Qd] (a pair of Eights)
Cris_Finkler collected 664 from pot
*** SUMMARY ***
Total pot 664 | Rake 0 
Board [6d 5c 8h 7d 3c]
Seat 1: Mahu2021 (button) (small blind) showed [8d Qd] and lost with a pair of Eights
Seat 2: Cris_Finkler (big blind) showed [9d As] and won (664) with a straight, Five to Nine



PokerStars Hand #253309828819: Tournament #3821360360, $1.84+$0.16 USD Hold'em No Limit - Level IV (30/60) - 2024/11/08 15:11:30 CET [2024/11/08 9:11:30 ET]
Table '3821360360 1' 3-max Seat #2 is the button
Seat 1: Mahu2021 (836 in chips) 
Seat 2: Cris_Finkler (664 in chips) 
Cris_Finkler: posts small blind 30
Mahu2021: posts big blind 60
*** HOLE CARDS ***
Dealt to Mahu2021 [7c Kd]
Cris_Finkler: folds 
Uncalled bet (30) returned to Mahu2021
Mahu2021 collected 60 from pot
Mahu2021: doesn't show hand 
*** SUMMARY ***
Total pot 60 | Rake 0 
Seat 1: Mahu2021 (big blind) collected (60)
Seat 2: Cris_Finkler (button) (small blind) folded before Flop



PokerStars Hand #253309829554: Tournament #3821360360, $1.84+$0.16 USD Hold'em No Limit - Level IV (30/60) - 2024/11/08 15:11:34 CET [2024/11/08 9:11:34 ET]
Table '3821360360 1' 3-max Seat #1 is the button
Seat 1: Mahu2021 (866 in chips) 
Seat 2: Cris_Finkler (634 in chips) 
Mahu2021: posts small blind 30
Cris_Finkler: posts big blind 60
*** HOLE CARDS ***
Dealt to Mahu2021 [8h 9s]
Mahu2021: raises 60 to 120
Cris_Finkler: raises 514 to 634 and is all-in
Mahu2021: folds 
Uncalled bet (514) returned to Cris_Finkler
Cris_Finkler collected 240 from pot
*** SUMMARY ***
Total pot 240 | Rake 0 
Seat 1: Mahu2021 (button) (small blind) folded before Flop
Seat 2: Cris_Finkler (big blind) collected (240)



PokerStars Hand #253309830707: Tournament #3821360360, $1.84+$0.16 USD Hold'em No Limit - Level IV (30/60) - 2024/11/08 15:11:41 CET [2024/11/08 9:11:41 ET]
Table '3821360360 1' 3-max Seat #2 is the button
Seat 1: Mahu2021 (746 in chips) 
Seat 2: Cris_Finkler (754 in chips) 
Cris_Finkler: posts small blind 30
Mahu2021: posts big blind 60
*** HOLE CARDS ***
Dealt to Mahu2021 [2c 4h]
Cris_Finkler: calls 30
Mahu2021: checks 
*** FLOP *** [Qc Jd Ad]
Mahu2021: checks 
Cris_Finkler: bets 60
Mahu2021: folds 
Uncalled bet (60) returned to Cris_Finkler
Cris_Finkler collected 120 from pot
*** SUMMARY ***
Total pot 120 | Rake 0 
Board [Qc Jd Ad]
Seat 1: Mahu2021 (big blind) folded on the Flop
Seat 2: Cris_Finkler (button) (small blind) collected (120)



PokerStars Hand #253309833583: Tournament #3821360360, $1.84+$0.16 USD Hold'em No Limit - Level IV (30/60) - 2024/11/08 15:11:58 CET [2024/11/08 9:11:58 ET]
Table '3821360360 1' 3-max Seat #1 is the button
Seat 1: Mahu2021 (686 in chips) 
Seat 2: Cris_Finkler (814 in chips) 
Mahu2021: posts small blind 30
Cris_Finkler: posts big blind 60
*** HOLE CARDS ***
Dealt to Mahu2021 [3d 9c]
Mahu2021: folds 
Uncalled bet (30) returned to Cris_Finkler
Cris_Finkler collected 60 from pot
*** SUMMARY ***
Total pot 60 | Rake 0 
Seat 1: Mahu2021 (button) (small blind) folded before Flop
Seat 2: Cris_Finkler (big blind) collected (60)



PokerStars Hand #253309834423: Tournament #3821360360, $1.84+$0.16 USD Hold'em No Limit - Level IV (30/60) - 2024/11/08 15:12:03 CET [2024/11/08 9:12:03 ET]
Table '3821360360 1' 3-max Seat #2 is the button
Seat 1: Mahu2021 (656 in chips) 
Seat 2: Cris_Finkler (844 in chips) 
Cris_Finkler: posts small blind 30
Mahu2021: posts big blind 60
*** HOLE CARDS ***
Dealt to Mahu2021 [6h Td]
Cris_Finkler: raises 784 to 844 and is all-in
Mahu2021: folds 
Uncalled bet (784) returned to Cris_Finkler
Cris_Finkler collected 120 from pot
*** SUMMARY ***
Total pot 120 | Rake 0 
Seat 1: Mahu2021 (big blind) folded before Flop
Seat 2: Cris_Finkler (button) (small blind) collected (120)



PokerStars Hand #253309835523: Tournament #3821360360, $1.84+$0.16 USD Hold'em No Limit - Level IV (30/60) - 2024/11/08 15:12:09 CET [2024/11/08 9:12:09 ET]
Table '3821360360 1' 3-max Seat #1 is the button
Seat 1: Mahu2021 (596 in chips) 
Seat 2: Cris_Finkler (904 in chips) 
Mahu2021: posts small blind 30
Cris_Finkler: posts big blind 60
*** HOLE CARDS ***
Dealt to Mahu2021 [8s 9s]
Mahu2021: raises 60 to 120
Cris_Finkler: folds 
Uncalled bet (60) returned to Mahu2021
Mahu2021 collected 120 from pot
Mahu2021: doesn't show hand 
*** SUMMARY ***
Total pot 120 | Rake 0 
Seat 1: Mahu2021 (button) (small blind) collected (120)
Seat 2: Cris_Finkler (big blind) folded before Flop



PokerStars Hand #253309836656: Tournament #3821360360, $1.84+$0.16 USD Hold'em No Limit - Level IV (30/60) - 2024/11/08 15:12:16 CET [2024/11/08 9:12:16 ET]
Table '3821360360 1' 3-max Seat #2 is the button
Seat 1: Mahu2021 (656 in chips) 
Seat 2: Cris_Finkler (844 in chips) 
Cris_Finkler: posts small blind 30
Mahu2021: posts big blind 60
*** HOLE CARDS ***
Dealt to Mahu2021 [6h 7s]
Cris_Finkler: calls 30
Mahu2021: checks 
*** FLOP *** [Qd Js Jc]
Mahu2021: checks 
Cris_Finkler: bets 60
Mahu2021: folds 
Uncalled bet (60) returned to Cris_Finkler
Cris_Finkler collected 120 from pot
*** SUMMARY ***
Total pot 120 | Rake 0 
Board [Qd Js Jc]
Seat 1: Mahu2021 (big blind) folded on the Flop
Seat 2: Cris_Finkler (button) (small blind) collected (120)



PokerStars Hand #253309840271: Tournament #3821360360, $1.84+$0.16 USD Hold'em No Limit - Level IV (30/60) - 2024/11/08 15:12:37 CET [2024/11/08 9:12:37 ET]
Table '3821360360 1' 3-max Seat #1 is the button
Seat 1: Mahu2021 (596 in chips) 
Seat 2: Cris_Finkler (904 in chips) 
Mahu2021: posts small blind 30
Cris_Finkler: posts big blind 60
*** HOLE CARDS ***
Dealt to Mahu2021 [7c 3c]
Mahu2021: folds 
Uncalled bet (30) returned to Cris_Finkler
Cris_Finkler collected 60 from pot
*** SUMMARY ***
Total pot 60 | Rake 0 
Seat 1: Mahu2021 (button) (small blind) folded before Flop
Seat 2: Cris_Finkler (big blind) collected (60)



PokerStars Hand #253309841065: Tournament #3821360360, $1.84+$0.16 USD Hold'em No Limit - Level IV (30/60) - 2024/11/08 15:12:42 CET [2024/11/08 9:12:42 ET]
Table '3821360360 1' 3-max Seat #2 is the button
Seat 1: Mahu2021 (566 in chips) 
Seat 2: Cris_Finkler (934 in chips) 
Cris_Finkler: posts small blind 30
Mahu2021: posts big blind 60
*** HOLE CARDS ***
Dealt to Mahu2021 [Ac 5s]
Cris_Finkler: raises 60 to 120
Mahu2021: raises 446 to 566 and is all-in
Cris_Finkler: calls 446
*** FLOP *** [2s Ah Jh]
*** TURN *** [2s Ah Jh] [7c]
*** RIVER *** [2s Ah Jh 7c] [4d]
*** SHOW DOWN ***
Mahu2021: shows [Ac 5s] (a pair of Aces)
Cris_Finkler: shows [Th Ts] (a pair of Tens)
Mahu2021 collected 1132 from pot
*** SUMMARY ***
Total pot 1132 | Rake 0 
Board [2s Ah Jh 7c 4d]
Seat 1: Mahu2021 (big blind) showed [Ac 5s] and won (1132) with a pair of Aces
Seat 2: Cris_Finkler (button) (small blind) showed [Th Ts] and lost with a pair of Tens



PokerStars Hand #253309843435: Tournament #3821360360, $1.84+$0.16 USD Hold'em No Limit - Level IV (30/60) - 2024/11/08 15:12:56 CET [2024/11/08 9:12:56 ET]
Table '3821360360 1' 3-max Seat #1 is the button
Seat 1: Mahu2021 (1132 in chips) 
Seat 2: Cris_Finkler (368 in chips) 
Mahu2021: posts small blind 30
Cris_Finkler: posts big blind 60
*** HOLE CARDS ***
Dealt to Mahu2021 [6c Ad]
Mahu2021: raises 1072 to 1132 and is all-in
Cris_Finkler: folds 
Uncalled bet (1072) returned to Mahu2021
Mahu2021 collected 120 from pot
Mahu2021: doesn't show hand 
*** SUMMARY ***
Total pot 120 | Rake 0 
Seat 1: Mahu2021 (button) (small blind) collected (120)
Seat 2: Cris_Finkler (big blind) folded before Flop



PokerStars Hand #253309844601: Tournament #3821360360, $1.84+$0.16 USD Hold'em No Limit - Level IV (30/60) - 2024/11/08 15:13:03 CET [2024/11/08 9:13:03 ET]
Table '3821360360 1' 3-max Seat #2 is the button
Seat 1: Mahu2021 (1192 in chips) 
Seat 2: Cris_Finkler (308 in chips) 
Cris_Finkler: posts small blind 30
Mahu2021: posts big blind 60
*** HOLE CARDS ***
Dealt to Mahu2021 [Qs 8h]
Cris_Finkler: raises 248 to 308 and is all-in
Mahu2021: calls 248
*** FLOP *** [5c 6h 9s]
*** TURN *** [5c 6h 9s] [As]
*** RIVER *** [5c 6h 9s As] [2c]
*** SHOW DOWN ***
Mahu2021: shows [Qs 8h] (high card Ace)
Cris_Finkler: shows [Qh Jd] (high card Ace - Queen+Jack kicker)
Cris_Finkler collected 616 from pot
*** SUMMARY ***
Total pot 616 | Rake 0 
Board [5c 6h 9s As 2c]
Seat 1: Mahu2021 (big blind) showed [Qs 8h] and lost with high card Ace
Seat 2: Cris_Finkler (button) (small blind) showed [Qh Jd] and won (616) with high card Ace



PokerStars Hand #253309846886: Tournament #3821360360, $1.84+$0.16 USD Hold'em No Limit - Level IV (30/60) - 2024/11/08 15:13:16 CET [2024/11/08 9:13:16 ET]
Table '3821360360 1' 3-max Seat #1 is the button
Seat 1: Mahu2021 (884 in chips) 
Seat 2: Cris_Finkler (616 in chips) 
Mahu2021: posts small blind 30
Cris_Finkler: posts big blind 60
*** HOLE CARDS ***
Dealt to Mahu2021 [8h Tc]
Mahu2021: raises 60 to 120
Cris_Finkler: calls 60
*** FLOP *** [6c 7c Jc]
Cris_Finkler: checks 
Mahu2021: bets 120
Cris_Finkler: calls 120
*** TURN *** [6c 7c Jc] [4h]
Cris_Finkler: checks 
Mahu2021: bets 644 and is all-in
Cris_Finkler: calls 376 and is all-in
Uncalled bet (268) returned to Mahu2021
*** RIVER *** [6c 7c Jc 4h] [6s]
*** SHOW DOWN ***
Cris_Finkler: shows [Qc 8c] (a flush, Queen high)
Mahu2021: shows [8h Tc] (a pair of Sixes)
Cris_Finkler collected 1232 from pot
*** SUMMARY ***
Total pot 1232 | Rake 0 
Board [6c 7c Jc 4h 6s]
Seat 1: Mahu2021 (button) (small blind) showed [8h Tc] and lost with a pair of Sixes
Seat 2: Cris_Finkler (big blind) showed [Qc 8c] and won (1232) with a flush, Queen high



PokerStars Hand #253309851261: Tournament #3821360360, $1.84+$0.16 USD Hold'em No Limit - Level V (40/80) - 2024/11/08 15:13:43 CET [2024/11/08 9:13:43 ET]
Table '3821360360 1' 3-max Seat #2 is the button
Seat 1: Mahu2021 (268 in chips) 
Seat 2: Cris_Finkler (1232 in chips) 
Cris_Finkler: posts small blind 40
Mahu2021: posts big blind 80
*** HOLE CARDS ***
Dealt to Mahu2021 [Th 5s]
Cris_Finkler: folds 
Uncalled bet (40) returned to Mahu2021
Mahu2021 collected 80 from pot
Mahu2021: doesn't show hand 
*** SUMMARY ***
Total pot 80 | Rake 0 
Seat 1: Mahu2021 (big blind) collected (80)
Seat 2: Cris_Finkler (button) (small blind) folded before Flop



PokerStars Hand #253309852474: Tournament #3821360360, $1.84+$0.16 USD Hold'em No Limit - Level V (40/80) - 2024/11/08 15:13:50 CET [2024/11/08 9:13:50 ET]
Table '3821360360 1' 3-max Seat #1 is the button
Seat 1: Mahu2021 (308 in chips) 
Seat 2: Cris_Finkler (1192 in chips) 
Mahu2021: posts small blind 40
Cris_Finkler: posts big blind 80
*** HOLE CARDS ***
Dealt to Mahu2021 [6c 8s]
Mahu2021: folds 
Uncalled bet (40) returned to Cris_Finkler
Cris_Finkler collected 80 from pot
*** SUMMARY ***
Total pot 80 | Rake 0 
Seat 1: Mahu2021 (button) (small blind) folded before Flop
Seat 2: Cris_Finkler (big blind) collected (80)



PokerStars Hand #253309853310: Tournament #3821360360, $1.84+$0.16 USD Hold'em No Limit - Level V (40/80) - 2024/11/08 15:13:55 CET [2024/11/08 9:13:55 ET]
Table '3821360360 1' 3-max Seat #2 is the button
Seat 1: Mahu2021 (268 in chips) 
Seat 2: Cris_Finkler (1232 in chips) 
Cris_Finkler: posts small blind 40
Mahu2021: posts big blind 80
*** HOLE CARDS ***
Dealt to Mahu2021 [2c 2h]
Cris_Finkler: raises 1152 to 1232 and is all-in
Mahu2021: calls 188 and is all-in
Uncalled bet (964) returned to Cris_Finkler
*** FLOP *** [Kh 6s Js]
*** TURN *** [Kh 6s Js] [Qh]
*** RIVER *** [Kh 6s Js Qh] [6h]
*** SHOW DOWN ***
Mahu2021: shows [2c 2h] (two pair, Sixes and Deuces)
Cris_Finkler: shows [7d 8d] (a pair of Sixes)
Mahu2021 collected 536 from pot
*** SUMMARY ***
Total pot 536 | Rake 0 
Board [Kh 6s Js Qh 6h]
Seat 1: Mahu2021 (big blind) showed [2c 2h] and won (536) with two pair, Sixes and Deuces
Seat 2: Cris_Finkler (button) (small blind) showed [7d 8d] and lost with a pair of Sixes



PokerStars Hand #253309855443: Tournament #3821360360, $1.84+$0.16 USD Hold'em No Limit - Level V (40/80) - 2024/11/08 15:14:08 CET [2024/11/08 9:14:08 ET]
Table '3821360360 1' 3-max Seat #1 is the button
Seat 1: Mahu2021 (536 in chips) 
Seat 2: Cris_Finkler (964 in chips) 
Mahu2021: posts small blind 40
Cris_Finkler: posts big blind 80
*** HOLE CARDS ***
Dealt to Mahu2021 [3d 2h]
Mahu2021: folds 
Uncalled bet (40) returned to Cris_Finkler
Cris_Finkler collected 80 from pot
*** SUMMARY ***
Total pot 80 | Rake 0 
Seat 1: Mahu2021 (button) (small blind) folded before Flop
Seat 2: Cris_Finkler (big blind) collected (80)



PokerStars Hand #253309856230: Tournament #3821360360, $1.84+$0.16 USD Hold'em No Limit - Level V (40/80) - 2024/11/08 15:14:13 CET [2024/11/08 9:14:13 ET]
Table '3821360360 1' 3-max Seat #2 is the button
Seat 1: Mahu2021 (496 in chips) 
Seat 2: Cris_Finkler (1004 in chips) 
Cris_Finkler: posts small blind 40
Mahu2021: posts big blind 80
*** HOLE CARDS ***
Dealt to Mahu2021 [3d Tc]
Cris_Finkler: folds 
Uncalled bet (40) returned to Mahu2021
Mahu2021 collected 80 from pot
Mahu2021: doesn't show hand 
*** SUMMARY ***
Total pot 80 | Rake 0 
Seat 1: Mahu2021 (big blind) collected (80)
Seat 2: Cris_Finkler (button) (small blind) folded before Flop



PokerStars Hand #253309857141: Tournament #3821360360, $1.84+$0.16 USD Hold'em No Limit - Level V (40/80) - 2024/11/08 15:14:18 CET [2024/11/08 9:14:18 ET]
Table '3821360360 1' 3-max Seat #1 is the button
Seat 1: Mahu2021 (536 in chips) 
Seat 2: Cris_Finkler (964 in chips) 
Mahu2021: posts small blind 40
Cris_Finkler: posts big blind 80
*** HOLE CARDS ***
Dealt to Mahu2021 [Ac 2c]
Mahu2021: raises 80 to 160
Cris_Finkler: folds 
Uncalled bet (80) returned to Mahu2021
Mahu2021 collected 160 from pot
Mahu2021: doesn't show hand 
*** SUMMARY ***
Total pot 160 | Rake 0 
Seat 1: Mahu2021 (button) (small blind) collected (160)
Seat 2: Cris_Finkler (big blind) folded before Flop



PokerStars Hand #253309858195: Tournament #3821360360, $1.84+$0.16 USD Hold'em No Limit - Level V (40/80) - 2024/11/08 15:14:24 CET [2024/11/08 9:14:24 ET]
Table '3821360360 1' 3-max Seat #2 is the button
Seat 1: Mahu2021 (616 in chips) 
Seat 2: Cris_Finkler (884 in chips) 
Cris_Finkler: posts small blind 40
Mahu2021: posts big blind 80
*** HOLE CARDS ***
Dealt to Mahu2021 [8h Qs]
Cris_Finkler: raises 804 to 884 and is all-in
Mahu2021: folds 
Uncalled bet (804) returned to Cris_Finkler
Cris_Finkler collected 160 from pot
*** SUMMARY ***
Total pot 160 | Rake 0 
Seat 1: Mahu2021 (big blind) folded before Flop
Seat 2: Cris_Finkler (button) (small blind) collected (160)



PokerStars Hand #253309859310: Tournament #3821360360, $1.84+$0.16 USD Hold'em No Limit - Level V (40/80) - 2024/11/08 15:14:31 CET [2024/11/08 9:14:31 ET]
Table '3821360360 1' 3-max Seat #1 is the button
Seat 1: Mahu2021 (536 in chips) 
Seat 2: Cris_Finkler (964 in chips) 
Mahu2021: posts small blind 40
Cris_Finkler: posts big blind 80
*** HOLE CARDS ***
Dealt to Mahu2021 [9d Jh]
Mahu2021: raises 80 to 160
Cris_Finkler: raises 804 to 964 and is all-in
Mahu2021: folds 
Uncalled bet (804) returned to Cris_Finkler
Cris_Finkler collected 320 from pot
*** SUMMARY ***
Total pot 320 | Rake 0 
Seat 1: Mahu2021 (button) (small blind) folded before Flop
Seat 2: Cris_Finkler (big blind) collected (320)



PokerStars Hand #253309861235: Tournament #3821360360, $1.84+$0.16 USD Hold'em No Limit - Level V (40/80) - 2024/11/08 15:14:42 CET [2024/11/08 9:14:42 ET]
Table '3821360360 1' 3-max Seat #2 is the button
Seat 1: Mahu2021 (376 in chips) 
Seat 2: Cris_Finkler (1124 in chips) 
Cris_Finkler: posts small blind 40
Mahu2021: posts big blind 80
*** HOLE CARDS ***
Dealt to Mahu2021 [3s 3d]
Cris_Finkler: raises 1044 to 1124 and is all-in
Mahu2021: calls 296 and is all-in
Uncalled bet (748) returned to Cris_Finkler
*** FLOP *** [Qh 7s Kd]
*** TURN *** [Qh 7s Kd] [7h]
*** RIVER *** [Qh 7s Kd 7h] [Jc]
*** SHOW DOWN ***
Mahu2021: shows [3s 3d] (two pair, Sevens and Threes)
Cris_Finkler: shows [9d Td] (a straight, Nine to King)
Cris_Finkler collected 752 from pot
Mahu2021 finished the tournament in 2nd place
Cris_Finkler wins the tournament and receives $4.00 - congratulations!
*** SUMMARY ***
Total pot 752 | Rake 0 
Board [Qh 7s Kd 7h Jc]
Seat 1: Mahu2021 (big blind) showed [3s 3d] and lost with two pair, Sevens and Threes
Seat 2: Cris_Finkler (button) (small blind) showed [9d Td] and won (752) with a straight, Nine to King



