PokerStars Hand #252736366081: Tournament #3807448822, $1.84+$0.16 USD Hold'em No Limit - Level I (10/20) - 2024/10/02 17:26:50 CET [2024/10/02 11:26:50 ET]
Table '3807448822 1' 3-max Seat #1 is the button
Seat 1: king_ve (500 in chips) 
Seat 2: Mahu2021 (500 in chips) 
Seat 3: fling 69 (500 in chips) 
Mahu2021: posts small blind 10
fling 69: posts big blind 20
*** HOLE CARDS ***
Dealt to Mahu2021 [Qh 2d]
king_ve: folds 
Mahu2021: folds 
Uncalled bet (10) returned to fling 69
fling 69 collected 20 from pot
fling 69: doesn't show hand 
*** SUMMARY ***
Total pot 20 | Rake 0 
Seat 1: king_ve (button) folded before Flop (didn't bet)
Seat 2: Mahu2021 (small blind) folded before Flop
Seat 3: fling 69 (big blind) collected (20)



PokerStars Hand #252736368073: Tournament #3807448822, $1.84+$0.16 USD Hold'em No Limit - Level I (10/20) - 2024/10/02 17:26:59 CET [2024/10/02 11:26:59 ET]
Table '3807448822 1' 3-max Seat #2 is the button
Seat 1: king_ve (500 in chips) 
Seat 2: Mahu2021 (490 in chips) 
Seat 3: fling 69 (510 in chips) 
fling 69: posts small blind 10
king_ve: posts big blind 20
*** HOLE CARDS ***
Dealt to Mahu2021 [Ac Kc]
Mahu2021: raises 20 to 40
fling 69: folds 
king_ve: folds 
Uncalled bet (20) returned to Mahu2021
Mahu2021 collected 50 from pot
Mahu2021: doesn't show hand 
*** SUMMARY ***
Total pot 50 | Rake 0 
Seat 1: king_ve (big blind) folded before Flop
Seat 2: Mahu2021 (button) collected (50)
Seat 3: fling 69 (small blind) folded before Flop



PokerStars Hand #252736370423: Tournament #3807448822, $1.84+$0.16 USD Hold'em No Limit - Level I (10/20) - 2024/10/02 17:27:10 CET [2024/10/02 11:27:10 ET]
Table '3807448822 1' 3-max Seat #3 is the button
Seat 1: king_ve (480 in chips) 
Seat 2: Mahu2021 (520 in chips) 
Seat 3: fling 69 (500 in chips) 
king_ve: posts small blind 10
Mahu2021: posts big blind 20
*** HOLE CARDS ***
Dealt to Mahu2021 [3s Ks]
fling 69: folds 
king_ve: raises 20 to 40
Mahu2021: calls 20
*** FLOP *** [Kd Ac 2s]
king_ve: bets 30
Mahu2021: calls 30
*** TURN *** [Kd Ac 2s] [3d]
king_ve: checks 
Mahu2021: bets 140
king_ve: folds 
Uncalled bet (140) returned to Mahu2021
Mahu2021 collected 140 from pot
Mahu2021: doesn't show hand 
*** SUMMARY ***
Total pot 140 | Rake 0 
Board [Kd Ac 2s 3d]
Seat 1: king_ve (small blind) folded on the Turn
Seat 2: Mahu2021 (big blind) collected (140)
Seat 3: fling 69 (button) folded before Flop (didn't bet)



PokerStars Hand #252736376639: Tournament #3807448822, $1.84+$0.16 USD Hold'em No Limit - Level I (10/20) - 2024/10/02 17:27:40 CET [2024/10/02 11:27:40 ET]
Table '3807448822 1' 3-max Seat #1 is the button
Seat 1: king_ve (410 in chips) 
Seat 2: Mahu2021 (590 in chips) 
Seat 3: fling 69 (500 in chips) 
Mahu2021: posts small blind 10
fling 69: posts big blind 20
*** HOLE CARDS ***
Dealt to Mahu2021 [3c 9s]
king_ve: folds 
Mahu2021: folds 
Uncalled bet (10) returned to fling 69
fling 69 collected 20 from pot
fling 69: doesn't show hand 
*** SUMMARY ***
Total pot 20 | Rake 0 
Seat 1: king_ve (button) folded before Flop (didn't bet)
Seat 2: Mahu2021 (small blind) folded before Flop
Seat 3: fling 69 (big blind) collected (20)



PokerStars Hand #252736377647: Tournament #3807448822, $1.84+$0.16 USD Hold'em No Limit - Level I (10/20) - 2024/10/02 17:27:45 CET [2024/10/02 11:27:45 ET]
Table '3807448822 1' 3-max Seat #2 is the button
Seat 1: king_ve (410 in chips) 
Seat 2: Mahu2021 (580 in chips) 
Seat 3: fling 69 (510 in chips) 
fling 69: posts small blind 10
king_ve: posts big blind 20
*** HOLE CARDS ***
Dealt to Mahu2021 [2h Jd]
Mahu2021: folds 
fling 69: folds 
Uncalled bet (10) returned to king_ve
king_ve collected 20 from pot
*** SUMMARY ***
Total pot 20 | Rake 0 
Seat 1: king_ve (big blind) collected (20)
Seat 2: Mahu2021 (button) folded before Flop (didn't bet)
Seat 3: fling 69 (small blind) folded before Flop



PokerStars Hand #252736379034: Tournament #3807448822, $1.84+$0.16 USD Hold'em No Limit - Level I (10/20) - 2024/10/02 17:27:51 CET [2024/10/02 11:27:51 ET]
Table '3807448822 1' 3-max Seat #3 is the button
Seat 1: king_ve (420 in chips) 
Seat 2: Mahu2021 (580 in chips) 
Seat 3: fling 69 (500 in chips) 
king_ve: posts small blind 10
Mahu2021: posts big blind 20
*** HOLE CARDS ***
Dealt to Mahu2021 [6d Kc]
fling 69: folds 
king_ve: raises 20 to 40
Mahu2021: calls 20
*** FLOP *** [Js Td Ac]
king_ve: bets 30
Mahu2021: calls 30
*** TURN *** [Js Td Ac] [5d]
king_ve: bets 70
Mahu2021: folds 
Uncalled bet (70) returned to king_ve
king_ve collected 140 from pot
*** SUMMARY ***
Total pot 140 | Rake 0 
Board [Js Td Ac 5d]
Seat 1: king_ve (small blind) collected (140)
Seat 2: Mahu2021 (big blind) folded on the Turn
Seat 3: fling 69 (button) folded before Flop (didn't bet)



PokerStars Hand #252736383638: Tournament #3807448822, $1.84+$0.16 USD Hold'em No Limit - Level I (10/20) - 2024/10/02 17:28:13 CET [2024/10/02 11:28:13 ET]
Table '3807448822 1' 3-max Seat #1 is the button
Seat 1: king_ve (490 in chips) 
Seat 2: Mahu2021 (510 in chips) 
Seat 3: fling 69 (500 in chips) 
Mahu2021: posts small blind 10
fling 69: posts big blind 20
*** HOLE CARDS ***
Dealt to Mahu2021 [8d Qh]
king_ve: raises 20 to 40
Mahu2021: folds 
fling 69: folds 
Uncalled bet (20) returned to king_ve
king_ve collected 50 from pot
*** SUMMARY ***
Total pot 50 | Rake 0 
Seat 1: king_ve (button) collected (50)
Seat 2: Mahu2021 (small blind) folded before Flop
Seat 3: fling 69 (big blind) folded before Flop



PokerStars Hand #252736386382: Tournament #3807448822, $1.84+$0.16 USD Hold'em No Limit - Level I (10/20) - 2024/10/02 17:28:26 CET [2024/10/02 11:28:26 ET]
Table '3807448822 1' 3-max Seat #2 is the button
Seat 1: king_ve (520 in chips) 
Seat 2: Mahu2021 (500 in chips) 
Seat 3: fling 69 (480 in chips) 
fling 69: posts small blind 10
king_ve: posts big blind 20
*** HOLE CARDS ***
Dealt to Mahu2021 [8h 3d]
Mahu2021: folds 
fling 69: folds 
Uncalled bet (10) returned to king_ve
king_ve collected 20 from pot
*** SUMMARY ***
Total pot 20 | Rake 0 
Seat 1: king_ve (big blind) collected (20)
Seat 2: Mahu2021 (button) folded before Flop (didn't bet)
Seat 3: fling 69 (small blind) folded before Flop



PokerStars Hand #252736388516: Tournament #3807448822, $1.84+$0.16 USD Hold'em No Limit - Level I (10/20) - 2024/10/02 17:28:36 CET [2024/10/02 11:28:36 ET]
Table '3807448822 1' 3-max Seat #3 is the button
Seat 1: king_ve (530 in chips) 
Seat 2: Mahu2021 (500 in chips) 
Seat 3: fling 69 (470 in chips) 
king_ve: posts small blind 10
Mahu2021: posts big blind 20
*** HOLE CARDS ***
Dealt to Mahu2021 [Ac 6s]
fling 69: folds 
king_ve: folds 
Uncalled bet (10) returned to Mahu2021
Mahu2021 collected 20 from pot
Mahu2021: doesn't show hand 
*** SUMMARY ***
Total pot 20 | Rake 0 
Seat 1: king_ve (small blind) folded before Flop
Seat 2: Mahu2021 (big blind) collected (20)
Seat 3: fling 69 (button) folded before Flop (didn't bet)



PokerStars Hand #252736389849: Tournament #3807448822, $1.84+$0.16 USD Hold'em No Limit - Level I (10/20) - 2024/10/02 17:28:42 CET [2024/10/02 11:28:42 ET]
Table '3807448822 1' 3-max Seat #1 is the button
Seat 1: king_ve (520 in chips) 
Seat 2: Mahu2021 (510 in chips) 
Seat 3: fling 69 (470 in chips) 
Mahu2021: posts small blind 10
fling 69: posts big blind 20
*** HOLE CARDS ***
Dealt to Mahu2021 [Ts Qd]
king_ve: folds 
Mahu2021: raises 20 to 40
fling 69: calls 20
*** FLOP *** [4h 2s Kd]
Mahu2021: checks 
fling 69: bets 80
Mahu2021: folds 
Uncalled bet (80) returned to fling 69
fling 69 collected 80 from pot
fling 69: doesn't show hand 
*** SUMMARY ***
Total pot 80 | Rake 0 
Board [4h 2s Kd]
Seat 1: king_ve (button) folded before Flop (didn't bet)
Seat 2: Mahu2021 (small blind) folded on the Flop
Seat 3: fling 69 (big blind) collected (80)



PokerStars Hand #252736392683: Tournament #3807448822, $1.84+$0.16 USD Hold'em No Limit - Level I (10/20) - 2024/10/02 17:28:55 CET [2024/10/02 11:28:55 ET]
Table '3807448822 1' 3-max Seat #2 is the button
Seat 1: king_ve (520 in chips) 
Seat 2: Mahu2021 (470 in chips) 
Seat 3: fling 69 (510 in chips) 
fling 69: posts small blind 10
king_ve: posts big blind 20
*** HOLE CARDS ***
Dealt to Mahu2021 [Ts 6s]
Mahu2021: raises 20 to 40
fling 69: folds 
king_ve: folds 
Uncalled bet (20) returned to Mahu2021
Mahu2021 collected 50 from pot
Mahu2021: doesn't show hand 
*** SUMMARY ***
Total pot 50 | Rake 0 
Seat 1: king_ve (big blind) folded before Flop
Seat 2: Mahu2021 (button) collected (50)
Seat 3: fling 69 (small blind) folded before Flop



PokerStars Hand #252736394190: Tournament #3807448822, $1.84+$0.16 USD Hold'em No Limit - Level I (10/20) - 2024/10/02 17:29:03 CET [2024/10/02 11:29:03 ET]
Table '3807448822 1' 3-max Seat #3 is the button
Seat 1: king_ve (500 in chips) 
Seat 2: Mahu2021 (500 in chips) 
Seat 3: fling 69 (500 in chips) 
king_ve: posts small blind 10
Mahu2021: posts big blind 20
*** HOLE CARDS ***
Dealt to Mahu2021 [7d 7h]
fling 69: folds 
king_ve: raises 20 to 40
Mahu2021: calls 20
*** FLOP *** [4c Kh 3c]
king_ve: bets 30
Mahu2021: calls 30
*** TURN *** [4c Kh 3c] [6h]
king_ve: checks 
Mahu2021: bets 80
king_ve: folds 
Uncalled bet (80) returned to Mahu2021
Mahu2021 collected 140 from pot
Mahu2021: doesn't show hand 
*** SUMMARY ***
Total pot 140 | Rake 0 
Board [4c Kh 3c 6h]
Seat 1: king_ve (small blind) folded on the Turn
Seat 2: Mahu2021 (big blind) collected (140)
Seat 3: fling 69 (button) folded before Flop (didn't bet)



PokerStars Hand #252736400457: Tournament #3807448822, $1.84+$0.16 USD Hold'em No Limit - Level I (10/20) - 2024/10/02 17:29:32 CET [2024/10/02 11:29:32 ET]
Table '3807448822 1' 3-max Seat #1 is the button
Seat 1: king_ve (430 in chips) 
Seat 2: Mahu2021 (570 in chips) 
Seat 3: fling 69 (500 in chips) 
Mahu2021: posts small blind 10
fling 69: posts big blind 20
*** HOLE CARDS ***
Dealt to Mahu2021 [Ac Ah]
king_ve: raises 20 to 40
Mahu2021: raises 530 to 570 and is all-in
fling 69: folds 
king_ve: folds 
Uncalled bet (530) returned to Mahu2021
Mahu2021 collected 100 from pot
Mahu2021: doesn't show hand 
*** SUMMARY ***
Total pot 100 | Rake 0 
Seat 1: king_ve (button) folded before Flop
Seat 2: Mahu2021 (small blind) collected (100)
Seat 3: fling 69 (big blind) folded before Flop



PokerStars Hand #252736403257: Tournament #3807448822, $1.84+$0.16 USD Hold'em No Limit - Level I (10/20) - 2024/10/02 17:29:45 CET [2024/10/02 11:29:45 ET]
Table '3807448822 1' 3-max Seat #2 is the button
Seat 1: king_ve (390 in chips) 
Seat 2: Mahu2021 (630 in chips) 
Seat 3: fling 69 (480 in chips) 
fling 69: posts small blind 10
king_ve: posts big blind 20
*** HOLE CARDS ***
Dealt to Mahu2021 [Ts As]
Mahu2021: raises 20 to 40
fling 69: calls 30
king_ve: folds 
*** FLOP *** [2d Tc 4h]
fling 69: checks 
Mahu2021: bets 40
fling 69: folds 
Uncalled bet (40) returned to Mahu2021
Mahu2021 collected 100 from pot
Mahu2021: doesn't show hand 
*** SUMMARY ***
Total pot 100 | Rake 0 
Board [2d Tc 4h]
Seat 1: king_ve (big blind) folded before Flop
Seat 2: Mahu2021 (button) collected (100)
Seat 3: fling 69 (small blind) folded on the Flop



PokerStars Hand #252736410489: Tournament #3807448822, $1.84+$0.16 USD Hold'em No Limit - Level II (15/30) - 2024/10/02 17:30:19 CET [2024/10/02 11:30:19 ET]
Table '3807448822 1' 3-max Seat #3 is the button
Seat 1: king_ve (370 in chips) 
Seat 2: Mahu2021 (690 in chips) 
Seat 3: fling 69 (440 in chips) 
king_ve: posts small blind 15
Mahu2021: posts big blind 30
*** HOLE CARDS ***
Dealt to Mahu2021 [3d Th]
fling 69: folds 
king_ve: raises 30 to 60
Mahu2021: folds 
Uncalled bet (30) returned to king_ve
king_ve collected 60 from pot
*** SUMMARY ***
Total pot 60 | Rake 0 
Seat 1: king_ve (small blind) collected (60)
Seat 2: Mahu2021 (big blind) folded before Flop
Seat 3: fling 69 (button) folded before Flop (didn't bet)



PokerStars Hand #252736415213: Tournament #3807448822, $1.84+$0.16 USD Hold'em No Limit - Level II (15/30) - 2024/10/02 17:30:40 CET [2024/10/02 11:30:40 ET]
Table '3807448822 1' 3-max Seat #1 is the button
Seat 1: king_ve (400 in chips) 
Seat 2: Mahu2021 (660 in chips) 
Seat 3: fling 69 (440 in chips) 
Mahu2021: posts small blind 15
fling 69: posts big blind 30
*** HOLE CARDS ***
Dealt to Mahu2021 [7h 9s]
king_ve: folds 
Mahu2021: calls 15
fling 69: checks 
*** FLOP *** [9d Ad 5s]
Mahu2021: checks 
fling 69: checks 
*** TURN *** [9d Ad 5s] [8c]
Mahu2021: bets 30
fling 69: folds 
Uncalled bet (30) returned to Mahu2021
Mahu2021 collected 60 from pot
Mahu2021: doesn't show hand 
*** SUMMARY ***
Total pot 60 | Rake 0 
Board [9d Ad 5s 8c]
Seat 1: king_ve (button) folded before Flop (didn't bet)
Seat 2: Mahu2021 (small blind) collected (60)
Seat 3: fling 69 (big blind) folded on the Turn



PokerStars Hand #252736418823: Tournament #3807448822, $1.84+$0.16 USD Hold'em No Limit - Level II (15/30) - 2024/10/02 17:30:57 CET [2024/10/02 11:30:57 ET]
Table '3807448822 1' 3-max Seat #2 is the button
Seat 1: king_ve (400 in chips) 
Seat 2: Mahu2021 (690 in chips) 
Seat 3: fling 69 (410 in chips) 
fling 69: posts small blind 15
king_ve: posts big blind 30
*** HOLE CARDS ***
Dealt to Mahu2021 [Js 7d]
Mahu2021: folds 
fling 69: folds 
Uncalled bet (15) returned to king_ve
king_ve collected 30 from pot
*** SUMMARY ***
Total pot 30 | Rake 0 
Seat 1: king_ve (big blind) collected (30)
Seat 2: Mahu2021 (button) folded before Flop (didn't bet)
Seat 3: fling 69 (small blind) folded before Flop



PokerStars Hand #252736419913: Tournament #3807448822, $1.84+$0.16 USD Hold'em No Limit - Level II (15/30) - 2024/10/02 17:31:02 CET [2024/10/02 11:31:02 ET]
Table '3807448822 1' 3-max Seat #3 is the button
Seat 1: king_ve (415 in chips) 
Seat 2: Mahu2021 (690 in chips) 
Seat 3: fling 69 (395 in chips) 
king_ve: posts small blind 15
Mahu2021: posts big blind 30
*** HOLE CARDS ***
Dealt to Mahu2021 [Ts 9s]
fling 69: folds 
king_ve: raises 30 to 60
Mahu2021: calls 30
*** FLOP *** [2s Kh 9h]
king_ve: bets 90
Mahu2021: calls 90
*** TURN *** [2s Kh 9h] [2c]
king_ve: checks 
Mahu2021: bets 540 and is all-in
king_ve: folds 
Uncalled bet (540) returned to Mahu2021
Mahu2021 collected 300 from pot
Mahu2021: doesn't show hand 
*** SUMMARY ***
Total pot 300 | Rake 0 
Board [2s Kh 9h 2c]
Seat 1: king_ve (small blind) folded on the Turn
Seat 2: Mahu2021 (big blind) collected (300)
Seat 3: fling 69 (button) folded before Flop (didn't bet)



PokerStars Hand #252736426338: Tournament #3807448822, $1.84+$0.16 USD Hold'em No Limit - Level II (15/30) - 2024/10/02 17:31:32 CET [2024/10/02 11:31:32 ET]
Table '3807448822 1' 3-max Seat #1 is the button
Seat 1: king_ve (265 in chips) 
Seat 2: Mahu2021 (840 in chips) 
Seat 3: fling 69 (395 in chips) 
Mahu2021: posts small blind 15
fling 69: posts big blind 30
*** HOLE CARDS ***
Dealt to Mahu2021 [9c Ac]
king_ve: folds 
Mahu2021: raises 30 to 60
fling 69: calls 30
*** FLOP *** [8s 2s 9d]
Mahu2021: bets 60
fling 69: folds 
Uncalled bet (60) returned to Mahu2021
Mahu2021 collected 120 from pot
Mahu2021: doesn't show hand 
*** SUMMARY ***
Total pot 120 | Rake 0 
Board [8s 2s 9d]
Seat 1: king_ve (button) folded before Flop (didn't bet)
Seat 2: Mahu2021 (small blind) collected (120)
Seat 3: fling 69 (big blind) folded on the Flop



PokerStars Hand #252736429545: Tournament #3807448822, $1.84+$0.16 USD Hold'em No Limit - Level II (15/30) - 2024/10/02 17:31:47 CET [2024/10/02 11:31:47 ET]
Table '3807448822 1' 3-max Seat #2 is the button
Seat 1: king_ve (265 in chips) 
Seat 2: Mahu2021 (900 in chips) 
Seat 3: fling 69 (335 in chips) 
fling 69: posts small blind 15
king_ve: posts big blind 30
*** HOLE CARDS ***
Dealt to Mahu2021 [5d Kc]
Mahu2021: folds 
fling 69: raises 60 to 90
king_ve: raises 175 to 265 and is all-in
fling 69: calls 175
*** FLOP *** [9h 3h 2s]
*** TURN *** [9h 3h 2s] [5c]
*** RIVER *** [9h 3h 2s 5c] [4s]
*** SHOW DOWN ***
fling 69: shows [Ac Qd] (a straight, Ace to Five)
king_ve: shows [Jd Kd] (high card King)
fling 69 collected 530 from pot
king_ve finished the tournament in 3rd place
*** SUMMARY ***
Total pot 530 | Rake 0 
Board [9h 3h 2s 5c 4s]
Seat 1: king_ve (big blind) showed [Jd Kd] and lost with high card King
Seat 2: Mahu2021 (button) folded before Flop (didn't bet)
Seat 3: fling 69 (small blind) showed [Ac Qd] and won (530) with a straight, Ace to Five



PokerStars Hand #252736433918: Tournament #3807448822, $1.84+$0.16 USD Hold'em No Limit - Level II (15/30) - 2024/10/02 17:32:07 CET [2024/10/02 11:32:07 ET]
Table '3807448822 1' 3-max Seat #3 is the button
Seat 2: Mahu2021 (900 in chips) 
Seat 3: fling 69 (600 in chips) 
fling 69: posts small blind 15
Mahu2021: posts big blind 30
*** HOLE CARDS ***
Dealt to Mahu2021 [3h 6d]
fling 69: raises 30 to 60
Mahu2021: calls 30
*** FLOP *** [8s 8d Kc]
Mahu2021: checks 
fling 69: checks 
*** TURN *** [8s 8d Kc] [8h]
Mahu2021: bets 60
fling 69: folds 
Uncalled bet (60) returned to Mahu2021
Mahu2021 collected 120 from pot
Mahu2021: doesn't show hand 
*** SUMMARY ***
Total pot 120 | Rake 0 
Board [8s 8d Kc 8h]
Seat 2: Mahu2021 (big blind) collected (120)
Seat 3: fling 69 (button) (small blind) folded on the Turn



PokerStars Hand #252736437635: Tournament #3807448822, $1.84+$0.16 USD Hold'em No Limit - Level II (15/30) - 2024/10/02 17:32:24 CET [2024/10/02 11:32:24 ET]
Table '3807448822 1' 3-max Seat #2 is the button
Seat 2: Mahu2021 (960 in chips) 
Seat 3: fling 69 (540 in chips) 
Mahu2021: posts small blind 15
fling 69: posts big blind 30
*** HOLE CARDS ***
Dealt to Mahu2021 [4h 5c]
Mahu2021: calls 15
fling 69: checks 
*** FLOP *** [4c 9d 5d]
fling 69: bets 30
Mahu2021: calls 30
*** TURN *** [4c 9d 5d] [Ts]
fling 69: bets 30
Mahu2021: calls 30
*** RIVER *** [4c 9d 5d Ts] [6c]
fling 69: checks 
Mahu2021: bets 60
fling 69: folds 
Uncalled bet (60) returned to Mahu2021
Mahu2021 collected 180 from pot
Mahu2021: doesn't show hand 
*** SUMMARY ***
Total pot 180 | Rake 0 
Board [4c 9d 5d Ts 6c]
Seat 2: Mahu2021 (button) (small blind) collected (180)
Seat 3: fling 69 (big blind) folded on the River



PokerStars Hand #252736441734: Tournament #3807448822, $1.84+$0.16 USD Hold'em No Limit - Level II (15/30) - 2024/10/02 17:32:43 CET [2024/10/02 11:32:43 ET]
Table '3807448822 1' 3-max Seat #3 is the button
Seat 2: Mahu2021 (1050 in chips) 
Seat 3: fling 69 (450 in chips) 
fling 69: posts small blind 15
Mahu2021: posts big blind 30
*** HOLE CARDS ***
Dealt to Mahu2021 [7c Kc]
fling 69: raises 30 to 60
Mahu2021: calls 30
*** FLOP *** [7d 8h Th]
Mahu2021: checks 
fling 69: bets 390 and is all-in
Mahu2021: folds 
Uncalled bet (390) returned to fling 69
fling 69 collected 120 from pot
fling 69: doesn't show hand 
*** SUMMARY ***
Total pot 120 | Rake 0 
Board [7d 8h Th]
Seat 2: Mahu2021 (big blind) folded on the Flop
Seat 3: fling 69 (button) (small blind) collected (120)



PokerStars Hand #252736445057: Tournament #3807448822, $1.84+$0.16 USD Hold'em No Limit - Level III (20/40) - 2024/10/02 17:32:58 CET [2024/10/02 11:32:58 ET]
Table '3807448822 1' 3-max Seat #2 is the button
Seat 2: Mahu2021 (990 in chips) 
Seat 3: fling 69 (510 in chips) 
Mahu2021: posts small blind 20
fling 69: posts big blind 40
*** HOLE CARDS ***
Dealt to Mahu2021 [As 2h]
Mahu2021: raises 40 to 80
fling 69: calls 40
*** FLOP *** [2d 3h 8d]
fling 69: bets 430 and is all-in
Mahu2021: folds 
Uncalled bet (430) returned to fling 69
fling 69 collected 160 from pot
fling 69: doesn't show hand 
*** SUMMARY ***
Total pot 160 | Rake 0 
Board [2d 3h 8d]
Seat 2: Mahu2021 (button) (small blind) folded on the Flop
Seat 3: fling 69 (big blind) collected (160)



PokerStars Hand #252736448901: Tournament #3807448822, $1.84+$0.16 USD Hold'em No Limit - Level III (20/40) - 2024/10/02 17:33:16 CET [2024/10/02 11:33:16 ET]
Table '3807448822 1' 3-max Seat #3 is the button
Seat 2: Mahu2021 (910 in chips) 
Seat 3: fling 69 (590 in chips) 
fling 69: posts small blind 20
Mahu2021: posts big blind 40
*** HOLE CARDS ***
Dealt to Mahu2021 [3h Tc]
fling 69: folds 
Uncalled bet (20) returned to Mahu2021
Mahu2021 collected 40 from pot
Mahu2021: doesn't show hand 
*** SUMMARY ***
Total pot 40 | Rake 0 
Seat 2: Mahu2021 (big blind) collected (40)
Seat 3: fling 69 (button) (small blind) folded before Flop



PokerStars Hand #252736449948: Tournament #3807448822, $1.84+$0.16 USD Hold'em No Limit - Level III (20/40) - 2024/10/02 17:33:21 CET [2024/10/02 11:33:21 ET]
Table '3807448822 1' 3-max Seat #2 is the button
Seat 2: Mahu2021 (930 in chips) 
Seat 3: fling 69 (570 in chips) 
Mahu2021: posts small blind 20
fling 69: posts big blind 40
*** HOLE CARDS ***
Dealt to Mahu2021 [7d Ac]
Mahu2021: raises 40 to 80
fling 69: calls 40
*** FLOP *** [Js 8d Ks]
fling 69: checks 
Mahu2021: checks 
*** TURN *** [Js 8d Ks] [2d]
fling 69: checks 
Mahu2021: checks 
*** RIVER *** [Js 8d Ks 2d] [Tc]
fling 69: checks 
Mahu2021: checks 
*** SHOW DOWN ***
fling 69: shows [3c 2c] (a pair of Deuces)
Mahu2021: mucks hand 
fling 69 collected 160 from pot
*** SUMMARY ***
Total pot 160 | Rake 0 
Board [Js 8d Ks 2d Tc]
Seat 2: Mahu2021 (button) (small blind) mucked [7d Ac]
Seat 3: fling 69 (big blind) showed [3c 2c] and won (160) with a pair of Deuces



PokerStars Hand #252736453790: Tournament #3807448822, $1.84+$0.16 USD Hold'em No Limit - Level III (20/40) - 2024/10/02 17:33:38 CET [2024/10/02 11:33:38 ET]
Table '3807448822 1' 3-max Seat #3 is the button
Seat 2: Mahu2021 (850 in chips) 
Seat 3: fling 69 (650 in chips) 
fling 69: posts small blind 20
Mahu2021: posts big blind 40
*** HOLE CARDS ***
Dealt to Mahu2021 [9d 7c]
fling 69: raises 80 to 120
Mahu2021: folds 
Uncalled bet (80) returned to fling 69
fling 69 collected 80 from pot
fling 69: doesn't show hand 
*** SUMMARY ***
Total pot 80 | Rake 0 
Seat 2: Mahu2021 (big blind) folded before Flop
Seat 3: fling 69 (button) (small blind) collected (80)



PokerStars Hand #252736455229: Tournament #3807448822, $1.84+$0.16 USD Hold'em No Limit - Level III (20/40) - 2024/10/02 17:33:45 CET [2024/10/02 11:33:45 ET]
Table '3807448822 1' 3-max Seat #2 is the button
Seat 2: Mahu2021 (810 in chips) 
Seat 3: fling 69 (690 in chips) 
Mahu2021: posts small blind 20
fling 69: posts big blind 40
*** HOLE CARDS ***
Dealt to Mahu2021 [2s 6d]
Mahu2021: folds 
Uncalled bet (20) returned to fling 69
fling 69 collected 40 from pot
fling 69: doesn't show hand 
*** SUMMARY ***
Total pot 40 | Rake 0 
Seat 2: Mahu2021 (button) (small blind) folded before Flop
Seat 3: fling 69 (big blind) collected (40)



PokerStars Hand #252736456107: Tournament #3807448822, $1.84+$0.16 USD Hold'em No Limit - Level III (20/40) - 2024/10/02 17:33:50 CET [2024/10/02 11:33:50 ET]
Table '3807448822 1' 3-max Seat #3 is the button
Seat 2: Mahu2021 (790 in chips) 
Seat 3: fling 69 (710 in chips) 
fling 69: posts small blind 20
Mahu2021: posts big blind 40
*** HOLE CARDS ***
Dealt to Mahu2021 [7s 7h]
fling 69: raises 80 to 120
Mahu2021: raises 670 to 790 and is all-in
fling 69: calls 590 and is all-in
Uncalled bet (80) returned to Mahu2021
*** FLOP *** [9d Jd Th]
*** TURN *** [9d Jd Th] [Ac]
*** RIVER *** [9d Jd Th Ac] [Qh]
*** SHOW DOWN ***
Mahu2021: shows [7s 7h] (a pair of Sevens)
fling 69: shows [6s Ad] (a pair of Aces)
fling 69 collected 1420 from pot
*** SUMMARY ***
Total pot 1420 | Rake 0 
Board [9d Jd Th Ac Qh]
Seat 2: Mahu2021 (big blind) showed [7s 7h] and lost with a pair of Sevens
Seat 3: fling 69 (button) (small blind) showed [6s Ad] and won (1420) with a pair of Aces



PokerStars Hand #252736459581: Tournament #3807448822, $1.84+$0.16 USD Hold'em No Limit - Level III (20/40) - 2024/10/02 17:34:06 CET [2024/10/02 11:34:06 ET]
Table '3807448822 1' 3-max Seat #2 is the button
Seat 2: Mahu2021 (80 in chips) 
Seat 3: fling 69 (1420 in chips) 
Mahu2021: posts small blind 20
fling 69: posts big blind 40
*** HOLE CARDS ***
Dealt to Mahu2021 [Qd Jd]
Mahu2021: raises 40 to 80 and is all-in
fling 69: calls 40
*** FLOP *** [6c 3d 5s]
*** TURN *** [6c 3d 5s] [7s]
*** RIVER *** [6c 3d 5s 7s] [Qh]
*** SHOW DOWN ***
fling 69: shows [4c Qs] (a straight, Three to Seven)
Mahu2021: shows [Qd Jd] (a pair of Queens)
fling 69 collected 160 from pot
Mahu2021 finished the tournament in 2nd place
fling 69 wins the tournament and receives $6.00 - congratulations!
*** SUMMARY ***
Total pot 160 | Rake 0 
Board [6c 3d 5s 7s Qh]
Seat 2: Mahu2021 (button) (small blind) showed [Qd Jd] and lost with a pair of Queens
Seat 3: fling 69 (big blind) showed [4c Qs] and won (160) with a straight, Three to Seven



