PokerStars Hand #253110050392: Tournament #3816694502, $1.84+$0.16 USD Hold'em No Limit - Level I (10/20) - 2024/10/26 15:52:10 CET [2024/10/26 9:52:10 ET]
Table '3816694502 1' 3-max Seat #1 is the button
Seat 1: Easttorp (500 in chips) 
Seat 2: kapara35 (500 in chips) 
Seat 3: Mahu2021 (500 in chips) 
kapara35: posts small blind 10
Mahu2021: posts big blind 20
*** HOLE CARDS ***
Dealt to Mahu2021 [Jd Kd]
Easttorp: folds 
kapara35: calls 10
Mahu2021: checks 
*** FLOP *** [7h Qs Jh]
kapara35: checks 
Mahu2021: bets 20
kapara35: folds 
Uncalled bet (20) returned to Mahu2021
Mahu2021 collected 40 from pot
Mahu2021: doesn't show hand 
*** SUMMARY ***
Total pot 40 | Rake 0 
Board [7h Qs Jh]
Seat 1: Easttorp (button) folded before Flop (didn't bet)
Seat 2: kapara35 (small blind) folded on the Flop
Seat 3: Mahu2021 (big blind) collected (40)



PokerStars Hand #253110052422: Tournament #3816694502, $1.84+$0.16 USD Hold'em No Limit - Level I (10/20) - 2024/10/26 15:52:21 CET [2024/10/26 9:52:21 ET]
Table '3816694502 1' 3-max Seat #2 is the button
Seat 1: Easttorp (500 in chips) 
Seat 2: kapara35 (480 in chips) 
Seat 3: Mahu2021 (520 in chips) 
Mahu2021: posts small blind 10
Easttorp: posts big blind 20
*** HOLE CARDS ***
Dealt to Mahu2021 [Jd 9s]
kapara35: folds 
Mahu2021: calls 10
Easttorp: checks 
*** FLOP *** [Qc Tc 5d]
Mahu2021: bets 20
Easttorp: folds 
Uncalled bet (20) returned to Mahu2021
Mahu2021 collected 40 from pot
Mahu2021: doesn't show hand 
*** SUMMARY ***
Total pot 40 | Rake 0 
Board [Qc Tc 5d]
Seat 1: Easttorp (big blind) folded on the Flop
Seat 2: kapara35 (button) folded before Flop (didn't bet)
Seat 3: Mahu2021 (small blind) collected (40)



PokerStars Hand #253110054659: Tournament #3816694502, $1.84+$0.16 USD Hold'em No Limit - Level I (10/20) - 2024/10/26 15:52:32 CET [2024/10/26 9:52:32 ET]
Table '3816694502 1' 3-max Seat #3 is the button
Seat 1: Easttorp (480 in chips) 
Seat 2: kapara35 (480 in chips) 
Seat 3: Mahu2021 (540 in chips) 
Easttorp: posts small blind 10
kapara35: posts big blind 20
*** HOLE CARDS ***
Dealt to Mahu2021 [Td Th]
Mahu2021: raises 20 to 40
Easttorp: folds 
kapara35: calls 20
*** FLOP *** [Js 8s 8h]
kapara35: checks 
Mahu2021: bets 40
kapara35: folds 
Uncalled bet (40) returned to Mahu2021
Mahu2021 collected 90 from pot
Mahu2021: doesn't show hand 
*** SUMMARY ***
Total pot 90 | Rake 0 
Board [Js 8s 8h]
Seat 1: Easttorp (small blind) folded before Flop
Seat 2: kapara35 (big blind) folded on the Flop
Seat 3: Mahu2021 (button) collected (90)



PokerStars Hand #253110058512: Tournament #3816694502, $1.84+$0.16 USD Hold'em No Limit - Level I (10/20) - 2024/10/26 15:52:53 CET [2024/10/26 9:52:53 ET]
Table '3816694502 1' 3-max Seat #1 is the button
Seat 1: Easttorp (470 in chips) 
Seat 2: kapara35 (440 in chips) 
Seat 3: Mahu2021 (590 in chips) 
kapara35: posts small blind 10
Mahu2021: posts big blind 20
*** HOLE CARDS ***
Dealt to Mahu2021 [6d Jd]
Easttorp: calls 20
kapara35: folds 
Mahu2021: checks 
*** FLOP *** [5c 3h Ad]
Mahu2021: checks 
Easttorp: bets 20
Mahu2021: calls 20
*** TURN *** [5c 3h Ad] [7s]
Mahu2021: checks 
Easttorp: bets 20
Mahu2021: folds 
Uncalled bet (20) returned to Easttorp
Easttorp collected 90 from pot
*** SUMMARY ***
Total pot 90 | Rake 0 
Board [5c 3h Ad 7s]
Seat 1: Easttorp (button) collected (90)
Seat 2: kapara35 (small blind) folded before Flop
Seat 3: Mahu2021 (big blind) folded on the Turn



PokerStars Hand #253110062443: Tournament #3816694502, $1.84+$0.16 USD Hold'em No Limit - Level I (10/20) - 2024/10/26 15:53:14 CET [2024/10/26 9:53:14 ET]
Table '3816694502 1' 3-max Seat #2 is the button
Seat 1: Easttorp (520 in chips) 
Seat 2: kapara35 (430 in chips) 
Seat 3: Mahu2021 (550 in chips) 
Mahu2021: posts small blind 10
Easttorp: posts big blind 20
*** HOLE CARDS ***
Dealt to Mahu2021 [7h Td]
kapara35: folds 
Mahu2021: folds 
Uncalled bet (10) returned to Easttorp
Easttorp collected 20 from pot
*** SUMMARY ***
Total pot 20 | Rake 0 
Seat 1: Easttorp (big blind) collected (20)
Seat 2: kapara35 (button) folded before Flop (didn't bet)
Seat 3: Mahu2021 (small blind) folded before Flop



PokerStars Hand #253110063805: Tournament #3816694502, $1.84+$0.16 USD Hold'em No Limit - Level I (10/20) - 2024/10/26 15:53:21 CET [2024/10/26 9:53:21 ET]
Table '3816694502 1' 3-max Seat #3 is the button
Seat 1: Easttorp (530 in chips) 
Seat 2: kapara35 (430 in chips) 
Seat 3: Mahu2021 (540 in chips) 
Easttorp: posts small blind 10
kapara35: posts big blind 20
*** HOLE CARDS ***
Dealt to Mahu2021 [5h Kc]
Mahu2021: raises 20 to 40
Easttorp: raises 490 to 530 and is all-in
kapara35: folds 
Mahu2021: folds 
Uncalled bet (490) returned to Easttorp
Easttorp collected 100 from pot
*** SUMMARY ***
Total pot 100 | Rake 0 
Seat 1: Easttorp (small blind) collected (100)
Seat 2: kapara35 (big blind) folded before Flop
Seat 3: Mahu2021 (button) folded before Flop



PokerStars Hand #253110065615: Tournament #3816694502, $1.84+$0.16 USD Hold'em No Limit - Level I (10/20) - 2024/10/26 15:53:31 CET [2024/10/26 9:53:31 ET]
Table '3816694502 1' 3-max Seat #1 is the button
Seat 1: Easttorp (590 in chips) 
Seat 2: kapara35 (410 in chips) 
Seat 3: Mahu2021 (500 in chips) 
kapara35: posts small blind 10
Mahu2021: posts big blind 20
*** HOLE CARDS ***
Dealt to Mahu2021 [As Kh]
Easttorp: folds 
kapara35: calls 10
Mahu2021: raises 60 to 80
kapara35: folds 
Uncalled bet (60) returned to Mahu2021
Mahu2021 collected 40 from pot
Mahu2021: doesn't show hand 
*** SUMMARY ***
Total pot 40 | Rake 0 
Seat 1: Easttorp (button) folded before Flop (didn't bet)
Seat 2: kapara35 (small blind) folded before Flop
Seat 3: Mahu2021 (big blind) collected (40)



PokerStars Hand #253110068462: Tournament #3816694502, $1.84+$0.16 USD Hold'em No Limit - Level I (10/20) - 2024/10/26 15:53:46 CET [2024/10/26 9:53:46 ET]
Table '3816694502 1' 3-max Seat #2 is the button
Seat 1: Easttorp (590 in chips) 
Seat 2: kapara35 (390 in chips) 
Seat 3: Mahu2021 (520 in chips) 
Mahu2021: posts small blind 10
Easttorp: posts big blind 20
*** HOLE CARDS ***
Dealt to Mahu2021 [3s Ks]
kapara35: folds 
Mahu2021: raises 20 to 40
Easttorp: folds 
Uncalled bet (20) returned to Mahu2021
Mahu2021 collected 40 from pot
Mahu2021: doesn't show hand 
*** SUMMARY ***
Total pot 40 | Rake 0 
Seat 1: Easttorp (big blind) folded before Flop
Seat 2: kapara35 (button) folded before Flop (didn't bet)
Seat 3: Mahu2021 (small blind) collected (40)



PokerStars Hand #253110070873: Tournament #3816694502, $1.84+$0.16 USD Hold'em No Limit - Level I (10/20) - 2024/10/26 15:53:59 CET [2024/10/26 9:53:59 ET]
Table '3816694502 1' 3-max Seat #3 is the button
Seat 1: Easttorp (570 in chips) 
Seat 2: kapara35 (390 in chips) 
Seat 3: Mahu2021 (540 in chips) 
Easttorp: posts small blind 10
kapara35: posts big blind 20
*** HOLE CARDS ***
Dealt to Mahu2021 [7h 9c]
Mahu2021: folds 
Easttorp: folds 
Uncalled bet (10) returned to kapara35
kapara35 collected 20 from pot
kapara35: doesn't show hand 
*** SUMMARY ***
Total pot 20 | Rake 0 
Seat 1: Easttorp (small blind) folded before Flop
Seat 2: kapara35 (big blind) collected (20)
Seat 3: Mahu2021 (button) folded before Flop (didn't bet)



PokerStars Hand #253110071993: Tournament #3816694502, $1.84+$0.16 USD Hold'em No Limit - Level I (10/20) - 2024/10/26 15:54:05 CET [2024/10/26 9:54:05 ET]
Table '3816694502 1' 3-max Seat #1 is the button
Seat 1: Easttorp (560 in chips) 
Seat 2: kapara35 (400 in chips) 
Seat 3: Mahu2021 (540 in chips) 
kapara35: posts small blind 10
Mahu2021: posts big blind 20
*** HOLE CARDS ***
Dealt to Mahu2021 [Jd Qc]
Easttorp: folds 
kapara35: calls 10
Mahu2021: raises 60 to 80
kapara35: folds 
Uncalled bet (60) returned to Mahu2021
Mahu2021 collected 40 from pot
Mahu2021: doesn't show hand 
*** SUMMARY ***
Total pot 40 | Rake 0 
Seat 1: Easttorp (button) folded before Flop (didn't bet)
Seat 2: kapara35 (small blind) folded before Flop
Seat 3: Mahu2021 (big blind) collected (40)



PokerStars Hand #253110077145: Tournament #3816694502, $1.84+$0.16 USD Hold'em No Limit - Level II (15/30) - 2024/10/26 15:54:32 CET [2024/10/26 9:54:32 ET]
Table '3816694502 1' 3-max Seat #2 is the button
Seat 1: Easttorp (560 in chips) 
Seat 2: kapara35 (380 in chips) 
Seat 3: Mahu2021 (560 in chips) 
Mahu2021: posts small blind 15
Easttorp: posts big blind 30
*** HOLE CARDS ***
Dealt to Mahu2021 [Td 6c]
kapara35: folds 
Mahu2021: folds 
Uncalled bet (15) returned to Easttorp
Easttorp collected 30 from pot
*** SUMMARY ***
Total pot 30 | Rake 0 
Seat 1: Easttorp (big blind) collected (30)
Seat 2: kapara35 (button) folded before Flop (didn't bet)
Seat 3: Mahu2021 (small blind) folded before Flop



PokerStars Hand #253110078169: Tournament #3816694502, $1.84+$0.16 USD Hold'em No Limit - Level II (15/30) - 2024/10/26 15:54:37 CET [2024/10/26 9:54:37 ET]
Table '3816694502 1' 3-max Seat #3 is the button
Seat 1: Easttorp (575 in chips) 
Seat 2: kapara35 (380 in chips) 
Seat 3: Mahu2021 (545 in chips) 
Easttorp: posts small blind 15
kapara35: posts big blind 30
*** HOLE CARDS ***
Dealt to Mahu2021 [Th 4c]
Mahu2021: folds 
Easttorp: folds 
Uncalled bet (15) returned to kapara35
kapara35 collected 30 from pot
kapara35: doesn't show hand 
*** SUMMARY ***
Total pot 30 | Rake 0 
Seat 1: Easttorp (small blind) folded before Flop
Seat 2: kapara35 (big blind) collected (30)
Seat 3: Mahu2021 (button) folded before Flop (didn't bet)



PokerStars Hand #253110079341: Tournament #3816694502, $1.84+$0.16 USD Hold'em No Limit - Level II (15/30) - 2024/10/26 15:54:43 CET [2024/10/26 9:54:43 ET]
Table '3816694502 1' 3-max Seat #1 is the button
Seat 1: Easttorp (560 in chips) 
Seat 2: kapara35 (395 in chips) 
Seat 3: Mahu2021 (545 in chips) 
kapara35: posts small blind 15
Mahu2021: posts big blind 30
*** HOLE CARDS ***
Dealt to Mahu2021 [4s 6s]
Easttorp: folds 
kapara35: folds 
Uncalled bet (15) returned to Mahu2021
Mahu2021 collected 30 from pot
Mahu2021: doesn't show hand 
*** SUMMARY ***
Total pot 30 | Rake 0 
Seat 1: Easttorp (button) folded before Flop (didn't bet)
Seat 2: kapara35 (small blind) folded before Flop
Seat 3: Mahu2021 (big blind) collected (30)



PokerStars Hand #253110081566: Tournament #3816694502, $1.84+$0.16 USD Hold'em No Limit - Level II (15/30) - 2024/10/26 15:54:54 CET [2024/10/26 9:54:54 ET]
Table '3816694502 1' 3-max Seat #2 is the button
Seat 1: Easttorp (560 in chips) 
Seat 2: kapara35 (380 in chips) 
Seat 3: Mahu2021 (560 in chips) 
Mahu2021: posts small blind 15
Easttorp: posts big blind 30
*** HOLE CARDS ***
Dealt to Mahu2021 [8d 7h]
kapara35: folds 
Mahu2021: raises 30 to 60
Easttorp: raises 30 to 90
Mahu2021: calls 30
*** FLOP *** [Js As 5s]
Mahu2021: checks 
Easttorp: checks 
*** TURN *** [Js As 5s] [3h]
Mahu2021: checks 
Easttorp: bets 30
Mahu2021: raises 90 to 120
Easttorp: calls 90
*** RIVER *** [Js As 5s 3h] [6c]
Mahu2021: checks 
Easttorp: bets 350 and is all-in
Mahu2021: folds 
Uncalled bet (350) returned to Easttorp
Easttorp collected 420 from pot
*** SUMMARY ***
Total pot 420 | Rake 0 
Board [Js As 5s 3h 6c]
Seat 1: Easttorp (big blind) collected (420)
Seat 2: kapara35 (button) folded before Flop (didn't bet)
Seat 3: Mahu2021 (small blind) folded on the River



PokerStars Hand #253110087848: Tournament #3816694502, $1.84+$0.16 USD Hold'em No Limit - Level II (15/30) - 2024/10/26 15:55:33 CET [2024/10/26 9:55:33 ET]
Table '3816694502 1' 3-max Seat #3 is the button
Seat 1: Easttorp (770 in chips) 
Seat 2: kapara35 (380 in chips) 
Seat 3: Mahu2021 (350 in chips) 
Easttorp: posts small blind 15
kapara35: posts big blind 30
*** HOLE CARDS ***
Dealt to Mahu2021 [Ks Jc]
Mahu2021: raises 30 to 60
Easttorp: folds 
kapara35: raises 320 to 380 and is all-in
Mahu2021: calls 290 and is all-in
Uncalled bet (30) returned to kapara35
*** FLOP *** [3d 8s 8d]
*** TURN *** [3d 8s 8d] [4d]
*** RIVER *** [3d 8s 8d 4d] [Td]
*** SHOW DOWN ***
kapara35: shows [2s Ad] (a flush, Ace high)
Mahu2021: shows [Ks Jc] (a pair of Eights)
kapara35 collected 715 from pot
Mahu2021 finished the tournament in 3rd place
*** SUMMARY ***
Total pot 715 | Rake 0 
Board [3d 8s 8d 4d Td]
Seat 1: Easttorp (small blind) folded before Flop
Seat 2: kapara35 (big blind) showed [2s Ad] and won (715) with a flush, Ace high
Seat 3: Mahu2021 (button) showed [Ks Jc] and lost with a pair of Eights



