PokerStars Hand #255091720220: Tournament #3864257527, $0.46+$0.04 USD Hold'em No Limit - Level I (10/20) - 2025/03/01 19:27:48 CET [2025/03/01 13:27:48 ET]
Table '3864257527 1' 3-max Seat #1 is the button
Seat 1: KuKullen (500 in chips) 
Seat 2: Mahu2021 (500 in chips) 
Seat 3: neQxt (500 in chips) 
Mahu2021: posts small blind 10
neQxt: posts big blind 20
*** HOLE CARDS ***
Dealt to Mahu2021 [Qc Jc]
KuKullen: raises 480 to 500 and is all-in
Mahu2021: calls 490 and is all-in
neQxt: calls 480 and is all-in
*** FLOP *** [Ah Td 5h]
*** TURN *** [Ah Td 5h] [7s]
*** RIVER *** [Ah Td 5h 7s] [3s]
*** SHOW DOWN ***
Mahu2021: shows [Qc Jc] (high card Ace)
neQxt: shows [3h 8d] (a pair of Threes)
KuKullen: shows [Tc Ac] (two pair, Aces and Tens)
KuKullen collected 1500 from pot
Mahu2021 finished the tournament in 2nd place
neQxt finished the tournament in 2nd place
KuKullen wins the tournament - congratulations!
KuKullen wins a '$1.50 Power Path Step 2 Ticket' ticket
*** SUMMARY ***
Total pot 1500 | Rake 0 
Board [Ah Td 5h 7s 3s]
Seat 1: KuKullen (button) showed [Tc Ac] and won (1500) with two pair, Aces and Tens
Seat 2: Mahu2021 (small blind) showed [Qc Jc] and lost with high card Ace
Seat 3: neQxt (big blind) showed [3h 8d] and lost with a pair of Threes



