PokerStars Hand #252587475950: Tournament #3804130807, $0.46+$0.04 USD Hold'em No Limit - Level I (10/20) - 2024/09/23 11:58:03 CET [2024/09/23 5:58:03 ET]
Table '3804130807 1' 3-max Seat #1 is the button
Seat 1: laoban888 (500 in chips) 
Seat 2: Mahu2021 (500 in chips) 
Seat 3: LeoOliver17 (500 in chips) 
Mahu2021: posts small blind 10
LeoOliver17: posts big blind 20
*** HOLE CARDS ***
Dealt to Mahu2021 [Qh 3c]
laoban888: folds 
Mahu2021: calls 10
LeoOliver17: checks 
*** FLOP *** [Ac Jc Td]
Mahu2021: checks 
LeoOliver17: checks 
*** TURN *** [Ac Jc Td] [9d]
Mahu2021: bets 20
LeoOliver17: folds 
Uncalled bet (20) returned to Mahu2021
Mahu2021 collected 40 from pot
Mahu2021: doesn't show hand 
*** SUMMARY ***
Total pot 40 | Rake 0 
Board [Ac Jc Td 9d]
Seat 1: laoban888 (button) folded before Flop (didn't bet)
Seat 2: Mahu2021 (small blind) collected (40)
Seat 3: LeoOliver17 (big blind) folded on the Turn



PokerStars Hand #252587478713: Tournament #3804130807, $0.46+$0.04 USD Hold'em No Limit - Level I (10/20) - 2024/09/23 11:58:32 CET [2024/09/23 5:58:32 ET]
Table '3804130807 1' 3-max Seat #2 is the button
Seat 1: laoban888 (500 in chips) 
Seat 2: Mahu2021 (520 in chips) 
Seat 3: LeoOliver17 (480 in chips) 
LeoOliver17: posts small blind 10
laoban888: posts big blind 20
*** HOLE CARDS ***
Dealt to Mahu2021 [8h 8d]
Mahu2021: raises 500 to 520 and is all-in
LeoOliver17: folds 
laoban888: folds 
Uncalled bet (500) returned to Mahu2021
Mahu2021 collected 50 from pot
Mahu2021: doesn't show hand 
*** SUMMARY ***
Total pot 50 | Rake 0 
Seat 1: laoban888 (big blind) folded before Flop
Seat 2: Mahu2021 (button) collected (50)
Seat 3: LeoOliver17 (small blind) folded before Flop



PokerStars Hand #252587479464: Tournament #3804130807, $0.46+$0.04 USD Hold'em No Limit - Level I (10/20) - 2024/09/23 11:58:40 CET [2024/09/23 5:58:40 ET]
Table '3804130807 1' 3-max Seat #3 is the button
Seat 1: laoban888 (480 in chips) 
Seat 2: Mahu2021 (550 in chips) 
Seat 3: LeoOliver17 (470 in chips) 
laoban888: posts small blind 10
Mahu2021: posts big blind 20
*** HOLE CARDS ***
Dealt to Mahu2021 [7h 4h]
LeoOliver17: calls 20
laoban888: raises 460 to 480 and is all-in
Mahu2021: folds 
LeoOliver17: folds 
Uncalled bet (460) returned to laoban888
laoban888 collected 60 from pot
laoban888: doesn't show hand 
*** SUMMARY ***
Total pot 60 | Rake 0 
Seat 1: laoban888 (small blind) collected (60)
Seat 2: Mahu2021 (big blind) folded before Flop
Seat 3: LeoOliver17 (button) folded before Flop



PokerStars Hand #252587481058: Tournament #3804130807, $0.46+$0.04 USD Hold'em No Limit - Level I (10/20) - 2024/09/23 11:58:57 CET [2024/09/23 5:58:57 ET]
Table '3804130807 1' 3-max Seat #1 is the button
Seat 1: laoban888 (520 in chips) 
Seat 2: Mahu2021 (530 in chips) 
Seat 3: LeoOliver17 (450 in chips) 
Mahu2021: posts small blind 10
LeoOliver17: posts big blind 20
*** HOLE CARDS ***
Dealt to Mahu2021 [Qs 9c]
laoban888: folds 
Mahu2021: raises 20 to 40
LeoOliver17: raises 410 to 450 and is all-in
Mahu2021: folds 
Uncalled bet (410) returned to LeoOliver17
LeoOliver17 collected 80 from pot
*** SUMMARY ***
Total pot 80 | Rake 0 
Seat 1: laoban888 (button) folded before Flop (didn't bet)
Seat 2: Mahu2021 (small blind) folded before Flop
Seat 3: LeoOliver17 (big blind) collected (80)



PokerStars Hand #252587481891: Tournament #3804130807, $0.46+$0.04 USD Hold'em No Limit - Level I (10/20) - 2024/09/23 11:59:05 CET [2024/09/23 5:59:05 ET]
Table '3804130807 1' 3-max Seat #2 is the button
Seat 1: laoban888 (520 in chips) 
Seat 2: Mahu2021 (490 in chips) 
Seat 3: LeoOliver17 (490 in chips) 
LeoOliver17: posts small blind 10
laoban888: posts big blind 20
*** HOLE CARDS ***
Dealt to Mahu2021 [3d 7h]
Mahu2021: folds 
LeoOliver17: calls 10
laoban888: raises 500 to 520 and is all-in
LeoOliver17: calls 470 and is all-in
Uncalled bet (30) returned to laoban888
*** FLOP *** [5d 7d 8h]
*** TURN *** [5d 7d 8h] [Th]
*** RIVER *** [5d 7d 8h Th] [Td]
*** SHOW DOWN ***
LeoOliver17: shows [Jh 2h] (a pair of Tens)
laoban888: shows [2s Ah] (a pair of Tens - Ace kicker)
laoban888 collected 980 from pot
LeoOliver17 finished the tournament in 3rd place
*** SUMMARY ***
Total pot 980 | Rake 0 
Board [5d 7d 8h Th Td]
Seat 1: laoban888 (big blind) showed [2s Ah] and won (980) with a pair of Tens
Seat 2: Mahu2021 (button) folded before Flop (didn't bet)
Seat 3: LeoOliver17 (small blind) showed [Jh 2h] and lost with a pair of Tens



PokerStars Hand #252587485188: Tournament #3804130807, $0.46+$0.04 USD Hold'em No Limit - Level I (10/20) - 2024/09/23 11:59:40 CET [2024/09/23 5:59:40 ET]
Table '3804130807 1' 3-max Seat #1 is the button
Seat 1: laoban888 (1010 in chips) 
Seat 2: Mahu2021 (490 in chips) 
laoban888: posts small blind 10
Mahu2021: posts big blind 20
*** HOLE CARDS ***
Dealt to Mahu2021 [8d 2d]
laoban888: raises 990 to 1010 and is all-in
Mahu2021: folds 
Uncalled bet (990) returned to laoban888
laoban888 collected 40 from pot
laoban888: doesn't show hand 
*** SUMMARY ***
Total pot 40 | Rake 0 
Seat 1: laoban888 (button) (small blind) collected (40)
Seat 2: Mahu2021 (big blind) folded before Flop



PokerStars Hand #252587485642: Tournament #3804130807, $0.46+$0.04 USD Hold'em No Limit - Level I (10/20) - 2024/09/23 11:59:45 CET [2024/09/23 5:59:45 ET]
Table '3804130807 1' 3-max Seat #2 is the button
Seat 1: laoban888 (1030 in chips) 
Seat 2: Mahu2021 (470 in chips) 
Mahu2021: posts small blind 10
laoban888: posts big blind 20
*** HOLE CARDS ***
Dealt to Mahu2021 [Kh 2h]
Mahu2021: raises 20 to 40
laoban888: raises 990 to 1030 and is all-in
Mahu2021: calls 430 and is all-in
Uncalled bet (560) returned to laoban888
*** FLOP *** [9d Ts Qs]
*** TURN *** [9d Ts Qs] [5d]
*** RIVER *** [9d Ts Qs 5d] [Js]
*** SHOW DOWN ***
laoban888: shows [4d Qd] (a pair of Queens)
Mahu2021: shows [Kh 2h] (a straight, Nine to King)
Mahu2021 collected 940 from pot
*** SUMMARY ***
Total pot 940 | Rake 0 
Board [9d Ts Qs 5d Js]
Seat 1: laoban888 (big blind) showed [4d Qd] and lost with a pair of Queens
Seat 2: Mahu2021 (button) (small blind) showed [Kh 2h] and won (940) with a straight, Nine to King



PokerStars Hand #252587487019: Tournament #3804130807, $0.46+$0.04 USD Hold'em No Limit - Level I (10/20) - 2024/09/23 11:59:59 CET [2024/09/23 5:59:59 ET]
Table '3804130807 1' 3-max Seat #1 is the button
Seat 1: laoban888 (560 in chips) 
Seat 2: Mahu2021 (940 in chips) 
laoban888: posts small blind 10
Mahu2021: posts big blind 20
*** HOLE CARDS ***
Dealt to Mahu2021 [Tc Ad]
laoban888: raises 540 to 560 and is all-in
Mahu2021: calls 540
*** FLOP *** [9s 6h 3s]
*** TURN *** [9s 6h 3s] [9h]
*** RIVER *** [9s 6h 3s 9h] [8d]
*** SHOW DOWN ***
Mahu2021: shows [Tc Ad] (a pair of Nines)
laoban888: shows [Qh Jc] (a pair of Nines - lower kicker)
Mahu2021 collected 1120 from pot
laoban888 finished the tournament in 2nd place
Mahu2021 wins the tournament - congratulations!
Mahu2021 wins a '$1.00 Power Path Step 2 Ticket' ticket
*** SUMMARY ***
Total pot 1120 | Rake 0 
Board [9s 6h 3s 9h 8d]
Seat 1: laoban888 (button) (small blind) showed [Qh Jc] and lost with a pair of Nines
Seat 2: Mahu2021 (big blind) showed [Tc Ad] and won (1120) with a pair of Nines



