PokerStars Zoom Hand #255032906695:  Hold'em No Limit ($0.05/$0.10) - 2025/02/25 15:04:56 CET [2025/02/25 9:04:56 ET]
Table 'Aludra' 6-max Seat #1 is the button
Seat 1: BenJJones ($20.08 in chips) 
Seat 2: gelik32 ($10 in chips) 
Seat 3: Mahu2021 ($10 in chips) 
Seat 4: dukula ($9.23 in chips) 
Seat 5: perttix ($22.05 in chips) 
Seat 6: crytexs123 ($7.72 in chips) 
gelik32: posts small blind $0.05
Mahu2021: posts big blind $0.10
*** HOLE CARDS ***
Dealt to Mahu2021 [Kd Th]
dukula: folds 
perttix: folds 
crytexs123: folds 
BenJJones: raises $0.20 to $0.30
gelik32: folds 
Mahu2021: calls $0.20
*** FLOP *** [Ad Js 2h]
Mahu2021: checks 
BenJJones: bets $0.20
Mahu2021: raises $0.40 to $0.60
BenJJones: calls $0.40
*** TURN *** [Ad Js 2h] [Td]
Mahu2021: checks 
BenJJones: checks 
*** RIVER *** [Ad Js 2h Td] [6h]
Mahu2021: checks 
BenJJones: checks 
*** SHOW DOWN ***
Mahu2021: shows [Kd Th] (a pair of Tens)
BenJJones: shows [Kh Ac] (a pair of Aces)
BenJJones collected $1.77 from pot
*** SUMMARY ***
Total pot $1.85 | Rake $0.08 
Board [Ad Js 2h Td 6h]
Seat 1: BenJJones (button) showed [Kh Ac] and won ($1.77) with a pair of Aces
Seat 2: gelik32 (small blind) folded before Flop
Seat 3: Mahu2021 (big blind) showed [Kd Th] and lost with a pair of Tens
Seat 4: dukula folded before Flop (didn't bet)
Seat 5: perttix folded before Flop (didn't bet)
Seat 6: crytexs123 folded before Flop (didn't bet)



PokerStars Zoom Hand #255032914004:  Hold'em No Limit ($0.05/$0.10) - 2025/02/25 15:05:40 CET [2025/02/25 9:05:40 ET]
Table 'Aludra' 6-max Seat #1 is the button
Seat 1: Mahu2021 ($9.05 in chips) 
Seat 2: c0pp0ck ($10.50 in chips) 
Seat 3: gelik32 ($10.15 in chips) 
Seat 4: Mr. Dolmer ($12.17 in chips) 
Seat 5: shortstackpro ($6.68 in chips) 
Seat 6: perttix ($47.40 in chips) 
c0pp0ck: posts small blind $0.05
gelik32: posts big blind $0.10
*** HOLE CARDS ***
Dealt to Mahu2021 [3h Jd]
Mr. Dolmer: folds 
shortstackpro: folds 
perttix: folds 
Mahu2021: folds 
c0pp0ck: folds 
Uncalled bet ($0.05) returned to gelik32
gelik32 collected $0.10 from pot
gelik32: doesn't show hand 
*** SUMMARY ***
Total pot $0.10 | Rake $0 
Seat 1: Mahu2021 (button) folded before Flop (didn't bet)
Seat 2: c0pp0ck (small blind) folded before Flop
Seat 3: gelik32 (big blind) collected ($0.10)
Seat 4: Mr. Dolmer folded before Flop (didn't bet)
Seat 5: shortstackpro folded before Flop (didn't bet)
Seat 6: perttix folded before Flop (didn't bet)



PokerStars Zoom Hand #255032915119:  Hold'em No Limit ($0.05/$0.10) - 2025/02/25 15:05:47 CET [2025/02/25 9:05:47 ET]
Table 'Aludra' 6-max Seat #1 is the button
Seat 1: gelik32 ($10 in chips) 
Seat 2: LeonardoAC ($9.73 in chips) 
Seat 3: ChuruBDO ($19.28 in chips) 
Seat 4: pedro76choc ($13.98 in chips) 
Seat 5: impmaranhao ($26.34 in chips) 
Seat 6: Mahu2021 ($9.05 in chips) 
LeonardoAC: posts small blind $0.05
ChuruBDO: posts big blind $0.10
*** HOLE CARDS ***
Dealt to Mahu2021 [4h As]
pedro76choc: folds 
impmaranhao: folds 
Mahu2021: raises $0.14 to $0.24
gelik32: folds 
LeonardoAC: raises $0.58 to $0.82
ChuruBDO: folds 
Mahu2021: folds 
Uncalled bet ($0.58) returned to LeonardoAC
LeonardoAC collected $0.58 from pot
LeonardoAC: doesn't show hand 
*** SUMMARY ***
Total pot $0.58 | Rake $0 
Seat 1: gelik32 (button) folded before Flop (didn't bet)
Seat 2: LeonardoAC (small blind) collected ($0.58)
Seat 3: ChuruBDO (big blind) folded before Flop
Seat 4: pedro76choc folded before Flop (didn't bet)
Seat 5: impmaranhao folded before Flop (didn't bet)
Seat 6: Mahu2021 folded before Flop



PokerStars Zoom Hand #255032917926:  Hold'em No Limit ($0.05/$0.10) - 2025/02/25 15:06:04 CET [2025/02/25 9:06:04 ET]
Table 'Aludra' 6-max Seat #1 is the button
Seat 1: __wcok69__ ($12.07 in chips) 
Seat 2: ChuruBDO ($19.18 in chips) 
Seat 3: 777zloba777 ($10 in chips) 
Seat 4: gelik32 ($10 in chips) 
Seat 5: Mahu2021 ($8.81 in chips) 
Seat 6: Scotti4 ($11.51 in chips) 
ChuruBDO: posts small blind $0.05
777zloba777: posts big blind $0.10
*** HOLE CARDS ***
Dealt to Mahu2021 [4d 6c]
gelik32: folds 
Mahu2021: folds 
Scotti4: folds 
__wcok69__: folds 
ChuruBDO: folds 
Uncalled bet ($0.05) returned to 777zloba777
777zloba777 collected $0.10 from pot
777zloba777: doesn't show hand 
*** SUMMARY ***
Total pot $0.10 | Rake $0 
Seat 1: __wcok69__ (button) folded before Flop (didn't bet)
Seat 2: ChuruBDO (small blind) folded before Flop
Seat 3: 777zloba777 (big blind) collected ($0.10)
Seat 4: gelik32 folded before Flop (didn't bet)
Seat 5: Mahu2021 folded before Flop (didn't bet)
Seat 6: Scotti4 folded before Flop (didn't bet)



PokerStars Zoom Hand #255032913297:  Hold'em No Limit ($0.05/$0.10) - 2025/02/25 15:05:36 CET [2025/02/25 9:05:36 ET]
Table 'Aludra' 6-max Seat #1 is the button
Seat 1: c0pp0ck ($10.50 in chips) 
Seat 2: Mahu2021 ($9.10 in chips) 
Seat 3: tonyspl1 ($9.91 in chips) 
Seat 4: TamertCape ($21.82 in chips) 
Seat 5: Garota Infernal ($15.67 in chips) 
Seat 6: kendrid_phil ($32.20 in chips) 
Mahu2021: posts small blind $0.05
tonyspl1: posts big blind $0.10
*** HOLE CARDS ***
Dealt to Mahu2021 [Tc 5h]
TamertCape: raises $0.10 to $0.20
Garota Infernal: folds 
kendrid_phil: folds 
c0pp0ck: folds 
Mahu2021: folds 
tonyspl1: calls $0.10
*** FLOP *** [7c 4d 9h]
tonyspl1: checks 
TamertCape: checks 
*** TURN *** [7c 4d 9h] [Kc]
tonyspl1: bets $0.14
TamertCape: calls $0.14
*** RIVER *** [7c 4d 9h Kc] [Js]
tonyspl1: bets $0.23
TamertCape: raises $0.58 to $0.81
tonyspl1: folds 
Uncalled bet ($0.58) returned to TamertCape
TamertCape collected $1.14 from pot
TamertCape: doesn't show hand 
*** SUMMARY ***
Total pot $1.19 | Rake $0.05 
Board [7c 4d 9h Kc Js]
Seat 1: c0pp0ck (button) folded before Flop (didn't bet)
Seat 2: Mahu2021 (small blind) folded before Flop
Seat 3: tonyspl1 (big blind) folded on the River
Seat 4: TamertCape collected ($1.14)
Seat 5: Garota Infernal folded before Flop (didn't bet)
Seat 6: kendrid_phil folded before Flop (didn't bet)



PokerStars Zoom Hand #255032918729:  Hold'em No Limit ($0.05/$0.10) - 2025/02/25 15:06:09 CET [2025/02/25 9:06:09 ET]
Table 'Aludra' 6-max Seat #1 is the button
Seat 1: shortstackpro ($6.68 in chips) 
Seat 2: Mahu2021 ($8.81 in chips) 
Seat 3: respectedD888 ($13.38 in chips) 
Seat 4: __wcok69__ ($12.07 in chips) 
Seat 5: Scotti4 ($11.51 in chips) 
Seat 6: VitorArj ($18.80 in chips) 
Mahu2021: posts small blind $0.05
respectedD888: posts big blind $0.10
*** HOLE CARDS ***
Dealt to Mahu2021 [Th 4d]
__wcok69__: folds 
Scotti4: folds 
VitorArj: folds 
shortstackpro: folds 
Mahu2021: folds 
Uncalled bet ($0.05) returned to respectedD888
respectedD888 collected $0.10 from pot
respectedD888: doesn't show hand 
*** SUMMARY ***
Total pot $0.10 | Rake $0 
Seat 1: shortstackpro (button) folded before Flop (didn't bet)
Seat 2: Mahu2021 (small blind) folded before Flop
Seat 3: respectedD888 (big blind) collected ($0.10)
Seat 4: __wcok69__ folded before Flop (didn't bet)
Seat 5: Scotti4 folded before Flop (didn't bet)
Seat 6: VitorArj folded before Flop (didn't bet)



PokerStars Zoom Hand #255032920390:  Hold'em No Limit ($0.05/$0.10) - 2025/02/25 15:06:19 CET [2025/02/25 9:06:19 ET]
Table 'Aludra' 6-max Seat #1 is the button
Seat 1: megaloshara ($10.25 in chips) 
Seat 2: c0pp0ck ($10.43 in chips) 
Seat 3: Mahu2021 ($8.76 in chips) 
Seat 4: zorg410 ($13.49 in chips) 
Seat 5: 777zloba777 ($10.50 in chips) 
Seat 6: shortstackpro ($6.68 in chips) 
c0pp0ck: posts small blind $0.05
Mahu2021: posts big blind $0.10
*** HOLE CARDS ***
Dealt to Mahu2021 [2c 8s]
zorg410: folds 
777zloba777: folds 
shortstackpro: folds 
megaloshara: folds 
c0pp0ck: folds 
Uncalled bet ($0.05) returned to Mahu2021
Mahu2021 collected $0.10 from pot
Mahu2021: doesn't show hand 
*** SUMMARY ***
Total pot $0.10 | Rake $0 
Seat 1: megaloshara (button) folded before Flop (didn't bet)
Seat 2: c0pp0ck (small blind) folded before Flop
Seat 3: Mahu2021 (big blind) collected ($0.10)
Seat 4: zorg410 folded before Flop (didn't bet)
Seat 5: 777zloba777 folded before Flop (didn't bet)
Seat 6: shortstackpro folded before Flop (didn't bet)



PokerStars Zoom Hand #255032921761:  Hold'em No Limit ($0.05/$0.10) - 2025/02/25 15:06:27 CET [2025/02/25 9:06:27 ET]
Table 'Aludra' 6-max Seat #1 is the button
Seat 1: Mahu2021 ($8.81 in chips) 
Seat 2: kendrid_phil ($32.25 in chips) 
Seat 3: dukula ($9.88 in chips) 
Seat 4: Atreticano ($10 in chips) 
Seat 5: __wcok69__ ($7.96 in chips) 
Seat 6: c0pp0ck ($10.38 in chips) 
kendrid_phil: posts small blind $0.05
dukula: posts big blind $0.10
*** HOLE CARDS ***
Dealt to Mahu2021 [3c Ad]
Atreticano: folds 
__wcok69__: folds 
c0pp0ck: raises $0.15 to $0.25
Mahu2021: folds 
kendrid_phil: folds 
dukula: folds 
Uncalled bet ($0.15) returned to c0pp0ck
c0pp0ck collected $0.25 from pot
c0pp0ck: doesn't show hand 
*** SUMMARY ***
Total pot $0.25 | Rake $0 
Seat 1: Mahu2021 (button) folded before Flop (didn't bet)
Seat 2: kendrid_phil (small blind) folded before Flop
Seat 3: dukula (big blind) folded before Flop
Seat 4: Atreticano folded before Flop (didn't bet)
Seat 5: __wcok69__ folded before Flop (didn't bet)
Seat 6: c0pp0ck collected ($0.25)



PokerStars Zoom Hand #255032925480:  Hold'em No Limit ($0.05/$0.10) - 2025/02/25 15:06:49 CET [2025/02/25 9:06:49 ET]
Table 'Aludra' 6-max Seat #1 is the button
Seat 1: wowonnn ($11.60 in chips) 
Seat 2: 777zloba777 ($10.55 in chips) 
Seat 3: imnotamaniac ($10 in chips) 
Seat 4: jksgoodgz ($18.11 in chips) 
Seat 5: Mahu2021 ($8.81 in chips) 
Seat 6: daze.22.00 ($10.50 in chips) 
777zloba777: posts small blind $0.05
imnotamaniac: posts big blind $0.10
*** HOLE CARDS ***
Dealt to Mahu2021 [Qs 4d]
jksgoodgz: raises $0.10 to $0.20
Mahu2021: folds 
daze.22.00: folds 
wowonnn: folds 
777zloba777: folds 
imnotamaniac: folds 
Uncalled bet ($0.10) returned to jksgoodgz
jksgoodgz collected $0.25 from pot
jksgoodgz: doesn't show hand 
*** SUMMARY ***
Total pot $0.25 | Rake $0 
Seat 1: wowonnn (button) folded before Flop (didn't bet)
Seat 2: 777zloba777 (small blind) folded before Flop
Seat 3: imnotamaniac (big blind) folded before Flop
Seat 4: jksgoodgz collected ($0.25)
Seat 5: Mahu2021 folded before Flop (didn't bet)
Seat 6: daze.22.00 folded before Flop (didn't bet)



PokerStars Zoom Hand #255032926088:  Hold'em No Limit ($0.05/$0.10) - 2025/02/25 15:06:53 CET [2025/02/25 9:06:53 ET]
Table 'Aludra' 6-max Seat #1 is the button
Seat 1: Alxr121212 ($9.85 in chips) 
Seat 2: LeonardoAC ($9.97 in chips) 
Seat 3: filleesveensson ($10.75 in chips) 
Seat 4: Mahu2021 ($8.81 in chips) 
Seat 5: Mangilik ($10.30 in chips) 
Seat 6: vicegoodman ($10 in chips) 
LeonardoAC: posts small blind $0.05
filleesveensson: posts big blind $0.10
*** HOLE CARDS ***
Dealt to Mahu2021 [5c 8s]
Mahu2021: folds 
Mangilik: folds 
vicegoodman: folds 
Alxr121212: folds 
LeonardoAC: folds 
Uncalled bet ($0.05) returned to filleesveensson
filleesveensson collected $0.10 from pot
filleesveensson: doesn't show hand 
*** SUMMARY ***
Total pot $0.10 | Rake $0 
Seat 1: Alxr121212 (button) folded before Flop (didn't bet)
Seat 2: LeonardoAC (small blind) folded before Flop
Seat 3: filleesveensson (big blind) collected ($0.10)
Seat 4: Mahu2021 folded before Flop (didn't bet)
Seat 5: Mangilik folded before Flop (didn't bet)
Seat 6: vicegoodman folded before Flop (didn't bet)



PokerStars Zoom Hand #255032926922:  Hold'em No Limit ($0.05/$0.10) - 2025/02/25 15:06:58 CET [2025/02/25 9:06:58 ET]
Table 'Aludra' 6-max Seat #1 is the button
Seat 1: respectedD888 ($12.61 in chips) 
Seat 2: nandosjc88 ($9.70 in chips) 
Seat 3: Die8 ($10 in chips) 
Seat 4: Mahu2021 ($8.81 in chips) 
Seat 5: cz83 ($11.38 in chips) 
Seat 6: VitorArj ($10.05 in chips) 
nandosjc88: posts small blind $0.05
Die8: posts big blind $0.10
*** HOLE CARDS ***
Dealt to Mahu2021 [3s Qd]
Mahu2021: folds 
cz83: folds 
VitorArj: folds 
respectedD888: folds 
nandosjc88: raises $0.10 to $0.20
Die8: folds 
Uncalled bet ($0.10) returned to nandosjc88
nandosjc88 collected $0.20 from pot
nandosjc88: doesn't show hand 
*** SUMMARY ***
Total pot $0.20 | Rake $0 
Seat 1: respectedD888 (button) folded before Flop (didn't bet)
Seat 2: nandosjc88 (small blind) collected ($0.20)
Seat 3: Die8 (big blind) folded before Flop
Seat 4: Mahu2021 folded before Flop (didn't bet)
Seat 5: cz83 folded before Flop (didn't bet)
Seat 6: VitorArj folded before Flop (didn't bet)



PokerStars Zoom Hand #255032927427:  Hold'em No Limit ($0.05/$0.10) - 2025/02/25 15:07:01 CET [2025/02/25 9:07:01 ET]
Table 'Aludra' 6-max Seat #1 is the button
Seat 1: Alxr121212 ($10 in chips) 
Seat 2: NoMoreAOF ($12.78 in chips) 
Seat 3: Mahu2021 ($8.81 in chips) 
Seat 4: BenJJones ($21.13 in chips) 
Seat 5: goldmine111 ($9.47 in chips) 
Seat 6: jksgoodgz ($33.47 in chips) 
NoMoreAOF: posts small blind $0.05
Mahu2021: posts big blind $0.10
*** HOLE CARDS ***
Dealt to Mahu2021 [4s Ac]
BenJJones: raises $0.10 to $0.20
goldmine111: calls $0.20
jksgoodgz: folds 
Alxr121212: folds 
NoMoreAOF: folds 
Mahu2021: calls $0.10
*** FLOP *** [7s Ah 7h]
Mahu2021: checks 
BenJJones: checks 
goldmine111: checks 
*** TURN *** [7s Ah 7h] [Qs]
Mahu2021: bets $0.30
BenJJones: calls $0.30
goldmine111: calls $0.30
*** RIVER *** [7s Ah 7h Qs] [Jh]
Mahu2021: bets $0.30
BenJJones: calls $0.30
goldmine111: raises $3.30 to $3.60
Mahu2021: folds 
BenJJones: folds 
Uncalled bet ($3.30) returned to goldmine111
goldmine111 collected $2.34 from pot
goldmine111: doesn't show hand 
*** SUMMARY ***
Total pot $2.45 | Rake $0.11 
Board [7s Ah 7h Qs Jh]
Seat 1: Alxr121212 (button) folded before Flop (didn't bet)
Seat 2: NoMoreAOF (small blind) folded before Flop
Seat 3: Mahu2021 (big blind) folded on the River
Seat 4: BenJJones folded on the River
Seat 5: goldmine111 collected ($2.34)
Seat 6: jksgoodgz folded before Flop (didn't bet)



PokerStars Zoom Hand #255032932623:  Hold'em No Limit ($0.05/$0.10) - 2025/02/25 15:07:32 CET [2025/02/25 9:07:32 ET]
Table 'Aludra' 6-max Seat #1 is the button
Seat 1: wowonnn ($10.82 in chips) 
Seat 2: Mahu2021 ($8.01 in chips) 
Seat 3: 777zloba777 ($10 in chips) 
Seat 4: cz83 ($11.28 in chips) 
Seat 5: Arthurf10411 ($28.85 in chips) 
Seat 6: Spuddaby ($10 in chips) 
Mahu2021: posts small blind $0.05
777zloba777: posts big blind $0.10
*** HOLE CARDS ***
Dealt to Mahu2021 [5h Jc]
cz83: folds 
Arthurf10411: folds 
Spuddaby: raises $0.13 to $0.23
wowonnn: folds 
Mahu2021: folds 
777zloba777: folds 
Uncalled bet ($0.13) returned to Spuddaby
Spuddaby collected $0.25 from pot
Spuddaby: doesn't show hand 
*** SUMMARY ***
Total pot $0.25 | Rake $0 
Seat 1: wowonnn (button) folded before Flop (didn't bet)
Seat 2: Mahu2021 (small blind) folded before Flop
Seat 3: 777zloba777 (big blind) folded before Flop
Seat 4: cz83 folded before Flop (didn't bet)
Seat 5: Arthurf10411 folded before Flop (didn't bet)
Seat 6: Spuddaby collected ($0.25)



PokerStars Zoom Hand #255032933212:  Hold'em No Limit ($0.05/$0.10) - 2025/02/25 15:07:36 CET [2025/02/25 9:07:36 ET]
Table 'Aludra' 6-max Seat #1 is the button
Seat 1: aby100 ($11.05 in chips) 
Seat 2: goldmine111 ($11.01 in chips) 
Seat 3: houseworx ($4.22 in chips) 
Seat 4: BenJJones ($19.97 in chips) 
Seat 5: c0pp0ck ($10.18 in chips) 
Seat 6: Mahu2021 ($7.96 in chips) 
goldmine111: posts small blind $0.05
houseworx: posts big blind $0.10
*** HOLE CARDS ***
Dealt to Mahu2021 [2s 6h]
BenJJones: raises $0.10 to $0.20
c0pp0ck: folds 
Mahu2021: folds 
aby100: folds 
goldmine111: folds 
houseworx: calls $0.10
*** FLOP *** [3c 8h 3s]
houseworx: checks 
BenJJones: bets $0.14
houseworx: folds 
Uncalled bet ($0.14) returned to BenJJones
BenJJones collected $0.43 from pot
BenJJones: doesn't show hand 
*** SUMMARY ***
Total pot $0.45 | Rake $0.02 
Board [3c 8h 3s]
Seat 1: aby100 (button) folded before Flop (didn't bet)
Seat 2: goldmine111 (small blind) folded before Flop
Seat 3: houseworx (big blind) folded on the Flop
Seat 4: BenJJones collected ($0.43)
Seat 5: c0pp0ck folded before Flop (didn't bet)
Seat 6: Mahu2021 folded before Flop (didn't bet)



PokerStars Zoom Hand #255032924803:  Hold'em No Limit ($0.05/$0.10) - 2025/02/25 15:06:45 CET [2025/02/25 9:06:45 ET]
Table 'Aludra' 6-max Seat #1 is the button
Seat 1: imnotamaniac ($25.35 in chips) 
Seat 2: cz83 ($10.91 in chips) 
Seat 3: daze.22.00 ($11.67 in chips) 
Seat 4: Adam<3Coffee ($17.21 in chips) 
Seat 5: NoMoreAOF ($26.36 in chips) 
Seat 6: Mahu2021 ($8.81 in chips) 
cz83: posts small blind $0.05
daze.22.00: posts big blind $0.10
*** HOLE CARDS ***
Dealt to Mahu2021 [3d 6c]
Adam<3Coffee: raises $0.12 to $0.22
NoMoreAOF: folds 
Mahu2021: folds 
imnotamaniac: raises $0.59 to $0.81
cz83: folds 
daze.22.00: folds 
Adam<3Coffee: calls $0.59
*** FLOP *** [3s Jd 5h]
Adam<3Coffee: checks 
imnotamaniac: bets $0.57
Adam<3Coffee: raises $1.06 to $1.63
imnotamaniac: calls $1.06
*** TURN *** [3s Jd 5h] [9c]
Adam<3Coffee: bets $1.93
imnotamaniac: calls $1.93
*** RIVER *** [3s Jd 5h 9c] [Js]
Adam<3Coffee: checks 
imnotamaniac: bets $2.89
Adam<3Coffee: folds 
Uncalled bet ($2.89) returned to imnotamaniac
imnotamaniac collected $8.49 from pot
imnotamaniac: doesn't show hand 
*** SUMMARY ***
Total pot $8.89 | Rake $0.40 
Board [3s Jd 5h 9c Js]
Seat 1: imnotamaniac (button) collected ($8.49)
Seat 2: cz83 (small blind) folded before Flop
Seat 3: daze.22.00 (big blind) folded before Flop
Seat 4: Adam<3Coffee folded on the River
Seat 5: NoMoreAOF folded before Flop (didn't bet)
Seat 6: Mahu2021 folded before Flop (didn't bet)



PokerStars Zoom Hand #255032935258:  Hold'em No Limit ($0.05/$0.10) - 2025/02/25 15:07:48 CET [2025/02/25 9:07:48 ET]
Table 'Aludra' 6-max Seat #1 is the button
Seat 1: VitorArj ($10.25 in chips) 
Seat 2: Anbru666 ($9.48 in chips) 
Seat 3: Mahu2021 ($7.96 in chips) 
Seat 4: Clicker89 ($10.45 in chips) 
Seat 5: jksgoodgz ($10.31 in chips) 
Seat 6: nDoelAidFme ($10.49 in chips) 
Anbru666: posts small blind $0.05
Mahu2021: posts big blind $0.10
*** HOLE CARDS ***
Dealt to Mahu2021 [4c 4s]
Clicker89: folds 
jksgoodgz: folds 
nDoelAidFme: raises $0.14 to $0.24
VitorArj: folds 
Anbru666: folds 
Mahu2021: calls $0.14
*** FLOP *** [Ah Jd Kd]
Mahu2021: checks 
nDoelAidFme: checks 
*** TURN *** [Ah Jd Kd] [9s]
Mahu2021: checks 
nDoelAidFme: bets $0.15
Mahu2021: calls $0.15
*** RIVER *** [Ah Jd Kd 9s] [6h]
Mahu2021: checks 
nDoelAidFme: bets $1.19
Mahu2021: folds 
Uncalled bet ($1.19) returned to nDoelAidFme
nDoelAidFme collected $0.79 from pot
nDoelAidFme: doesn't show hand 
*** SUMMARY ***
Total pot $0.83 | Rake $0.04 
Board [Ah Jd Kd 9s 6h]
Seat 1: VitorArj (button) folded before Flop (didn't bet)
Seat 2: Anbru666 (small blind) folded before Flop
Seat 3: Mahu2021 (big blind) folded on the River
Seat 4: Clicker89 folded before Flop (didn't bet)
Seat 5: jksgoodgz folded before Flop (didn't bet)
Seat 6: nDoelAidFme collected ($0.79)



PokerStars Zoom Hand #255032940711:  Hold'em No Limit ($0.05/$0.10) - 2025/02/25 15:08:21 CET [2025/02/25 9:08:21 ET]
Table 'Aludra' 6-max Seat #1 is the button
Seat 1: Jqmie1 ($5.16 in chips) 
Seat 2: Nicola_S5058 ($10.54 in chips) 
Seat 3: nDoelAidFme ($10.89 in chips) 
Seat 4: dakatabr ($9.98 in chips) 
Seat 5: Mahu2021 ($7.57 in chips) 
Seat 6: respectedD888 ($12.61 in chips) 
Nicola_S5058: posts small blind $0.05
nDoelAidFme: posts big blind $0.10
*** HOLE CARDS ***
Dealt to Mahu2021 [9h 6c]
dakatabr: folds 
Mahu2021: folds 
respectedD888: raises $0.14 to $0.24
Jqmie1: folds 
Nicola_S5058: folds 
nDoelAidFme: folds 
Uncalled bet ($0.14) returned to respectedD888
respectedD888 collected $0.25 from pot
respectedD888: doesn't show hand 
*** SUMMARY ***
Total pot $0.25 | Rake $0 
Seat 1: Jqmie1 (button) folded before Flop (didn't bet)
Seat 2: Nicola_S5058 (small blind) folded before Flop
Seat 3: nDoelAidFme (big blind) folded before Flop
Seat 4: dakatabr folded before Flop (didn't bet)
Seat 5: Mahu2021 folded before Flop (didn't bet)
Seat 6: respectedD888 collected ($0.25)



PokerStars Zoom Hand #255032941728:  Hold'em No Limit ($0.05/$0.10) - 2025/02/25 15:08:27 CET [2025/02/25 9:08:27 ET]
Table 'Aludra' 6-max Seat #1 is the button
Seat 1: Mahu2021 ($7.57 in chips) 
Seat 2: Jqmie1 ($5.16 in chips) 
Seat 3: pedro76choc ($12.30 in chips) 
Seat 4: Gattini37 ($10.94 in chips) 
Seat 5: wowonnn ($12.26 in chips) 
Seat 6: Mr. Dolmer ($14.92 in chips) 
Jqmie1: posts small blind $0.05
pedro76choc: posts big blind $0.10
*** HOLE CARDS ***
Dealt to Mahu2021 [4c Kd]
Gattini37: folds 
wowonnn: folds 
Mr. Dolmer: raises $0.12 to $0.22
Mahu2021: folds 
Jqmie1: folds 
pedro76choc: folds 
Uncalled bet ($0.12) returned to Mr. Dolmer
Mr. Dolmer collected $0.25 from pot
Mr. Dolmer: doesn't show hand 
*** SUMMARY ***
Total pot $0.25 | Rake $0 
Seat 1: Mahu2021 (button) folded before Flop (didn't bet)
Seat 2: Jqmie1 (small blind) folded before Flop
Seat 3: pedro76choc (big blind) folded before Flop
Seat 4: Gattini37 folded before Flop (didn't bet)
Seat 5: wowonnn folded before Flop (didn't bet)
Seat 6: Mr. Dolmer collected ($0.25)



PokerStars Zoom Hand #255032942738:  Hold'em No Limit ($0.05/$0.10) - 2025/02/25 15:08:33 CET [2025/02/25 9:08:33 ET]
Table 'Aludra' 6-max Seat #1 is the button
Seat 1: charlesws25 ($15.87 in chips) 
Seat 2: Mahu2021 ($7.57 in chips) 
Seat 3: impmaranhao ($26.81 in chips) 
Seat 4: wilzkye ($10.42 in chips) 
Seat 5: kendrid_phil ($32.05 in chips) 
Seat 6: filleesveensson ($11.90 in chips) 
Mahu2021: posts small blind $0.05
impmaranhao: posts big blind $0.10
*** HOLE CARDS ***
Dealt to Mahu2021 [5h Ad]
wilzkye: folds 
kendrid_phil: folds 
filleesveensson: folds 
charlesws25: folds 
Mahu2021: folds 
Uncalled bet ($0.05) returned to impmaranhao
impmaranhao collected $0.10 from pot
impmaranhao: doesn't show hand 
*** SUMMARY ***
Total pot $0.10 | Rake $0 
Seat 1: charlesws25 (button) folded before Flop (didn't bet)
Seat 2: Mahu2021 (small blind) folded before Flop
Seat 3: impmaranhao (big blind) collected ($0.10)
Seat 4: wilzkye folded before Flop (didn't bet)
Seat 5: kendrid_phil folded before Flop (didn't bet)
Seat 6: filleesveensson folded before Flop (didn't bet)



PokerStars Zoom Hand #255032943720:  Hold'em No Limit ($0.05/$0.10) - 2025/02/25 15:08:40 CET [2025/02/25 9:08:40 ET]
Table 'Aludra' 6-max Seat #1 is the button
Seat 1: Atreticano ($11.47 in chips) 
Seat 2: Alxr121212 ($9.55 in chips) 
Seat 3: NoMoreAOF ($12.58 in chips) 
Seat 4: Mahu2021 ($7.52 in chips) 
Seat 5: Spuddaby ($6.04 in chips) 
Seat 6: charlesws25 ($14.49 in chips) 
Alxr121212: posts small blind $0.05
NoMoreAOF: posts big blind $0.10
*** HOLE CARDS ***
Dealt to Mahu2021 [7c 5s]
Mahu2021: folds 
Spuddaby: folds 
charlesws25: folds 
Atreticano: folds 
Alxr121212: raises $0.20 to $0.30
NoMoreAOF: folds 
Uncalled bet ($0.20) returned to Alxr121212
Alxr121212 collected $0.20 from pot
Alxr121212: doesn't show hand 
*** SUMMARY ***
Total pot $0.20 | Rake $0 
Seat 1: Atreticano (button) folded before Flop (didn't bet)
Seat 2: Alxr121212 (small blind) collected ($0.20)
Seat 3: NoMoreAOF (big blind) folded before Flop
Seat 4: Mahu2021 folded before Flop (didn't bet)
Seat 5: Spuddaby folded before Flop (didn't bet)
Seat 6: charlesws25 folded before Flop (didn't bet)



PokerStars Zoom Hand #255032934431:  Hold'em No Limit ($0.05/$0.10) - 2025/02/25 15:07:43 CET [2025/02/25 9:07:43 ET]
Table 'Aludra' 6-max Seat #1 is the button
Seat 1: Mahu2021 ($7.96 in chips) 
Seat 2: 777zloba777 ($10 in chips) 
Seat 3: wowonnn ($10.82 in chips) 
Seat 4: Khoa Kokola ($10.05 in chips) 
Seat 5: LeonardoAC ($9.82 in chips) 
Seat 6: vakalo ($8.10 in chips) 
777zloba777: posts small blind $0.05
wowonnn: posts big blind $0.10
*** HOLE CARDS ***
Dealt to Mahu2021 [7s 8c]
Khoa Kokola: raises $0.15 to $0.25
LeonardoAC: folds 
vakalo: calls $0.25
Mahu2021: folds 
777zloba777: folds 
wowonnn: calls $0.15
*** FLOP *** [Ac Ah Td]
wowonnn: checks 
Khoa Kokola: checks 
vakalo: checks 
*** TURN *** [Ac Ah Td] [2s]
wowonnn: checks 
Khoa Kokola: checks 
vakalo: checks 
*** RIVER *** [Ac Ah Td 2s] [4s]
wowonnn: checks 
Khoa Kokola: checks 
vakalo: checks 
*** SHOW DOWN ***
wowonnn: shows [6c Qc] (a pair of Aces)
Khoa Kokola: shows [Kd Jd] (a pair of Aces - King kicker)
vakalo: shows [Qh Tc] (two pair, Aces and Tens)
vakalo collected $0.76 from pot
*** SUMMARY ***
Total pot $0.80 | Rake $0.04 
Board [Ac Ah Td 2s 4s]
Seat 1: Mahu2021 (button) folded before Flop (didn't bet)
Seat 2: 777zloba777 (small blind) folded before Flop
Seat 3: wowonnn (big blind) showed [6c Qc] and lost with a pair of Aces
Seat 4: Khoa Kokola showed [Kd Jd] and lost with a pair of Aces
Seat 5: LeonardoAC folded before Flop (didn't bet)
Seat 6: vakalo showed [Qh Tc] and won ($0.76) with two pair, Aces and Tens



PokerStars Zoom Hand #255032944410:  Hold'em No Limit ($0.05/$0.10) - 2025/02/25 15:08:43 CET [2025/02/25 9:08:43 ET]
Table 'Aludra' 6-max Seat #1 is the button
Seat 1: stanley_1978 ($9.65 in chips) 
Seat 2: charlesws25 ($14.62 in chips) 
Seat 3: Mahu2021 ($7.52 in chips) 
Seat 4: wilzkye ($10.86 in chips) 
Seat 5: NoMoreAOF ($26.42 in chips) 
Seat 6: hugoreisssss ($11.65 in chips) 
charlesws25: posts small blind $0.05
Mahu2021: posts big blind $0.10
*** HOLE CARDS ***
Dealt to Mahu2021 [Jc Td]
wilzkye: folds 
NoMoreAOF: folds 
hugoreisssss: folds 
stanley_1978: folds 
charlesws25: folds 
Uncalled bet ($0.05) returned to Mahu2021
Mahu2021 collected $0.10 from pot
Mahu2021: doesn't show hand 
*** SUMMARY ***
Total pot $0.10 | Rake $0 
Seat 1: stanley_1978 (button) folded before Flop (didn't bet)
Seat 2: charlesws25 (small blind) folded before Flop
Seat 3: Mahu2021 (big blind) collected ($0.10)
Seat 4: wilzkye folded before Flop (didn't bet)
Seat 5: NoMoreAOF folded before Flop (didn't bet)
Seat 6: hugoreisssss folded before Flop (didn't bet)



PokerStars Zoom Hand #255032946073:  Hold'em No Limit ($0.05/$0.10) - 2025/02/25 15:08:53 CET [2025/02/25 9:08:53 ET]
Table 'Aludra' 6-max Seat #1 is the button
Seat 1: NoMoreAOF ($12.48 in chips) 
Seat 2: craigbissett ($11.51 in chips) 
Seat 3: Die8 ($11.67 in chips) 
Seat 4: hugoreisssss ($11.65 in chips) 
Seat 5: megaloshara ($10.39 in chips) 
Seat 6: Mahu2021 ($7.57 in chips) 
craigbissett: posts small blind $0.05
Die8: posts big blind $0.10
*** HOLE CARDS ***
Dealt to Mahu2021 [4d Jh]
hugoreisssss: folds 
megaloshara: folds 
Mahu2021: folds 
NoMoreAOF: folds 
craigbissett: folds 
Uncalled bet ($0.05) returned to Die8
Die8 collected $0.10 from pot
Die8: doesn't show hand 
*** SUMMARY ***
Total pot $0.10 | Rake $0 
Seat 1: NoMoreAOF (button) folded before Flop (didn't bet)
Seat 2: craigbissett (small blind) folded before Flop
Seat 3: Die8 (big blind) collected ($0.10)
Seat 4: hugoreisssss folded before Flop (didn't bet)
Seat 5: megaloshara folded before Flop (didn't bet)
Seat 6: Mahu2021 folded before Flop (didn't bet)



PokerStars Zoom Hand #255032942177:  Hold'em No Limit ($0.05/$0.10) - 2025/02/25 15:08:30 CET [2025/02/25 9:08:30 ET]
Table 'Aludra' 6-max Seat #1 is the button
Seat 1: __wcok69__ ($10.17 in chips) 
Seat 2: Garota Infernal ($12.10 in chips) 
Seat 3: Die8 ($10.09 in chips) 
Seat 4: c0pp0ck ($12.40 in chips) 
Seat 5: craigbissett ($11.61 in chips) 
Seat 6: Mahu2021 ($7.57 in chips) 
Garota Infernal: posts small blind $0.05
Die8: posts big blind $0.10
*** HOLE CARDS ***
Dealt to Mahu2021 [Qs 4h]
c0pp0ck: folds 
craigbissett: folds 
Mahu2021: folds 
__wcok69__: calls $0.10
Garota Infernal: folds 
Die8: checks 
*** FLOP *** [4d 7s 5c]
Die8: checks 
__wcok69__: checks 
*** TURN *** [4d 7s 5c] [5s]
Die8: bets $0.16
__wcok69__: folds 
Uncalled bet ($0.16) returned to Die8
Die8 collected $0.24 from pot
Die8: doesn't show hand 
*** SUMMARY ***
Total pot $0.25 | Rake $0.01 
Board [4d 7s 5c 5s]
Seat 1: __wcok69__ (button) folded on the Turn
Seat 2: Garota Infernal (small blind) folded before Flop
Seat 3: Die8 (big blind) collected ($0.24)
Seat 4: c0pp0ck folded before Flop (didn't bet)
Seat 5: craigbissett folded before Flop (didn't bet)
Seat 6: Mahu2021 folded before Flop (didn't bet)



PokerStars Zoom Hand #255032946708:  Hold'em No Limit ($0.05/$0.10) - 2025/02/25 15:08:57 CET [2025/02/25 9:08:57 ET]
Table 'Aludra' 6-max Seat #1 is the button
Seat 1: hugoreisssss ($11.65 in chips) 
Seat 2: cz83 ($11.13 in chips) 
Seat 3: charlesws25 ($19.71 in chips) 
Seat 4: choibaki ($10.05 in chips) 
Seat 5: Mahu2021 ($7.57 in chips) 
Seat 6: cheddarman24 ($15.98 in chips) 
cz83: posts small blind $0.05
charlesws25: posts big blind $0.10
*** HOLE CARDS ***
Dealt to Mahu2021 [Ac 7c]
choibaki: folds 
Mahu2021: raises $0.14 to $0.24
cheddarman24: raises $0.56 to $0.80
hugoreisssss: folds 
cz83: folds 
charlesws25: folds 
Mahu2021: folds 
Uncalled bet ($0.56) returned to cheddarman24
cheddarman24 collected $0.63 from pot
cheddarman24: doesn't show hand 
*** SUMMARY ***
Total pot $0.63 | Rake $0 
Seat 1: hugoreisssss (button) folded before Flop (didn't bet)
Seat 2: cz83 (small blind) folded before Flop
Seat 3: charlesws25 (big blind) folded before Flop
Seat 4: choibaki folded before Flop (didn't bet)
Seat 5: Mahu2021 folded before Flop
Seat 6: cheddarman24 collected ($0.63)



PokerStars Zoom Hand #255032952252:  Hold'em No Limit ($0.05/$0.10) - 2025/02/25 15:09:31 CET [2025/02/25 9:09:31 ET]
Table 'Aludra' 6-max Seat #1 is the button
Seat 1: charlesws25 ($14.49 in chips) 
Seat 2: BenJJones ($21.30 in chips) 
Seat 3: zinluz ($5.10 in chips) 
Seat 4: Mahu2021 ($7.28 in chips) 
Seat 5: ReRazz99 ($14 in chips) 
Seat 6: Febrao67 ($12.04 in chips) 
BenJJones: posts small blind $0.05
zinluz: posts big blind $0.10
*** HOLE CARDS ***
Dealt to Mahu2021 [Th 6c]
Mahu2021: folds 
ReRazz99: folds 
Febrao67: folds 
charlesws25: folds 
BenJJones: folds 
Uncalled bet ($0.05) returned to zinluz
zinluz collected $0.10 from pot
zinluz: doesn't show hand 
*** SUMMARY ***
Total pot $0.10 | Rake $0 
Seat 1: charlesws25 (button) folded before Flop (didn't bet)
Seat 2: BenJJones (small blind) folded before Flop
Seat 3: zinluz (big blind) collected ($0.10)
Seat 4: Mahu2021 folded before Flop (didn't bet)
Seat 5: ReRazz99 folded before Flop (didn't bet)
Seat 6: Febrao67 folded before Flop (didn't bet)



PokerStars Zoom Hand #255032951582:  Hold'em No Limit ($0.05/$0.10) - 2025/02/25 15:09:27 CET [2025/02/25 9:09:27 ET]
Table 'Aludra' 6-max Seat #1 is the button
Seat 1: choibaki ($15.26 in chips) 
Seat 2: Mahu2021 ($7.33 in chips) 
Seat 3: JD 2266 E ($14.46 in chips) 
Seat 4: Khoa Kokola ($10.10 in chips) 
Seat 5: imnotamaniac ($28.88 in chips) 
Seat 6: dakatabr ($11.58 in chips) 
Mahu2021: posts small blind $0.05
JD 2266 E: posts big blind $0.10
*** HOLE CARDS ***
Dealt to Mahu2021 [2c 6d]
Khoa Kokola: folds 
imnotamaniac: folds 
dakatabr: raises $0.20 to $0.30
choibaki: raises $0.45 to $0.75
Mahu2021: folds 
JD 2266 E: folds 
dakatabr: folds 
Uncalled bet ($0.45) returned to choibaki
choibaki collected $0.75 from pot
choibaki: doesn't show hand 
*** SUMMARY ***
Total pot $0.75 | Rake $0 
Seat 1: choibaki (button) collected ($0.75)
Seat 2: Mahu2021 (small blind) folded before Flop
Seat 3: JD 2266 E (big blind) folded before Flop
Seat 4: Khoa Kokola folded before Flop (didn't bet)
Seat 5: imnotamaniac folded before Flop (didn't bet)
Seat 6: dakatabr folded before Flop



PokerStars Zoom Hand #255032952869:  Hold'em No Limit ($0.05/$0.10) - 2025/02/25 15:09:34 CET [2025/02/25 9:09:34 ET]
Table 'Aludra' 6-max Seat #1 is the button
Seat 1: Mahu2021 ($7.28 in chips) 
Seat 2: NoMoreAOF ($10.38 in chips) 
Seat 3: charlesws25 ($19.56 in chips) 
Seat 4: wilzkye ($10.27 in chips) 
Seat 5: Alxr121212 ($7.98 in chips) 
Seat 6: Nicola_S5058 ($10.27 in chips) 
NoMoreAOF: posts small blind $0.05
charlesws25: posts big blind $0.10
*** HOLE CARDS ***
Dealt to Mahu2021 [9s Kh]
wilzkye: folds 
Alxr121212: folds 
Nicola_S5058: calls $0.10
Mahu2021: calls $0.10
NoMoreAOF: folds 
charlesws25: checks 
*** FLOP *** [6c Jc 4d]
charlesws25: checks 
Nicola_S5058: checks 
Mahu2021: checks 
*** TURN *** [6c Jc 4d] [Js]
charlesws25: checks 
Nicola_S5058: checks 
Mahu2021: checks 
*** RIVER *** [6c Jc 4d Js] [8s]
charlesws25: checks 
Nicola_S5058: checks 
Mahu2021: checks 
*** SHOW DOWN ***
charlesws25: shows [Th 8d] (two pair, Jacks and Eights)
Nicola_S5058: mucks hand 
Mahu2021: mucks hand 
charlesws25 collected $0.33 from pot
*** SUMMARY ***
Total pot $0.35 | Rake $0.02 
Board [6c Jc 4d Js 8s]
Seat 1: Mahu2021 (button) mucked [9s Kh]
Seat 2: NoMoreAOF (small blind) folded before Flop
Seat 3: charlesws25 (big blind) showed [Th 8d] and won ($0.33) with two pair, Jacks and Eights
Seat 4: wilzkye folded before Flop (didn't bet)
Seat 5: Alxr121212 folded before Flop (didn't bet)
Seat 6: Nicola_S5058 mucked [7s Qs]



PokerStars Zoom Hand #255032960205:  Hold'em No Limit ($0.05/$0.10) - 2025/02/25 15:10:18 CET [2025/02/25 9:10:18 ET]
Table 'Aludra' 6-max Seat #1 is the button
Seat 1: koribut ($10 in chips) 
Seat 2: Die8 ($10 in chips) 
Seat 3: wilzkye ($11.06 in chips) 
Seat 4: Mangilik ($11.48 in chips) 
Seat 5: Nicola_S5058 ($10.17 in chips) 
Seat 6: Mahu2021 ($7.18 in chips) 
Die8: posts small blind $0.05
wilzkye: posts big blind $0.10
*** HOLE CARDS ***
Dealt to Mahu2021 [3s Jd]
Mangilik: folds 
Nicola_S5058: calls $0.10
Mahu2021: folds 
koribut: folds 
Die8: folds 
wilzkye: checks 
*** FLOP *** [Ah Ks 3h]
wilzkye: checks 
Nicola_S5058: checks 
*** TURN *** [Ah Ks 3h] [9h]
wilzkye: checks 
Nicola_S5058: checks 
*** RIVER *** [Ah Ks 3h 9h] [Kh]
wilzkye: checks 
Nicola_S5058: checks 
*** SHOW DOWN ***
wilzkye: shows [Qs 4c] (a pair of Kings)
Nicola_S5058: shows [Qd Js] (a pair of Kings - Ace+Queen+Jack kicker)
Nicola_S5058 collected $0.24 from pot
*** SUMMARY ***
Total pot $0.25 | Rake $0.01 
Board [Ah Ks 3h 9h Kh]
Seat 1: koribut (button) folded before Flop (didn't bet)
Seat 2: Die8 (small blind) folded before Flop
Seat 3: wilzkye (big blind) showed [Qs 4c] and lost with a pair of Kings
Seat 4: Mangilik folded before Flop (didn't bet)
Seat 5: Nicola_S5058 showed [Qd Js] and won ($0.24) with a pair of Kings
Seat 6: Mahu2021 folded before Flop (didn't bet)



PokerStars Zoom Hand #255032961066:  Hold'em No Limit ($0.05/$0.10) - 2025/02/25 15:10:24 CET [2025/02/25 9:10:24 ET]
Table 'Aludra' 6-max Seat #1 is the button
Seat 1: cz83 ($10 in chips) 
Seat 2: ChuruBDO ($19.87 in chips) 
Seat 3: goldmine111 ($9.65 in chips) 
Seat 4: alanindublin ($11.67 in chips) 
Seat 5: Mahu2021 ($7.18 in chips) 
Seat 6: hugoreisssss ($8.52 in chips) 
ChuruBDO: posts small blind $0.05
goldmine111: posts big blind $0.10
*** HOLE CARDS ***
Dealt to Mahu2021 [Qc Td]
alanindublin: folds 
Mahu2021: raises $0.14 to $0.24
hugoreisssss: folds 
cz83: folds 
ChuruBDO: folds 
goldmine111: calls $0.14
*** FLOP *** [5s Ad 4h]
goldmine111: checks 
Mahu2021: bets $0.30
goldmine111: folds 
Uncalled bet ($0.30) returned to Mahu2021
Mahu2021 collected $0.51 from pot
Mahu2021: doesn't show hand 
*** SUMMARY ***
Total pot $0.53 | Rake $0.02 
Board [5s Ad 4h]
Seat 1: cz83 (button) folded before Flop (didn't bet)
Seat 2: ChuruBDO (small blind) folded before Flop
Seat 3: goldmine111 (big blind) folded on the Flop
Seat 4: alanindublin folded before Flop (didn't bet)
Seat 5: Mahu2021 collected ($0.51)
Seat 6: hugoreisssss folded before Flop (didn't bet)



PokerStars Zoom Hand #255032965210:  Hold'em No Limit ($0.05/$0.10) - 2025/02/25 15:10:48 CET [2025/02/25 9:10:48 ET]
Table 'Aludra' 6-max Seat #1 is the button
Seat 1: JessyPop ($10.15 in chips) 
Seat 2: nDoelAidFme ($10 in chips) 
Seat 3: Mahu2021 ($7.45 in chips) 
Seat 4: c0pp0ck ($10.82 in chips) 
Seat 5: hugoreisssss ($12.94 in chips) 
Seat 6: neli910 ($19.84 in chips) 
nDoelAidFme: posts small blind $0.05
Mahu2021: posts big blind $0.10
*** HOLE CARDS ***
Dealt to Mahu2021 [Js Jh]
c0pp0ck: folds 
hugoreisssss: folds 
neli910: folds 
JessyPop: folds 
nDoelAidFme: raises $0.20 to $0.30
Mahu2021: raises $0.80 to $1.10
nDoelAidFme: folds 
Uncalled bet ($0.80) returned to Mahu2021
Mahu2021 collected $0.60 from pot
Mahu2021: doesn't show hand 
*** SUMMARY ***
Total pot $0.60 | Rake $0 
Seat 1: JessyPop (button) folded before Flop (didn't bet)
Seat 2: nDoelAidFme (small blind) folded before Flop
Seat 3: Mahu2021 (big blind) collected ($0.60)
Seat 4: c0pp0ck folded before Flop (didn't bet)
Seat 5: hugoreisssss folded before Flop (didn't bet)
Seat 6: neli910 folded before Flop (didn't bet)



PokerStars Zoom Hand #255032968885:  Hold'em No Limit ($0.05/$0.10) - 2025/02/25 15:11:11 CET [2025/02/25 9:11:11 ET]
Table 'Aludra' 6-max Seat #1 is the button
Seat 1: Noiseboy1 ($9.75 in chips) 
Seat 2: wowonnn ($11.29 in chips) 
Seat 3: charlesws25 ($14.77 in chips) 
Seat 4: Mahu2021 ($7.75 in chips) 
Seat 5: craigbissett ($12.90 in chips) 
Seat 6: imnotamaniac ($10 in chips) 
wowonnn: posts small blind $0.05
charlesws25: posts big blind $0.10
*** HOLE CARDS ***
Dealt to Mahu2021 [Td 4c]
Mahu2021: folds 
craigbissett: folds 
imnotamaniac: folds 
Noiseboy1: folds 
wowonnn: raises $0.20 to $0.30
charlesws25: folds 
Uncalled bet ($0.20) returned to wowonnn
wowonnn collected $0.20 from pot
wowonnn: doesn't show hand 
*** SUMMARY ***
Total pot $0.20 | Rake $0 
Seat 1: Noiseboy1 (button) folded before Flop (didn't bet)
Seat 2: wowonnn (small blind) collected ($0.20)
Seat 3: charlesws25 (big blind) folded before Flop
Seat 4: Mahu2021 folded before Flop (didn't bet)
Seat 5: craigbissett folded before Flop (didn't bet)
Seat 6: imnotamaniac folded before Flop (didn't bet)



PokerStars Zoom Hand #255032969745:  Hold'em No Limit ($0.05/$0.10) - 2025/02/25 15:11:16 CET [2025/02/25 9:11:16 ET]
Table 'Aludra' 6-max Seat #1 is the button
Seat 1: Garota Infernal ($11.06 in chips) 
Seat 2: Mahu2021 ($7.75 in chips) 
Seat 3: imnotamaniac ($10 in chips) 
Seat 4: pedro76choc ($11.97 in chips) 
Seat 5: kendrid_phil ($31.90 in chips) 
Seat 6: BeepBomb ($8.30 in chips) 
Mahu2021: posts small blind $0.05
imnotamaniac: posts big blind $0.10
*** HOLE CARDS ***
Dealt to Mahu2021 [6d 2s]
pedro76choc: raises $0.10 to $0.20
kendrid_phil: calls $0.20
BeepBomb: folds 
Garota Infernal: folds 
Mahu2021: folds 
imnotamaniac: folds 
*** FLOP *** [Qd Jc Qh]
pedro76choc: bets $0.10
kendrid_phil: folds 
Uncalled bet ($0.10) returned to pedro76choc
pedro76choc collected $0.53 from pot
pedro76choc: doesn't show hand 
*** SUMMARY ***
Total pot $0.55 | Rake $0.02 
Board [Qd Jc Qh]
Seat 1: Garota Infernal (button) folded before Flop (didn't bet)
Seat 2: Mahu2021 (small blind) folded before Flop
Seat 3: imnotamaniac (big blind) folded before Flop
Seat 4: pedro76choc collected ($0.53)
Seat 5: kendrid_phil folded on the Flop
Seat 6: BeepBomb folded before Flop (didn't bet)



PokerStars Zoom Hand #255032972269:  Hold'em No Limit ($0.05/$0.10) - 2025/02/25 15:11:31 CET [2025/02/25 9:11:31 ET]
Table 'Aludra' 6-max Seat #1 is the button
Seat 1: darkito88 ($7.35 in chips) 
Seat 2: JessyPop ($10.42 in chips) 
Seat 3: mlange ($12.57 in chips) 
Seat 4: Mahu2021 ($7.70 in chips) 
Seat 5: craigbissett ($10 in chips) 
Seat 6: Ruabe ($16.69 in chips) 
JessyPop: posts small blind $0.05
mlange: posts big blind $0.10
*** HOLE CARDS ***
Dealt to Mahu2021 [Js Jc]
Mahu2021: raises $0.14 to $0.24
craigbissett: folds 
Ruabe: folds 
darkito88: folds 
JessyPop: folds 
mlange: folds 
Uncalled bet ($0.14) returned to Mahu2021
Mahu2021 collected $0.25 from pot
Mahu2021: doesn't show hand 
*** SUMMARY ***
Total pot $0.25 | Rake $0 
Seat 1: darkito88 (button) folded before Flop (didn't bet)
Seat 2: JessyPop (small blind) folded before Flop
Seat 3: mlange (big blind) folded before Flop
Seat 4: Mahu2021 collected ($0.25)
Seat 5: craigbissett folded before Flop (didn't bet)
Seat 6: Ruabe folded before Flop (didn't bet)



PokerStars Zoom Hand #255032971600:  Hold'em No Limit ($0.05/$0.10) - 2025/02/25 15:11:27 CET [2025/02/25 9:11:27 ET]
Table 'Aludra' 6-max Seat #1 is the button
Seat 1: Ruabe ($16.69 in chips) 
Seat 2: Cheeeeerrss1 ($12.89 in chips) 
Seat 3: ChuruBDO ($9.70 in chips) 
Seat 4: jksgoodgz ($11.43 in chips) 
Seat 5: Mahu2021 ($7.70 in chips) 
Seat 6: crytexs123 ($9.54 in chips) 
Cheeeeerrss1: posts small blind $0.05
ChuruBDO: posts big blind $0.10
*** HOLE CARDS ***
Dealt to Mahu2021 [9d 2d]
jksgoodgz: folds 
Mahu2021: folds 
crytexs123: folds 
Ruabe: folds 
Cheeeeerrss1: folds 
Uncalled bet ($0.05) returned to ChuruBDO
ChuruBDO collected $0.10 from pot
ChuruBDO: doesn't show hand 
*** SUMMARY ***
Total pot $0.10 | Rake $0 
Seat 1: Ruabe (button) folded before Flop (didn't bet)
Seat 2: Cheeeeerrss1 (small blind) folded before Flop
Seat 3: ChuruBDO (big blind) collected ($0.10)
Seat 4: jksgoodgz folded before Flop (didn't bet)
Seat 5: Mahu2021 folded before Flop (didn't bet)
Seat 6: crytexs123 folded before Flop (didn't bet)



PokerStars Zoom Hand #255032970452:  Hold'em No Limit ($0.05/$0.10) - 2025/02/25 15:11:20 CET [2025/02/25 9:11:20 ET]
Table 'Aludra' 6-max Seat #1 is the button
Seat 1: Mahu2021 ($7.70 in chips) 
Seat 2: MasterVBM ($3.07 in chips) 
Seat 3: __wcok69__ ($9.56 in chips) 
Seat 4: Die8 ($10.91 in chips) 
Seat 5: charlesws25 ($14.11 in chips) 
Seat 6: neli910 ($19.74 in chips) 
MasterVBM: posts small blind $0.05
__wcok69__: posts big blind $0.10
*** HOLE CARDS ***
Dealt to Mahu2021 [6d 5h]
Die8: folds 
charlesws25: folds 
neli910: folds 
Mahu2021: folds 
MasterVBM: raises $0.10 to $0.20
__wcok69__: calls $0.10
*** FLOP *** [8c Jh Ah]
MasterVBM: bets $0.20
__wcok69__: folds 
Uncalled bet ($0.20) returned to MasterVBM
MasterVBM collected $0.38 from pot
MasterVBM: doesn't show hand 
*** SUMMARY ***
Total pot $0.40 | Rake $0.02 
Board [8c Jh Ah]
Seat 1: Mahu2021 (button) folded before Flop (didn't bet)
Seat 2: MasterVBM (small blind) collected ($0.38)
Seat 3: __wcok69__ (big blind) folded on the Flop
Seat 4: Die8 folded before Flop (didn't bet)
Seat 5: charlesws25 folded before Flop (didn't bet)
Seat 6: neli910 folded before Flop (didn't bet)



PokerStars Zoom Hand #255032974805:  Hold'em No Limit ($0.05/$0.10) - 2025/02/25 15:11:47 CET [2025/02/25 9:11:47 ET]
Table 'Aludra' 6-max Seat #1 is the button
Seat 1: Sommer666 ($6.26 in chips) 
Seat 2: __wcok69__ ($9.28 in chips) 
Seat 3: Mahu2021 ($7.85 in chips) 
Seat 4: Alxr121212 ($10 in chips) 
Seat 5: koribut ($10.15 in chips) 
Seat 6: Die8 ($10.68 in chips) 
__wcok69__: posts small blind $0.05
Mahu2021: posts big blind $0.10
*** HOLE CARDS ***
Dealt to Mahu2021 [5h Js]
Alxr121212: folds 
koribut: folds 
Die8: folds 
Sommer666: raises $0.10 to $0.20
__wcok69__: folds 
Mahu2021: calls $0.10
*** FLOP *** [Qd As 4h]
Mahu2021: checks 
Sommer666: checks 
*** TURN *** [Qd As 4h] [9d]
Mahu2021: checks 
Sommer666: checks 
*** RIVER *** [Qd As 4h 9d] [7h]
Mahu2021: checks 
Sommer666: checks 
*** SHOW DOWN ***
Mahu2021: shows [5h Js] (high card Ace)
Sommer666: shows [Jh 3h] (high card Ace)
Mahu2021 collected $0.22 from pot
Sommer666 collected $0.21 from pot
*** SUMMARY ***
Total pot $0.45 | Rake $0.02 
Board [Qd As 4h 9d 7h]
Seat 1: Sommer666 (button) showed [Jh 3h] and won ($0.21) with high card Ace
Seat 2: __wcok69__ (small blind) folded before Flop
Seat 3: Mahu2021 (big blind) showed [5h Js] and won ($0.22) with high card Ace
Seat 4: Alxr121212 folded before Flop (didn't bet)
Seat 5: koribut folded before Flop (didn't bet)
Seat 6: Die8 folded before Flop (didn't bet)



PokerStars Zoom Hand #255032978597:  Hold'em No Limit ($0.05/$0.10) - 2025/02/25 15:12:09 CET [2025/02/25 9:12:09 ET]
Table 'Aludra' 6-max Seat #1 is the button
Seat 1: jksgoodgz ($18.28 in chips) 
Seat 2: Sommer666 ($6.27 in chips) 
Seat 3: NoMoreAOF ($26.84 in chips) 
Seat 4: 00O-2Z ($38.63 in chips) 
Seat 5: wowonnn ($11.07 in chips) 
Seat 6: Mahu2021 ($7.87 in chips) 
Sommer666: posts small blind $0.05
NoMoreAOF: posts big blind $0.10
*** HOLE CARDS ***
Dealt to Mahu2021 [Ks Kd]
00O-2Z: folds 
wowonnn: folds 
Mahu2021: raises $0.14 to $0.24
jksgoodgz: folds 
Sommer666: calls $0.19
NoMoreAOF: folds 
*** FLOP *** [6d 6s 7s]
Sommer666: checks 
Mahu2021: bets $0.55
Sommer666: folds 
Uncalled bet ($0.55) returned to Mahu2021
Mahu2021 collected $0.55 from pot
Mahu2021: doesn't show hand 
*** SUMMARY ***
Total pot $0.58 | Rake $0.03 
Board [6d 6s 7s]
Seat 1: jksgoodgz (button) folded before Flop (didn't bet)
Seat 2: Sommer666 (small blind) folded on the Flop
Seat 3: NoMoreAOF (big blind) folded before Flop
Seat 4: 00O-2Z folded before Flop (didn't bet)
Seat 5: wowonnn folded before Flop (didn't bet)
Seat 6: Mahu2021 collected ($0.55)



PokerStars Zoom Hand #255032982614:  Hold'em No Limit ($0.05/$0.10) - 2025/02/25 15:12:33 CET [2025/02/25 9:12:33 ET]
Table 'Aludra' 6-max Seat #1 is the button
Seat 1: Scotti4 ($12.21 in chips) 
Seat 2: Mahu2021 ($8.18 in chips) 
Seat 3: c0pp0ck ($10 in chips) 
Seat 4: ChuruBDO ($20.39 in chips) 
Seat 5: wilzkye ($10.79 in chips) 
Seat 6: Anbru666 ($8.84 in chips) 
Mahu2021: posts small blind $0.05
c0pp0ck: posts big blind $0.10
*** HOLE CARDS ***
Dealt to Mahu2021 [7s 9c]
ChuruBDO: folds 
wilzkye: folds 
Anbru666: raises $0.20 to $0.30
Scotti4: folds 
Mahu2021: folds 
c0pp0ck: folds 
Uncalled bet ($0.20) returned to Anbru666
Anbru666 collected $0.25 from pot
Anbru666: doesn't show hand 
*** SUMMARY ***
Total pot $0.25 | Rake $0 
Seat 1: Scotti4 (button) folded before Flop (didn't bet)
Seat 2: Mahu2021 (small blind) folded before Flop
Seat 3: c0pp0ck (big blind) folded before Flop
Seat 4: ChuruBDO folded before Flop (didn't bet)
Seat 5: wilzkye folded before Flop (didn't bet)
Seat 6: Anbru666 collected ($0.25)



PokerStars Zoom Hand #255032984424:  Hold'em No Limit ($0.05/$0.10) - 2025/02/25 15:12:44 CET [2025/02/25 9:12:44 ET]
Table 'Aludra' 6-max Seat #1 is the button
Seat 1: Mahu2021 ($8.13 in chips) 
Seat 2: Cosimo1870 ($4.59 in chips) 
Seat 3: cz83 ($10.34 in chips) 
Seat 4: corape ($13.72 in chips) 
Seat 5: __wcok69__ ($9.64 in chips) 
Seat 6: charlesws25 ($19.01 in chips) 
Cosimo1870: posts small blind $0.05
cz83: posts big blind $0.10
*** HOLE CARDS ***
Dealt to Mahu2021 [9d Qc]
corape: folds 
__wcok69__: folds 
charlesws25: folds 
Mahu2021: folds 
Cosimo1870: folds 
Uncalled bet ($0.05) returned to cz83
cz83 collected $0.10 from pot
cz83: doesn't show hand 
*** SUMMARY ***
Total pot $0.10 | Rake $0 
Seat 1: Mahu2021 (button) folded before Flop (didn't bet)
Seat 2: Cosimo1870 (small blind) folded before Flop
Seat 3: cz83 (big blind) collected ($0.10)
Seat 4: corape folded before Flop (didn't bet)
Seat 5: __wcok69__ folded before Flop (didn't bet)
Seat 6: charlesws25 folded before Flop (didn't bet)



PokerStars Zoom Hand #255032985036:  Hold'em No Limit ($0.05/$0.10) - 2025/02/25 15:12:47 CET [2025/02/25 9:12:47 ET]
Table 'Aludra' 6-max Seat #1 is the button
Seat 1: goldmine111 ($9.26 in chips) 
Seat 2: koribut ($11.09 in chips) 
Seat 3: Cosimo1870 ($4.54 in chips) 
Seat 4: gelik32 ($11.64 in chips) 
Seat 5: Alxr121212 ($7.31 in chips) 
Seat 6: Mahu2021 ($8.13 in chips) 
koribut: posts small blind $0.05
Cosimo1870: posts big blind $0.10
*** HOLE CARDS ***
Dealt to Mahu2021 [4s 3h]
gelik32: folds 
Alxr121212: folds 
Mahu2021: folds 
goldmine111: raises $0.20 to $0.30
koribut: folds 
Cosimo1870: folds 
Uncalled bet ($0.20) returned to goldmine111
goldmine111 collected $0.25 from pot
goldmine111: doesn't show hand 
*** SUMMARY ***
Total pot $0.25 | Rake $0 
Seat 1: goldmine111 (button) collected ($0.25)
Seat 2: koribut (small blind) folded before Flop
Seat 3: Cosimo1870 (big blind) folded before Flop
Seat 4: gelik32 folded before Flop (didn't bet)
Seat 5: Alxr121212 folded before Flop (didn't bet)
Seat 6: Mahu2021 folded before Flop (didn't bet)



PokerStars Zoom Hand #255032985576:  Hold'em No Limit ($0.05/$0.10) - 2025/02/25 15:12:51 CET [2025/02/25 9:12:51 ET]
Table 'Aludra' 6-max Seat #1 is the button
Seat 1: koribut ($11.04 in chips) 
Seat 2: Pajo3096 ($27.75 in chips) 
Seat 3: Mahu2021 ($8.13 in chips) 
Seat 4: Anbru666 ($8.99 in chips) 
Seat 5: zinluz ($11.38 in chips) 
Seat 6: MasterVBM ($3.15 in chips) 
Pajo3096: posts small blind $0.05
Mahu2021: posts big blind $0.10
*** HOLE CARDS ***
Dealt to Mahu2021 [Ah 2c]
Anbru666: calls $0.10
zinluz: folds 
MasterVBM: folds 
koribut: folds 
Pajo3096: folds 
Mahu2021: checks 
*** FLOP *** [Qd 8h Ac]
Mahu2021: checks 
Anbru666: bets $0.10
Mahu2021: calls $0.10
*** TURN *** [Qd 8h Ac] [Ts]
Mahu2021: checks 
Anbru666: checks 
*** RIVER *** [Qd 8h Ac Ts] [6s]
Mahu2021: bets $0.10
Anbru666: calls $0.10
*** SHOW DOWN ***
Mahu2021: shows [Ah 2c] (a pair of Aces)
Anbru666: mucks hand 
Mahu2021 collected $0.62 from pot
*** SUMMARY ***
Total pot $0.65 | Rake $0.03 
Board [Qd 8h Ac Ts 6s]
Seat 1: koribut (button) folded before Flop (didn't bet)
Seat 2: Pajo3096 (small blind) folded before Flop
Seat 3: Mahu2021 (big blind) showed [Ah 2c] and won ($0.62) with a pair of Aces
Seat 4: Anbru666 mucked [9c Tc]
Seat 5: zinluz folded before Flop (didn't bet)
Seat 6: MasterVBM folded before Flop (didn't bet)



PokerStars Zoom Hand #255032989892:  Hold'em No Limit ($0.05/$0.10) - 2025/02/25 15:13:16 CET [2025/02/25 9:13:16 ET]
Table 'Aludra' 6-max Seat #1 is the button
Seat 1: Anbru666 ($8.69 in chips) 
Seat 2: zinluz ($6.59 in chips) 
Seat 3: iceballantyne ($10.43 in chips) 
Seat 4: ChuruBDO ($39.34 in chips) 
Seat 5: Mahu2021 ($8.45 in chips) 
Seat 6: houseworx ($3.09 in chips) 
zinluz: posts small blind $0.05
iceballantyne: posts big blind $0.10
*** HOLE CARDS ***
Dealt to Mahu2021 [Ks Td]
ChuruBDO: folds 
Mahu2021: raises $0.14 to $0.24
houseworx: folds 
Anbru666: folds 
zinluz: folds 
iceballantyne: folds 
Uncalled bet ($0.14) returned to Mahu2021
Mahu2021 collected $0.25 from pot
Mahu2021: doesn't show hand 
*** SUMMARY ***
Total pot $0.25 | Rake $0 
Seat 1: Anbru666 (button) folded before Flop (didn't bet)
Seat 2: zinluz (small blind) folded before Flop
Seat 3: iceballantyne (big blind) folded before Flop
Seat 4: ChuruBDO folded before Flop (didn't bet)
Seat 5: Mahu2021 collected ($0.25)
Seat 6: houseworx folded before Flop (didn't bet)



PokerStars Zoom Hand #255032993204:  Hold'em No Limit ($0.05/$0.10) - 2025/02/25 15:13:36 CET [2025/02/25 9:13:36 ET]
Table 'Aludra' 6-max Seat #1 is the button
Seat 1: Mahu2021 ($8.60 in chips) 
Seat 2: neli910 ($19.49 in chips) 
Seat 3: Beba444 ($7.22 in chips) 
Seat 4: hugoreisssss ($7.36 in chips) 
Seat 5: acebob999 ($13.44 in chips) 
Seat 6: charlesws25 ($10 in chips) 
neli910: posts small blind $0.05
Beba444: posts big blind $0.10
*** HOLE CARDS ***
Dealt to Mahu2021 [2c 9c]
hugoreisssss: folds 
acebob999: raises $0.10 to $0.20
charlesws25: folds 
Mahu2021: folds 
neli910: folds 
Beba444: calls $0.10
*** FLOP *** [5s 6c Th]
Beba444: checks 
acebob999: bets $0.32
Beba444: calls $0.32
*** TURN *** [5s 6c Th] [7c]
Beba444: checks 
acebob999: bets $0.52
Beba444: calls $0.52
*** RIVER *** [5s 6c Th 7c] [6s]
Beba444: checks 
acebob999: bets $2.03
Beba444: folds 
Uncalled bet ($2.03) returned to acebob999
acebob999 collected $2.03 from pot
acebob999: doesn't show hand 
*** SUMMARY ***
Total pot $2.13 | Rake $0.10 
Board [5s 6c Th 7c 6s]
Seat 1: Mahu2021 (button) folded before Flop (didn't bet)
Seat 2: neli910 (small blind) folded before Flop
Seat 3: Beba444 (big blind) folded on the River
Seat 4: hugoreisssss folded before Flop (didn't bet)
Seat 5: acebob999 collected ($2.03)
Seat 6: charlesws25 folded before Flop (didn't bet)



PokerStars Zoom Hand #255032992559:  Hold'em No Limit ($0.05/$0.10) - 2025/02/25 15:13:32 CET [2025/02/25 9:13:32 ET]
Table 'Aludra' 6-max Seat #1 is the button
Seat 1: fasora ($10.10 in chips) 
Seat 2: gibran221 ($10 in chips) 
Seat 3: megaloshara ($12.08 in chips) 
Seat 4: Mahu2021 ($8.60 in chips) 
Seat 5: shortstackpro ($4.23 in chips) 
Seat 6: chessismorefun ($10 in chips) 
gibran221: posts small blind $0.05
megaloshara: posts big blind $0.10
*** HOLE CARDS ***
Dealt to Mahu2021 [8d Ac]
Mahu2021: folds 
shortstackpro: raises $0.10 to $0.20
chessismorefun: folds 
fasora: folds 
gibran221: calls $0.15
megaloshara: raises $0.80 to $1
shortstackpro: calls $0.80
gibran221: calls $0.80
*** FLOP *** [3h 4c 5h]
gibran221: checks 
megaloshara: checks 
shortstackpro: bets $3.23 and is all-in
gibran221: folds 
megaloshara: folds 
Uncalled bet ($3.23) returned to shortstackpro
shortstackpro collected $2.86 from pot
shortstackpro: doesn't show hand 
*** SUMMARY ***
Total pot $3 | Rake $0.14 
Board [3h 4c 5h]
Seat 1: fasora (button) folded before Flop (didn't bet)
Seat 2: gibran221 (small blind) folded on the Flop
Seat 3: megaloshara (big blind) folded on the Flop
Seat 4: Mahu2021 folded before Flop (didn't bet)
Seat 5: shortstackpro collected ($2.86)
Seat 6: chessismorefun folded before Flop (didn't bet)



PokerStars Zoom Hand #255032993907:  Hold'em No Limit ($0.05/$0.10) - 2025/02/25 15:13:40 CET [2025/02/25 9:13:40 ET]
Table 'Aludra' 6-max Seat #1 is the button
Seat 1: VitorArj ($19.09 in chips) 
Seat 2: Mahu2021 ($8.60 in chips) 
Seat 3: hugoreisssss ($7.36 in chips) 
Seat 4: aby100 ($13.31 in chips) 
Seat 5: gibran221 ($10 in chips) 
Seat 6: Garota Infernal ($10 in chips) 
Mahu2021: posts small blind $0.05
hugoreisssss: posts big blind $0.10
*** HOLE CARDS ***
Dealt to Mahu2021 [5h Ac]
aby100: folds 
gibran221: folds 
Garota Infernal: raises $0.12 to $0.22
VitorArj: folds 
Mahu2021: calls $0.17
hugoreisssss: folds 
*** FLOP *** [3h 3d 5d]
Mahu2021: checks 
Garota Infernal: checks 
*** TURN *** [3h 3d 5d] [Kc]
Mahu2021: checks 
Garota Infernal: checks 
*** RIVER *** [3h 3d 5d Kc] [Tc]
Mahu2021: bets $0.52
Garota Infernal: folds 
Uncalled bet ($0.52) returned to Mahu2021
Mahu2021 collected $0.52 from pot
Mahu2021: doesn't show hand 
*** SUMMARY ***
Total pot $0.54 | Rake $0.02 
Board [3h 3d 5d Kc Tc]
Seat 1: VitorArj (button) folded before Flop (didn't bet)
Seat 2: Mahu2021 (small blind) collected ($0.52)
Seat 3: hugoreisssss (big blind) folded before Flop
Seat 4: aby100 folded before Flop (didn't bet)
Seat 5: gibran221 folded before Flop (didn't bet)
Seat 6: Garota Infernal folded on the River



PokerStars Zoom Hand #255033003111:  Hold'em No Limit ($0.05/$0.10) - 2025/02/25 15:14:36 CET [2025/02/25 9:14:36 ET]
Table 'Aludra' 6-max Seat #1 is the button
Seat 1: Garota Infernal ($10 in chips) 
Seat 2: craigbissett ($10 in chips) 
Seat 3: Khoa Kokola ($9.90 in chips) 
Seat 4: VitorArj ($10.95 in chips) 
Seat 5: Die8 ($10.36 in chips) 
Seat 6: Mahu2021 ($8.90 in chips) 
craigbissett: posts small blind $0.05
Khoa Kokola: posts big blind $0.10
*** HOLE CARDS ***
Dealt to Mahu2021 [2c Ac]
VitorArj: folds 
Die8: folds 
Mahu2021: raises $0.14 to $0.24
Garota Infernal: folds 
craigbissett: folds 
Khoa Kokola: calls $0.14
*** FLOP *** [5s Ah 8d]
Khoa Kokola: checks 
Mahu2021: bets $0.30
Khoa Kokola: folds 
Uncalled bet ($0.30) returned to Mahu2021
Mahu2021 collected $0.51 from pot
Mahu2021: doesn't show hand 
*** SUMMARY ***
Total pot $0.53 | Rake $0.02 
Board [5s Ah 8d]
Seat 1: Garota Infernal (button) folded before Flop (didn't bet)
Seat 2: craigbissett (small blind) folded before Flop
Seat 3: Khoa Kokola (big blind) folded on the Flop
Seat 4: VitorArj folded before Flop (didn't bet)
Seat 5: Die8 folded before Flop (didn't bet)
Seat 6: Mahu2021 collected ($0.51)



PokerStars Zoom Hand #255033008280:  Hold'em No Limit ($0.05/$0.10) - 2025/02/25 15:15:07 CET [2025/02/25 9:15:07 ET]
Table 'Aludra' 6-max Seat #1 is the button
Seat 1: charlesws25 ($14.07 in chips) 
Seat 2: aby100 ($23.16 in chips) 
Seat 3: vakalo ($6.03 in chips) 
Seat 4: Mahu2021 ($9.17 in chips) 
Seat 5: VitorArj ($11.13 in chips) 
Seat 6: jksgoodgz ($19.34 in chips) 
aby100: posts small blind $0.05
vakalo: posts big blind $0.10
*** HOLE CARDS ***
Dealt to Mahu2021 [Kc Ad]
Mahu2021: raises $0.14 to $0.24
VitorArj: folds 
jksgoodgz: folds 
charlesws25: folds 
aby100: folds 
vakalo: calls $0.14
*** FLOP *** [Qh 6d Ac]
vakalo: checks 
Mahu2021: bets $0.30
vakalo: folds 
Uncalled bet ($0.30) returned to Mahu2021
Mahu2021 collected $0.51 from pot
Mahu2021: doesn't show hand 
*** SUMMARY ***
Total pot $0.53 | Rake $0.02 
Board [Qh 6d Ac]
Seat 1: charlesws25 (button) folded before Flop (didn't bet)
Seat 2: aby100 (small blind) folded before Flop
Seat 3: vakalo (big blind) folded on the Flop
Seat 4: Mahu2021 collected ($0.51)
Seat 5: VitorArj folded before Flop (didn't bet)
Seat 6: jksgoodgz folded before Flop (didn't bet)



PokerStars Zoom Hand #255033011562:  Hold'em No Limit ($0.05/$0.10) - 2025/02/25 15:15:27 CET [2025/02/25 9:15:27 ET]
Table 'Aludra' 6-max Seat #1 is the button
Seat 1: NoMoreAOF ($10 in chips) 
Seat 2: cz83 ($10 in chips) 
Seat 3: darkito88 ($4.94 in chips) 
Seat 4: Mahu2021 ($9.44 in chips) 
Seat 5: iceballantyne ($18.85 in chips) 
Seat 6: choibaki ($10.16 in chips) 
cz83: posts small blind $0.05
darkito88: posts big blind $0.10
*** HOLE CARDS ***
Dealt to Mahu2021 [Kc 8d]
Mahu2021: folds 
iceballantyne: folds 
choibaki: folds 
NoMoreAOF: folds 
cz83: folds 
Uncalled bet ($0.05) returned to darkito88
darkito88 collected $0.10 from pot
darkito88: doesn't show hand 
*** SUMMARY ***
Total pot $0.10 | Rake $0 
Seat 1: NoMoreAOF (button) folded before Flop (didn't bet)
Seat 2: cz83 (small blind) folded before Flop
Seat 3: darkito88 (big blind) collected ($0.10)
Seat 4: Mahu2021 folded before Flop (didn't bet)
Seat 5: iceballantyne folded before Flop (didn't bet)
Seat 6: choibaki folded before Flop (didn't bet)



PokerStars Zoom Hand #255033007635:  Hold'em No Limit ($0.05/$0.10) - 2025/02/25 15:15:03 CET [2025/02/25 9:15:03 ET]
Table 'Aludra' 6-max Seat #1 is the button
Seat 1: NoMoreAOF ($17.30 in chips) 
Seat 2: koribut ($10.05 in chips) 
Seat 3: filleesveensson ($8.47 in chips) 
Seat 4: kendrid_phil ($31.30 in chips) 
Seat 5: Mahu2021 ($9.17 in chips) 
Seat 6: shortstackpro ($5.94 in chips) 
koribut: posts small blind $0.05
filleesveensson: posts big blind $0.10
*** HOLE CARDS ***
Dealt to Mahu2021 [7s 8c]
kendrid_phil: folds 
Mahu2021: folds 
shortstackpro: calls $0.10
NoMoreAOF: calls $0.10
koribut: folds 
filleesveensson: checks 
*** FLOP *** [Ac As 7c]
filleesveensson: checks 
shortstackpro: checks 
NoMoreAOF: checks 
*** TURN *** [Ac As 7c] [3d]
filleesveensson: checks 
shortstackpro: bets $0.33
NoMoreAOF: folds 
filleesveensson: folds 
Uncalled bet ($0.33) returned to shortstackpro
shortstackpro collected $0.33 from pot
shortstackpro: doesn't show hand 
*** SUMMARY ***
Total pot $0.35 | Rake $0.02 
Board [Ac As 7c 3d]
Seat 1: NoMoreAOF (button) folded on the Turn
Seat 2: koribut (small blind) folded before Flop
Seat 3: filleesveensson (big blind) folded on the Turn
Seat 4: kendrid_phil folded before Flop (didn't bet)
Seat 5: Mahu2021 folded before Flop (didn't bet)
Seat 6: shortstackpro collected ($0.33)



PokerStars Zoom Hand #255033012374:  Hold'em No Limit ($0.05/$0.10) - 2025/02/25 15:15:32 CET [2025/02/25 9:15:32 ET]
Table 'Aludra' 6-max Seat #1 is the button
Seat 1: iceballantyne ($10.06 in chips) 
Seat 2: choibaki ($10.43 in chips) 
Seat 3: Mahu2021 ($9.44 in chips) 
Seat 4: Alxr121212 ($14.06 in chips) 
Seat 5: jksgoodgz ($19.49 in chips) 
Seat 6: megaloshara ($10.86 in chips) 
choibaki: posts small blind $0.05
Mahu2021: posts big blind $0.10
*** HOLE CARDS ***
Dealt to Mahu2021 [8c Jh]
Alxr121212: folds 
jksgoodgz: raises $0.10 to $0.20
megaloshara: folds 
iceballantyne: folds 
choibaki: folds 
Mahu2021: calls $0.10
*** FLOP *** [Th 8d Qs]
Mahu2021: checks 
jksgoodgz: checks 
*** TURN *** [Th 8d Qs] [Ah]
Mahu2021: checks 
jksgoodgz: bets $0.32
Mahu2021: calls $0.32
*** RIVER *** [Th 8d Qs Ah] [Qc]
Mahu2021: checks 
jksgoodgz: checks 
*** SHOW DOWN ***
Mahu2021: shows [8c Jh] (two pair, Queens and Eights)
jksgoodgz: shows [Ac Jd] (two pair, Aces and Queens)
jksgoodgz collected $1.04 from pot
*** SUMMARY ***
Total pot $1.09 | Rake $0.05 
Board [Th 8d Qs Ah Qc]
Seat 1: iceballantyne (button) folded before Flop (didn't bet)
Seat 2: choibaki (small blind) folded before Flop
Seat 3: Mahu2021 (big blind) showed [8c Jh] and lost with two pair, Queens and Eights
Seat 4: Alxr121212 folded before Flop (didn't bet)
Seat 5: jksgoodgz showed [Ac Jd] and won ($1.04) with two pair, Aces and Queens
Seat 6: megaloshara folded before Flop (didn't bet)



PokerStars Zoom Hand #255033016110:  Hold'em No Limit ($0.05/$0.10) - 2025/02/25 15:15:55 CET [2025/02/25 9:15:55 ET]
Table 'Aludra' 6-max Seat #1 is the button
Seat 1: cz83 ($10.60 in chips) 
Seat 2: Mahu2021 ($8.92 in chips) 
Seat 3: jksgoodgz ($20.01 in chips) 
Seat 4: dakatabr ($10.10 in chips) 
Seat 5: pedro76choc ($11.33 in chips) 
Seat 6: c0pp0ck ($10.50 in chips) 
Mahu2021: posts small blind $0.05
jksgoodgz: posts big blind $0.10
*** HOLE CARDS ***
Dealt to Mahu2021 [3h Ad]
dakatabr: folds 
pedro76choc: folds 
c0pp0ck: folds 
cz83: folds 
Mahu2021: raises $0.20 to $0.30
jksgoodgz: folds 
Uncalled bet ($0.20) returned to Mahu2021
Mahu2021 collected $0.20 from pot
Mahu2021: doesn't show hand 
*** SUMMARY ***
Total pot $0.20 | Rake $0 
Seat 1: cz83 (button) folded before Flop (didn't bet)
Seat 2: Mahu2021 (small blind) collected ($0.20)
Seat 3: jksgoodgz (big blind) folded before Flop
Seat 4: dakatabr folded before Flop (didn't bet)
Seat 5: pedro76choc folded before Flop (didn't bet)
Seat 6: c0pp0ck folded before Flop (didn't bet)



PokerStars Zoom Hand #255033018628:  Hold'em No Limit ($0.05/$0.10) - 2025/02/25 15:16:11 CET [2025/02/25 9:16:11 ET]
Table 'Aludra' 6-max Seat #1 is the button
Seat 1: Mahu2021 ($9.02 in chips) 
Seat 2: wilzkye ($13.60 in chips) 
Seat 3: impmaranhao ($27.87 in chips) 
Seat 4: Cosimo1870 ($3.10 in chips) 
Seat 5: koribut ($10.33 in chips) 
Seat 6: chessismorefun ($10.68 in chips) 
wilzkye: posts small blind $0.05
impmaranhao: posts big blind $0.10
*** HOLE CARDS ***
Dealt to Mahu2021 [7d Th]
Cosimo1870: folds 
koribut: folds 
chessismorefun: raises $0.12 to $0.22
Mahu2021: folds 
wilzkye: folds 
impmaranhao: folds 
Uncalled bet ($0.12) returned to chessismorefun
chessismorefun collected $0.25 from pot
chessismorefun: doesn't show hand 
*** SUMMARY ***
Total pot $0.25 | Rake $0 
Seat 1: Mahu2021 (button) folded before Flop (didn't bet)
Seat 2: wilzkye (small blind) folded before Flop
Seat 3: impmaranhao (big blind) folded before Flop
Seat 4: Cosimo1870 folded before Flop (didn't bet)
Seat 5: koribut folded before Flop (didn't bet)
Seat 6: chessismorefun collected ($0.25)



PokerStars Zoom Hand #255033019507:  Hold'em No Limit ($0.05/$0.10) - 2025/02/25 15:16:16 CET [2025/02/25 9:16:16 ET]
Table 'Aludra' 6-max Seat #1 is the button
Seat 1: jksgoodgz ($19.91 in chips) 
Seat 2: Clicker89 ($9.90 in chips) 
Seat 3: NoMoreAOF ($10 in chips) 
Seat 4: Cosimo1870 ($3.10 in chips) 
Seat 5: shortstackpro ($6.02 in chips) 
Seat 6: Mahu2021 ($9.02 in chips) 
Clicker89: posts small blind $0.05
NoMoreAOF: posts big blind $0.10
*** HOLE CARDS ***
Dealt to Mahu2021 [8c 5h]
Cosimo1870: raises $0.15 to $0.25
shortstackpro: folds 
Mahu2021: folds 
jksgoodgz: raises $0.55 to $0.80
Clicker89: folds 
NoMoreAOF: folds 
Cosimo1870: calls $0.55
*** FLOP *** [3c 5s 9c]
Cosimo1870: checks 
jksgoodgz: bets $0.84
Cosimo1870: folds 
Uncalled bet ($0.84) returned to jksgoodgz
jksgoodgz collected $1.67 from pot
jksgoodgz: doesn't show hand 
*** SUMMARY ***
Total pot $1.75 | Rake $0.08 
Board [3c 5s 9c]
Seat 1: jksgoodgz (button) collected ($1.67)
Seat 2: Clicker89 (small blind) folded before Flop
Seat 3: NoMoreAOF (big blind) folded before Flop
Seat 4: Cosimo1870 folded on the Flop
Seat 5: shortstackpro folded before Flop (didn't bet)
Seat 6: Mahu2021 folded before Flop (didn't bet)



PokerStars Zoom Hand #255033020177:  Hold'em No Limit ($0.05/$0.10) - 2025/02/25 15:16:20 CET [2025/02/25 9:16:20 ET]
Table 'Aludra' 6-max Seat #1 is the button
Seat 1: hugoreisssss ($11.67 in chips) 
Seat 2: fasora ($10 in chips) 
Seat 3: Mr. Dolmer ($26.76 in chips) 
Seat 4: brodieball ($10.43 in chips) 
Seat 5: Mahu2021 ($9.02 in chips) 
Seat 6: ChuruBDO ($20.81 in chips) 
fasora: posts small blind $0.05
Mr. Dolmer: posts big blind $0.10
*** HOLE CARDS ***
Dealt to Mahu2021 [Kd As]
brodieball: raises $0.10 to $0.20
Mahu2021: calls $0.20
ChuruBDO: calls $0.20
hugoreisssss: folds 
fasora: folds 
Mr. Dolmer: calls $0.10
*** FLOP *** [3c Jc 4c]
Mr. Dolmer: checks 
brodieball: checks 
Mahu2021: checks 
ChuruBDO: checks 
*** TURN *** [3c Jc 4c] [Qd]
Mr. Dolmer: checks 
brodieball: checks 
Mahu2021: bets $0.30
ChuruBDO: folds 
Mr. Dolmer: folds 
brodieball: raises $0.50 to $0.80
Mahu2021: calls $0.50
*** RIVER *** [3c Jc 4c Qd] [5d]
brodieball: bets $1.17
Mahu2021: folds 
Uncalled bet ($1.17) returned to brodieball
brodieball collected $2.34 from pot
brodieball: doesn't show hand 
*** SUMMARY ***
Total pot $2.45 | Rake $0.11 
Board [3c Jc 4c Qd 5d]
Seat 1: hugoreisssss (button) folded before Flop (didn't bet)
Seat 2: fasora (small blind) folded before Flop
Seat 3: Mr. Dolmer (big blind) folded on the Turn
Seat 4: brodieball collected ($2.34)
Seat 5: Mahu2021 folded on the River
Seat 6: ChuruBDO folded on the Turn



PokerStars Zoom Hand #255033033444:  Hold'em No Limit ($0.05/$0.10) - 2025/02/25 15:17:40 CET [2025/02/25 9:17:40 ET]
Table 'Aludra' 6-max Seat #1 is the button
Seat 1: Cheeeeerrss1 ($12.17 in chips) 
Seat 2: brodieball ($11.77 in chips) 
Seat 3: Mahu2021 ($8.02 in chips) 
Seat 4: jksgoodgz ($36.26 in chips) 
Seat 5: fasora ($13.58 in chips) 
Seat 6: tonyspl1 ($11.03 in chips) 
brodieball: posts small blind $0.05
Mahu2021: posts big blind $0.10
*** HOLE CARDS ***
Dealt to Mahu2021 [5c 7c]
jksgoodgz: raises $0.10 to $0.20
fasora: folds 
tonyspl1: folds 
Cheeeeerrss1: folds 
brodieball: folds 
Mahu2021: calls $0.10
*** FLOP *** [Jc Qc 2c]
Mahu2021: checks 
jksgoodgz: checks 
*** TURN *** [Jc Qc 2c] [Js]
Mahu2021: checks 
jksgoodgz: bets $0.22
Mahu2021: raises $0.38 to $0.60
jksgoodgz: folds 
Uncalled bet ($0.38) returned to Mahu2021
Mahu2021 collected $0.85 from pot
Mahu2021: doesn't show hand 
*** SUMMARY ***
Total pot $0.89 | Rake $0.04 
Board [Jc Qc 2c Js]
Seat 1: Cheeeeerrss1 (button) folded before Flop (didn't bet)
Seat 2: brodieball (small blind) folded before Flop
Seat 3: Mahu2021 (big blind) collected ($0.85)
Seat 4: jksgoodgz folded on the Turn
Seat 5: fasora folded before Flop (didn't bet)
Seat 6: tonyspl1 folded before Flop (didn't bet)



PokerStars Zoom Hand #255033037187:  Hold'em No Limit ($0.05/$0.10) - 2025/02/25 15:18:02 CET [2025/02/25 9:18:02 ET]
Table 'Aludra' 6-max Seat #1 is the button
Seat 1: Noiseboy1 ($8.57 in chips) 
Seat 2: Mahu2021 ($8.45 in chips) 
Seat 3: charlesws25 ($10.40 in chips) 
Seat 4: jksgoodgz ($20.58 in chips) 
Seat 5: Khoa Kokola ($9.25 in chips) 
Seat 6: zinluz ($12.20 in chips) 
Mahu2021: posts small blind $0.05
charlesws25: posts big blind $0.10
*** HOLE CARDS ***
Dealt to Mahu2021 [Kc Tc]
jksgoodgz: folds 
Khoa Kokola: raises $0.15 to $0.25
zinluz: folds 
Noiseboy1: folds 
Mahu2021: calls $0.20
charlesws25: folds 
*** FLOP *** [3h Ah 5d]
Mahu2021: checks 
Khoa Kokola: bets $0.20
Mahu2021: folds 
Uncalled bet ($0.20) returned to Khoa Kokola
Khoa Kokola collected $0.57 from pot
Khoa Kokola: doesn't show hand 
*** SUMMARY ***
Total pot $0.60 | Rake $0.03 
Board [3h Ah 5d]
Seat 1: Noiseboy1 (button) folded before Flop (didn't bet)
Seat 2: Mahu2021 (small blind) folded on the Flop
Seat 3: charlesws25 (big blind) folded before Flop
Seat 4: jksgoodgz folded before Flop (didn't bet)
Seat 5: Khoa Kokola collected ($0.57)
Seat 6: zinluz folded before Flop (didn't bet)



PokerStars Zoom Hand #255033042306:  Hold'em No Limit ($0.05/$0.10) - 2025/02/25 15:18:33 CET [2025/02/25 9:18:33 ET]
Table 'Aludra' 6-max Seat #1 is the button
Seat 1: Mahu2021 ($8.20 in chips) 
Seat 2: charlesws25 ($15.77 in chips) 
Seat 3: houseworx ($5.59 in chips) 
Seat 4: aby100 ($10.05 in chips) 
Seat 5: Alxr121212 ($10.05 in chips) 
Seat 6: iceballantyne ($18.70 in chips) 
charlesws25: posts small blind $0.05
houseworx: posts big blind $0.10
*** HOLE CARDS ***
Dealt to Mahu2021 [4s 8s]
aby100: folds 
Alxr121212: folds 
iceballantyne: folds 
Mahu2021: folds 
charlesws25: raises $0.20 to $0.30
houseworx: folds 
Uncalled bet ($0.20) returned to charlesws25
charlesws25 collected $0.20 from pot
charlesws25: doesn't show hand 
*** SUMMARY ***
Total pot $0.20 | Rake $0 
Seat 1: Mahu2021 (button) folded before Flop (didn't bet)
Seat 2: charlesws25 (small blind) collected ($0.20)
Seat 3: houseworx (big blind) folded before Flop
Seat 4: aby100 folded before Flop (didn't bet)
Seat 5: Alxr121212 folded before Flop (didn't bet)
Seat 6: iceballantyne folded before Flop (didn't bet)



PokerStars Zoom Hand #255033043829:  Hold'em No Limit ($0.05/$0.10) - 2025/02/25 15:18:42 CET [2025/02/25 9:18:42 ET]
Table 'Aludra' 6-max Seat #1 is the button
Seat 1: dakatabr ($19.54 in chips) 
Seat 2: DIMBA1977 ($12.84 in chips) 
Seat 3: aby100 ($10.05 in chips) 
Seat 4: kendrid_phil ($31.30 in chips) 
Seat 5: Alxr121212 ($9.37 in chips) 
Seat 6: Mahu2021 ($8.20 in chips) 
DIMBA1977: posts small blind $0.05
aby100: posts big blind $0.10
*** HOLE CARDS ***
Dealt to Mahu2021 [Ks 7d]
kendrid_phil: folds 
Alxr121212: folds 
Mahu2021: folds 
dakatabr: folds 
DIMBA1977: folds 
Uncalled bet ($0.05) returned to aby100
aby100 collected $0.10 from pot
aby100: doesn't show hand 
*** SUMMARY ***
Total pot $0.10 | Rake $0 
Seat 1: dakatabr (button) folded before Flop (didn't bet)
Seat 2: DIMBA1977 (small blind) folded before Flop
Seat 3: aby100 (big blind) collected ($0.10)
Seat 4: kendrid_phil folded before Flop (didn't bet)
Seat 5: Alxr121212 folded before Flop (didn't bet)
Seat 6: Mahu2021 folded before Flop (didn't bet)



PokerStars Zoom Hand #255033045322:  Hold'em No Limit ($0.05/$0.10) - 2025/02/25 15:18:51 CET [2025/02/25 9:18:51 ET]
Table 'Aludra' 6-max Seat #1 is the button
Seat 1: crytexs123 ($15.92 in chips) 
Seat 2: iceballantyne ($18.60 in chips) 
Seat 3: Mahu2021 ($8.20 in chips) 
Seat 4: DIMBA1977 ($12.79 in chips) 
Seat 5: TamertCape ($12.03 in chips) 
Seat 6: charlesws25 ($15.87 in chips) 
iceballantyne: posts small blind $0.05
Mahu2021: posts big blind $0.10
*** HOLE CARDS ***
Dealt to Mahu2021 [As Ad]
DIMBA1977: folds 
TamertCape: folds 
charlesws25: folds 
crytexs123: folds 
iceballantyne: folds 
Uncalled bet ($0.05) returned to Mahu2021
Mahu2021 collected $0.10 from pot
Mahu2021: doesn't show hand 
*** SUMMARY ***
Total pot $0.10 | Rake $0 
Seat 1: crytexs123 (button) folded before Flop (didn't bet)
Seat 2: iceballantyne (small blind) folded before Flop
Seat 3: Mahu2021 (big blind) collected ($0.10)
Seat 4: DIMBA1977 folded before Flop (didn't bet)
Seat 5: TamertCape folded before Flop (didn't bet)
Seat 6: charlesws25 folded before Flop (didn't bet)



PokerStars Zoom Hand #255033043202:  Hold'em No Limit ($0.05/$0.10) - 2025/02/25 15:18:38 CET [2025/02/25 9:18:38 ET]
Table 'Aludra' 6-max Seat #1 is the button
Seat 1: jksgoodgz ($20.38 in chips) 
Seat 2: Arthurf10411 ($12.87 in chips) 
Seat 3: Alxr121212 ($10.05 in chips) 
Seat 4: Mahu2021 ($8.20 in chips) 
Seat 5: Die8 ($14.89 in chips) 
Seat 6: nDoelAidFme ($10.15 in chips) 
Arthurf10411: posts small blind $0.05
Alxr121212: posts big blind $0.10
*** HOLE CARDS ***
Dealt to Mahu2021 [Js 5c]
Mahu2021: folds 
Die8: raises $0.13 to $0.23
nDoelAidFme: raises $0.52 to $0.75
jksgoodgz: folds 
Arthurf10411: folds 
Alxr121212: folds 
Die8: folds 
Uncalled bet ($0.52) returned to nDoelAidFme
nDoelAidFme collected $0.61 from pot
nDoelAidFme: doesn't show hand 
*** SUMMARY ***
Total pot $0.61 | Rake $0 
Seat 1: jksgoodgz (button) folded before Flop (didn't bet)
Seat 2: Arthurf10411 (small blind) folded before Flop
Seat 3: Alxr121212 (big blind) folded before Flop
Seat 4: Mahu2021 folded before Flop (didn't bet)
Seat 5: Die8 folded before Flop
Seat 6: nDoelAidFme collected ($0.61)



PokerStars Zoom Hand #255033047692:  Hold'em No Limit ($0.05/$0.10) - 2025/02/25 15:19:05 CET [2025/02/25 9:19:05 ET]
Table 'Aludra' 6-max Seat #1 is the button
Seat 1: Mahu2021 ($8.25 in chips) 
Seat 2: Clicker89 ($10.24 in chips) 
Seat 3: charlesws25 ($15.82 in chips) 
Seat 4: cz83 ($10 in chips) 
Seat 5: corape ($9.81 in chips) 
Seat 6: vicegoodman ($11.42 in chips) 
Clicker89: posts small blind $0.05
charlesws25: posts big blind $0.10
*** HOLE CARDS ***
Dealt to Mahu2021 [Js 2s]
cz83: folds 
corape: folds 
vicegoodman: folds 
Mahu2021: folds 
Clicker89: folds 
Uncalled bet ($0.05) returned to charlesws25
charlesws25 collected $0.10 from pot
charlesws25: doesn't show hand 
*** SUMMARY ***
Total pot $0.10 | Rake $0 
Seat 1: Mahu2021 (button) folded before Flop (didn't bet)
Seat 2: Clicker89 (small blind) folded before Flop
Seat 3: charlesws25 (big blind) collected ($0.10)
Seat 4: cz83 folded before Flop (didn't bet)
Seat 5: corape folded before Flop (didn't bet)
Seat 6: vicegoodman folded before Flop (didn't bet)



PokerStars Zoom Hand #255033048455:  Hold'em No Limit ($0.05/$0.10) - 2025/02/25 15:19:09 CET [2025/02/25 9:19:09 ET]
Table 'Aludra' 6-max Seat #1 is the button
Seat 1: jksgoodgz ($20.28 in chips) 
Seat 2: Mahu2021 ($8.25 in chips) 
Seat 3: corape ($9.81 in chips) 
Seat 4: c0pp0ck ($10 in chips) 
Seat 5: hugoreisssss ($6.23 in chips) 
Seat 6: NoMoreAOF ($29.90 in chips) 
Mahu2021: posts small blind $0.05
corape: posts big blind $0.10
*** HOLE CARDS ***
Dealt to Mahu2021 [5d 2c]
c0pp0ck: folds 
hugoreisssss: folds 
NoMoreAOF: folds 
jksgoodgz: raises $0.15 to $0.25
Mahu2021: folds 
corape: folds 
Uncalled bet ($0.15) returned to jksgoodgz
jksgoodgz collected $0.25 from pot
jksgoodgz: doesn't show hand 
*** SUMMARY ***
Total pot $0.25 | Rake $0 
Seat 1: jksgoodgz (button) collected ($0.25)
Seat 2: Mahu2021 (small blind) folded before Flop
Seat 3: corape (big blind) folded before Flop
Seat 4: c0pp0ck folded before Flop (didn't bet)
Seat 5: hugoreisssss folded before Flop (didn't bet)
Seat 6: NoMoreAOF folded before Flop (didn't bet)



PokerStars Zoom Hand #255033049757:  Hold'em No Limit ($0.05/$0.10) - 2025/02/25 15:19:17 CET [2025/02/25 9:19:17 ET]
Table 'Aludra' 6-max Seat #1 is the button
Seat 1: zinluz ($10.73 in chips) 
Seat 2: tonyspl1 ($9.77 in chips) 
Seat 3: iceballantyne ($18.55 in chips) 
Seat 4: NoMoreAOF ($27.19 in chips) 
Seat 5: Mahu2021 ($8.20 in chips) 
Seat 6: charlesws25 ($15.87 in chips) 
tonyspl1: posts small blind $0.05
iceballantyne: posts big blind $0.10
*** HOLE CARDS ***
Dealt to Mahu2021 [5h Tc]
NoMoreAOF: folds 
Mahu2021: folds 
charlesws25: folds 
zinluz: raises $0.12 to $0.22
tonyspl1: folds 
iceballantyne: raises $0.88 to $1.10
zinluz: folds 
Uncalled bet ($0.88) returned to iceballantyne
iceballantyne collected $0.49 from pot
iceballantyne: doesn't show hand 
*** SUMMARY ***
Total pot $0.49 | Rake $0 
Seat 1: zinluz (button) folded before Flop
Seat 2: tonyspl1 (small blind) folded before Flop
Seat 3: iceballantyne (big blind) collected ($0.49)
Seat 4: NoMoreAOF folded before Flop (didn't bet)
Seat 5: Mahu2021 folded before Flop (didn't bet)
Seat 6: charlesws25 folded before Flop (didn't bet)



PokerStars Zoom Hand #255033050263:  Hold'em No Limit ($0.05/$0.10) - 2025/02/25 15:19:20 CET [2025/02/25 9:19:20 ET]
Table 'Aludra' 6-max Seat #1 is the button
Seat 1: c0pp0ck ($10 in chips) 
Seat 2: shortstackpro ($5.72 in chips) 
Seat 3: Mahu2021 ($8.20 in chips) 
Seat 4: LeonardoAC ($23.59 in chips) 
Seat 5: charlesws25 ($15.87 in chips) 
Seat 6: P1ntail ($11.15 in chips) 
shortstackpro: posts small blind $0.05
Mahu2021: posts big blind $0.10
*** HOLE CARDS ***
Dealt to Mahu2021 [5h 7h]
LeonardoAC: raises $0.20 to $0.30
charlesws25: folds 
P1ntail: folds 
c0pp0ck: folds 
shortstackpro: folds 
Mahu2021: calls $0.20
*** FLOP *** [Ac 4d 5s]
Mahu2021: checks 
LeonardoAC: bets $0.50
Mahu2021: folds 
Uncalled bet ($0.50) returned to LeonardoAC
LeonardoAC collected $0.62 from pot
LeonardoAC: doesn't show hand 
*** SUMMARY ***
Total pot $0.65 | Rake $0.03 
Board [Ac 4d 5s]
Seat 1: c0pp0ck (button) folded before Flop (didn't bet)
Seat 2: shortstackpro (small blind) folded before Flop
Seat 3: Mahu2021 (big blind) folded on the Flop
Seat 4: LeonardoAC collected ($0.62)
Seat 5: charlesws25 folded before Flop (didn't bet)
Seat 6: P1ntail folded before Flop (didn't bet)



PokerStars Zoom Hand #255033044717:  Hold'em No Limit ($0.05/$0.10) - 2025/02/25 15:18:47 CET [2025/02/25 9:18:47 ET]
Table 'Aludra' 6-max Seat #1 is the button
Seat 1: fasora ($12.19 in chips) 
Seat 2: Cosimo1870 ($1.85 in chips) 
Seat 3: ACTN3 ($13.47 in chips) 
Seat 4: ChuruBDO ($21.52 in chips) 
Seat 5: Mahu2021 ($8.20 in chips) 
Seat 6: DIMBA1977 ($12.79 in chips) 
Cosimo1870: posts small blind $0.05
ACTN3: posts big blind $0.10
*** HOLE CARDS ***
Dealt to Mahu2021 [9c 6h]
ChuruBDO: raises $0.10 to $0.20
Mahu2021: folds 
DIMBA1977: folds 
fasora: folds 
Cosimo1870: calls $0.15
ACTN3: folds 
*** FLOP *** [Ah 3c 5s]
Cosimo1870: checks 
ChuruBDO: bets $0.16
Cosimo1870: calls $0.16
*** TURN *** [Ah 3c 5s] [Ad]
Cosimo1870: bets $0.39
ChuruBDO: calls $0.39
*** RIVER *** [Ah 3c 5s Ad] [8s]
Cosimo1870: checks 
ChuruBDO: bets $1.27
Cosimo1870: folds 
Uncalled bet ($1.27) returned to ChuruBDO
ChuruBDO collected $1.53 from pot
ChuruBDO: doesn't show hand 
*** SUMMARY ***
Total pot $1.60 | Rake $0.07 
Board [Ah 3c 5s Ad 8s]
Seat 1: fasora (button) folded before Flop (didn't bet)
Seat 2: Cosimo1870 (small blind) folded on the River
Seat 3: ACTN3 (big blind) folded before Flop
Seat 4: ChuruBDO collected ($1.53)
Seat 5: Mahu2021 folded before Flop (didn't bet)
Seat 6: DIMBA1977 folded before Flop (didn't bet)



PokerStars Zoom Hand #255033049087:  Hold'em No Limit ($0.05/$0.10) - 2025/02/25 15:19:13 CET [2025/02/25 9:19:13 ET]
Table 'Aludra' 6-max Seat #1 is the button
Seat 1: Die8 ($11.15 in chips) 
Seat 2: koking069 ($9.90 in chips) 
Seat 3: choibaki ($10 in chips) 
Seat 4: darkito88 ($10 in chips) 
Seat 5: BDP(s)1994 ($15.87 in chips) 
Seat 6: Mahu2021 ($8.20 in chips) 
koking069: posts small blind $0.05
choibaki: posts big blind $0.10
*** HOLE CARDS ***
Dealt to Mahu2021 [6c 2s]
darkito88: raises $0.10 to $0.20
BDP(s)1994: folds 
Mahu2021: folds 
Die8: raises $0.40 to $0.60
koking069: folds 
choibaki: folds 
darkito88: calls $0.40
*** FLOP *** [Kc 9s 4c]
darkito88: checks 
Die8: bets $0.43
darkito88: raises $1.16 to $1.59
Die8: folds 
Uncalled bet ($1.16) returned to darkito88
darkito88 collected $2.11 from pot
darkito88: doesn't show hand 
*** SUMMARY ***
Total pot $2.21 | Rake $0.10 
Board [Kc 9s 4c]
Seat 1: Die8 (button) folded on the Flop
Seat 2: koking069 (small blind) folded before Flop
Seat 3: choibaki (big blind) folded before Flop
Seat 4: darkito88 collected ($2.11)
Seat 5: BDP(s)1994 folded before Flop (didn't bet)
Seat 6: Mahu2021 folded before Flop (didn't bet)



PokerStars Zoom Hand #255033054377:  Hold'em No Limit ($0.05/$0.10) - 2025/02/25 15:19:44 CET [2025/02/25 9:19:44 ET]
Table 'Aludra' 6-max Seat #1 is the button
Seat 1: Mahu2021 ($7.90 in chips) 
Seat 2: brodieball ($20.41 in chips) 
Seat 3: jksgoodgz ($20.28 in chips) 
Seat 4: koking069 ($9.85 in chips) 
Seat 5: zinluz ($10.46 in chips) 
Seat 6: corape ($10.08 in chips) 
brodieball: posts small blind $0.05
jksgoodgz: posts big blind $0.10
*** HOLE CARDS ***
Dealt to Mahu2021 [As Jc]
koking069: raises $0.10 to $0.20
zinluz: folds 
corape: folds 
Mahu2021: calls $0.20
brodieball: folds 
jksgoodgz: folds 
*** FLOP *** [9s Th Qc]
koking069: checks 
Mahu2021: bets $0.30
koking069: calls $0.30
*** TURN *** [9s Th Qc] [4h]
koking069: checks 
Mahu2021: checks 
*** RIVER *** [9s Th Qc 4h] [8s]
koking069: checks 
Mahu2021: bets $1.10
koking069: calls $1.10
*** SHOW DOWN ***
Mahu2021: shows [As Jc] (a straight, Eight to Queen)
koking069: shows [Qh Jd] (a straight, Eight to Queen)
koking069 collected $1.60 from pot
Mahu2021 collected $1.60 from pot
*** SUMMARY ***
Total pot $3.35 | Rake $0.15 
Board [9s Th Qc 4h 8s]
Seat 1: Mahu2021 (button) showed [As Jc] and won ($1.60) with a straight, Eight to Queen
Seat 2: brodieball (small blind) folded before Flop
Seat 3: jksgoodgz (big blind) folded before Flop
Seat 4: koking069 showed [Qh Jd] and won ($1.60) with a straight, Eight to Queen
Seat 5: zinluz folded before Flop (didn't bet)
Seat 6: corape folded before Flop (didn't bet)



PokerStars Zoom Hand #255033063037:  Hold'em No Limit ($0.05/$0.10) - 2025/02/25 15:20:35 CET [2025/02/25 9:20:35 ET]
Table 'Aludra' 6-max Seat #1 is the button
Seat 1: charlesws25 ($10.05 in chips) 
Seat 2: cheddarman24 ($18.26 in chips) 
Seat 3: koribut ($10 in chips) 
Seat 4: Le$amurai ($10 in chips) 
Seat 5: Mahu2021 ($7.90 in chips) 
Seat 6: acebob999 ($17.84 in chips) 
cheddarman24: posts small blind $0.05
koribut: posts big blind $0.10
*** HOLE CARDS ***
Dealt to Mahu2021 [Qh 2d]
Le$amurai: folds 
Mahu2021: folds 
acebob999: raises $0.10 to $0.20
charlesws25: folds 
cheddarman24: folds 
koribut: raises $0.80 to $1
acebob999: calls $0.80
*** FLOP *** [Qs 6d 5h]
koribut: bets $0.65
acebob999: folds 
Uncalled bet ($0.65) returned to koribut
koribut collected $1.96 from pot
koribut: doesn't show hand 
*** SUMMARY ***
Total pot $2.05 | Rake $0.09 
Board [Qs 6d 5h]
Seat 1: charlesws25 (button) folded before Flop (didn't bet)
Seat 2: cheddarman24 (small blind) folded before Flop
Seat 3: koribut (big blind) collected ($1.96)
Seat 4: Le$amurai folded before Flop (didn't bet)
Seat 5: Mahu2021 folded before Flop (didn't bet)
Seat 6: acebob999 folded on the Flop



PokerStars Zoom Hand #255033063736:  Hold'em No Limit ($0.05/$0.10) - 2025/02/25 15:20:39 CET [2025/02/25 9:20:39 ET]
Table 'Aludra' 6-max Seat #1 is the button
Seat 1: ergooss ($10.81 in chips) 
Seat 2: hindbeck85 ($9.43 in chips) 
Seat 3: Mr. Dolmer ($23.56 in chips) 
Seat 4: jksgoodgz ($20.28 in chips) 
Seat 5: BDP(s)1994 ($16.02 in chips) 
Seat 6: Mahu2021 ($7.90 in chips) 
hindbeck85: posts small blind $0.05
Mr. Dolmer: posts big blind $0.10
*** HOLE CARDS ***
Dealt to Mahu2021 [6h 6d]
jksgoodgz: raises $0.10 to $0.20
BDP(s)1994: folds 
Mahu2021: calls $0.20
ergooss: folds 
hindbeck85: folds 
Mr. Dolmer: folds 
*** FLOP *** [Qc 7h As]
jksgoodgz: checks 
Mahu2021: checks 
*** TURN *** [Qc 7h As] [4c]
jksgoodgz: checks 
Mahu2021: checks 
*** RIVER *** [Qc 7h As 4c] [Qd]
jksgoodgz: checks 
Mahu2021: checks 
*** SHOW DOWN ***
jksgoodgz: shows [Kh Ks] (two pair, Kings and Queens)
Mahu2021: mucks hand 
jksgoodgz collected $0.53 from pot
*** SUMMARY ***
Total pot $0.55 | Rake $0.02 
Board [Qc 7h As 4c Qd]
Seat 1: ergooss (button) folded before Flop (didn't bet)
Seat 2: hindbeck85 (small blind) folded before Flop
Seat 3: Mr. Dolmer (big blind) folded before Flop
Seat 4: jksgoodgz showed [Kh Ks] and won ($0.53) with two pair, Kings and Queens
Seat 5: BDP(s)1994 folded before Flop (didn't bet)
Seat 6: Mahu2021 mucked [6h 6d]



PokerStars Zoom Hand #255033066998:  Hold'em No Limit ($0.05/$0.10) - 2025/02/25 15:20:58 CET [2025/02/25 9:20:58 ET]
Table 'Aludra' 6-max Seat #1 is the button
Seat 1: vakalo ($7.18 in chips) 
Seat 2: Mahu2021 ($7.70 in chips) 
Seat 3: yellda ($10 in chips) 
Seat 4: aby100 ($22.41 in chips) 
Seat 5: ACTN3 ($14.10 in chips) 
Seat 6: jksgoodgz ($18.84 in chips) 
Mahu2021: posts small blind $0.05
yellda: posts big blind $0.10
*** HOLE CARDS ***
Dealt to Mahu2021 [3h Kc]
aby100: folds 
ACTN3: folds 
jksgoodgz: folds 
vakalo: folds 
Mahu2021: folds 
Uncalled bet ($0.05) returned to yellda
yellda collected $0.10 from pot
yellda: doesn't show hand 
*** SUMMARY ***
Total pot $0.10 | Rake $0 
Seat 1: vakalo (button) folded before Flop (didn't bet)
Seat 2: Mahu2021 (small blind) folded before Flop
Seat 3: yellda (big blind) collected ($0.10)
Seat 4: aby100 folded before Flop (didn't bet)
Seat 5: ACTN3 folded before Flop (didn't bet)
Seat 6: jksgoodgz folded before Flop (didn't bet)



PokerStars Zoom Hand #255033068531:  Hold'em No Limit ($0.05/$0.10) - 2025/02/25 15:21:07 CET [2025/02/25 9:21:07 ET]
Table 'Aludra' 6-max Seat #1 is the button
Seat 1: koribut ($10 in chips) 
Seat 2: Bur1k ($6.35 in chips) 
Seat 3: Mahu2021 ($7.65 in chips) 
Seat 4: craigbissett ($10 in chips) 
Seat 5: kann92 ($5.73 in chips) 
Seat 6: cheddarman24 ($18.68 in chips) 
Bur1k: posts small blind $0.05
Mahu2021: posts big blind $0.10
*** HOLE CARDS ***
Dealt to Mahu2021 [Kd 7c]
craigbissett: raises $0.10 to $0.20
kann92: folds 
cheddarman24: folds 
koribut: calls $0.20
Bur1k: raises $0.70 to $0.90
Mahu2021: folds 
craigbissett: folds 
koribut: folds 
Uncalled bet ($0.70) returned to Bur1k
Bur1k collected $0.70 from pot
Bur1k: doesn't show hand 
*** SUMMARY ***
Total pot $0.70 | Rake $0 
Seat 1: koribut (button) folded before Flop
Seat 2: Bur1k (small blind) collected ($0.70)
Seat 3: Mahu2021 (big blind) folded before Flop
Seat 4: craigbissett folded before Flop
Seat 5: kann92 folded before Flop (didn't bet)
Seat 6: cheddarman24 folded before Flop (didn't bet)



PokerStars Zoom Hand #255033070614:  Hold'em No Limit ($0.05/$0.10) - 2025/02/25 15:21:19 CET [2025/02/25 9:21:19 ET]
Table 'Aludra' 6-max Seat #1 is the button
Seat 1: Mr. Dolmer ($23.71 in chips) 
Seat 2: Mahu2021 ($7.55 in chips) 
Seat 3: zinluz ($10.31 in chips) 
Seat 4: cheddarman24 ($18.63 in chips) 
Seat 5: neli910 ($26.72 in chips) 
Seat 6: christofor9 ($10.18 in chips) 
Mahu2021: posts small blind $0.05
zinluz: posts big blind $0.10
*** HOLE CARDS ***
Dealt to Mahu2021 [7d Kc]
cheddarman24: folds 
neli910: folds 
christofor9: raises $0.10 to $0.20
Mr. Dolmer: folds 
Mahu2021: folds 
zinluz: folds 
Uncalled bet ($0.10) returned to christofor9
christofor9 collected $0.25 from pot
christofor9: doesn't show hand 
*** SUMMARY ***
Total pot $0.25 | Rake $0 
Seat 1: Mr. Dolmer (button) folded before Flop (didn't bet)
Seat 2: Mahu2021 (small blind) folded before Flop
Seat 3: zinluz (big blind) folded before Flop
Seat 4: cheddarman24 folded before Flop (didn't bet)
Seat 5: neli910 folded before Flop (didn't bet)
Seat 6: christofor9 collected ($0.25)



PokerStars Zoom Hand #255033069923:  Hold'em No Limit ($0.05/$0.10) - 2025/02/25 15:21:15 CET [2025/02/25 9:21:15 ET]
Table 'Aludra' 6-max Seat #1 is the button
Seat 1: Julian.S1989 ($10.13 in chips) 
Seat 2: cheddarman24 ($18.68 in chips) 
Seat 3: imnotamaniac ($13.17 in chips) 
Seat 4: Mahu2021 ($7.55 in chips) 
Seat 5: Arthurf10411 ($18.29 in chips) 
Seat 6: zinluz ($10.31 in chips) 
cheddarman24: posts small blind $0.05
imnotamaniac: posts big blind $0.10
*** HOLE CARDS ***
Dealt to Mahu2021 [3h 6h]
Mahu2021: folds 
Arthurf10411: calls $0.10
zinluz: folds 
Julian.S1989: folds 
cheddarman24: folds 
imnotamaniac: checks 
*** FLOP *** [8d 9h 9d]
imnotamaniac: checks 
Arthurf10411: checks 
*** TURN *** [8d 9h 9d] [Jd]
imnotamaniac: checks 
Arthurf10411: checks 
*** RIVER *** [8d 9h 9d Jd] [Td]
imnotamaniac: bets $0.10
Arthurf10411: calls $0.10
*** SHOW DOWN ***
imnotamaniac: shows [7s 5s] (a straight, Seven to Jack)
Arthurf10411: mucks hand 
imnotamaniac collected $0.43 from pot
*** SUMMARY ***
Total pot $0.45 | Rake $0.02 
Board [8d 9h 9d Jd Td]
Seat 1: Julian.S1989 (button) folded before Flop (didn't bet)
Seat 2: cheddarman24 (small blind) folded before Flop
Seat 3: imnotamaniac (big blind) showed [7s 5s] and won ($0.43) with a straight, Seven to Jack
Seat 4: Mahu2021 folded before Flop (didn't bet)
Seat 5: Arthurf10411 mucked [2h Ah]
Seat 6: zinluz folded before Flop (didn't bet)



PokerStars Zoom Hand #255033072471:  Hold'em No Limit ($0.05/$0.10) - 2025/02/25 15:21:30 CET [2025/02/25 9:21:30 ET]
Table 'Aludra' 6-max Seat #1 is the button
Seat 1: jksgoodgz ($10.36 in chips) 
Seat 2: yellda ($10 in chips) 
Seat 3: Mahu2021 ($7.50 in chips) 
Seat 4: pedro76choc ($11.08 in chips) 
Seat 5: ChuruBDO ($35.97 in chips) 
Seat 6: cz83 ($10.15 in chips) 
yellda: posts small blind $0.05
Mahu2021: posts big blind $0.10
*** HOLE CARDS ***
Dealt to Mahu2021 [7d 6c]
pedro76choc: calls $0.10
ChuruBDO: folds 
cz83: folds 
jksgoodgz: folds 
yellda: folds 
Mahu2021: checks 
*** FLOP *** [7s As 3h]
Mahu2021: checks 
pedro76choc: checks 
*** TURN *** [7s As 3h] [4c]
Mahu2021: bets $0.20
pedro76choc: calls $0.20
*** RIVER *** [7s As 3h 4c] [5s]
Mahu2021: bets $0.62
pedro76choc: raises $0.62 to $1.24
Mahu2021: calls $0.62
*** SHOW DOWN ***
pedro76choc: shows [6s 9s] (a flush, Ace high)
Mahu2021: mucks hand 
pedro76choc collected $2.99 from pot
*** SUMMARY ***
Total pot $3.13 | Rake $0.14 
Board [7s As 3h 4c 5s]
Seat 1: jksgoodgz (button) folded before Flop (didn't bet)
Seat 2: yellda (small blind) folded before Flop
Seat 3: Mahu2021 (big blind) mucked [7d 6c]
Seat 4: pedro76choc showed [6s 9s] and won ($2.99) with a flush, Ace high
Seat 5: ChuruBDO folded before Flop (didn't bet)
Seat 6: cz83 folded before Flop (didn't bet)



PokerStars Zoom Hand #255033071287:  Hold'em No Limit ($0.05/$0.10) - 2025/02/25 15:21:23 CET [2025/02/25 9:21:23 ET]
Table 'Aludra' 6-max Seat #1 is the button
Seat 1: Cheeeeerrss1 ($10 in chips) 
Seat 2: mlange ($9.31 in chips) 
Seat 3: kann92 ($5.68 in chips) 
Seat 4: vicegoodman ($11.65 in chips) 
Seat 5: kendrid_phil ($31 in chips) 
Seat 6: Mahu2021 ($7.50 in chips) 
mlange: posts small blind $0.05
kann92: posts big blind $0.10
*** HOLE CARDS ***
Dealt to Mahu2021 [4h 3s]
vicegoodman: raises $0.12 to $0.22
kendrid_phil: folds 
Mahu2021: folds 
Cheeeeerrss1: raises $0.43 to $0.65
mlange: folds 
kann92: calls $0.55
vicegoodman: folds 
*** FLOP *** [Jc 2c Ts]
kann92: checks 
Cheeeeerrss1: bets $0.75
kann92: folds 
Uncalled bet ($0.75) returned to Cheeeeerrss1
Cheeeeerrss1 collected $1.50 from pot
Cheeeeerrss1: doesn't show hand 
*** SUMMARY ***
Total pot $1.57 | Rake $0.07 
Board [Jc 2c Ts]
Seat 1: Cheeeeerrss1 (button) collected ($1.50)
Seat 2: mlange (small blind) folded before Flop
Seat 3: kann92 (big blind) folded on the Flop
Seat 4: vicegoodman folded before Flop
Seat 5: kendrid_phil folded before Flop (didn't bet)
Seat 6: Mahu2021 folded before Flop (didn't bet)



PokerStars Zoom Hand #255033071943:  Hold'em No Limit ($0.05/$0.10) - 2025/02/25 15:21:27 CET [2025/02/25 9:21:27 ET]
Table 'Aludra' 6-max Seat #1 is the button
Seat 1: Mahu2021 ($7.50 in chips) 
Seat 2: JD 2266 E ($9.70 in chips) 
Seat 3: fasora ($13.86 in chips) 
Seat 4: JessyPop ($11.65 in chips) 
Seat 5: cheddarman24 ($18.63 in chips) 
Seat 6: koribut ($10 in chips) 
JD 2266 E: posts small blind $0.05
fasora: posts big blind $0.10
*** HOLE CARDS ***
Dealt to Mahu2021 [9s Jd]
JessyPop: folds 
cheddarman24: folds 
koribut: folds 
Mahu2021: folds 
JD 2266 E: raises $0.20 to $0.30
fasora: calls $0.20
*** FLOP *** [6d Th Td]
JD 2266 E: bets $0.17
fasora: calls $0.17
*** TURN *** [6d Th Td] [2c]
JD 2266 E: bets $0.69
fasora: calls $0.69
*** RIVER *** [6d Th Td 2c] [4d]
JD 2266 E: checks 
fasora: checks 
*** SHOW DOWN ***
JD 2266 E: shows [Kd Js] (a pair of Tens)
fasora: shows [Ah 7s] (a pair of Tens - Ace kicker)
fasora collected $2.22 from pot
*** SUMMARY ***
Total pot $2.32 | Rake $0.10 
Board [6d Th Td 2c 4d]
Seat 1: Mahu2021 (button) folded before Flop (didn't bet)
Seat 2: JD 2266 E (small blind) showed [Kd Js] and lost with a pair of Tens
Seat 3: fasora (big blind) showed [Ah 7s] and won ($2.22) with a pair of Tens
Seat 4: JessyPop folded before Flop (didn't bet)
Seat 5: cheddarman24 folded before Flop (didn't bet)
Seat 6: koribut folded before Flop (didn't bet)



PokerStars Zoom Hand #255033079212:  Hold'em No Limit ($0.05/$0.10) - 2025/02/25 15:22:10 CET [2025/02/25 9:22:10 ET]
Table 'Aludra' 6-max Seat #1 is the button
Seat 1: aby100 ($10.15 in chips) 
Seat 2: saidsaidthat ($10.18 in chips) 
Seat 3: choibaki ($10 in chips) 
Seat 4: NoMoreAOF ($31.10 in chips) 
Seat 5: Mahu2021 ($5.96 in chips) 
Seat 6: wowonnn ($12.31 in chips) 
saidsaidthat: posts small blind $0.05
choibaki: posts big blind $0.10
*** HOLE CARDS ***
Dealt to Mahu2021 [7s 7c]
NoMoreAOF: folds 
Mahu2021: raises $0.14 to $0.24
wowonnn: folds 
aby100: folds 
saidsaidthat: folds 
choibaki: folds 
Uncalled bet ($0.14) returned to Mahu2021
Mahu2021 collected $0.25 from pot
Mahu2021: doesn't show hand 
*** SUMMARY ***
Total pot $0.25 | Rake $0 
Seat 1: aby100 (button) folded before Flop (didn't bet)
Seat 2: saidsaidthat (small blind) folded before Flop
Seat 3: choibaki (big blind) folded before Flop
Seat 4: NoMoreAOF folded before Flop (didn't bet)
Seat 5: Mahu2021 collected ($0.25)
Seat 6: wowonnn folded before Flop (didn't bet)



PokerStars Zoom Hand #255033067872:  Hold'em No Limit ($0.05/$0.10) - 2025/02/25 15:21:03 CET [2025/02/25 9:21:03 ET]
Table 'Aludra' 6-max Seat #1 is the button
Seat 1: Fishpoker17 ($14.40 in chips) 
Seat 2: Alxr121212 ($9.95 in chips) 
Seat 3: Clicker89 ($10 in chips) 
Seat 4: Mahu2021 ($7.65 in chips) 
Seat 5: MasterVBM ($5.47 in chips) 
Seat 6: Cheeeeerrss1 ($10 in chips) 
Alxr121212: posts small blind $0.05
Clicker89: posts big blind $0.10
*** HOLE CARDS ***
Dealt to Mahu2021 [5s Qs]
Mahu2021: folds 
MasterVBM: folds 
Cheeeeerrss1: folds 
Fishpoker17: raises $0.15 to $0.25
Alxr121212: folds 
Clicker89: calls $0.15
*** FLOP *** [Kd Kh Tc]
Clicker89: checks 
Fishpoker17: bets $0.17
Clicker89: calls $0.17
*** TURN *** [Kd Kh Tc] [Jd]
Clicker89: checks 
Fishpoker17: checks 
*** RIVER *** [Kd Kh Tc Jd] [Js]
Clicker89: checks 
Fishpoker17: checks 
*** SHOW DOWN ***
Clicker89: shows [Qc Td] (two pair, Kings and Jacks)
Fishpoker17: shows [Ad 6c] (two pair, Kings and Jacks - Ace kicker)
Fishpoker17 collected $0.85 from pot
*** SUMMARY ***
Total pot $0.89 | Rake $0.04 
Board [Kd Kh Tc Jd Js]
Seat 1: Fishpoker17 (button) showed [Ad 6c] and won ($0.85) with two pair, Kings and Jacks
Seat 2: Alxr121212 (small blind) folded before Flop
Seat 3: Clicker89 (big blind) showed [Qc Td] and lost with two pair, Kings and Jacks
Seat 4: Mahu2021 folded before Flop (didn't bet)
Seat 5: MasterVBM folded before Flop (didn't bet)
Seat 6: Cheeeeerrss1 folded before Flop (didn't bet)



PokerStars Zoom Hand #255033077668:  Hold'em No Limit ($0.05/$0.10) - 2025/02/25 15:22:01 CET [2025/02/25 9:22:01 ET]
Table 'Aludra' 6-max Seat #1 is the button
Seat 1: alanindublin ($11.58 in chips) 
Seat 2: charlesws25 ($16.49 in chips) 
Seat 3: pedro76choc ($12.53 in chips) 
Seat 4: Die8 ($10 in chips) 
Seat 5: imnotamaniac ($28.84 in chips) 
Seat 6: Mahu2021 ($5.96 in chips) 
charlesws25: posts small blind $0.05
pedro76choc: posts big blind $0.10
*** HOLE CARDS ***
Dealt to Mahu2021 [4c Ks]
Die8: raises $0.13 to $0.23
imnotamaniac: raises $0.61 to $0.84
Mahu2021: folds 
alanindublin: folds 
charlesws25: calls $0.79
pedro76choc: folds 
Die8: folds 
*** FLOP *** [6h 7s Kh]
charlesws25: checks 
imnotamaniac: bets $0.65
charlesws25: folds 
Uncalled bet ($0.65) returned to imnotamaniac
imnotamaniac collected $1.92 from pot
imnotamaniac: doesn't show hand 
*** SUMMARY ***
Total pot $2.01 | Rake $0.09 
Board [6h 7s Kh]
Seat 1: alanindublin (button) folded before Flop (didn't bet)
Seat 2: charlesws25 (small blind) folded on the Flop
Seat 3: pedro76choc (big blind) folded before Flop
Seat 4: Die8 folded before Flop
Seat 5: imnotamaniac collected ($1.92)
Seat 6: Mahu2021 folded before Flop (didn't bet)



PokerStars Zoom Hand #255033082169:  Hold'em No Limit ($0.05/$0.10) - 2025/02/25 15:22:27 CET [2025/02/25 9:22:27 ET]
Table 'Aludra' 6-max Seat #1 is the button
Seat 1: Mahu2021 ($6.11 in chips) 
Seat 2: cz83 ($10 in chips) 
Seat 3: iceballantyne ($11.45 in chips) 
Seat 4: ChuruBDO ($21.67 in chips) 
Seat 5: VitorArj ($11.34 in chips) 
Seat 6: 777zloba777 ($10 in chips) 
cz83: posts small blind $0.05
iceballantyne: posts big blind $0.10
*** HOLE CARDS ***
Dealt to Mahu2021 [Ad 4s]
ChuruBDO: folds 
VitorArj: folds 
777zloba777: folds 
Mahu2021: raises $0.20 to $0.30
cz83: folds 
iceballantyne: calls $0.20
*** FLOP *** [6s 2d 4c]
iceballantyne: checks 
Mahu2021: bets $0.30
iceballantyne: calls $0.30
*** TURN *** [6s 2d 4c] [5s]
iceballantyne: bets $0.36
Mahu2021: calls $0.36
*** RIVER *** [6s 2d 4c 5s] [5h]
iceballantyne: bets $2.44
Mahu2021: folds 
Uncalled bet ($2.44) returned to iceballantyne
iceballantyne collected $1.88 from pot
iceballantyne: doesn't show hand 
*** SUMMARY ***
Total pot $1.97 | Rake $0.09 
Board [6s 2d 4c 5s 5h]
Seat 1: Mahu2021 (button) folded on the River
Seat 2: cz83 (small blind) folded before Flop
Seat 3: iceballantyne (big blind) collected ($1.88)
Seat 4: ChuruBDO folded before Flop (didn't bet)
Seat 5: VitorArj folded before Flop (didn't bet)
Seat 6: 777zloba777 folded before Flop (didn't bet)



PokerStars Zoom Hand #255033091535:  Hold'em No Limit ($0.05/$0.10) - 2025/02/25 15:23:22 CET [2025/02/25 9:23:22 ET]
Table 'Aludra' 6-max Seat #1 is the button
Seat 1: nDoelAidFme ($10.93 in chips) 
Seat 2: cz83 ($10.05 in chips) 
Seat 3: Danyellajp ($14.10 in chips) 
Seat 4: JessyPop ($11.05 in chips) 
Seat 5: Mahu2021 ($5.15 in chips) 
Seat 6: VitorArj ($11.29 in chips) 
cz83: posts small blind $0.05
Danyellajp: posts big blind $0.10
*** HOLE CARDS ***
Dealt to Mahu2021 [9c 4h]
JessyPop: raises $0.15 to $0.25
Mahu2021: folds 
VitorArj: folds 
nDoelAidFme: folds 
cz83: folds 
Danyellajp: folds 
Uncalled bet ($0.15) returned to JessyPop
JessyPop collected $0.25 from pot
JessyPop: doesn't show hand 
*** SUMMARY ***
Total pot $0.25 | Rake $0 
Seat 1: nDoelAidFme (button) folded before Flop (didn't bet)
Seat 2: cz83 (small blind) folded before Flop
Seat 3: Danyellajp (big blind) folded before Flop
Seat 4: JessyPop collected ($0.25)
Seat 5: Mahu2021 folded before Flop (didn't bet)
Seat 6: VitorArj folded before Flop (didn't bet)



PokerStars Zoom Hand #255033092627:  Hold'em No Limit ($0.05/$0.10) - 2025/02/25 15:23:28 CET [2025/02/25 9:23:28 ET]
Table 'Aludra' 6-max Seat #1 is the button
Seat 1: choibaki ($10.40 in chips) 
Seat 2: Mahu2021 ($5.15 in chips) 
Seat 3: VitorArj ($10 in chips) 
Seat 4: iceballantyne ($17.97 in chips) 
Seat 5: gibran221 ($12.81 in chips) 
Seat 6: crytexs123 ($8.57 in chips) 
Mahu2021: posts small blind $0.05
VitorArj: posts big blind $0.10
*** HOLE CARDS ***
Dealt to Mahu2021 [Ah Ad]
iceballantyne: folds 
gibran221: folds 
crytexs123: folds 
choibaki: folds 
Mahu2021: raises $0.20 to $0.30
VitorArj: calls $0.20
*** FLOP *** [3d 4s 5c]
Mahu2021: bets $0.30
VitorArj: raises $0.60 to $0.90
Mahu2021: raises $3.95 to $4.85 and is all-in
VitorArj: folds 
Uncalled bet ($3.95) returned to Mahu2021
Mahu2021 collected $2.29 from pot
Mahu2021: doesn't show hand 
*** SUMMARY ***
Total pot $2.40 | Rake $0.11 
Board [3d 4s 5c]
Seat 1: choibaki (button) folded before Flop (didn't bet)
Seat 2: Mahu2021 (small blind) collected ($2.29)
Seat 3: VitorArj (big blind) folded on the Flop
Seat 4: iceballantyne folded before Flop (didn't bet)
Seat 5: gibran221 folded before Flop (didn't bet)
Seat 6: crytexs123 folded before Flop (didn't bet)



PokerStars Zoom Hand #255033097158:  Hold'em No Limit ($0.05/$0.10) - 2025/02/25 15:23:55 CET [2025/02/25 9:23:55 ET]
Table 'Aludra' 6-max Seat #1 is the button
Seat 1: Fishpoker17 ($15.03 in chips) 
Seat 2: NoMoreAOF ($16.40 in chips) 
Seat 3: cz83 ($10.28 in chips) 
Seat 4: Mahu2021 ($6.24 in chips) 
Seat 5: P1ntail ($10.28 in chips) 
Seat 6: ACTN3 ($15.41 in chips) 
NoMoreAOF: posts small blind $0.05
cz83: posts big blind $0.10
*** HOLE CARDS ***
Dealt to Mahu2021 [2s Qc]
Mahu2021: folds 
P1ntail: folds 
ACTN3: folds 
Fishpoker17: folds 
NoMoreAOF: folds 
Uncalled bet ($0.05) returned to cz83
cz83 collected $0.10 from pot
cz83: doesn't show hand 
*** SUMMARY ***
Total pot $0.10 | Rake $0 
Seat 1: Fishpoker17 (button) folded before Flop (didn't bet)
Seat 2: NoMoreAOF (small blind) folded before Flop
Seat 3: cz83 (big blind) collected ($0.10)
Seat 4: Mahu2021 folded before Flop (didn't bet)
Seat 5: P1ntail folded before Flop (didn't bet)
Seat 6: ACTN3 folded before Flop (didn't bet)



PokerStars Zoom Hand #255033097845:  Hold'em No Limit ($0.05/$0.10) - 2025/02/25 15:23:59 CET [2025/02/25 9:23:59 ET]
Table 'Aludra' 6-max Seat #1 is the button
Seat 1: ACTN3 ($15.41 in chips) 
Seat 2: ChuruBDO ($12.14 in chips) 
Seat 3: Anbru666 ($8.58 in chips) 
Seat 4: Mahu2021 ($6.24 in chips) 
Seat 5: nDoelAidFme ($10 in chips) 
Seat 6: Alxr121212 ($6.25 in chips) 
ChuruBDO: posts small blind $0.05
Anbru666: posts big blind $0.10
*** HOLE CARDS ***
Dealt to Mahu2021 [Th 4h]
Mahu2021: folds 
nDoelAidFme: folds 
Alxr121212: folds 
ACTN3: folds 
ChuruBDO: folds 
Uncalled bet ($0.05) returned to Anbru666
Anbru666 collected $0.10 from pot
Anbru666: doesn't show hand 
*** SUMMARY ***
Total pot $0.10 | Rake $0 
Seat 1: ACTN3 (button) folded before Flop (didn't bet)
Seat 2: ChuruBDO (small blind) folded before Flop
Seat 3: Anbru666 (big blind) collected ($0.10)
Seat 4: Mahu2021 folded before Flop (didn't bet)
Seat 5: nDoelAidFme folded before Flop (didn't bet)
Seat 6: Alxr121212 folded before Flop (didn't bet)



PokerStars Zoom Hand #255033098484:  Hold'em No Limit ($0.05/$0.10) - 2025/02/25 15:24:03 CET [2025/02/25 9:24:03 ET]
Table 'Aludra' 6-max Seat #1 is the button
Seat 1: crytexs123 ($8.37 in chips) 
Seat 2: TamertCape ($10.43 in chips) 
Seat 3: ACTN3 ($15.41 in chips) 
Seat 4: Mr. Dolmer ($18.26 in chips) 
Seat 5: ChuruBDO ($12.09 in chips) 
Seat 6: Mahu2021 ($6.24 in chips) 
TamertCape: posts small blind $0.05
ACTN3: posts big blind $0.10
*** HOLE CARDS ***
Dealt to Mahu2021 [3d 6h]
Mr. Dolmer: folds 
ChuruBDO: folds 
Mahu2021: folds 
crytexs123: folds 
TamertCape: raises $0.20 to $0.30
ACTN3: folds 
Uncalled bet ($0.20) returned to TamertCape
TamertCape collected $0.20 from pot
TamertCape: doesn't show hand 
*** SUMMARY ***
Total pot $0.20 | Rake $0 
Seat 1: crytexs123 (button) folded before Flop (didn't bet)
Seat 2: TamertCape (small blind) collected ($0.20)
Seat 3: ACTN3 (big blind) folded before Flop
Seat 4: Mr. Dolmer folded before Flop (didn't bet)
Seat 5: ChuruBDO folded before Flop (didn't bet)
Seat 6: Mahu2021 folded before Flop (didn't bet)



PokerStars Zoom Hand #255033099185:  Hold'em No Limit ($0.05/$0.10) - 2025/02/25 15:24:07 CET [2025/02/25 9:24:07 ET]
Table 'Aludra' 6-max Seat #1 is the button
Seat 1: zinluz ($10.43 in chips) 
Seat 2: impmaranhao ($25.72 in chips) 
Seat 3: Mahu2021 ($6.24 in chips) 
Seat 4: Bur1k ($5 in chips) 
Seat 5: jksgoodgz ($40.11 in chips) 
Seat 6: Noiseboy1 ($10.88 in chips) 
impmaranhao: posts small blind $0.05
Mahu2021: posts big blind $0.10
*** HOLE CARDS ***
Dealt to Mahu2021 [Td 2s]
Bur1k: raises $0.20 to $0.30
jksgoodgz: folds 
Noiseboy1: folds 
zinluz: folds 
impmaranhao: folds 
Mahu2021: raises $0.80 to $1.10
Bur1k: folds 
Uncalled bet ($0.80) returned to Mahu2021
Mahu2021 collected $0.65 from pot
Mahu2021: doesn't show hand 
*** SUMMARY ***
Total pot $0.65 | Rake $0 
Seat 1: zinluz (button) folded before Flop (didn't bet)
Seat 2: impmaranhao (small blind) folded before Flop
Seat 3: Mahu2021 (big blind) collected ($0.65)
Seat 4: Bur1k folded before Flop
Seat 5: jksgoodgz folded before Flop (didn't bet)
Seat 6: Noiseboy1 folded before Flop (didn't bet)



PokerStars Zoom Hand #255033104219:  Hold'em No Limit ($0.05/$0.10) - 2025/02/25 15:24:37 CET [2025/02/25 9:24:37 ET]
Table 'Aludra' 6-max Seat #1 is the button
Seat 1: goldmine111 ($11.33 in chips) 
Seat 2: Mahu2021 ($6.59 in chips) 
Seat 3: zinluz ($10.38 in chips) 
Seat 4: kendrid_phil ($30.73 in chips) 
Seat 5: corape ($7.54 in chips) 
Seat 6: Alxr121212 ($7.45 in chips) 
Mahu2021: posts small blind $0.05
zinluz: posts big blind $0.10
*** HOLE CARDS ***
Dealt to Mahu2021 [9c 9h]
kendrid_phil: folds 
corape: folds 
Alxr121212: folds 
goldmine111: folds 
Mahu2021: raises $0.20 to $0.30
zinluz: folds 
Uncalled bet ($0.20) returned to Mahu2021
Mahu2021 collected $0.20 from pot
Mahu2021: doesn't show hand 
*** SUMMARY ***
Total pot $0.20 | Rake $0 
Seat 1: goldmine111 (button) folded before Flop (didn't bet)
Seat 2: Mahu2021 (small blind) collected ($0.20)
Seat 3: zinluz (big blind) folded before Flop
Seat 4: kendrid_phil folded before Flop (didn't bet)
Seat 5: corape folded before Flop (didn't bet)
Seat 6: Alxr121212 folded before Flop (didn't bet)



PokerStars Zoom Hand #255033108544:  Hold'em No Limit ($0.05/$0.10) - 2025/02/25 15:25:02 CET [2025/02/25 9:25:02 ET]
Table 'Aludra' 6-max Seat #1 is the button
Seat 1: Mahu2021 ($6.69 in chips) 
Seat 2: ChuruBDO ($12.22 in chips) 
Seat 3: 777zloba777 ($11.45 in chips) 
Seat 4: fasora ($14.57 in chips) 
Seat 5: Bur1k ($5.35 in chips) 
Seat 6: jksgoodgz ($21.54 in chips) 
ChuruBDO: posts small blind $0.05
777zloba777: posts big blind $0.10
*** HOLE CARDS ***
Dealt to Mahu2021 [2h Qc]
fasora: raises $0.10 to $0.20
Bur1k: folds 
jksgoodgz: folds 
Mahu2021: folds 
ChuruBDO: folds 
777zloba777: folds 
Uncalled bet ($0.10) returned to fasora
fasora collected $0.25 from pot
fasora: doesn't show hand 
*** SUMMARY ***
Total pot $0.25 | Rake $0 
Seat 1: Mahu2021 (button) folded before Flop (didn't bet)
Seat 2: ChuruBDO (small blind) folded before Flop
Seat 3: 777zloba777 (big blind) folded before Flop
Seat 4: fasora collected ($0.25)
Seat 5: Bur1k folded before Flop (didn't bet)
Seat 6: jksgoodgz folded before Flop (didn't bet)



PokerStars Zoom Hand #255033110339:  Hold'em No Limit ($0.05/$0.10) - 2025/02/25 15:25:13 CET [2025/02/25 9:25:13 ET]
Table 'Aludra' 6-max Seat #1 is the button
Seat 1: Mahu2021 ($6.69 in chips) 
Seat 2: Alxr121212 ($21.90 in chips) 
Seat 3: alkash_so_dwora ($10.44 in chips) 
Seat 4: acebob999 ($16.77 in chips) 
Seat 5: VitorArj ($11.28 in chips) 
Seat 6: 777zloba777 ($10 in chips) 
Alxr121212: posts small blind $0.05
alkash_so_dwora: posts big blind $0.10
*** HOLE CARDS ***
Dealt to Mahu2021 [7c 9h]
acebob999: folds 
VitorArj: folds 
777zloba777: folds 
Mahu2021: folds 
Alxr121212: raises $0.20 to $0.30
alkash_so_dwora: folds 
Uncalled bet ($0.20) returned to Alxr121212
Alxr121212 collected $0.20 from pot
Alxr121212: doesn't show hand 
*** SUMMARY ***
Total pot $0.20 | Rake $0 
Seat 1: Mahu2021 (button) folded before Flop (didn't bet)
Seat 2: Alxr121212 (small blind) collected ($0.20)
Seat 3: alkash_so_dwora (big blind) folded before Flop
Seat 4: acebob999 folded before Flop (didn't bet)
Seat 5: VitorArj folded before Flop (didn't bet)
Seat 6: 777zloba777 folded before Flop (didn't bet)



PokerStars Zoom Hand #255033109570:  Hold'em No Limit ($0.05/$0.10) - 2025/02/25 15:25:09 CET [2025/02/25 9:25:09 ET]
Table 'Aludra' 6-max Seat #1 is the button
Seat 1: daze.22.00 ($14.08 in chips) 
Seat 2: Cheeeeerrss1 ($10.05 in chips) 
Seat 3: Bur1k ($5.35 in chips) 
Seat 4: JD 2266 E ($10.83 in chips) 
Seat 5: Mahu2021 ($6.69 in chips) 
Seat 6: megaloshara ($11.23 in chips) 
Cheeeeerrss1: posts small blind $0.05
Bur1k: posts big blind $0.10
*** HOLE CARDS ***
Dealt to Mahu2021 [Ac 4d]
JD 2266 E: folds 
Mahu2021: folds 
megaloshara: raises $0.15 to $0.25
daze.22.00: folds 
Cheeeeerrss1: folds 
Bur1k: folds 
Uncalled bet ($0.15) returned to megaloshara
megaloshara collected $0.25 from pot
megaloshara: doesn't show hand 
*** SUMMARY ***
Total pot $0.25 | Rake $0 
Seat 1: daze.22.00 (button) folded before Flop (didn't bet)
Seat 2: Cheeeeerrss1 (small blind) folded before Flop
Seat 3: Bur1k (big blind) folded before Flop
Seat 4: JD 2266 E folded before Flop (didn't bet)
Seat 5: Mahu2021 folded before Flop (didn't bet)
Seat 6: megaloshara collected ($0.25)



PokerStars Zoom Hand #255033111734:  Hold'em No Limit ($0.05/$0.10) - 2025/02/25 15:25:21 CET [2025/02/25 9:25:21 ET]
Table 'Aludra' 6-max Seat #1 is the button
Seat 1: Clicker89 ($9.95 in chips) 
Seat 2: wilzkye ($12.08 in chips) 
Seat 3: Henriquerf00 ($5.20 in chips) 
Seat 4: restecalm ($7.10 in chips) 
Seat 5: Mahu2021 ($6.64 in chips) 
Seat 6: alanindublin ($11.51 in chips) 
wilzkye: posts small blind $0.05
Henriquerf00: posts big blind $0.10
*** HOLE CARDS ***
Dealt to Mahu2021 [6s Kh]
restecalm: folds 
Mahu2021: folds 
alanindublin: folds 
Clicker89: raises $0.15 to $0.25
wilzkye: folds 
Henriquerf00: folds 
Uncalled bet ($0.15) returned to Clicker89
Clicker89 collected $0.25 from pot
Clicker89: doesn't show hand 
*** SUMMARY ***
Total pot $0.25 | Rake $0 
Seat 1: Clicker89 (button) collected ($0.25)
Seat 2: wilzkye (small blind) folded before Flop
Seat 3: Henriquerf00 (big blind) folded before Flop
Seat 4: restecalm folded before Flop (didn't bet)
Seat 5: Mahu2021 folded before Flop (didn't bet)
Seat 6: alanindublin folded before Flop (didn't bet)



PokerStars Zoom Hand #255033112387:  Hold'em No Limit ($0.05/$0.10) - 2025/02/25 15:25:25 CET [2025/02/25 9:25:25 ET]
Table 'Aludra' 6-max Seat #1 is the button
Seat 1: Alxr121212 ($7.10 in chips) 
Seat 2: 777zloba777 ($11.40 in chips) 
Seat 3: Atreticano ($10 in chips) 
Seat 4: Mahu2021 ($6.64 in chips) 
Seat 5: Cheeeeerrss1 ($11.46 in chips) 
Seat 6: ChuruBDO ($12.32 in chips) 
777zloba777: posts small blind $0.05
Atreticano: posts big blind $0.10
*** HOLE CARDS ***
Dealt to Mahu2021 [2s 9h]
Mahu2021: folds 
Cheeeeerrss1: folds 
ChuruBDO: raises $0.10 to $0.20
Alxr121212: folds 
777zloba777: folds 
Atreticano: folds 
Uncalled bet ($0.10) returned to ChuruBDO
ChuruBDO collected $0.25 from pot
ChuruBDO: doesn't show hand 
*** SUMMARY ***
Total pot $0.25 | Rake $0 
Seat 1: Alxr121212 (button) folded before Flop (didn't bet)
Seat 2: 777zloba777 (small blind) folded before Flop
Seat 3: Atreticano (big blind) folded before Flop
Seat 4: Mahu2021 folded before Flop (didn't bet)
Seat 5: Cheeeeerrss1 folded before Flop (didn't bet)
Seat 6: ChuruBDO collected ($0.25)



PokerStars Zoom Hand #255033111046:  Hold'em No Limit ($0.05/$0.10) - 2025/02/25 15:25:17 CET [2025/02/25 9:25:17 ET]
Table 'Aludra' 6-max Seat #1 is the button
Seat 1: Cheeeeerrss1 ($11.46 in chips) 
Seat 2: Mahu2021 ($6.69 in chips) 
Seat 3: hugoreisssss ($5.92 in chips) 
Seat 4: 777zloba777 ($10 in chips) 
Seat 5: Clicker89 ($9.95 in chips) 
Seat 6: VitorArj ($11.28 in chips) 
Mahu2021: posts small blind $0.05
hugoreisssss: posts big blind $0.10
*** HOLE CARDS ***
Dealt to Mahu2021 [6h 2h]
777zloba777: raises $0.15 to $0.25
Clicker89: folds 
VitorArj: folds 
Cheeeeerrss1: folds 
Mahu2021: folds 
hugoreisssss: raises $0.85 to $1.10
777zloba777: raises $8.90 to $10 and is all-in
hugoreisssss: calls $4.82 and is all-in
Uncalled bet ($4.08) returned to 777zloba777
*** FLOP *** [9s 4h 9c]
*** TURN *** [9s 4h 9c] [Jd]
*** RIVER *** [9s 4h 9c Jd] [4c]
*** SHOW DOWN ***
hugoreisssss: shows [As Ah] (two pair, Aces and Nines)
777zloba777: shows [Qc Ad] (two pair, Nines and Fours)
hugoreisssss collected $11.35 from pot
*** SUMMARY ***
Total pot $11.89 | Rake $0.54 
Board [9s 4h 9c Jd 4c]
Seat 1: Cheeeeerrss1 (button) folded before Flop (didn't bet)
Seat 2: Mahu2021 (small blind) folded before Flop
Seat 3: hugoreisssss (big blind) showed [As Ah] and won ($11.35) with two pair, Aces and Nines
Seat 4: 777zloba777 showed [Qc Ad] and lost with two pair, Nines and Fours
Seat 5: Clicker89 folded before Flop (didn't bet)
Seat 6: VitorArj folded before Flop (didn't bet)



PokerStars Zoom Hand #255033112878:  Hold'em No Limit ($0.05/$0.10) - 2025/02/25 15:25:28 CET [2025/02/25 9:25:28 ET]
Table 'Aludra' 6-max Seat #1 is the button
Seat 1: charlesws25 ($15.87 in chips) 
Seat 2: JessyPop ($12.31 in chips) 
Seat 3: Mahu2021 ($6.64 in chips) 
Seat 4: VitorArj ($11.28 in chips) 
Seat 5: daze.22.00 ($10.43 in chips) 
Seat 6: Alxr121212 ($7.10 in chips) 
JessyPop: posts small blind $0.05
Mahu2021: posts big blind $0.10
*** HOLE CARDS ***
Dealt to Mahu2021 [5d Kd]
VitorArj: folds 
daze.22.00: folds 
Alxr121212: raises $0.20 to $0.30
charlesws25: folds 
JessyPop: folds 
Mahu2021: calls $0.20
*** FLOP *** [8c 7h 2h]
Mahu2021: checks 
Alxr121212: checks 
*** TURN *** [8c 7h 2h] [5s]
Mahu2021: bets $0.30
Alxr121212: calls $0.30
*** RIVER *** [8c 7h 2h 5s] [Qh]
Mahu2021: bets $1.19
Alxr121212: folds 
Uncalled bet ($1.19) returned to Mahu2021
Mahu2021 collected $1.19 from pot
Mahu2021: doesn't show hand 
*** SUMMARY ***
Total pot $1.25 | Rake $0.06 
Board [8c 7h 2h 5s Qh]
Seat 1: charlesws25 (button) folded before Flop (didn't bet)
Seat 2: JessyPop (small blind) folded before Flop
Seat 3: Mahu2021 (big blind) collected ($1.19)
Seat 4: VitorArj folded before Flop (didn't bet)
Seat 5: daze.22.00 folded before Flop (didn't bet)
Seat 6: Alxr121212 folded on the River



PokerStars Zoom Hand #255033118312:  Hold'em No Limit ($0.05/$0.10) - 2025/02/25 15:25:59 CET [2025/02/25 9:25:59 ET]
Table 'Aludra' 6-max Seat #1 is the button
Seat 1: JessyPop ($10 in chips) 
Seat 2: Fishpoker17 ($11.10 in chips) 
Seat 3: Bur1k ($5 in chips) 
Seat 4: Clicker89 ($10.25 in chips) 
Seat 5: LeonardoAC ($17.67 in chips) 
Seat 6: Mahu2021 ($7.23 in chips) 
Fishpoker17: posts small blind $0.05
Bur1k: posts big blind $0.10
*** HOLE CARDS ***
Dealt to Mahu2021 [Jd 9d]
Clicker89: folds 
LeonardoAC: folds 
Mahu2021: folds 
JessyPop: raises $0.15 to $0.25
Fishpoker17: folds 
Bur1k: folds 
Uncalled bet ($0.15) returned to JessyPop
JessyPop collected $0.25 from pot
JessyPop: doesn't show hand 
*** SUMMARY ***
Total pot $0.25 | Rake $0 
Seat 1: JessyPop (button) collected ($0.25)
Seat 2: Fishpoker17 (small blind) folded before Flop
Seat 3: Bur1k (big blind) folded before Flop
Seat 4: Clicker89 folded before Flop (didn't bet)
Seat 5: LeonardoAC folded before Flop (didn't bet)
Seat 6: Mahu2021 folded before Flop (didn't bet)



PokerStars Zoom Hand #255033119794:  Hold'em No Limit ($0.05/$0.10) - 2025/02/25 15:26:08 CET [2025/02/25 9:26:08 ET]
Table 'Aludra' 6-max Seat #1 is the button
Seat 1: aby100 ($10.40 in chips) 
Seat 2: JD 2266 E ($10.73 in chips) 
Seat 3: 777zloba777 ($11.16 in chips) 
Seat 4: Alxr121212 ($10.99 in chips) 
Seat 5: Mahu2021 ($7.23 in chips) 
Seat 6: Atreticano ($11.05 in chips) 
JD 2266 E: posts small blind $0.05
777zloba777: posts big blind $0.10
*** HOLE CARDS ***
Dealt to Mahu2021 [Qh 5s]
Alxr121212: folds 
Mahu2021: folds 
Atreticano: folds 
aby100: raises $0.15 to $0.25
JD 2266 E: folds 
777zloba777: calls $0.15
*** FLOP *** [8d 5h Qc]
777zloba777: checks 
aby100: bets $0.17
777zloba777: calls $0.17
*** TURN *** [8d 5h Qc] [6h]
777zloba777: checks 
aby100: bets $0.64
777zloba777: calls $0.64
*** RIVER *** [8d 5h Qc 6h] [9h]
777zloba777: checks 
aby100: checks 
*** SHOW DOWN ***
777zloba777: shows [Ts Qs] (a pair of Queens)
aby100: shows [Qd Ad] (a pair of Queens - Ace kicker)
aby100 collected $2.07 from pot
*** SUMMARY ***
Total pot $2.17 | Rake $0.10 
Board [8d 5h Qc 6h 9h]
Seat 1: aby100 (button) showed [Qd Ad] and won ($2.07) with a pair of Queens
Seat 2: JD 2266 E (small blind) folded before Flop
Seat 3: 777zloba777 (big blind) showed [Ts Qs] and lost with a pair of Queens
Seat 4: Alxr121212 folded before Flop (didn't bet)
Seat 5: Mahu2021 folded before Flop (didn't bet)
Seat 6: Atreticano folded before Flop (didn't bet)



PokerStars Zoom Hand #255033121070:  Hold'em No Limit ($0.05/$0.10) - 2025/02/25 15:26:16 CET [2025/02/25 9:26:16 ET]
Table 'Aludra' 6-max Seat #1 is the button
Seat 1: JD 2266 E ($10.68 in chips) 
Seat 2: zinluz ($10.28 in chips) 
Seat 3: Mahu2021 ($7.23 in chips) 
Seat 4: TamertCape ($11.74 in chips) 
Seat 5: jksgoodgz ($39.47 in chips) 
Seat 6: koribut ($10.77 in chips) 
zinluz: posts small blind $0.05
Mahu2021: posts big blind $0.10
*** HOLE CARDS ***
Dealt to Mahu2021 [2c 3s]
TamertCape: folds 
jksgoodgz: folds 
koribut: folds 
JD 2266 E: folds 
zinluz: calls $0.05
Mahu2021: checks 
*** FLOP *** [Th 9h Qc]
zinluz: checks 
Mahu2021: checks 
*** TURN *** [Th 9h Qc] [Js]
zinluz: checks 
Mahu2021: checks 
*** RIVER *** [Th 9h Qc Js] [4s]
zinluz: bets $0.30
Mahu2021: folds 
Uncalled bet ($0.30) returned to zinluz
zinluz collected $0.19 from pot
zinluz: doesn't show hand 
*** SUMMARY ***
Total pot $0.20 | Rake $0.01 
Board [Th 9h Qc Js 4s]
Seat 1: JD 2266 E (button) folded before Flop (didn't bet)
Seat 2: zinluz (small blind) collected ($0.19)
Seat 3: Mahu2021 (big blind) folded on the River
Seat 4: TamertCape folded before Flop (didn't bet)
Seat 5: jksgoodgz folded before Flop (didn't bet)
Seat 6: koribut folded before Flop (didn't bet)



PokerStars Zoom Hand #255033120369:  Hold'em No Limit ($0.05/$0.10) - 2025/02/25 15:26:12 CET [2025/02/25 9:26:12 ET]
Table 'Aludra' 6-max Seat #1 is the button
Seat 1: Bur1k ($5 in chips) 
Seat 2: alanindublin ($12.53 in chips) 
Seat 3: crytexs123 ($7.72 in chips) 
Seat 4: Mahu2021 ($7.23 in chips) 
Seat 5: koribut ($10.77 in chips) 
Seat 6: daze.22.00 ($10.28 in chips) 
alanindublin: posts small blind $0.05
crytexs123: posts big blind $0.10
*** HOLE CARDS ***
Dealt to Mahu2021 [9h 5h]
Mahu2021: folds 
koribut: folds 
daze.22.00: raises $0.12 to $0.22
Bur1k: calls $0.22
alanindublin: folds 
crytexs123: folds 
*** FLOP *** [Th Js 3d]
daze.22.00: bets $0.17
Bur1k: calls $0.17
*** TURN *** [Th Js 3d] [6d]
daze.22.00: bets $0.55
Bur1k: folds 
Uncalled bet ($0.55) returned to daze.22.00
daze.22.00 collected $0.89 from pot
daze.22.00: doesn't show hand 
*** SUMMARY ***
Total pot $0.93 | Rake $0.04 
Board [Th Js 3d 6d]
Seat 1: Bur1k (button) folded on the Turn
Seat 2: alanindublin (small blind) folded before Flop
Seat 3: crytexs123 (big blind) folded before Flop
Seat 4: Mahu2021 folded before Flop (didn't bet)
Seat 5: koribut folded before Flop (didn't bet)
Seat 6: daze.22.00 collected ($0.89)



PokerStars Zoom Hand #255033125646:  Hold'em No Limit ($0.05/$0.10) - 2025/02/25 15:26:43 CET [2025/02/25 9:26:43 ET]
Table 'Aludra' 6-max Seat #1 is the button
Seat 1: fasora ($13.72 in chips) 
Seat 2: Mahu2021 ($7.13 in chips) 
Seat 3: wilzkye ($13.40 in chips) 
Seat 4: nDoelAidFme ($10.22 in chips) 
Seat 5: jksgoodgz ($39.37 in chips) 
Seat 6: koribut ($11.51 in chips) 
Mahu2021: posts small blind $0.05
wilzkye: posts big blind $0.10
*** HOLE CARDS ***
Dealt to Mahu2021 [6s 9c]
nDoelAidFme: raises $0.12 to $0.22
jksgoodgz: folds 
koribut: folds 
fasora: folds 
Mahu2021: calls $0.17
wilzkye: folds 
*** FLOP *** [Jd Kh 2h]
Mahu2021: checks 
nDoelAidFme: checks 
*** TURN *** [Jd Kh 2h] [9s]
Mahu2021: bets $0.52
nDoelAidFme: folds 
Uncalled bet ($0.52) returned to Mahu2021
Mahu2021 collected $0.52 from pot
Mahu2021: doesn't show hand 
*** SUMMARY ***
Total pot $0.54 | Rake $0.02 
Board [Jd Kh 2h 9s]
Seat 1: fasora (button) folded before Flop (didn't bet)
Seat 2: Mahu2021 (small blind) collected ($0.52)
Seat 3: wilzkye (big blind) folded before Flop
Seat 4: nDoelAidFme folded on the Turn
Seat 5: jksgoodgz folded before Flop (didn't bet)
Seat 6: koribut folded before Flop (didn't bet)



PokerStars Zoom Hand #255033129652:  Hold'em No Limit ($0.05/$0.10) - 2025/02/25 15:27:06 CET [2025/02/25 9:27:06 ET]
Table 'Aludra' 6-max Seat #1 is the button
Seat 1: Mahu2021 ($7.43 in chips) 
Seat 2: wilzkye ($11.95 in chips) 
Seat 3: Alxr121212 ($6.20 in chips) 
Seat 4: Clicker89 ($10.49 in chips) 
Seat 5: mlange ($8.68 in chips) 
Seat 6: JessyPop ($11.54 in chips) 
wilzkye: posts small blind $0.05
Alxr121212: posts big blind $0.10
*** HOLE CARDS ***
Dealt to Mahu2021 [7s Tc]
Clicker89: raises $0.12 to $0.22
mlange: folds 
JessyPop: folds 
Mahu2021: folds 
wilzkye: folds 
Alxr121212: folds 
Uncalled bet ($0.12) returned to Clicker89
Clicker89 collected $0.25 from pot
Clicker89: doesn't show hand 
*** SUMMARY ***
Total pot $0.25 | Rake $0 
Seat 1: Mahu2021 (button) folded before Flop (didn't bet)
Seat 2: wilzkye (small blind) folded before Flop
Seat 3: Alxr121212 (big blind) folded before Flop
Seat 4: Clicker89 collected ($0.25)
Seat 5: mlange folded before Flop (didn't bet)
Seat 6: JessyPop folded before Flop (didn't bet)



PokerStars Zoom Hand #255033139178:  Hold'em No Limit ($0.05/$0.10) - 2025/02/25 15:28:02 CET [2025/02/25 9:28:02 ET]
Table 'Aludra' 6-max Seat #1 is the button
Seat 1: P1ntail ($10.15 in chips) 
Seat 2: Alxr121212 ($6.87 in chips) 
Seat 3: charlesws25 ($10.12 in chips) 
Seat 4: l1ght1029 ($8.33 in chips) 
Seat 5: imnotamaniac ($15.28 in chips) 
Seat 6: Mahu2021 ($7.43 in chips) 
Alxr121212: posts small blind $0.05
charlesws25: posts big blind $0.10
*** HOLE CARDS ***
Dealt to Mahu2021 [4d 7c]
l1ght1029: folds 
imnotamaniac: folds 
Mahu2021: folds 
P1ntail: folds 
Alxr121212: folds 
Uncalled bet ($0.05) returned to charlesws25
charlesws25 collected $0.10 from pot
charlesws25: doesn't show hand 
*** SUMMARY ***
Total pot $0.10 | Rake $0 
Seat 1: P1ntail (button) folded before Flop (didn't bet)
Seat 2: Alxr121212 (small blind) folded before Flop
Seat 3: charlesws25 (big blind) collected ($0.10)
Seat 4: l1ght1029 folded before Flop (didn't bet)
Seat 5: imnotamaniac folded before Flop (didn't bet)
Seat 6: Mahu2021 folded before Flop (didn't bet)



PokerStars Zoom Hand #255033140063:  Hold'em No Limit ($0.05/$0.10) - 2025/02/25 15:28:07 CET [2025/02/25 9:28:07 ET]
Table 'Aludra' 6-max Seat #1 is the button
Seat 1: imnotamaniac ($15.28 in chips) 
Seat 2: iceballantyne ($15.54 in chips) 
Seat 3: 777zloba777 ($10 in chips) 
Seat 4: Mahu2021 ($7.43 in chips) 
Seat 5: aby100 ($11.67 in chips) 
Seat 6: l1ght1029 ($8.33 in chips) 
iceballantyne: posts small blind $0.05
777zloba777: posts big blind $0.10
*** HOLE CARDS ***
Dealt to Mahu2021 [As Tc]
Mahu2021: raises $0.14 to $0.24
aby100: raises $0.51 to $0.75
l1ght1029: folds 
imnotamaniac: folds 
iceballantyne: folds 
777zloba777: folds 
Mahu2021: calls $0.51
*** FLOP *** [2c 7d 6s]
Mahu2021: checks 
aby100: bets $1.19
Mahu2021: folds 
Uncalled bet ($1.19) returned to aby100
aby100 collected $1.58 from pot
aby100: doesn't show hand 
*** SUMMARY ***
Total pot $1.65 | Rake $0.07 
Board [2c 7d 6s]
Seat 1: imnotamaniac (button) folded before Flop (didn't bet)
Seat 2: iceballantyne (small blind) folded before Flop
Seat 3: 777zloba777 (big blind) folded before Flop
Seat 4: Mahu2021 folded on the Flop
Seat 5: aby100 collected ($1.58)
Seat 6: l1ght1029 folded before Flop (didn't bet)



PokerStars Zoom Hand #255033143576:  Hold'em No Limit ($0.05/$0.10) - 2025/02/25 15:28:28 CET [2025/02/25 9:28:28 ET]
Table 'Aludra' 6-max Seat #1 is the button
Seat 1: koribut ($10.07 in chips) 
Seat 2: BDP(s)1994 ($28.25 in chips) 
Seat 3: aby100 ($12.50 in chips) 
Seat 4: Mahu2021 ($6.68 in chips) 
Seat 5: wowonnn ($10.05 in chips) 
Seat 6: wilzkye ($13.27 in chips) 
BDP(s)1994: posts small blind $0.05
aby100: posts big blind $0.10
*** HOLE CARDS ***
Dealt to Mahu2021 [6c Jd]
Mahu2021: folds 
wowonnn: folds 
wilzkye: folds 
koribut: raises $0.15 to $0.25
BDP(s)1994: raises $0.45 to $0.70
aby100: folds 
koribut: calls $0.45
*** FLOP *** [7d 3c 9h]
BDP(s)1994: bets $0.72
koribut: calls $0.72
*** TURN *** [7d 3c 9h] [6d]
BDP(s)1994: bets $1.41
koribut: calls $1.41
*** RIVER *** [7d 3c 9h 6d] [2h]
BDP(s)1994: bets $2.75
koribut: calls $2.75
*** SHOW DOWN ***
BDP(s)1994: shows [9s Ks] (a pair of Nines)
koribut: shows [Th Td] (a pair of Tens)
koribut collected $10.75 from pot
*** SUMMARY ***
Total pot $11.26 | Rake $0.51 
Board [7d 3c 9h 6d 2h]
Seat 1: koribut (button) showed [Th Td] and won ($10.75) with a pair of Tens
Seat 2: BDP(s)1994 (small blind) showed [9s Ks] and lost with a pair of Nines
Seat 3: aby100 (big blind) folded before Flop
Seat 4: Mahu2021 folded before Flop (didn't bet)
Seat 5: wowonnn folded before Flop (didn't bet)
Seat 6: wilzkye folded before Flop (didn't bet)



PokerStars Zoom Hand #255033144243:  Hold'em No Limit ($0.05/$0.10) - 2025/02/25 15:28:32 CET [2025/02/25 9:28:32 ET]
Table 'Aludra' 6-max Seat #1 is the button
Seat 1: Alxr121212 ($6.05 in chips) 
Seat 2: Fishpoker17 ($10.55 in chips) 
Seat 3: Jqmie1 ($4.65 in chips) 
Seat 4: darkito88 ($12.57 in chips) 
Seat 5: Mahu2021 ($6.68 in chips) 
Seat 6: yellda ($12.26 in chips) 
Fishpoker17: posts small blind $0.05
Jqmie1: posts big blind $0.10
*** HOLE CARDS ***
Dealt to Mahu2021 [Jd Js]
darkito88: calls $0.10
Mahu2021: calls $0.10
yellda: folds 
Alxr121212: folds 
Fishpoker17: folds 
Jqmie1: checks 
*** FLOP *** [Ah 7d 3c]
Jqmie1: checks 
darkito88: checks 
Mahu2021: bets $0.20
Jqmie1: folds 
darkito88: calls $0.20
*** TURN *** [Ah 7d 3c] [8c]
darkito88: checks 
Mahu2021: bets $0.20
darkito88: raises $0.67 to $0.87
Mahu2021: calls $0.67
*** RIVER *** [Ah 7d 3c 8c] [6d]
darkito88: checks 
Mahu2021: checks 
*** SHOW DOWN ***
darkito88: shows [5d 5s] (a pair of Fives)
Mahu2021: shows [Jd Js] (a pair of Jacks)
Mahu2021 collected $2.38 from pot
*** SUMMARY ***
Total pot $2.49 | Rake $0.11 
Board [Ah 7d 3c 8c 6d]
Seat 1: Alxr121212 (button) folded before Flop (didn't bet)
Seat 2: Fishpoker17 (small blind) folded before Flop
Seat 3: Jqmie1 (big blind) folded on the Flop
Seat 4: darkito88 showed [5d 5s] and lost with a pair of Fives
Seat 5: Mahu2021 showed [Jd Js] and won ($2.38) with a pair of Jacks
Seat 6: yellda folded before Flop (didn't bet)



PokerStars Zoom Hand #255033152074:  Hold'em No Limit ($0.05/$0.10) - 2025/02/25 15:29:17 CET [2025/02/25 9:29:17 ET]
Table 'Aludra' 6-max Seat #1 is the button
Seat 1: hogatto3 ($10 in chips) 
Seat 2: darkito88 ($11.40 in chips) 
Seat 3: Mahu2021 ($7.89 in chips) 
Seat 4: crytexs123 ($9.79 in chips) 
Seat 5: NoMoreAOF ($24.63 in chips) 
Seat 6: yellda ($12.01 in chips) 
darkito88: posts small blind $0.05
Mahu2021: posts big blind $0.10
*** HOLE CARDS ***
Dealt to Mahu2021 [6s Qs]
crytexs123: folds 
NoMoreAOF: raises $0.10 to $0.20
yellda: folds 
hogatto3: folds 
darkito88: calls $0.15
Mahu2021: calls $0.10
*** FLOP *** [7c Js 2s]
darkito88: checks 
Mahu2021: checks 
NoMoreAOF: checks 
*** TURN *** [7c Js 2s] [9s]
darkito88: checks 
Mahu2021: checks 
NoMoreAOF: checks 
*** RIVER *** [7c Js 2s 9s] [Ks]
darkito88: checks 
Mahu2021: bets $0.57
NoMoreAOF: folds 
darkito88: folds 
Uncalled bet ($0.57) returned to Mahu2021
Mahu2021 collected $0.57 from pot
Mahu2021: doesn't show hand 
*** SUMMARY ***
Total pot $0.60 | Rake $0.03 
Board [7c Js 2s 9s Ks]
Seat 1: hogatto3 (button) folded before Flop (didn't bet)
Seat 2: darkito88 (small blind) folded on the River
Seat 3: Mahu2021 (big blind) collected ($0.57)
Seat 4: crytexs123 folded before Flop (didn't bet)
Seat 5: NoMoreAOF folded on the River
Seat 6: yellda folded before Flop (didn't bet)



PokerStars Zoom Hand #255033158407:  Hold'em No Limit ($0.05/$0.10) - 2025/02/25 15:29:54 CET [2025/02/25 9:29:54 ET]
Table 'Aludra' 6-max Seat #1 is the button
Seat 1: aby100 ($10 in chips) 
Seat 2: Mahu2021 ($8.26 in chips) 
Seat 3: Alxr121212 ($19.68 in chips) 
Seat 4: Anbru666 ($8.86 in chips) 
Seat 5: cz83 ($10 in chips) 
Seat 6: Die8 ($13.59 in chips) 
Mahu2021: posts small blind $0.05
Alxr121212: posts big blind $0.10
*** HOLE CARDS ***
Dealt to Mahu2021 [7d Ks]
Anbru666: folds 
cz83: folds 
Die8: folds 
aby100: folds 
Mahu2021: folds 
Uncalled bet ($0.05) returned to Alxr121212
Alxr121212 collected $0.10 from pot
Alxr121212: doesn't show hand 
*** SUMMARY ***
Total pot $0.10 | Rake $0 
Seat 1: aby100 (button) folded before Flop (didn't bet)
Seat 2: Mahu2021 (small blind) folded before Flop
Seat 3: Alxr121212 (big blind) collected ($0.10)
Seat 4: Anbru666 folded before Flop (didn't bet)
Seat 5: cz83 folded before Flop (didn't bet)
Seat 6: Die8 folded before Flop (didn't bet)



PokerStars Zoom Hand #255033160147:  Hold'em No Limit ($0.05/$0.10) - 2025/02/25 15:30:03 CET [2025/02/25 9:30:03 ET]
Table 'Aludra' 6-max Seat #1 is the button
Seat 1: asgerjl ($10.59 in chips) 
Seat 2: fasora ($10 in chips) 
Seat 3: hugoreisssss ($12.20 in chips) 
Seat 4: neli910 ($25.73 in chips) 
Seat 5: ChuruBDO ($37.15 in chips) 
Seat 6: Mahu2021 ($8.21 in chips) 
fasora: posts small blind $0.05
hugoreisssss: posts big blind $0.10
*** HOLE CARDS ***
Dealt to Mahu2021 [Qs 2c]
neli910: folds 
ChuruBDO: folds 
Mahu2021: folds 
asgerjl: raises $0.20 to $0.30
fasora: folds 
hugoreisssss: folds 
Uncalled bet ($0.20) returned to asgerjl
asgerjl collected $0.25 from pot
asgerjl: doesn't show hand 
*** SUMMARY ***
Total pot $0.25 | Rake $0 
Seat 1: asgerjl (button) collected ($0.25)
Seat 2: fasora (small blind) folded before Flop
Seat 3: hugoreisssss (big blind) folded before Flop
Seat 4: neli910 folded before Flop (didn't bet)
Seat 5: ChuruBDO folded before Flop (didn't bet)
Seat 6: Mahu2021 folded before Flop (didn't bet)



PokerStars Zoom Hand #255033160837:  Hold'em No Limit ($0.05/$0.10) - 2025/02/25 15:30:07 CET [2025/02/25 9:30:07 ET]
Table 'Aludra' 6-max Seat #1 is the button
Seat 1: Atreticano ($18.63 in chips) 
Seat 2: craigbissett ($10.43 in chips) 
Seat 3: cz83 ($10 in chips) 
Seat 4: 777zloba777 ($10 in chips) 
Seat 5: Mahu2021 ($8.21 in chips) 
Seat 6: yellda ($10.24 in chips) 
craigbissett: posts small blind $0.05
cz83: posts big blind $0.10
*** HOLE CARDS ***
Dealt to Mahu2021 [2d 2h]
777zloba777: folds 
Mahu2021: folds 
yellda: folds 
Atreticano: raises $0.15 to $0.25
craigbissett: folds 
cz83: folds 
Uncalled bet ($0.15) returned to Atreticano
Atreticano collected $0.25 from pot
Atreticano: doesn't show hand 
*** SUMMARY ***
Total pot $0.25 | Rake $0 
Seat 1: Atreticano (button) collected ($0.25)
Seat 2: craigbissett (small blind) folded before Flop
Seat 3: cz83 (big blind) folded before Flop
Seat 4: 777zloba777 folded before Flop (didn't bet)
Seat 5: Mahu2021 folded before Flop (didn't bet)
Seat 6: yellda folded before Flop (didn't bet)



PokerStars Zoom Hand #255033162040:  Hold'em No Limit ($0.05/$0.10) - 2025/02/25 15:30:14 CET [2025/02/25 9:30:14 ET]
Table 'Aludra' 6-max Seat #1 is the button
Seat 1: LT38979 ($10.78 in chips) 
Seat 2: gibran221 ($10.05 in chips) 
Seat 3: Mahu2021 ($8.21 in chips) 
Seat 4: Alxr121212 ($6.07 in chips) 
Seat 5: yellda ($10.24 in chips) 
Seat 6: fasora ($10 in chips) 
gibran221: posts small blind $0.05
Mahu2021: posts big blind $0.10
*** HOLE CARDS ***
Dealt to Mahu2021 [8d 3d]
Alxr121212: folds 
yellda: raises $0.10 to $0.20
fasora: folds 
LT38979: folds 
gibran221: folds 
Mahu2021: folds 
Uncalled bet ($0.10) returned to yellda
yellda collected $0.25 from pot
yellda: doesn't show hand 
*** SUMMARY ***
Total pot $0.25 | Rake $0 
Seat 1: LT38979 (button) folded before Flop (didn't bet)
Seat 2: gibran221 (small blind) folded before Flop
Seat 3: Mahu2021 (big blind) folded before Flop
Seat 4: Alxr121212 folded before Flop (didn't bet)
Seat 5: yellda collected ($0.25)
Seat 6: fasora folded before Flop (didn't bet)



PokerStars Zoom Hand #255033159277:  Hold'em No Limit ($0.05/$0.10) - 2025/02/25 15:29:58 CET [2025/02/25 9:29:58 ET]
Table 'Aludra' 6-max Seat #1 is the button
Seat 1: Mahu2021 ($8.21 in chips) 
Seat 2: choibaki ($10.05 in chips) 
Seat 3: Die8 ($10.65 in chips) 
Seat 4: NoMoreAOF ($12.10 in chips) 
Seat 5: hugoreisssss ($12.20 in chips) 
Seat 6: Anbru666 ($8.86 in chips) 
choibaki: posts small blind $0.05
Die8: posts big blind $0.10
*** HOLE CARDS ***
Dealt to Mahu2021 [6d Js]
NoMoreAOF: raises $0.10 to $0.20
hugoreisssss: folds 
Anbru666: folds 
Mahu2021: folds 
choibaki: calls $0.15
Die8: folds 
*** FLOP *** [Tc Qc Qs]
choibaki: checks 
NoMoreAOF: bets $0.16
choibaki: calls $0.16
*** TURN *** [Tc Qc Qs] [2h]
choibaki: checks 
NoMoreAOF: checks 
*** RIVER *** [Tc Qc Qs 2h] [Ks]
choibaki: checks 
NoMoreAOF: checks 
*** SHOW DOWN ***
choibaki: shows [5s As] (a pair of Queens)
NoMoreAOF: mucks hand 
choibaki collected $0.78 from pot
*** SUMMARY ***
Total pot $0.82 | Rake $0.04 
Board [Tc Qc Qs 2h Ks]
Seat 1: Mahu2021 (button) folded before Flop (didn't bet)
Seat 2: choibaki (small blind) showed [5s As] and won ($0.78) with a pair of Queens
Seat 3: Die8 (big blind) folded before Flop
Seat 4: NoMoreAOF mucked [6c 5c]
Seat 5: hugoreisssss folded before Flop (didn't bet)
Seat 6: Anbru666 folded before Flop (didn't bet)



PokerStars Zoom Hand #255033164265:  Hold'em No Limit ($0.05/$0.10) - 2025/02/25 15:30:27 CET [2025/02/25 9:30:27 ET]
Table 'Aludra' 6-max Seat #1 is the button
Seat 1: Mahu2021 ($8.11 in chips) 
Seat 2: Atreticano ($11.03 in chips) 
Seat 3: Alxr121212 ($10.40 in chips) 
Seat 4: choibaki ($12.71 in chips) 
Seat 5: aby100 ($11.05 in chips) 
Seat 6: LT38979 ($11.03 in chips) 
Atreticano: posts small blind $0.05
Alxr121212: posts big blind $0.10
*** HOLE CARDS ***
Dealt to Mahu2021 [9s 3h]
choibaki: folds 
aby100: folds 
LT38979: folds 
Mahu2021: folds 
Atreticano: raises $0.20 to $0.30
Alxr121212: folds 
Uncalled bet ($0.20) returned to Atreticano
Atreticano collected $0.20 from pot
Atreticano: doesn't show hand 
*** SUMMARY ***
Total pot $0.20 | Rake $0 
Seat 1: Mahu2021 (button) folded before Flop (didn't bet)
Seat 2: Atreticano (small blind) collected ($0.20)
Seat 3: Alxr121212 (big blind) folded before Flop
Seat 4: choibaki folded before Flop (didn't bet)
Seat 5: aby100 folded before Flop (didn't bet)
Seat 6: LT38979 folded before Flop (didn't bet)



PokerStars Zoom Hand #255033164941:  Hold'em No Limit ($0.05/$0.10) - 2025/02/25 15:30:31 CET [2025/02/25 9:30:31 ET]
Table 'Aludra' 6-max Seat #1 is the button
Seat 1: wilzkye ($15.31 in chips) 
Seat 2: megaloshara ($11.96 in chips) 
Seat 3: LeonardoAC ($19.07 in chips) 
Seat 4: Mr. Dolmer ($27.14 in chips) 
Seat 5: imnotamaniac ($13.30 in chips) 
Seat 6: Mahu2021 ($8.11 in chips) 
megaloshara: posts small blind $0.05
LeonardoAC: posts big blind $0.10
*** HOLE CARDS ***
Dealt to Mahu2021 [9c Jc]
Mr. Dolmer: folds 
imnotamaniac: folds 
Mahu2021: raises $0.14 to $0.24
wilzkye: folds 
megaloshara: calls $0.19
LeonardoAC: folds 
*** FLOP *** [Kd 7c 9h]
megaloshara: checks 
Mahu2021: bets $0.30
megaloshara: folds 
Uncalled bet ($0.30) returned to Mahu2021
Mahu2021 collected $0.55 from pot
Mahu2021: doesn't show hand 
*** SUMMARY ***
Total pot $0.58 | Rake $0.03 
Board [Kd 7c 9h]
Seat 1: wilzkye (button) folded before Flop (didn't bet)
Seat 2: megaloshara (small blind) folded on the Flop
Seat 3: LeonardoAC (big blind) folded before Flop
Seat 4: Mr. Dolmer folded before Flop (didn't bet)
Seat 5: imnotamaniac folded before Flop (didn't bet)
Seat 6: Mahu2021 collected ($0.55)



PokerStars Zoom Hand #255033169434:  Hold'em No Limit ($0.05/$0.10) - 2025/02/25 15:30:57 CET [2025/02/25 9:30:57 ET]
Table 'Aludra' 6-max Seat #1 is the button
Seat 1: charlesws25 ($12.68 in chips) 
Seat 2: Mahu2021 ($8.42 in chips) 
Seat 3: vicegoodman ($12.33 in chips) 
Seat 4: yellda ($10.19 in chips) 
Seat 5: shortstackpro ($5.35 in chips) 
Seat 6: Die8 ($10.15 in chips) 
Mahu2021: posts small blind $0.05
vicegoodman: posts big blind $0.10
*** HOLE CARDS ***
Dealt to Mahu2021 [3c 9c]
yellda: folds 
shortstackpro: folds 
Die8: folds 
charlesws25: raises $0.15 to $0.25
Mahu2021: folds 
vicegoodman: folds 
Uncalled bet ($0.15) returned to charlesws25
charlesws25 collected $0.25 from pot
charlesws25: doesn't show hand 
*** SUMMARY ***
Total pot $0.25 | Rake $0 
Seat 1: charlesws25 (button) collected ($0.25)
Seat 2: Mahu2021 (small blind) folded before Flop
Seat 3: vicegoodman (big blind) folded before Flop
Seat 4: yellda folded before Flop (didn't bet)
Seat 5: shortstackpro folded before Flop (didn't bet)
Seat 6: Die8 folded before Flop (didn't bet)



PokerStars Zoom Hand #255033170175:  Hold'em No Limit ($0.05/$0.10) - 2025/02/25 15:31:02 CET [2025/02/25 9:31:02 ET]
Table 'Aludra' 6-max Seat #1 is the button
Seat 1: wilzkye ($10 in chips) 
Seat 2: LT38979 ($10 in chips) 
Seat 3: cz83 ($10.32 in chips) 
Seat 4: Mahu2021 ($8.37 in chips) 
Seat 5: aby100 ($11.73 in chips) 
Seat 6: BDP(s)1994 ($23.98 in chips) 
LT38979: posts small blind $0.05
cz83: posts big blind $0.10
*** HOLE CARDS ***
Dealt to Mahu2021 [Kc As]
Mahu2021: raises $0.14 to $0.24
aby100: folds 
BDP(s)1994: folds 
wilzkye: folds 
LT38979: folds 
cz83: folds 
Uncalled bet ($0.14) returned to Mahu2021
Mahu2021 collected $0.25 from pot
Mahu2021: doesn't show hand 
*** SUMMARY ***
Total pot $0.25 | Rake $0 
Seat 1: wilzkye (button) folded before Flop (didn't bet)
Seat 2: LT38979 (small blind) folded before Flop
Seat 3: cz83 (big blind) folded before Flop
Seat 4: Mahu2021 collected ($0.25)
Seat 5: aby100 folded before Flop (didn't bet)
Seat 6: BDP(s)1994 folded before Flop (didn't bet)



PokerStars Zoom Hand #255033172360:  Hold'em No Limit ($0.05/$0.10) - 2025/02/25 15:31:14 CET [2025/02/25 9:31:14 ET]
Table 'Aludra' 6-max Seat #1 is the button
Seat 1: Mangilik ($34.90 in chips) 
Seat 2: Mahu2021 ($8.52 in chips) 
Seat 3: acebob999 ($15.45 in chips) 
Seat 4: charlesws25 ($21.71 in chips) 
Seat 5: ChuruBDO ($9.85 in chips) 
Seat 6: aby100 ($10 in chips) 
Mahu2021: posts small blind $0.05
acebob999: posts big blind $0.10
*** HOLE CARDS ***
Dealt to Mahu2021 [Qd 9s]
charlesws25: folds 
ChuruBDO: folds 
aby100: folds 
Mangilik: folds 
Mahu2021: raises $0.20 to $0.30
acebob999: folds 
Uncalled bet ($0.20) returned to Mahu2021
Mahu2021 collected $0.20 from pot
Mahu2021: doesn't show hand 
*** SUMMARY ***
Total pot $0.20 | Rake $0 
Seat 1: Mangilik (button) folded before Flop (didn't bet)
Seat 2: Mahu2021 (small blind) collected ($0.20)
Seat 3: acebob999 (big blind) folded before Flop
Seat 4: charlesws25 folded before Flop (didn't bet)
Seat 5: ChuruBDO folded before Flop (didn't bet)
Seat 6: aby100 folded before Flop (didn't bet)



PokerStars Zoom Hand #255033178147:  Hold'em No Limit ($0.05/$0.10) - 2025/02/25 15:31:47 CET [2025/02/25 9:31:47 ET]
Table 'Aludra' 6-max Seat #1 is the button
Seat 1: Mahu2021 ($8.62 in chips) 
Seat 2: respectedD888 ($10 in chips) 
Seat 3: cheddarman24 ($18.99 in chips) 
Seat 4: Fishpoker17 ($11.78 in chips) 
Seat 5: yellda ($13.03 in chips) 
Seat 6: aby100 ($10.80 in chips) 
respectedD888: posts small blind $0.05
cheddarman24: posts big blind $0.10
*** HOLE CARDS ***
Dealt to Mahu2021 [Js 7c]
Fishpoker17: folds 
yellda: folds 
aby100: folds 
Mahu2021: folds 
respectedD888: raises $0.20 to $0.30
cheddarman24: folds 
Uncalled bet ($0.20) returned to respectedD888
respectedD888 collected $0.20 from pot
respectedD888: doesn't show hand 
*** SUMMARY ***
Total pot $0.20 | Rake $0 
Seat 1: Mahu2021 (button) folded before Flop (didn't bet)
Seat 2: respectedD888 (small blind) collected ($0.20)
Seat 3: cheddarman24 (big blind) folded before Flop
Seat 4: Fishpoker17 folded before Flop (didn't bet)
Seat 5: yellda folded before Flop (didn't bet)
Seat 6: aby100 folded before Flop (didn't bet)



PokerStars Zoom Hand #255033178898:  Hold'em No Limit ($0.05/$0.10) - 2025/02/25 15:31:52 CET [2025/02/25 9:31:52 ET]
Table 'Aludra' 6-max Seat #1 is the button
Seat 1: christofor9 ($10.44 in chips) 
Seat 2: LT38979 ($10.53 in chips) 
Seat 3: Mahu2021 ($8.62 in chips) 
Seat 4: Bladum ($10.20 in chips) 
Seat 5: Alxr121212 ($10.40 in chips) 
Seat 6: standc ($10 in chips) 
LT38979: posts small blind $0.05
Mahu2021: posts big blind $0.10
*** HOLE CARDS ***
Dealt to Mahu2021 [5d Qs]
Bladum: folds 
Alxr121212: folds 
standc: folds 
christofor9: folds 
LT38979: folds 
Uncalled bet ($0.05) returned to Mahu2021
Mahu2021 collected $0.10 from pot
Mahu2021: doesn't show hand 
*** SUMMARY ***
Total pot $0.10 | Rake $0 
Seat 1: christofor9 (button) folded before Flop (didn't bet)
Seat 2: LT38979 (small blind) folded before Flop
Seat 3: Mahu2021 (big blind) collected ($0.10)
Seat 4: Bladum folded before Flop (didn't bet)
Seat 5: Alxr121212 folded before Flop (didn't bet)
Seat 6: standc folded before Flop (didn't bet)



PokerStars Zoom Hand #255033180664:  Hold'em No Limit ($0.05/$0.10) - 2025/02/25 15:32:01 CET [2025/02/25 9:32:01 ET]
Table 'Aludra' 6-max Seat #1 is the button
Seat 1: NoMoreAOF ($10.19 in chips) 
Seat 2: saidsaidthat ($12.46 in chips) 
Seat 3: Jqmie1 ($5.07 in chips) 
Seat 4: Bladum ($10 in chips) 
Seat 5: Mahu2021 ($8.67 in chips) 
Seat 6: Danyellajp ($21.72 in chips) 
saidsaidthat: posts small blind $0.05
Jqmie1: posts big blind $0.10
*** HOLE CARDS ***
Dealt to Mahu2021 [8c Ks]
Bladum: folds 
Mahu2021: folds 
Danyellajp: folds 
NoMoreAOF: folds 
saidsaidthat: folds 
Uncalled bet ($0.05) returned to Jqmie1
Jqmie1 collected $0.10 from pot
Jqmie1: doesn't show hand 
*** SUMMARY ***
Total pot $0.10 | Rake $0 
Seat 1: NoMoreAOF (button) folded before Flop (didn't bet)
Seat 2: saidsaidthat (small blind) folded before Flop
Seat 3: Jqmie1 (big blind) collected ($0.10)
Seat 4: Bladum folded before Flop (didn't bet)
Seat 5: Mahu2021 folded before Flop (didn't bet)
Seat 6: Danyellajp folded before Flop (didn't bet)



PokerStars Zoom Hand #255033177443:  Hold'em No Limit ($0.05/$0.10) - 2025/02/25 15:31:43 CET [2025/02/25 9:31:43 ET]
Table 'Aludra' 6-max Seat #1 is the button
Seat 1: NoMoreAOF ($24.92 in chips) 
Seat 2: wowonnn ($10.30 in chips) 
Seat 3: 777zloba777 ($10.28 in chips) 
Seat 4: Mahu2021 ($8.62 in chips) 
Seat 5: PabloCocaine420 ($8.72 in chips) 
Seat 6: vicegoodman ($12.18 in chips) 
wowonnn: posts small blind $0.05
777zloba777: posts big blind $0.10
*** HOLE CARDS ***
Dealt to Mahu2021 [6s Qd]
Mahu2021: folds 
PabloCocaine420: calls $0.10
vicegoodman: raises $0.25 to $0.35
NoMoreAOF: folds 
wowonnn: folds 
777zloba777: folds 
PabloCocaine420: calls $0.25
*** FLOP *** [Jc 4d Ad]
PabloCocaine420: checks 
vicegoodman: bets $0.41
PabloCocaine420: folds 
Uncalled bet ($0.41) returned to vicegoodman
vicegoodman collected $0.81 from pot
vicegoodman: doesn't show hand 
*** SUMMARY ***
Total pot $0.85 | Rake $0.04 
Board [Jc 4d Ad]
Seat 1: NoMoreAOF (button) folded before Flop (didn't bet)
Seat 2: wowonnn (small blind) folded before Flop
Seat 3: 777zloba777 (big blind) folded before Flop
Seat 4: Mahu2021 folded before Flop (didn't bet)
Seat 5: PabloCocaine420 folded on the Flop
Seat 6: vicegoodman collected ($0.81)



PokerStars Zoom Hand #255033181305:  Hold'em No Limit ($0.05/$0.10) - 2025/02/25 15:32:05 CET [2025/02/25 9:32:05 ET]
Table 'Aludra' 6-max Seat #1 is the button
Seat 1: Bur1k ($5 in chips) 
Seat 2: aby100 ($10.70 in chips) 
Seat 3: l1ght1029 ($7.68 in chips) 
Seat 4: alinaelenacc ($10.31 in chips) 
Seat 5: Mahu2021 ($8.67 in chips) 
Seat 6: saidsaidthat ($12.41 in chips) 
aby100: posts small blind $0.05
l1ght1029: posts big blind $0.10
*** HOLE CARDS ***
Dealt to Mahu2021 [6c 6s]
alinaelenacc: folds 
Mahu2021: folds 
saidsaidthat: raises $0.15 to $0.25
Bur1k: folds 
aby100: folds 
l1ght1029: folds 
Uncalled bet ($0.15) returned to saidsaidthat
saidsaidthat collected $0.25 from pot
saidsaidthat: doesn't show hand 
*** SUMMARY ***
Total pot $0.25 | Rake $0 
Seat 1: Bur1k (button) folded before Flop (didn't bet)
Seat 2: aby100 (small blind) folded before Flop
Seat 3: l1ght1029 (big blind) folded before Flop
Seat 4: alinaelenacc folded before Flop (didn't bet)
Seat 5: Mahu2021 folded before Flop (didn't bet)
Seat 6: saidsaidthat collected ($0.25)



PokerStars Zoom Hand #255033182569:  Hold'em No Limit ($0.05/$0.10) - 2025/02/25 15:32:12 CET [2025/02/25 9:32:12 ET]
Table 'Aludra' 6-max Seat #1 is the button
Seat 1: charlesws25 ($10.13 in chips) 
Seat 2: NoMoreAOF ($10.19 in chips) 
Seat 3: Mahu2021 ($8.67 in chips) 
Seat 4: Henriquerf00 ($4.47 in chips) 
Seat 5: vakalo ($5.08 in chips) 
Seat 6: cz83 ($24.07 in chips) 
NoMoreAOF: posts small blind $0.05
Mahu2021: posts big blind $0.10
*** HOLE CARDS ***
Dealt to Mahu2021 [Td Qd]
Henriquerf00: folds 
vakalo: calls $0.10
cz83: folds 
charlesws25: raises $0.35 to $0.45
NoMoreAOF: folds 
Mahu2021: calls $0.35
vakalo: calls $0.35
*** FLOP *** [9d Th Jh]
Mahu2021: checks 
vakalo: checks 
charlesws25: bets $0.56
Mahu2021: calls $0.56
vakalo: folds 
*** TURN *** [9d Th Jh] [Ac]
Mahu2021: checks 
charlesws25: checks 
*** RIVER *** [9d Th Jh Ac] [Kh]
Mahu2021: bets $2.41
charlesws25: folds 
Uncalled bet ($2.41) returned to Mahu2021
Mahu2021 collected $2.41 from pot
Mahu2021: doesn't show hand 
*** SUMMARY ***
Total pot $2.52 | Rake $0.11 
Board [9d Th Jh Ac Kh]
Seat 1: charlesws25 (button) folded on the River
Seat 2: NoMoreAOF (small blind) folded before Flop
Seat 3: Mahu2021 (big blind) collected ($2.41)
Seat 4: Henriquerf00 folded before Flop (didn't bet)
Seat 5: vakalo folded on the Flop
Seat 6: cz83 folded before Flop (didn't bet)



PokerStars Zoom Hand #255033181862:  Hold'em No Limit ($0.05/$0.10) - 2025/02/25 15:32:08 CET [2025/02/25 9:32:08 ET]
Table 'Aludra' 6-max Seat #1 is the button
Seat 1: NoMoreAOF ($24.77 in chips) 
Seat 2: forza8888888 ($10 in chips) 
Seat 3: christofor9 ($10.39 in chips) 
Seat 4: vakalo ($5.08 in chips) 
Seat 5: ChuruBDO ($21.54 in chips) 
Seat 6: Mahu2021 ($8.67 in chips) 
forza8888888: posts small blind $0.05
christofor9: posts big blind $0.10
*** HOLE CARDS ***
Dealt to Mahu2021 [4h Tc]
vakalo: folds 
ChuruBDO: raises $0.10 to $0.20
Mahu2021: folds 
NoMoreAOF: folds 
forza8888888: calls $0.15
christofor9: folds 
*** FLOP *** [Jd Jc Js]
forza8888888: checks 
ChuruBDO: checks 
*** TURN *** [Jd Jc Js] [Ad]
forza8888888: checks 
ChuruBDO: bets $0.24
forza8888888: folds 
Uncalled bet ($0.24) returned to ChuruBDO
ChuruBDO collected $0.48 from pot
ChuruBDO: doesn't show hand 
*** SUMMARY ***
Total pot $0.50 | Rake $0.02 
Board [Jd Jc Js Ad]
Seat 1: NoMoreAOF (button) folded before Flop (didn't bet)
Seat 2: forza8888888 (small blind) folded on the Turn
Seat 3: christofor9 (big blind) folded before Flop
Seat 4: vakalo folded before Flop (didn't bet)
Seat 5: ChuruBDO collected ($0.48)
Seat 6: Mahu2021 folded before Flop (didn't bet)



