PokerStars Hand #252863099111: Tournament #3810448323, $1.84+$0.16 USD Hold'em No Limit - Level I (10/20) - 2024/10/10 21:42:39 CET [2024/10/10 15:42:39 ET]
Table '3810448323 1' 3-max Seat #1 is the button
Seat 1: MarioClv23 (500 in chips) 
Seat 2: Incredible3000 (500 in chips) 
Seat 3: Mahu2021 (500 in chips) 
Incredible3000: posts small blind 10
Mahu2021: posts big blind 20
*** HOLE CARDS ***
Dealt to Mahu2021 [4h 3s]
MarioClv23: calls 20
Incredible3000: raises 20 to 40
Mahu2021: folds 
MarioClv23: calls 20
*** FLOP *** [6h Jc Ks]
Incredible3000: checks 
MarioClv23: checks 
*** TURN *** [6h Jc Ks] [4c]
Incredible3000: bets 20
MarioClv23: calls 20
*** RIVER *** [6h Jc Ks 4c] [4d]
Incredible3000: bets 100
MarioClv23: calls 100
*** SHOW DOWN ***
Incredible3000: shows [Ac Ah] (two pair, Aces and Fours)
MarioClv23: mucks hand 
Incredible3000 collected 340 from pot
*** SUMMARY ***
Total pot 340 | Rake 0 
Board [6h Jc Ks 4c 4d]
Seat 1: MarioClv23 (button) mucked [2h Kc]
Seat 2: Incredible3000 (small blind) showed [Ac Ah] and won (340) with two pair, Aces and Fours
Seat 3: Mahu2021 (big blind) folded before Flop



PokerStars Hand #252863109302: Tournament #3810448323, $1.84+$0.16 USD Hold'em No Limit - Level I (10/20) - 2024/10/10 21:43:13 CET [2024/10/10 15:43:13 ET]
Table '3810448323 1' 3-max Seat #2 is the button
Seat 1: MarioClv23 (340 in chips) 
Seat 2: Incredible3000 (680 in chips) 
Seat 3: Mahu2021 (480 in chips) 
Mahu2021: posts small blind 10
MarioClv23: posts big blind 20
*** HOLE CARDS ***
Dealt to Mahu2021 [5s 3h]
Incredible3000: calls 20
Mahu2021: folds 
MarioClv23: checks 
*** FLOP *** [4d 8s Ah]
MarioClv23: checks 
Incredible3000: checks 
*** TURN *** [4d 8s Ah] [Jh]
MarioClv23: checks 
Incredible3000: checks 
*** RIVER *** [4d 8s Ah Jh] [Kh]
MarioClv23: checks 
Incredible3000: bets 120
MarioClv23: folds 
Uncalled bet (120) returned to Incredible3000
Incredible3000 collected 50 from pot
Incredible3000: doesn't show hand 
*** SUMMARY ***
Total pot 50 | Rake 0 
Board [4d 8s Ah Jh Kh]
Seat 1: MarioClv23 (big blind) folded on the River
Seat 2: Incredible3000 (button) collected (50)
Seat 3: Mahu2021 (small blind) folded before Flop



PokerStars Hand #252863114860: Tournament #3810448323, $1.84+$0.16 USD Hold'em No Limit - Level I (10/20) - 2024/10/10 21:43:31 CET [2024/10/10 15:43:31 ET]
Table '3810448323 1' 3-max Seat #3 is the button
Seat 1: MarioClv23 (320 in chips) 
Seat 2: Incredible3000 (710 in chips) 
Seat 3: Mahu2021 (470 in chips) 
MarioClv23: posts small blind 10
Incredible3000: posts big blind 20
*** HOLE CARDS ***
Dealt to Mahu2021 [8s 9h]
Mahu2021: calls 20
MarioClv23: raises 20 to 40
Incredible3000: calls 20
Mahu2021: calls 20
*** FLOP *** [8h 7c 4h]
MarioClv23: checks 
Incredible3000: bets 20
Mahu2021: calls 20
MarioClv23: folds 
*** TURN *** [8h 7c 4h] [3c]
Incredible3000: bets 60
Mahu2021: calls 60
*** RIVER *** [8h 7c 4h 3c] [6d]
Incredible3000: checks 
Mahu2021: checks 
*** SHOW DOWN ***
Incredible3000: shows [4c 7s] (two pair, Sevens and Fours)
Mahu2021: mucks hand 
Incredible3000 collected 280 from pot
*** SUMMARY ***
Total pot 280 | Rake 0 
Board [8h 7c 4h 3c 6d]
Seat 1: MarioClv23 (small blind) folded on the Flop
Seat 2: Incredible3000 (big blind) showed [4c 7s] and won (280) with two pair, Sevens and Fours
Seat 3: Mahu2021 (button) mucked [8s 9h]



PokerStars Hand #252863123803: Tournament #3810448323, $1.84+$0.16 USD Hold'em No Limit - Level I (10/20) - 2024/10/10 21:44:00 CET [2024/10/10 15:44:00 ET]
Table '3810448323 1' 3-max Seat #1 is the button
Seat 1: MarioClv23 (280 in chips) 
Seat 2: Incredible3000 (870 in chips) 
Seat 3: Mahu2021 (350 in chips) 
Incredible3000: posts small blind 10
Mahu2021: posts big blind 20
*** HOLE CARDS ***
Dealt to Mahu2021 [Js Th]
MarioClv23: folds 
Incredible3000: calls 10
Mahu2021: checks 
*** FLOP *** [6c 8s 7s]
Incredible3000: checks 
Mahu2021: bets 40
Incredible3000: calls 40
*** TURN *** [6c 8s 7s] [2h]
Incredible3000: checks 
Mahu2021: checks 
*** RIVER *** [6c 8s 7s 2h] [3s]
Incredible3000: bets 100
Mahu2021: calls 100
*** SHOW DOWN ***
Incredible3000: shows [2s 7d] (two pair, Sevens and Deuces)
Mahu2021: mucks hand 
Incredible3000 collected 320 from pot
*** SUMMARY ***
Total pot 320 | Rake 0 
Board [6c 8s 7s 2h 3s]
Seat 1: MarioClv23 (button) folded before Flop (didn't bet)
Seat 2: Incredible3000 (small blind) showed [2s 7d] and won (320) with two pair, Sevens and Deuces
Seat 3: Mahu2021 (big blind) mucked [Js Th]



PokerStars Hand #252863131449: Tournament #3810448323, $1.84+$0.16 USD Hold'em No Limit - Level I (10/20) - 2024/10/10 21:44:26 CET [2024/10/10 15:44:26 ET]
Table '3810448323 1' 3-max Seat #2 is the button
Seat 1: MarioClv23 (280 in chips) 
Seat 2: Incredible3000 (1030 in chips) 
Seat 3: Mahu2021 (190 in chips) 
Mahu2021: posts small blind 10
MarioClv23: posts big blind 20
*** HOLE CARDS ***
Dealt to Mahu2021 [4h 6h]
Incredible3000: raises 20 to 40
Mahu2021: calls 30
MarioClv23: calls 20
*** FLOP *** [Qh Jc 3c]
Mahu2021: checks 
MarioClv23: checks 
Incredible3000: bets 20
Mahu2021: folds 
MarioClv23: folds 
Uncalled bet (20) returned to Incredible3000
Incredible3000 collected 120 from pot
Incredible3000: doesn't show hand 
*** SUMMARY ***
Total pot 120 | Rake 0 
Board [Qh Jc 3c]
Seat 1: MarioClv23 (big blind) folded on the Flop
Seat 2: Incredible3000 (button) collected (120)
Seat 3: Mahu2021 (small blind) folded on the Flop



PokerStars Hand #252863135382: Tournament #3810448323, $1.84+$0.16 USD Hold'em No Limit - Level I (10/20) - 2024/10/10 21:44:39 CET [2024/10/10 15:44:39 ET]
Table '3810448323 1' 3-max Seat #3 is the button
Seat 1: MarioClv23 (240 in chips) 
Seat 2: Incredible3000 (1110 in chips) 
Seat 3: Mahu2021 (150 in chips) 
MarioClv23: posts small blind 10
Incredible3000: posts big blind 20
*** HOLE CARDS ***
Dealt to Mahu2021 [8d 9d]
Mahu2021: raises 130 to 150 and is all-in
MarioClv23: folds 
Incredible3000: calls 130
*** FLOP *** [6d Qc 7h]
*** TURN *** [6d Qc 7h] [2d]
*** RIVER *** [6d Qc 7h 2d] [4c]
*** SHOW DOWN ***
Incredible3000: shows [Ks 9s] (high card King)
Mahu2021: shows [8d 9d] (high card Queen)
Incredible3000 collected 310 from pot
Mahu2021 finished the tournament in 3rd place
*** SUMMARY ***
Total pot 310 | Rake 0 
Board [6d Qc 7h 2d 4c]
Seat 1: MarioClv23 (small blind) folded before Flop
Seat 2: Incredible3000 (big blind) showed [Ks 9s] and won (310) with high card King
Seat 3: Mahu2021 (button) showed [8d 9d] and lost with high card Queen



