PokerStars Hand #243130819243: Tournament #3578436228, $0.92+$0.08 USD Hold'em No Limit - Level I (10/20) - 2023/04/16 19:18:26 CET [2023/04/16 13:18:26 ET]
Table '3578436228 1' 3-max Seat #1 is the button
Seat 1: Mahu2021 (500 in chips) 
Seat 2: AnDomChia (500 in chips) 
Seat 3: MRpitupano (500 in chips) 
AnDomChia: posts small blind 10
MRpitupano: posts big blind 20
*** HOLE CARDS ***
Dealt to Mahu2021 [Qh 9s]
Mahu2021: folds 
AnDomChia: folds 
Uncalled bet (10) returned to MRpitupano
MRpitupano collected 20 from pot
MRpitupano: doesn't show hand 
*** SUMMARY ***
Total pot 20 | Rake 0 
Seat 1: Mahu2021 (button) folded before Flop (didn't bet)
Seat 2: AnDomChia (small blind) folded before Flop
Seat 3: MRpitupano (big blind) collected (20)



PokerStars Hand #243130822206: Tournament #3578436228, $0.92+$0.08 USD Hold'em No Limit - Level I (10/20) - 2023/04/16 19:18:33 CET [2023/04/16 13:18:33 ET]
Table '3578436228 1' 3-max Seat #2 is the button
Seat 1: Mahu2021 (500 in chips) 
Seat 2: AnDomChia (490 in chips) 
Seat 3: MRpitupano (510 in chips) 
MRpitupano: posts small blind 10
Mahu2021: posts big blind 20
*** HOLE CARDS ***
Dealt to Mahu2021 [Tc Ac]
AnDomChia: folds 
MRpitupano: raises 20 to 40
Mahu2021: calls 20
*** FLOP *** [3d 5d 4h]
MRpitupano: bets 470 and is all-in
Mahu2021: folds 
Uncalled bet (470) returned to MRpitupano
MRpitupano collected 80 from pot
MRpitupano: doesn't show hand 
*** SUMMARY ***
Total pot 80 | Rake 0 
Board [3d 5d 4h]
Seat 1: Mahu2021 (big blind) folded on the Flop
Seat 2: AnDomChia (button) folded before Flop (didn't bet)
Seat 3: MRpitupano (small blind) collected (80)



PokerStars Hand #243130829220: Tournament #3578436228, $0.92+$0.08 USD Hold'em No Limit - Level I (10/20) - 2023/04/16 19:18:50 CET [2023/04/16 13:18:50 ET]
Table '3578436228 1' 3-max Seat #3 is the button
Seat 1: Mahu2021 (460 in chips) 
Seat 2: AnDomChia (490 in chips) 
Seat 3: MRpitupano (550 in chips) 
Mahu2021: posts small blind 10
AnDomChia: posts big blind 20
*** HOLE CARDS ***
Dealt to Mahu2021 [7h Js]
MRpitupano: raises 20 to 40
Mahu2021: calls 30
AnDomChia: folds 
*** FLOP *** [8d 6h As]
Mahu2021: checks 
MRpitupano: bets 40
Mahu2021: folds 
Uncalled bet (40) returned to MRpitupano
MRpitupano collected 100 from pot
MRpitupano: doesn't show hand 
*** SUMMARY ***
Total pot 100 | Rake 0 
Board [8d 6h As]
Seat 1: Mahu2021 (small blind) folded on the Flop
Seat 2: AnDomChia (big blind) folded before Flop
Seat 3: MRpitupano (button) collected (100)



PokerStars Hand #243130836944: Tournament #3578436228, $0.92+$0.08 USD Hold'em No Limit - Level I (10/20) - 2023/04/16 19:19:09 CET [2023/04/16 13:19:09 ET]
Table '3578436228 1' 3-max Seat #1 is the button
Seat 1: Mahu2021 (420 in chips) 
Seat 2: AnDomChia (470 in chips) 
Seat 3: MRpitupano (610 in chips) 
AnDomChia: posts small blind 10
MRpitupano: posts big blind 20
*** HOLE CARDS ***
Dealt to Mahu2021 [2h Qs]
Mahu2021: folds 
AnDomChia: raises 40 to 60
MRpitupano: calls 40
*** FLOP *** [9h Tc Kh]
AnDomChia: bets 40
MRpitupano: folds 
Uncalled bet (40) returned to AnDomChia
AnDomChia collected 120 from pot
AnDomChia: doesn't show hand 
*** SUMMARY ***
Total pot 120 | Rake 0 
Board [9h Tc Kh]
Seat 1: Mahu2021 (button) folded before Flop (didn't bet)
Seat 2: AnDomChia (small blind) collected (120)
Seat 3: MRpitupano (big blind) folded on the Flop



PokerStars Hand #243130843255: Tournament #3578436228, $0.92+$0.08 USD Hold'em No Limit - Level I (10/20) - 2023/04/16 19:19:25 CET [2023/04/16 13:19:25 ET]
Table '3578436228 1' 3-max Seat #2 is the button
Seat 1: Mahu2021 (420 in chips) 
Seat 2: AnDomChia (530 in chips) 
Seat 3: MRpitupano (550 in chips) 
MRpitupano: posts small blind 10
Mahu2021: posts big blind 20
*** HOLE CARDS ***
Dealt to Mahu2021 [Qs 9c]
AnDomChia: folds 
MRpitupano: calls 10
Mahu2021: checks 
*** FLOP *** [Ks 5s Jh]
MRpitupano: bets 530 and is all-in
Mahu2021: folds 
Uncalled bet (530) returned to MRpitupano
MRpitupano collected 40 from pot
MRpitupano: doesn't show hand 
*** SUMMARY ***
Total pot 40 | Rake 0 
Board [Ks 5s Jh]
Seat 1: Mahu2021 (big blind) folded on the Flop
Seat 2: AnDomChia (button) folded before Flop (didn't bet)
Seat 3: MRpitupano (small blind) collected (40)



PokerStars Hand #243130849432: Tournament #3578436228, $0.92+$0.08 USD Hold'em No Limit - Level I (10/20) - 2023/04/16 19:19:40 CET [2023/04/16 13:19:40 ET]
Table '3578436228 1' 3-max Seat #3 is the button
Seat 1: Mahu2021 (400 in chips) 
Seat 2: AnDomChia (530 in chips) 
Seat 3: MRpitupano (570 in chips) 
Mahu2021: posts small blind 10
AnDomChia: posts big blind 20
*** HOLE CARDS ***
Dealt to Mahu2021 [9c Ad]
MRpitupano: folds 
Mahu2021: raises 40 to 60
AnDomChia: folds 
Uncalled bet (40) returned to Mahu2021
Mahu2021 collected 40 from pot
Mahu2021: doesn't show hand 
*** SUMMARY ***
Total pot 40 | Rake 0 
Seat 1: Mahu2021 (small blind) collected (40)
Seat 2: AnDomChia (big blind) folded before Flop
Seat 3: MRpitupano (button) folded before Flop (didn't bet)



PokerStars Hand #243130853250: Tournament #3578436228, $0.92+$0.08 USD Hold'em No Limit - Level I (10/20) - 2023/04/16 19:19:49 CET [2023/04/16 13:19:49 ET]
Table '3578436228 1' 3-max Seat #1 is the button
Seat 1: Mahu2021 (420 in chips) 
Seat 2: AnDomChia (510 in chips) 
Seat 3: MRpitupano (570 in chips) 
AnDomChia: posts small blind 10
MRpitupano: posts big blind 20
*** HOLE CARDS ***
Dealt to Mahu2021 [Jh 2c]
Mahu2021: folds 
AnDomChia has timed out
AnDomChia: folds 
AnDomChia is sitting out
Uncalled bet (10) returned to MRpitupano
MRpitupano collected 20 from pot
MRpitupano: doesn't show hand 
*** SUMMARY ***
Total pot 20 | Rake 0 
Seat 1: Mahu2021 (button) folded before Flop (didn't bet)
Seat 2: AnDomChia (small blind) folded before Flop
Seat 3: MRpitupano (big blind) collected (20)



PokerStars Hand #243130864531: Tournament #3578436228, $0.92+$0.08 USD Hold'em No Limit - Level I (10/20) - 2023/04/16 19:20:17 CET [2023/04/16 13:20:17 ET]
Table '3578436228 1' 3-max Seat #2 is the button
Seat 1: Mahu2021 (420 in chips) 
Seat 2: AnDomChia (500 in chips) is sitting out
Seat 3: MRpitupano (580 in chips) 
MRpitupano: posts small blind 10
Mahu2021: posts big blind 20
*** HOLE CARDS ***
Dealt to Mahu2021 [8h Tc]
AnDomChia: folds 
MRpitupano: calls 10
Mahu2021: checks 
*** FLOP *** [Qh Jd Qc]
MRpitupano: checks 
Mahu2021: bets 40
MRpitupano: folds 
Uncalled bet (40) returned to Mahu2021
Mahu2021 collected 40 from pot
Mahu2021: doesn't show hand 
*** SUMMARY ***
Total pot 40 | Rake 0 
Board [Qh Jd Qc]
Seat 1: Mahu2021 (big blind) collected (40)
Seat 2: AnDomChia (button) folded before Flop (didn't bet)
Seat 3: MRpitupano (small blind) folded on the Flop



PokerStars Hand #243130871414: Tournament #3578436228, $0.92+$0.08 USD Hold'em No Limit - Level II (15/30) - 2023/04/16 19:20:34 CET [2023/04/16 13:20:34 ET]
Table '3578436228 1' 3-max Seat #3 is the button
Seat 1: Mahu2021 (440 in chips) 
Seat 2: AnDomChia (500 in chips) is sitting out
Seat 3: MRpitupano (560 in chips) 
Mahu2021: posts small blind 15
AnDomChia: posts big blind 30
*** HOLE CARDS ***
Dealt to Mahu2021 [6c Jh]
MRpitupano: raises 60 to 90
Mahu2021: folds 
AnDomChia: folds 
Uncalled bet (60) returned to MRpitupano
MRpitupano collected 75 from pot
MRpitupano: doesn't show hand 
*** SUMMARY ***
Total pot 75 | Rake 0 
Seat 1: Mahu2021 (small blind) folded before Flop
Seat 2: AnDomChia (big blind) folded before Flop
Seat 3: MRpitupano (button) collected (75)



PokerStars Hand #243130874931: Tournament #3578436228, $0.92+$0.08 USD Hold'em No Limit - Level II (15/30) - 2023/04/16 19:20:42 CET [2023/04/16 13:20:42 ET]
Table '3578436228 1' 3-max Seat #1 is the button
Seat 1: Mahu2021 (425 in chips) 
Seat 2: AnDomChia (470 in chips) is sitting out
Seat 3: MRpitupano (605 in chips) 
AnDomChia: posts small blind 15
MRpitupano: posts big blind 30
*** HOLE CARDS ***
Dealt to Mahu2021 [6s 6c]
Mahu2021: raises 395 to 425 and is all-in
AnDomChia: folds 
AnDomChia has returned
MRpitupano: folds 
Uncalled bet (395) returned to Mahu2021
Mahu2021 collected 75 from pot
Mahu2021: doesn't show hand 
*** SUMMARY ***
Total pot 75 | Rake 0 
Seat 1: Mahu2021 (button) collected (75)
Seat 2: AnDomChia (small blind) folded before Flop
Seat 3: MRpitupano (big blind) folded before Flop



PokerStars Hand #243130878011: Tournament #3578436228, $0.92+$0.08 USD Hold'em No Limit - Level II (15/30) - 2023/04/16 19:20:50 CET [2023/04/16 13:20:50 ET]
Table '3578436228 1' 3-max Seat #2 is the button
Seat 1: Mahu2021 (470 in chips) 
Seat 2: AnDomChia (455 in chips) 
Seat 3: MRpitupano (575 in chips) 
MRpitupano: posts small blind 15
Mahu2021: posts big blind 30
*** HOLE CARDS ***
Dealt to Mahu2021 [8c 9c]
AnDomChia: folds 
MRpitupano: folds 
Uncalled bet (15) returned to Mahu2021
Mahu2021 collected 30 from pot
Mahu2021: doesn't show hand 
*** SUMMARY ***
Total pot 30 | Rake 0 
Seat 1: Mahu2021 (big blind) collected (30)
Seat 2: AnDomChia (button) folded before Flop (didn't bet)
Seat 3: MRpitupano (small blind) folded before Flop



PokerStars Hand #243130879874: Tournament #3578436228, $0.92+$0.08 USD Hold'em No Limit - Level II (15/30) - 2023/04/16 19:20:54 CET [2023/04/16 13:20:54 ET]
Table '3578436228 1' 3-max Seat #3 is the button
Seat 1: Mahu2021 (485 in chips) 
Seat 2: AnDomChia (455 in chips) 
Seat 3: MRpitupano (560 in chips) 
Mahu2021: posts small blind 15
AnDomChia: posts big blind 30
*** HOLE CARDS ***
Dealt to Mahu2021 [Td 9c]
MRpitupano: folds 
Mahu2021: calls 15
AnDomChia: checks 
*** FLOP *** [3c 7c 4h]
Mahu2021: bets 30
AnDomChia: raises 60 to 90
Mahu2021: folds 
Uncalled bet (60) returned to AnDomChia
AnDomChia collected 120 from pot
AnDomChia: doesn't show hand 
*** SUMMARY ***
Total pot 120 | Rake 0 
Board [3c 7c 4h]
Seat 1: Mahu2021 (small blind) folded on the Flop
Seat 2: AnDomChia (big blind) collected (120)
Seat 3: MRpitupano (button) folded before Flop (didn't bet)



PokerStars Hand #243130885919: Tournament #3578436228, $0.92+$0.08 USD Hold'em No Limit - Level II (15/30) - 2023/04/16 19:21:09 CET [2023/04/16 13:21:09 ET]
Table '3578436228 1' 3-max Seat #1 is the button
Seat 1: Mahu2021 (425 in chips) 
Seat 2: AnDomChia (515 in chips) 
Seat 3: MRpitupano (560 in chips) 
AnDomChia: posts small blind 15
MRpitupano: posts big blind 30
*** HOLE CARDS ***
Dealt to Mahu2021 [4h 7s]
Mahu2021: folds 
AnDomChia: raises 60 to 90
MRpitupano: calls 60
*** FLOP *** [3s 5s As]
AnDomChia: checks 
MRpitupano: bets 180
AnDomChia: folds 
Uncalled bet (180) returned to MRpitupano
MRpitupano collected 180 from pot
MRpitupano: doesn't show hand 
*** SUMMARY ***
Total pot 180 | Rake 0 
Board [3s 5s As]
Seat 1: Mahu2021 (button) folded before Flop (didn't bet)
Seat 2: AnDomChia (small blind) folded on the Flop
Seat 3: MRpitupano (big blind) collected (180)



PokerStars Hand #243130895489: Tournament #3578436228, $0.92+$0.08 USD Hold'em No Limit - Level II (15/30) - 2023/04/16 19:21:33 CET [2023/04/16 13:21:33 ET]
Table '3578436228 1' 3-max Seat #2 is the button
Seat 1: Mahu2021 (425 in chips) 
Seat 2: AnDomChia (425 in chips) 
Seat 3: MRpitupano (650 in chips) 
MRpitupano: posts small blind 15
Mahu2021: posts big blind 30
*** HOLE CARDS ***
Dealt to Mahu2021 [Ks 7c]
AnDomChia: folds 
MRpitupano: raises 30 to 60
Mahu2021: calls 30
*** FLOP *** [Jc Qs 7s]
MRpitupano: checks 
Mahu2021: checks 
*** TURN *** [Jc Qs 7s] [4d]
MRpitupano: bets 590 and is all-in
Mahu2021: folds 
Uncalled bet (590) returned to MRpitupano
MRpitupano collected 120 from pot
MRpitupano: doesn't show hand 
*** SUMMARY ***
Total pot 120 | Rake 0 
Board [Jc Qs 7s 4d]
Seat 1: Mahu2021 (big blind) folded on the Turn
Seat 2: AnDomChia (button) folded before Flop (didn't bet)
Seat 3: MRpitupano (small blind) collected (120)



PokerStars Hand #243130904540: Tournament #3578436228, $0.92+$0.08 USD Hold'em No Limit - Level II (15/30) - 2023/04/16 19:21:55 CET [2023/04/16 13:21:55 ET]
Table '3578436228 1' 3-max Seat #3 is the button
Seat 1: Mahu2021 (365 in chips) 
Seat 2: AnDomChia (425 in chips) 
Seat 3: MRpitupano (710 in chips) 
Mahu2021: posts small blind 15
AnDomChia: posts big blind 30
*** HOLE CARDS ***
Dealt to Mahu2021 [3s 6d]
MRpitupano: raises 30 to 60
Mahu2021: folds 
AnDomChia: folds 
Uncalled bet (30) returned to MRpitupano
MRpitupano collected 75 from pot
MRpitupano: doesn't show hand 
*** SUMMARY ***
Total pot 75 | Rake 0 
Seat 1: Mahu2021 (small blind) folded before Flop
Seat 2: AnDomChia (big blind) folded before Flop
Seat 3: MRpitupano (button) collected (75)



PokerStars Hand #243130907704: Tournament #3578436228, $0.92+$0.08 USD Hold'em No Limit - Level II (15/30) - 2023/04/16 19:22:03 CET [2023/04/16 13:22:03 ET]
Table '3578436228 1' 3-max Seat #1 is the button
Seat 1: Mahu2021 (350 in chips) 
Seat 2: AnDomChia (395 in chips) 
Seat 3: MRpitupano (755 in chips) 
AnDomChia: posts small blind 15
MRpitupano: posts big blind 30
*** HOLE CARDS ***
Dealt to Mahu2021 [Qc Jh]
Mahu2021: calls 30
AnDomChia: folds 
MRpitupano: checks 
*** FLOP *** [9s 7h 6s]
MRpitupano: bets 90
Mahu2021: folds 
Uncalled bet (90) returned to MRpitupano
MRpitupano collected 75 from pot
MRpitupano: doesn't show hand 
*** SUMMARY ***
Total pot 75 | Rake 0 
Board [9s 7h 6s]
Seat 1: Mahu2021 (button) folded on the Flop
Seat 2: AnDomChia (small blind) folded before Flop
Seat 3: MRpitupano (big blind) collected (75)



PokerStars Hand #243130913739: Tournament #3578436228, $0.92+$0.08 USD Hold'em No Limit - Level II (15/30) - 2023/04/16 19:22:17 CET [2023/04/16 13:22:17 ET]
Table '3578436228 1' 3-max Seat #2 is the button
Seat 1: Mahu2021 (320 in chips) 
Seat 2: AnDomChia (380 in chips) 
Seat 3: MRpitupano (800 in chips) 
MRpitupano: posts small blind 15
Mahu2021: posts big blind 30
*** HOLE CARDS ***
Dealt to Mahu2021 [5h Td]
AnDomChia: raises 60 to 90
MRpitupano: raises 60 to 150
Mahu2021: folds 
AnDomChia: calls 60
*** FLOP *** [Kh 2s Jh]
MRpitupano: bets 650 and is all-in
AnDomChia: calls 230 and is all-in
Uncalled bet (420) returned to MRpitupano
*** TURN *** [Kh 2s Jh] [As]
*** RIVER *** [Kh 2s Jh As] [Qd]
*** SHOW DOWN ***
MRpitupano: shows [Ad Ks] (two pair, Aces and Kings)
AnDomChia: shows [Jd Qs] (two pair, Queens and Jacks)
MRpitupano collected 790 from pot
AnDomChia finished the tournament in 3rd place
*** SUMMARY ***
Total pot 790 | Rake 0 
Board [Kh 2s Jh As Qd]
Seat 1: Mahu2021 (big blind) folded before Flop
Seat 2: AnDomChia (button) showed [Jd Qs] and lost with two pair, Queens and Jacks
Seat 3: MRpitupano (small blind) showed [Ad Ks] and won (790) with two pair, Aces and Kings



PokerStars Hand #243130925502: Tournament #3578436228, $0.92+$0.08 USD Hold'em No Limit - Level III (20/40) - 2023/04/16 19:22:46 CET [2023/04/16 13:22:46 ET]
Table '3578436228 1' 3-max Seat #1 is the button
Seat 1: Mahu2021 (290 in chips) 
Seat 3: MRpitupano (1210 in chips) 
Mahu2021: posts small blind 20
MRpitupano: posts big blind 40
*** HOLE CARDS ***
Dealt to Mahu2021 [3c Jh]
Mahu2021: folds 
Uncalled bet (20) returned to MRpitupano
MRpitupano collected 40 from pot
MRpitupano: doesn't show hand 
*** SUMMARY ***
Total pot 40 | Rake 0 
Seat 1: Mahu2021 (button) (small blind) folded before Flop
Seat 3: MRpitupano (big blind) collected (40)



PokerStars Hand #243130927331: Tournament #3578436228, $0.92+$0.08 USD Hold'em No Limit - Level III (20/40) - 2023/04/16 19:22:50 CET [2023/04/16 13:22:50 ET]
Table '3578436228 1' 3-max Seat #3 is the button
Seat 1: Mahu2021 (270 in chips) 
Seat 3: MRpitupano (1230 in chips) 
MRpitupano: posts small blind 20
Mahu2021: posts big blind 40
*** HOLE CARDS ***
Dealt to Mahu2021 [3h 6d]
MRpitupano: calls 20
Mahu2021: checks 
*** FLOP *** [Th 4d 3c]
Mahu2021: bets 230 and is all-in
MRpitupano: folds 
Uncalled bet (230) returned to Mahu2021
Mahu2021 collected 80 from pot
Mahu2021: doesn't show hand 
*** SUMMARY ***
Total pot 80 | Rake 0 
Board [Th 4d 3c]
Seat 1: Mahu2021 (big blind) collected (80)
Seat 3: MRpitupano (button) (small blind) folded on the Flop



PokerStars Hand #243130931522: Tournament #3578436228, $0.92+$0.08 USD Hold'em No Limit - Level III (20/40) - 2023/04/16 19:23:01 CET [2023/04/16 13:23:01 ET]
Table '3578436228 1' 3-max Seat #1 is the button
Seat 1: Mahu2021 (310 in chips) 
Seat 3: MRpitupano (1190 in chips) 
Mahu2021: posts small blind 20
MRpitupano: posts big blind 40
*** HOLE CARDS ***
Dealt to Mahu2021 [8h 3h]
Mahu2021: folds 
Uncalled bet (20) returned to MRpitupano
MRpitupano collected 40 from pot
MRpitupano: doesn't show hand 
*** SUMMARY ***
Total pot 40 | Rake 0 
Seat 1: Mahu2021 (button) (small blind) folded before Flop
Seat 3: MRpitupano (big blind) collected (40)



PokerStars Hand #243130933222: Tournament #3578436228, $0.92+$0.08 USD Hold'em No Limit - Level III (20/40) - 2023/04/16 19:23:05 CET [2023/04/16 13:23:05 ET]
Table '3578436228 1' 3-max Seat #3 is the button
Seat 1: Mahu2021 (290 in chips) 
Seat 3: MRpitupano (1210 in chips) 
MRpitupano: posts small blind 20
Mahu2021: posts big blind 40
*** HOLE CARDS ***
Dealt to Mahu2021 [9s Ks]
MRpitupano: folds 
Uncalled bet (20) returned to Mahu2021
Mahu2021 collected 40 from pot
Mahu2021: doesn't show hand 
*** SUMMARY ***
Total pot 40 | Rake 0 
Seat 1: Mahu2021 (big blind) collected (40)
Seat 3: MRpitupano (button) (small blind) folded before Flop



PokerStars Hand #243130935220: Tournament #3578436228, $0.92+$0.08 USD Hold'em No Limit - Level III (20/40) - 2023/04/16 19:23:10 CET [2023/04/16 13:23:10 ET]
Table '3578436228 1' 3-max Seat #1 is the button
Seat 1: Mahu2021 (310 in chips) 
Seat 3: MRpitupano (1190 in chips) 
Mahu2021: posts small blind 20
MRpitupano: posts big blind 40
*** HOLE CARDS ***
Dealt to Mahu2021 [6d Js]
Mahu2021: raises 270 to 310 and is all-in
MRpitupano: folds 
Uncalled bet (270) returned to Mahu2021
Mahu2021 collected 80 from pot
Mahu2021: doesn't show hand 
*** SUMMARY ***
Total pot 80 | Rake 0 
Seat 1: Mahu2021 (button) (small blind) collected (80)
Seat 3: MRpitupano (big blind) folded before Flop



PokerStars Hand #243130937868: Tournament #3578436228, $0.92+$0.08 USD Hold'em No Limit - Level III (20/40) - 2023/04/16 19:23:16 CET [2023/04/16 13:23:16 ET]
Table '3578436228 1' 3-max Seat #3 is the button
Seat 1: Mahu2021 (350 in chips) 
Seat 3: MRpitupano (1150 in chips) 
MRpitupano: posts small blind 20
Mahu2021: posts big blind 40
*** HOLE CARDS ***
Dealt to Mahu2021 [Jd 9c]
MRpitupano: raises 40 to 80
Mahu2021: calls 40
*** FLOP *** [3s 5d Qd]
Mahu2021: checks 
MRpitupano: checks 
*** TURN *** [3s 5d Qd] [2s]
Mahu2021: checks 
MRpitupano: bets 160
Mahu2021: folds 
Uncalled bet (160) returned to MRpitupano
MRpitupano collected 160 from pot
MRpitupano: doesn't show hand 
*** SUMMARY ***
Total pot 160 | Rake 0 
Board [3s 5d Qd 2s]
Seat 1: Mahu2021 (big blind) folded on the Turn
Seat 3: MRpitupano (button) (small blind) collected (160)



PokerStars Hand #243130945618: Tournament #3578436228, $0.92+$0.08 USD Hold'em No Limit - Level III (20/40) - 2023/04/16 19:23:35 CET [2023/04/16 13:23:35 ET]
Table '3578436228 1' 3-max Seat #1 is the button
Seat 1: Mahu2021 (270 in chips) 
Seat 3: MRpitupano (1230 in chips) 
Mahu2021: posts small blind 20
MRpitupano: posts big blind 40
*** HOLE CARDS ***
Dealt to Mahu2021 [4d 3h]
Mahu2021: folds 
Uncalled bet (20) returned to MRpitupano
MRpitupano collected 40 from pot
MRpitupano: doesn't show hand 
*** SUMMARY ***
Total pot 40 | Rake 0 
Seat 1: Mahu2021 (button) (small blind) folded before Flop
Seat 3: MRpitupano (big blind) collected (40)



PokerStars Hand #243130947292: Tournament #3578436228, $0.92+$0.08 USD Hold'em No Limit - Level III (20/40) - 2023/04/16 19:23:40 CET [2023/04/16 13:23:40 ET]
Table '3578436228 1' 3-max Seat #3 is the button
Seat 1: Mahu2021 (250 in chips) 
Seat 3: MRpitupano (1250 in chips) 
MRpitupano: posts small blind 20
Mahu2021: posts big blind 40
*** HOLE CARDS ***
Dealt to Mahu2021 [Qc 7c]
MRpitupano: raises 40 to 80
Mahu2021: raises 170 to 250 and is all-in
MRpitupano: calls 170
*** FLOP *** [Ts 6s Qh]
*** TURN *** [Ts 6s Qh] [Ks]
*** RIVER *** [Ts 6s Qh Ks] [3c]
*** SHOW DOWN ***
Mahu2021: shows [Qc 7c] (a pair of Queens)
MRpitupano: shows [Td 8c] (a pair of Tens)
Mahu2021 collected 500 from pot
*** SUMMARY ***
Total pot 500 | Rake 0 
Board [Ts 6s Qh Ks 3c]
Seat 1: Mahu2021 (big blind) showed [Qc 7c] and won (500) with a pair of Queens
Seat 3: MRpitupano (button) (small blind) showed [Td 8c] and lost with a pair of Tens



PokerStars Hand #243130955297: Tournament #3578436228, $0.92+$0.08 USD Hold'em No Limit - Level III (20/40) - 2023/04/16 19:23:59 CET [2023/04/16 13:23:59 ET]
Table '3578436228 1' 3-max Seat #1 is the button
Seat 1: Mahu2021 (500 in chips) 
Seat 3: MRpitupano (1000 in chips) 
Mahu2021: posts small blind 20
MRpitupano: posts big blind 40
*** HOLE CARDS ***
Dealt to Mahu2021 [9c 7d]
Mahu2021: folds 
Uncalled bet (20) returned to MRpitupano
MRpitupano collected 40 from pot
MRpitupano: doesn't show hand 
*** SUMMARY ***
Total pot 40 | Rake 0 
Seat 1: Mahu2021 (button) (small blind) folded before Flop
Seat 3: MRpitupano (big blind) collected (40)



PokerStars Hand #243130957003: Tournament #3578436228, $0.92+$0.08 USD Hold'em No Limit - Level III (20/40) - 2023/04/16 19:24:03 CET [2023/04/16 13:24:03 ET]
Table '3578436228 1' 3-max Seat #3 is the button
Seat 1: Mahu2021 (480 in chips) 
Seat 3: MRpitupano (1020 in chips) 
MRpitupano: posts small blind 20
Mahu2021: posts big blind 40
*** HOLE CARDS ***
Dealt to Mahu2021 [Qd 8s]
MRpitupano: folds 
Uncalled bet (20) returned to Mahu2021
Mahu2021 collected 40 from pot
Mahu2021: doesn't show hand 
*** SUMMARY ***
Total pot 40 | Rake 0 
Seat 1: Mahu2021 (big blind) collected (40)
Seat 3: MRpitupano (button) (small blind) folded before Flop



PokerStars Hand #243130961108: Tournament #3578436228, $0.92+$0.08 USD Hold'em No Limit - Level III (20/40) - 2023/04/16 19:24:13 CET [2023/04/16 13:24:13 ET]
Table '3578436228 1' 3-max Seat #1 is the button
Seat 1: Mahu2021 (500 in chips) 
Seat 3: MRpitupano (1000 in chips) 
Mahu2021: posts small blind 20
MRpitupano: posts big blind 40
*** HOLE CARDS ***
Dealt to Mahu2021 [6d 7h]
Mahu2021: calls 20
MRpitupano: raises 80 to 120
Mahu2021: folds 
Uncalled bet (80) returned to MRpitupano
MRpitupano collected 80 from pot
MRpitupano: doesn't show hand 
*** SUMMARY ***
Total pot 80 | Rake 0 
Seat 1: Mahu2021 (button) (small blind) folded before Flop
Seat 3: MRpitupano (big blind) collected (80)



PokerStars Hand #243130964411: Tournament #3578436228, $0.92+$0.08 USD Hold'em No Limit - Level III (20/40) - 2023/04/16 19:24:21 CET [2023/04/16 13:24:21 ET]
Table '3578436228 1' 3-max Seat #3 is the button
Seat 1: Mahu2021 (460 in chips) 
Seat 3: MRpitupano (1040 in chips) 
MRpitupano: posts small blind 20
Mahu2021: posts big blind 40
*** HOLE CARDS ***
Dealt to Mahu2021 [Qs 2h]
MRpitupano: raises 40 to 80
Mahu2021: folds 
Uncalled bet (40) returned to MRpitupano
MRpitupano collected 80 from pot
MRpitupano: doesn't show hand 
*** SUMMARY ***
Total pot 80 | Rake 0 
Seat 1: Mahu2021 (big blind) folded before Flop
Seat 3: MRpitupano (button) (small blind) collected (80)



PokerStars Hand #243130968667: Tournament #3578436228, $0.92+$0.08 USD Hold'em No Limit - Level IV (30/60) - 2023/04/16 19:24:32 CET [2023/04/16 13:24:32 ET]
Table '3578436228 1' 3-max Seat #1 is the button
Seat 1: Mahu2021 (420 in chips) 
Seat 3: MRpitupano (1080 in chips) 
Mahu2021: posts small blind 30
MRpitupano: posts big blind 60
*** HOLE CARDS ***
Dealt to Mahu2021 [6d As]
Mahu2021: raises 360 to 420 and is all-in
MRpitupano: calls 360
*** FLOP *** [Ad 4h Qd]
*** TURN *** [Ad 4h Qd] [Ah]
*** RIVER *** [Ad 4h Qd Ah] [Js]
*** SHOW DOWN ***
MRpitupano: shows [8d 5d] (a pair of Aces)
Mahu2021: shows [6d As] (three of a kind, Aces)
Mahu2021 collected 840 from pot
*** SUMMARY ***
Total pot 840 | Rake 0 
Board [Ad 4h Qd Ah Js]
Seat 1: Mahu2021 (button) (small blind) showed [6d As] and won (840) with three of a kind, Aces
Seat 3: MRpitupano (big blind) showed [8d 5d] and lost with a pair of Aces



PokerStars Hand #243130974127: Tournament #3578436228, $0.92+$0.08 USD Hold'em No Limit - Level IV (30/60) - 2023/04/16 19:24:45 CET [2023/04/16 13:24:45 ET]
Table '3578436228 1' 3-max Seat #3 is the button
Seat 1: Mahu2021 (840 in chips) 
Seat 3: MRpitupano (660 in chips) 
MRpitupano: posts small blind 30
Mahu2021: posts big blind 60
*** HOLE CARDS ***
Dealt to Mahu2021 [6h 3s]
MRpitupano: raises 600 to 660 and is all-in
Mahu2021: folds 
Uncalled bet (600) returned to MRpitupano
MRpitupano collected 120 from pot
MRpitupano: doesn't show hand 
*** SUMMARY ***
Total pot 120 | Rake 0 
Seat 1: Mahu2021 (big blind) folded before Flop
Seat 3: MRpitupano (button) (small blind) collected (120)



PokerStars Hand #243130976697: Tournament #3578436228, $0.92+$0.08 USD Hold'em No Limit - Level IV (30/60) - 2023/04/16 19:24:51 CET [2023/04/16 13:24:51 ET]
Table '3578436228 1' 3-max Seat #1 is the button
Seat 1: Mahu2021 (780 in chips) 
Seat 3: MRpitupano (720 in chips) 
Mahu2021: posts small blind 30
MRpitupano: posts big blind 60
*** HOLE CARDS ***
Dealt to Mahu2021 [4c 3h]
Mahu2021: folds 
Uncalled bet (30) returned to MRpitupano
MRpitupano collected 60 from pot
MRpitupano: doesn't show hand 
*** SUMMARY ***
Total pot 60 | Rake 0 
Seat 1: Mahu2021 (button) (small blind) folded before Flop
Seat 3: MRpitupano (big blind) collected (60)



PokerStars Hand #243130978421: Tournament #3578436228, $0.92+$0.08 USD Hold'em No Limit - Level IV (30/60) - 2023/04/16 19:24:56 CET [2023/04/16 13:24:56 ET]
Table '3578436228 1' 3-max Seat #3 is the button
Seat 1: Mahu2021 (750 in chips) 
Seat 3: MRpitupano (750 in chips) 
MRpitupano: posts small blind 30
Mahu2021: posts big blind 60
*** HOLE CARDS ***
Dealt to Mahu2021 [3s 6s]
MRpitupano: raises 690 to 750 and is all-in
Mahu2021: folds 
Uncalled bet (690) returned to MRpitupano
MRpitupano collected 120 from pot
MRpitupano: doesn't show hand 
*** SUMMARY ***
Total pot 120 | Rake 0 
Seat 1: Mahu2021 (big blind) folded before Flop
Seat 3: MRpitupano (button) (small blind) collected (120)



PokerStars Hand #243130981456: Tournament #3578436228, $0.92+$0.08 USD Hold'em No Limit - Level IV (30/60) - 2023/04/16 19:25:03 CET [2023/04/16 13:25:03 ET]
Table '3578436228 1' 3-max Seat #1 is the button
Seat 1: Mahu2021 (690 in chips) 
Seat 3: MRpitupano (810 in chips) 
Mahu2021: posts small blind 30
MRpitupano: posts big blind 60
*** HOLE CARDS ***
Dealt to Mahu2021 [8h 7s]
Mahu2021: calls 30
MRpitupano: checks 
*** FLOP *** [Qh 8d 5c]
MRpitupano: checks 
Mahu2021: bets 630 and is all-in
MRpitupano: folds 
Uncalled bet (630) returned to Mahu2021
Mahu2021 collected 120 from pot
Mahu2021: doesn't show hand 
*** SUMMARY ***
Total pot 120 | Rake 0 
Board [Qh 8d 5c]
Seat 1: Mahu2021 (button) (small blind) collected (120)
Seat 3: MRpitupano (big blind) folded on the Flop



PokerStars Hand #243130987808: Tournament #3578436228, $0.92+$0.08 USD Hold'em No Limit - Level IV (30/60) - 2023/04/16 19:25:18 CET [2023/04/16 13:25:18 ET]
Table '3578436228 1' 3-max Seat #3 is the button
Seat 1: Mahu2021 (750 in chips) 
Seat 3: MRpitupano (750 in chips) 
MRpitupano: posts small blind 30
Mahu2021: posts big blind 60
*** HOLE CARDS ***
Dealt to Mahu2021 [3c Tc]
MRpitupano: raises 60 to 120
Mahu2021: calls 60
*** FLOP *** [Js 8c Ah]
Mahu2021: checks 
MRpitupano: checks 
*** TURN *** [Js 8c Ah] [Ac]
Mahu2021: bets 120
MRpitupano: folds 
Uncalled bet (120) returned to Mahu2021
Mahu2021 collected 240 from pot
Mahu2021: doesn't show hand 
*** SUMMARY ***
Total pot 240 | Rake 0 
Board [Js 8c Ah Ac]
Seat 1: Mahu2021 (big blind) collected (240)
Seat 3: MRpitupano (button) (small blind) folded on the Turn



PokerStars Hand #243130996330: Tournament #3578436228, $0.92+$0.08 USD Hold'em No Limit - Level IV (30/60) - 2023/04/16 19:25:39 CET [2023/04/16 13:25:39 ET]
Table '3578436228 1' 3-max Seat #1 is the button
Seat 1: Mahu2021 (870 in chips) 
Seat 3: MRpitupano (630 in chips) 
Mahu2021: posts small blind 30
MRpitupano: posts big blind 60
*** HOLE CARDS ***
Dealt to Mahu2021 [2d 9d]
Mahu2021: folds 
Uncalled bet (30) returned to MRpitupano
MRpitupano collected 60 from pot
MRpitupano: doesn't show hand 
*** SUMMARY ***
Total pot 60 | Rake 0 
Seat 1: Mahu2021 (button) (small blind) folded before Flop
Seat 3: MRpitupano (big blind) collected (60)



PokerStars Hand #243130998060: Tournament #3578436228, $0.92+$0.08 USD Hold'em No Limit - Level IV (30/60) - 2023/04/16 19:25:44 CET [2023/04/16 13:25:44 ET]
Table '3578436228 1' 3-max Seat #3 is the button
Seat 1: Mahu2021 (840 in chips) 
Seat 3: MRpitupano (660 in chips) 
MRpitupano: posts small blind 30
Mahu2021: posts big blind 60
*** HOLE CARDS ***
Dealt to Mahu2021 [Qh 5s]
MRpitupano: raises 600 to 660 and is all-in
Mahu2021: folds 
Uncalled bet (600) returned to MRpitupano
MRpitupano collected 120 from pot
MRpitupano: doesn't show hand 
*** SUMMARY ***
Total pot 120 | Rake 0 
Seat 1: Mahu2021 (big blind) folded before Flop
Seat 3: MRpitupano (button) (small blind) collected (120)



PokerStars Hand #243131000866: Tournament #3578436228, $0.92+$0.08 USD Hold'em No Limit - Level IV (30/60) - 2023/04/16 19:25:51 CET [2023/04/16 13:25:51 ET]
Table '3578436228 1' 3-max Seat #1 is the button
Seat 1: Mahu2021 (780 in chips) 
Seat 3: MRpitupano (720 in chips) 
Mahu2021: posts small blind 30
MRpitupano: posts big blind 60
*** HOLE CARDS ***
Dealt to Mahu2021 [Qd 6h]
Mahu2021: folds 
Uncalled bet (30) returned to MRpitupano
MRpitupano collected 60 from pot
MRpitupano: doesn't show hand 
*** SUMMARY ***
Total pot 60 | Rake 0 
Seat 1: Mahu2021 (button) (small blind) folded before Flop
Seat 3: MRpitupano (big blind) collected (60)



PokerStars Hand #243131002695: Tournament #3578436228, $0.92+$0.08 USD Hold'em No Limit - Level IV (30/60) - 2023/04/16 19:25:55 CET [2023/04/16 13:25:55 ET]
Table '3578436228 1' 3-max Seat #3 is the button
Seat 1: Mahu2021 (750 in chips) 
Seat 3: MRpitupano (750 in chips) 
MRpitupano: posts small blind 30
Mahu2021: posts big blind 60
*** HOLE CARDS ***
Dealt to Mahu2021 [Jh 4c]
MRpitupano: raises 690 to 750 and is all-in
Mahu2021: folds 
Uncalled bet (690) returned to MRpitupano
MRpitupano collected 120 from pot
MRpitupano: doesn't show hand 
*** SUMMARY ***
Total pot 120 | Rake 0 
Seat 1: Mahu2021 (big blind) folded before Flop
Seat 3: MRpitupano (button) (small blind) collected (120)



PokerStars Hand #243131005761: Tournament #3578436228, $0.92+$0.08 USD Hold'em No Limit - Level IV (30/60) - 2023/04/16 19:26:03 CET [2023/04/16 13:26:03 ET]
Table '3578436228 1' 3-max Seat #1 is the button
Seat 1: Mahu2021 (690 in chips) 
Seat 3: MRpitupano (810 in chips) 
Mahu2021: posts small blind 30
MRpitupano: posts big blind 60
*** HOLE CARDS ***
Dealt to Mahu2021 [Qc Ts]
Mahu2021: calls 30
MRpitupano: checks 
*** FLOP *** [3c Tc 2h]
MRpitupano: checks 
Mahu2021: bets 120
MRpitupano: raises 120 to 240
Mahu2021: raises 390 to 630 and is all-in
MRpitupano: folds 
Uncalled bet (390) returned to Mahu2021
Mahu2021 collected 600 from pot
Mahu2021: doesn't show hand 
*** SUMMARY ***
Total pot 600 | Rake 0 
Board [3c Tc 2h]
Seat 1: Mahu2021 (button) (small blind) collected (600)
Seat 3: MRpitupano (big blind) folded on the Flop



PokerStars Hand #243131014569: Tournament #3578436228, $0.92+$0.08 USD Hold'em No Limit - Level IV (30/60) - 2023/04/16 19:26:24 CET [2023/04/16 13:26:24 ET]
Table '3578436228 1' 3-max Seat #3 is the button
Seat 1: Mahu2021 (990 in chips) 
Seat 3: MRpitupano (510 in chips) 
MRpitupano: posts small blind 30
Mahu2021: posts big blind 60
*** HOLE CARDS ***
Dealt to Mahu2021 [Qs 4s]
MRpitupano: raises 60 to 120
Mahu2021: calls 60
*** FLOP *** [4h 2h 3h]
Mahu2021: bets 870 and is all-in
MRpitupano: calls 390 and is all-in
Uncalled bet (480) returned to Mahu2021
*** TURN *** [4h 2h 3h] [Qh]
*** RIVER *** [4h 2h 3h Qh] [7s]
*** SHOW DOWN ***
Mahu2021: shows [Qs 4s] (two pair, Queens and Fours)
MRpitupano: shows [Th Kc] (a flush, Queen high)
MRpitupano collected 1020 from pot
*** SUMMARY ***
Total pot 1020 | Rake 0 
Board [4h 2h 3h Qh 7s]
Seat 1: Mahu2021 (big blind) showed [Qs 4s] and lost with two pair, Queens and Fours
Seat 3: MRpitupano (button) (small blind) showed [Th Kc] and won (1020) with a flush, Queen high



PokerStars Hand #243131024065: Tournament #3578436228, $0.92+$0.08 USD Hold'em No Limit - Level V (40/80) - 2023/04/16 19:26:48 CET [2023/04/16 13:26:48 ET]
Table '3578436228 1' 3-max Seat #1 is the button
Seat 1: Mahu2021 (480 in chips) 
Seat 3: MRpitupano (1020 in chips) 
Mahu2021: posts small blind 40
MRpitupano: posts big blind 80
*** HOLE CARDS ***
Dealt to Mahu2021 [3h 4c]
Mahu2021: folds 
Uncalled bet (40) returned to MRpitupano
MRpitupano collected 80 from pot
MRpitupano: doesn't show hand 
*** SUMMARY ***
Total pot 80 | Rake 0 
Seat 1: Mahu2021 (button) (small blind) folded before Flop
Seat 3: MRpitupano (big blind) collected (80)



PokerStars Hand #243131025941: Tournament #3578436228, $0.92+$0.08 USD Hold'em No Limit - Level V (40/80) - 2023/04/16 19:26:52 CET [2023/04/16 13:26:52 ET]
Table '3578436228 1' 3-max Seat #3 is the button
Seat 1: Mahu2021 (440 in chips) 
Seat 3: MRpitupano (1060 in chips) 
MRpitupano: posts small blind 40
Mahu2021: posts big blind 80
*** HOLE CARDS ***
Dealt to Mahu2021 [9s Qd]
MRpitupano: raises 80 to 160
Mahu2021: raises 280 to 440 and is all-in
MRpitupano: calls 280
*** FLOP *** [5d Ac As]
*** TURN *** [5d Ac As] [Th]
*** RIVER *** [5d Ac As Th] [7d]
*** SHOW DOWN ***
Mahu2021: shows [9s Qd] (a pair of Aces)
MRpitupano: shows [Tc 8h] (two pair, Aces and Tens)
MRpitupano collected 880 from pot
Mahu2021 finished the tournament in 2nd place
MRpitupano wins the tournament and receives $2.00 - congratulations!
*** SUMMARY ***
Total pot 880 | Rake 0 
Board [5d Ac As Th 7d]
Seat 1: Mahu2021 (big blind) showed [9s Qd] and lost with a pair of Aces
Seat 3: MRpitupano (button) (small blind) showed [Tc 8h] and won (880) with two pair, Aces and Tens



