PokerStars Hand #248863049916: Tournament #3715329139, $1.84+$0.16 USD Hold'em No Limit - Level I (10/20) - 2024/02/13 21:25:41 CET [2024/02/13 15:25:41 ET]
Table '3715329139 1' 3-max Seat #1 is the button
Seat 1: VStampedezc (500 in chips) 
Seat 2: Mahu2021 (500 in chips) 
Seat 3: CM6978 (500 in chips) 
Mahu2021: posts small blind 10
CM6978: posts big blind 20
*** HOLE CARDS ***
Dealt to Mahu2021 [Ad Qc]
VStampedezc: folds 
Mahu2021: raises 20 to 40
CM6978: calls 20
*** FLOP *** [5s Jc 5c]
Mahu2021: checks 
CM6978: bets 60
Mahu2021: calls 60
*** TURN *** [5s Jc 5c] [8d]
Mahu2021: checks 
CM6978: checks 
*** RIVER *** [5s Jc 5c 8d] [8h]
Mahu2021: checks 
CM6978: bets 400 and is all-in
Mahu2021: folds 
Uncalled bet (400) returned to CM6978
CM6978 collected 200 from pot
*** SUMMARY ***
Total pot 200 | Rake 0 
Board [5s Jc 5c 8d 8h]
Seat 1: VStampedezc (button) folded before Flop (didn't bet)
Seat 2: Mahu2021 (small blind) folded on the River
Seat 3: CM6978 (big blind) collected (200)



PokerStars Hand #248863059119: Tournament #3715329139, $1.84+$0.16 USD Hold'em No Limit - Level I (10/20) - 2024/02/13 21:26:06 CET [2024/02/13 15:26:06 ET]
Table '3715329139 1' 3-max Seat #2 is the button
Seat 1: VStampedezc (500 in chips) 
Seat 2: Mahu2021 (400 in chips) 
Seat 3: CM6978 (600 in chips) 
CM6978: posts small blind 10
VStampedezc: posts big blind 20
*** HOLE CARDS ***
Dealt to Mahu2021 [Js Kc]
Mahu2021: raises 20 to 40
CM6978: folds 
VStampedezc: calls 20
*** FLOP *** [Ks 8s 6c]
VStampedezc: checks 
Mahu2021: bets 40
VStampedezc: calls 40
*** TURN *** [Ks 8s 6c] [6h]
VStampedezc: checks 
Mahu2021: bets 40
VStampedezc: raises 83 to 123
Mahu2021: raises 197 to 320 and is all-in
VStampedezc: calls 197
*** RIVER *** [Ks 8s 6c 6h] [5h]
*** SHOW DOWN ***
VStampedezc: shows [9d 6d] (three of a kind, Sixes)
Mahu2021: shows [Js Kc] (two pair, Kings and Sixes)
VStampedezc collected 810 from pot
Mahu2021 finished the tournament in 3rd place
*** SUMMARY ***
Total pot 810 | Rake 0 
Board [Ks 8s 6c 6h 5h]
Seat 1: VStampedezc (big blind) showed [9d 6d] and won (810) with three of a kind, Sixes
Seat 2: Mahu2021 (button) showed [Js Kc] and lost with two pair, Kings and Sixes
Seat 3: CM6978 (small blind) folded before Flop



