PokerStars Hand #249368807621: Tournament #3727571405, $1.84+$0.16 USD Hold'em No Limit - Level I (10/20) - 2024/03/11 22:09:15 CET [2024/03/11 17:09:15 ET]
Table '3727571405 1' 3-max Seat #1 is the button
Seat 1: blefas16 (500 in chips) 
Seat 2: Lita221093 (500 in chips) 
Seat 3: Mahu2021 (500 in chips) 
Lita221093: posts small blind 10
Mahu2021: posts big blind 20
*** HOLE CARDS ***
Dealt to Mahu2021 [Qd Kh]
blefas16: folds 
Lita221093: raises 20 to 40
Mahu2021: calls 20
*** FLOP *** [3s 6s 6c]
Lita221093: bets 60
Mahu2021: folds 
Uncalled bet (60) returned to Lita221093
Lita221093 collected 80 from pot
*** SUMMARY ***
Total pot 80 | Rake 0 
Board [3s 6s 6c]
Seat 1: blefas16 (button) folded before Flop (didn't bet)
Seat 2: Lita221093 (small blind) collected (80)
Seat 3: Mahu2021 (big blind) folded on the Flop



PokerStars Hand #249368812372: Tournament #3727571405, $1.84+$0.16 USD Hold'em No Limit - Level I (10/20) - 2024/03/11 22:09:28 CET [2024/03/11 17:09:28 ET]
Table '3727571405 1' 3-max Seat #2 is the button
Seat 1: blefas16 (500 in chips) 
Seat 2: Lita221093 (540 in chips) 
Seat 3: Mahu2021 (460 in chips) 
Mahu2021: posts small blind 10
blefas16: posts big blind 20
*** HOLE CARDS ***
Dealt to Mahu2021 [Ad 4h]
Lita221093: raises 20 to 40
Mahu2021: calls 30
blefas16: folds 
*** FLOP *** [Kd Kh Tc]
Mahu2021: checks 
Lita221093: bets 80
Mahu2021: calls 80
*** TURN *** [Kd Kh Tc] [Td]
Mahu2021: bets 340 and is all-in
Lita221093: folds 
Uncalled bet (340) returned to Mahu2021
Mahu2021 collected 260 from pot
Mahu2021: doesn't show hand 
*** SUMMARY ***
Total pot 260 | Rake 0 
Board [Kd Kh Tc Td]
Seat 1: blefas16 (big blind) folded before Flop
Seat 2: Lita221093 (button) folded on the Turn
Seat 3: Mahu2021 (small blind) collected (260)



PokerStars Hand #249368819491: Tournament #3727571405, $1.84+$0.16 USD Hold'em No Limit - Level I (10/20) - 2024/03/11 22:09:48 CET [2024/03/11 17:09:48 ET]
Table '3727571405 1' 3-max Seat #3 is the button
Seat 1: blefas16 (480 in chips) 
Seat 2: Lita221093 (420 in chips) 
Seat 3: Mahu2021 (600 in chips) 
blefas16: posts small blind 10
Lita221093: posts big blind 20
*** HOLE CARDS ***
Dealt to Mahu2021 [Th 8h]
Mahu2021: folds 
blefas16: raises 30 to 50
Lita221093: calls 30
*** FLOP *** [2h 8c 6h]
blefas16: checks 
Lita221093: bets 80
blefas16: calls 80
*** TURN *** [2h 8c 6h] [Ah]
blefas16: checks 
Lita221093: checks 
*** RIVER *** [2h 8c 6h Ah] [6d]
blefas16: bets 150
Lita221093: folds 
Uncalled bet (150) returned to blefas16
blefas16 collected 260 from pot
blefas16: doesn't show hand 
*** SUMMARY ***
Total pot 260 | Rake 0 
Board [2h 8c 6h Ah 6d]
Seat 1: blefas16 (small blind) collected (260)
Seat 2: Lita221093 (big blind) folded on the River
Seat 3: Mahu2021 (button) folded before Flop (didn't bet)



PokerStars Hand #249368832621: Tournament #3727571405, $1.84+$0.16 USD Hold'em No Limit - Level I (10/20) - 2024/03/11 22:10:24 CET [2024/03/11 17:10:24 ET]
Table '3727571405 1' 3-max Seat #1 is the button
Seat 1: blefas16 (610 in chips) 
Seat 2: Lita221093 (290 in chips) 
Seat 3: Mahu2021 (600 in chips) 
Lita221093: posts small blind 10
Mahu2021: posts big blind 20
*** HOLE CARDS ***
Dealt to Mahu2021 [Qc Td]
blefas16: folds 
Lita221093: raises 20 to 40
Mahu2021: calls 20
*** FLOP *** [Js 6h 8h]
Lita221093: checks 
Mahu2021: checks 
*** TURN *** [Js 6h 8h] [8s]
Lita221093: checks 
Mahu2021: checks 
*** RIVER *** [Js 6h 8h 8s] [Ah]
Lita221093: bets 80
Mahu2021: folds 
Uncalled bet (80) returned to Lita221093
Lita221093 collected 80 from pot
*** SUMMARY ***
Total pot 80 | Rake 0 
Board [Js 6h 8h 8s Ah]
Seat 1: blefas16 (button) folded before Flop (didn't bet)
Seat 2: Lita221093 (small blind) collected (80)
Seat 3: Mahu2021 (big blind) folded on the River



PokerStars Hand #249368839263: Tournament #3727571405, $1.84+$0.16 USD Hold'em No Limit - Level I (10/20) - 2024/03/11 22:10:42 CET [2024/03/11 17:10:42 ET]
Table '3727571405 1' 3-max Seat #2 is the button
Seat 1: blefas16 (610 in chips) 
Seat 2: Lita221093 (330 in chips) 
Seat 3: Mahu2021 (560 in chips) 
Mahu2021: posts small blind 10
blefas16: posts big blind 20
*** HOLE CARDS ***
Dealt to Mahu2021 [Ks 2c]
Lita221093: raises 20 to 40
Mahu2021: folds 
blefas16: folds 
Uncalled bet (20) returned to Lita221093
Lita221093 collected 50 from pot
*** SUMMARY ***
Total pot 50 | Rake 0 
Seat 1: blefas16 (big blind) folded before Flop
Seat 2: Lita221093 (button) collected (50)
Seat 3: Mahu2021 (small blind) folded before Flop



PokerStars Hand #249368842802: Tournament #3727571405, $1.84+$0.16 USD Hold'em No Limit - Level I (10/20) - 2024/03/11 22:10:52 CET [2024/03/11 17:10:52 ET]
Table '3727571405 1' 3-max Seat #3 is the button
Seat 1: blefas16 (590 in chips) 
Seat 2: Lita221093 (360 in chips) 
Seat 3: Mahu2021 (550 in chips) 
blefas16: posts small blind 10
Lita221093: posts big blind 20
*** HOLE CARDS ***
Dealt to Mahu2021 [6d Qd]
Mahu2021: folds 
blefas16: folds 
Uncalled bet (10) returned to Lita221093
Lita221093 collected 20 from pot
*** SUMMARY ***
Total pot 20 | Rake 0 
Seat 1: blefas16 (small blind) folded before Flop
Seat 2: Lita221093 (big blind) collected (20)
Seat 3: Mahu2021 (button) folded before Flop (didn't bet)



PokerStars Hand #249368844982: Tournament #3727571405, $1.84+$0.16 USD Hold'em No Limit - Level I (10/20) - 2024/03/11 22:10:58 CET [2024/03/11 17:10:58 ET]
Table '3727571405 1' 3-max Seat #1 is the button
Seat 1: blefas16 (580 in chips) 
Seat 2: Lita221093 (370 in chips) 
Seat 3: Mahu2021 (550 in chips) 
Lita221093: posts small blind 10
Mahu2021: posts big blind 20
*** HOLE CARDS ***
Dealt to Mahu2021 [Jd 9d]
blefas16: raises 20 to 40
Lita221093: calls 30
Mahu2021: calls 20
*** FLOP *** [7c 7d Ac]
Lita221093: checks 
Mahu2021: checks 
blefas16: checks 
*** TURN *** [7c 7d Ac] [8s]
Lita221093: bets 60
Mahu2021: folds 
blefas16: calls 60
*** RIVER *** [7c 7d Ac 8s] [Ad]
Lita221093: checks 
blefas16: bets 120
Lita221093: calls 120
*** SHOW DOWN ***
blefas16: shows [3d 3c] (two pair, Aces and Sevens)
Lita221093: shows [7s Js] (a full house, Sevens full of Aces)
Lita221093 collected 480 from pot
*** SUMMARY ***
Total pot 480 | Rake 0 
Board [7c 7d Ac 8s Ad]
Seat 1: blefas16 (button) showed [3d 3c] and lost with two pair, Aces and Sevens
Seat 2: Lita221093 (small blind) showed [7s Js] and won (480) with a full house, Sevens full of Aces
Seat 3: Mahu2021 (big blind) folded on the Turn



PokerStars Hand #249368855313: Tournament #3727571405, $1.84+$0.16 USD Hold'em No Limit - Level I (10/20) - 2024/03/11 22:11:27 CET [2024/03/11 17:11:27 ET]
Table '3727571405 1' 3-max Seat #2 is the button
Seat 1: blefas16 (360 in chips) 
Seat 2: Lita221093 (630 in chips) 
Seat 3: Mahu2021 (510 in chips) 
Mahu2021: posts small blind 10
blefas16: posts big blind 20
*** HOLE CARDS ***
Dealt to Mahu2021 [Js Qc]
Lita221093: raises 610 to 630 and is all-in
Mahu2021: folds 
blefas16: folds 
Uncalled bet (610) returned to Lita221093
Lita221093 collected 50 from pot
*** SUMMARY ***
Total pot 50 | Rake 0 
Seat 1: blefas16 (big blind) folded before Flop
Seat 2: Lita221093 (button) collected (50)
Seat 3: Mahu2021 (small blind) folded before Flop



PokerStars Hand #249368860502: Tournament #3727571405, $1.84+$0.16 USD Hold'em No Limit - Level I (10/20) - 2024/03/11 22:11:41 CET [2024/03/11 17:11:41 ET]
Table '3727571405 1' 3-max Seat #3 is the button
Seat 1: blefas16 (340 in chips) 
Seat 2: Lita221093 (660 in chips) 
Seat 3: Mahu2021 (500 in chips) 
blefas16: posts small blind 10
Lita221093: posts big blind 20
*** HOLE CARDS ***
Dealt to Mahu2021 [Kd 7d]
Mahu2021: calls 20
blefas16: raises 40 to 60
Lita221093: folds 
Mahu2021: calls 40
*** FLOP *** [7s 5h 9h]
blefas16: checks 
Mahu2021: bets 440 and is all-in
blefas16: folds 
Uncalled bet (440) returned to Mahu2021
Mahu2021 collected 140 from pot
Mahu2021: doesn't show hand 
*** SUMMARY ***
Total pot 140 | Rake 0 
Board [7s 5h 9h]
Seat 1: blefas16 (small blind) folded on the Flop
Seat 2: Lita221093 (big blind) folded before Flop
Seat 3: Mahu2021 (button) collected (140)



PokerStars Hand #249368867111: Tournament #3727571405, $1.84+$0.16 USD Hold'em No Limit - Level I (10/20) - 2024/03/11 22:11:59 CET [2024/03/11 17:11:59 ET]
Table '3727571405 1' 3-max Seat #1 is the button
Seat 1: blefas16 (280 in chips) 
Seat 2: Lita221093 (640 in chips) 
Seat 3: Mahu2021 (580 in chips) 
Lita221093: posts small blind 10
Mahu2021: posts big blind 20
*** HOLE CARDS ***
Dealt to Mahu2021 [Qh 9c]
blefas16: folds 
Lita221093: calls 10
Mahu2021: checks 
*** FLOP *** [Jc Th Qd]
Lita221093: bets 20
Mahu2021: calls 20
*** TURN *** [Jc Th Qd] [5s]
Lita221093: checks 
Mahu2021: checks 
*** RIVER *** [Jc Th Qd 5s] [Td]
Lita221093: bets 80
Mahu2021: calls 80
*** SHOW DOWN ***
Lita221093: shows [2c Tc] (three of a kind, Tens)
Mahu2021: mucks hand 
Lita221093 collected 240 from pot
*** SUMMARY ***
Total pot 240 | Rake 0 
Board [Jc Th Qd 5s Td]
Seat 1: blefas16 (button) folded before Flop (didn't bet)
Seat 2: Lita221093 (small blind) showed [2c Tc] and won (240) with three of a kind, Tens
Seat 3: Mahu2021 (big blind) mucked [Qh 9c]



PokerStars Hand #249368876786: Tournament #3727571405, $1.84+$0.16 USD Hold'em No Limit - Level II (15/30) - 2024/03/11 22:12:26 CET [2024/03/11 17:12:26 ET]
Table '3727571405 1' 3-max Seat #2 is the button
Seat 1: blefas16 (280 in chips) 
Seat 2: Lita221093 (760 in chips) 
Seat 3: Mahu2021 (460 in chips) 
Mahu2021: posts small blind 15
blefas16: posts big blind 30
*** HOLE CARDS ***
Dealt to Mahu2021 [Qd Jh]
Lita221093: raises 30 to 60
Mahu2021: calls 45
blefas16: calls 30
*** FLOP *** [3c Ad Td]
Mahu2021: checks 
blefas16: bets 90
Lita221093: calls 90
Mahu2021: folds 
*** TURN *** [3c Ad Td] [2h]
blefas16: bets 130 and is all-in
Lita221093: calls 130
*** RIVER *** [3c Ad Td 2h] [9h]
*** SHOW DOWN ***
blefas16: shows [As 4s] (a pair of Aces)
Lita221093: shows [Tc Jc] (a pair of Tens)
blefas16 collected 620 from pot
*** SUMMARY ***
Total pot 620 | Rake 0 
Board [3c Ad Td 2h 9h]
Seat 1: blefas16 (big blind) showed [As 4s] and won (620) with a pair of Aces
Seat 2: Lita221093 (button) showed [Tc Jc] and lost with a pair of Tens
Seat 3: Mahu2021 (small blind) folded on the Flop



PokerStars Hand #249368888000: Tournament #3727571405, $1.84+$0.16 USD Hold'em No Limit - Level II (15/30) - 2024/03/11 22:12:57 CET [2024/03/11 17:12:57 ET]
Table '3727571405 1' 3-max Seat #3 is the button
Seat 1: blefas16 (620 in chips) 
Seat 2: Lita221093 (480 in chips) 
Seat 3: Mahu2021 (400 in chips) 
blefas16: posts small blind 15
Lita221093: posts big blind 30
*** HOLE CARDS ***
Dealt to Mahu2021 [4c Js]
Mahu2021: folds 
blefas16: raises 60 to 90
Lita221093: calls 60
*** FLOP *** [Tc 6s 7h]
blefas16: bets 135
Lita221093: calls 135
*** TURN *** [Tc 6s 7h] [8d]
blefas16: checks 
Lita221093: bets 255 and is all-in
blefas16: calls 255
*** RIVER *** [Tc 6s 7h 8d] [Ah]
*** SHOW DOWN ***
blefas16: shows [Td As] (two pair, Aces and Tens)
Lita221093: shows [8h Ac] (two pair, Aces and Eights)
blefas16 collected 960 from pot
Lita221093 finished the tournament in 3rd place
*** SUMMARY ***
Total pot 960 | Rake 0 
Board [Tc 6s 7h 8d Ah]
Seat 1: blefas16 (small blind) showed [Td As] and won (960) with two pair, Aces and Tens
Seat 2: Lita221093 (big blind) showed [8h Ac] and lost with two pair, Aces and Eights
Seat 3: Mahu2021 (button) folded before Flop (didn't bet)



PokerStars Hand #249368898758: Tournament #3727571405, $1.84+$0.16 USD Hold'em No Limit - Level II (15/30) - 2024/03/11 22:13:27 CET [2024/03/11 17:13:27 ET]
Table '3727571405 1' 3-max Seat #1 is the button
Seat 1: blefas16 (1100 in chips) 
Seat 3: Mahu2021 (400 in chips) 
blefas16: posts small blind 15
Mahu2021: posts big blind 30
*** HOLE CARDS ***
Dealt to Mahu2021 [Ac 9h]
blefas16: calls 15
Mahu2021: checks 
*** FLOP *** [Ah 9d 7s]
Mahu2021: checks 
blefas16: checks 
*** TURN *** [Ah 9d 7s] [6d]
Mahu2021: bets 60
blefas16: calls 60
*** RIVER *** [Ah 9d 7s 6d] [Qc]
Mahu2021: bets 60
blefas16: raises 90 to 150
Mahu2021: calls 90
*** SHOW DOWN ***
blefas16: shows [Qd 9s] (two pair, Queens and Nines)
Mahu2021: shows [Ac 9h] (two pair, Aces and Nines)
Mahu2021 collected 480 from pot
*** SUMMARY ***
Total pot 480 | Rake 0 
Board [Ah 9d 7s 6d Qc]
Seat 1: blefas16 (button) (small blind) showed [Qd 9s] and lost with two pair, Queens and Nines
Seat 3: Mahu2021 (big blind) showed [Ac 9h] and won (480) with two pair, Aces and Nines



PokerStars Hand #249368907966: Tournament #3727571405, $1.84+$0.16 USD Hold'em No Limit - Level II (15/30) - 2024/03/11 22:13:53 CET [2024/03/11 17:13:53 ET]
Table '3727571405 1' 3-max Seat #3 is the button
Seat 1: blefas16 (860 in chips) 
Seat 3: Mahu2021 (640 in chips) 
Mahu2021: posts small blind 15
blefas16: posts big blind 30
*** HOLE CARDS ***
Dealt to Mahu2021 [Ac As]
Mahu2021: raises 610 to 640 and is all-in
blefas16: calls 610
*** FLOP *** [Ts Js 4d]
*** TURN *** [Ts Js 4d] [8c]
*** RIVER *** [Ts Js 4d 8c] [3h]
*** SHOW DOWN ***
blefas16: shows [5s 5h] (a pair of Fives)
Mahu2021: shows [Ac As] (a pair of Aces)
Mahu2021 collected 1280 from pot
*** SUMMARY ***
Total pot 1280 | Rake 0 
Board [Ts Js 4d 8c 3h]
Seat 1: blefas16 (big blind) showed [5s 5h] and lost with a pair of Fives
Seat 3: Mahu2021 (button) (small blind) showed [Ac As] and won (1280) with a pair of Aces



PokerStars Hand #249368913225: Tournament #3727571405, $1.84+$0.16 USD Hold'em No Limit - Level II (15/30) - 2024/03/11 22:14:08 CET [2024/03/11 17:14:08 ET]
Table '3727571405 1' 3-max Seat #1 is the button
Seat 1: blefas16 (220 in chips) 
Seat 3: Mahu2021 (1280 in chips) 
blefas16: posts small blind 15
Mahu2021: posts big blind 30
*** HOLE CARDS ***
Dealt to Mahu2021 [6c 7d]
blefas16: raises 190 to 220 and is all-in
Mahu2021: folds 
Uncalled bet (190) returned to blefas16
blefas16 collected 60 from pot
blefas16: doesn't show hand 
*** SUMMARY ***
Total pot 60 | Rake 0 
Seat 1: blefas16 (button) (small blind) collected (60)
Seat 3: Mahu2021 (big blind) folded before Flop



PokerStars Hand #249368915309: Tournament #3727571405, $1.84+$0.16 USD Hold'em No Limit - Level II (15/30) - 2024/03/11 22:14:14 CET [2024/03/11 17:14:14 ET]
Table '3727571405 1' 3-max Seat #3 is the button
Seat 1: blefas16 (250 in chips) 
Seat 3: Mahu2021 (1250 in chips) 
Mahu2021: posts small blind 15
blefas16: posts big blind 30
*** HOLE CARDS ***
Dealt to Mahu2021 [Qh 6h]
Mahu2021: calls 15
blefas16: checks 
*** FLOP *** [Ac Jh 6c]
blefas16: checks 
Mahu2021: bets 30
blefas16: folds 
Uncalled bet (30) returned to Mahu2021
Mahu2021 collected 60 from pot
Mahu2021: doesn't show hand 
*** SUMMARY ***
Total pot 60 | Rake 0 
Board [Ac Jh 6c]
Seat 1: blefas16 (big blind) folded on the Flop
Seat 3: Mahu2021 (button) (small blind) collected (60)



PokerStars Hand #249368920988: Tournament #3727571405, $1.84+$0.16 USD Hold'em No Limit - Level II (15/30) - 2024/03/11 22:14:29 CET [2024/03/11 17:14:29 ET]
Table '3727571405 1' 3-max Seat #1 is the button
Seat 1: blefas16 (220 in chips) 
Seat 3: Mahu2021 (1280 in chips) 
blefas16: posts small blind 15
Mahu2021: posts big blind 30
*** HOLE CARDS ***
Dealt to Mahu2021 [3d 5c]
blefas16: raises 190 to 220 and is all-in
Mahu2021: folds 
Uncalled bet (190) returned to blefas16
blefas16 collected 60 from pot
blefas16: doesn't show hand 
*** SUMMARY ***
Total pot 60 | Rake 0 
Seat 1: blefas16 (button) (small blind) collected (60)
Seat 3: Mahu2021 (big blind) folded before Flop



PokerStars Hand #249368924643: Tournament #3727571405, $1.84+$0.16 USD Hold'em No Limit - Level II (15/30) - 2024/03/11 22:14:39 CET [2024/03/11 17:14:39 ET]
Table '3727571405 1' 3-max Seat #3 is the button
Seat 1: blefas16 (250 in chips) 
Seat 3: Mahu2021 (1250 in chips) 
Mahu2021: posts small blind 15
blefas16: posts big blind 30
*** HOLE CARDS ***
Dealt to Mahu2021 [Qh 3c]
Mahu2021: calls 15
blefas16: checks 
*** FLOP *** [As Kd 5h]
blefas16: checks 
Mahu2021: bets 30
blefas16: calls 30
*** TURN *** [As Kd 5h] [6h]
blefas16: checks 
Mahu2021: bets 60
blefas16: folds 
Uncalled bet (60) returned to Mahu2021
Mahu2021 collected 120 from pot
Mahu2021: doesn't show hand 
*** SUMMARY ***
Total pot 120 | Rake 0 
Board [As Kd 5h 6h]
Seat 1: blefas16 (big blind) folded on the Turn
Seat 3: Mahu2021 (button) (small blind) collected (120)



PokerStars Hand #249368936612: Tournament #3727571405, $1.84+$0.16 USD Hold'em No Limit - Level II (15/30) - 2024/03/11 22:15:13 CET [2024/03/11 17:15:13 ET]
Table '3727571405 1' 3-max Seat #1 is the button
Seat 1: blefas16 (190 in chips) 
Seat 3: Mahu2021 (1310 in chips) 
blefas16: posts small blind 15
Mahu2021: posts big blind 30
*** HOLE CARDS ***
Dealt to Mahu2021 [3c 8s]
blefas16: raises 160 to 190 and is all-in
Mahu2021: folds 
Uncalled bet (160) returned to blefas16
blefas16 collected 60 from pot
blefas16: doesn't show hand 
*** SUMMARY ***
Total pot 60 | Rake 0 
Seat 1: blefas16 (button) (small blind) collected (60)
Seat 3: Mahu2021 (big blind) folded before Flop



PokerStars Hand #249368939859: Tournament #3727571405, $1.84+$0.16 USD Hold'em No Limit - Level III (20/40) - 2024/03/11 22:15:22 CET [2024/03/11 17:15:22 ET]
Table '3727571405 1' 3-max Seat #3 is the button
Seat 1: blefas16 (220 in chips) 
Seat 3: Mahu2021 (1280 in chips) 
Mahu2021: posts small blind 20
blefas16: posts big blind 40
*** HOLE CARDS ***
Dealt to Mahu2021 [8c Kh]
Mahu2021: raises 40 to 80
blefas16: folds 
Uncalled bet (40) returned to Mahu2021
Mahu2021 collected 80 from pot
Mahu2021: doesn't show hand 
*** SUMMARY ***
Total pot 80 | Rake 0 
Seat 1: blefas16 (big blind) folded before Flop
Seat 3: Mahu2021 (button) (small blind) collected (80)



PokerStars Hand #249368942997: Tournament #3727571405, $1.84+$0.16 USD Hold'em No Limit - Level III (20/40) - 2024/03/11 22:15:31 CET [2024/03/11 17:15:31 ET]
Table '3727571405 1' 3-max Seat #1 is the button
Seat 1: blefas16 (180 in chips) 
Seat 3: Mahu2021 (1320 in chips) 
blefas16: posts small blind 20
Mahu2021: posts big blind 40
*** HOLE CARDS ***
Dealt to Mahu2021 [7h Kc]
blefas16: raises 140 to 180 and is all-in
Mahu2021: calls 140
*** FLOP *** [Jh 9h Qc]
*** TURN *** [Jh 9h Qc] [8s]
*** RIVER *** [Jh 9h Qc 8s] [As]
*** SHOW DOWN ***
Mahu2021: shows [7h Kc] (high card Ace)
blefas16: shows [9s Jc] (two pair, Jacks and Nines)
blefas16 collected 360 from pot
*** SUMMARY ***
Total pot 360 | Rake 0 
Board [Jh 9h Qc 8s As]
Seat 1: blefas16 (button) (small blind) showed [9s Jc] and won (360) with two pair, Jacks and Nines
Seat 3: Mahu2021 (big blind) showed [7h Kc] and lost with high card Ace



PokerStars Hand #249368948612: Tournament #3727571405, $1.84+$0.16 USD Hold'em No Limit - Level III (20/40) - 2024/03/11 22:15:46 CET [2024/03/11 17:15:46 ET]
Table '3727571405 1' 3-max Seat #3 is the button
Seat 1: blefas16 (360 in chips) 
Seat 3: Mahu2021 (1140 in chips) 
Mahu2021: posts small blind 20
blefas16: posts big blind 40
*** HOLE CARDS ***
Dealt to Mahu2021 [3d 9c]
Mahu2021: folds 
Uncalled bet (20) returned to blefas16
blefas16 collected 40 from pot
blefas16: doesn't show hand 
*** SUMMARY ***
Total pot 40 | Rake 0 
Seat 1: blefas16 (big blind) collected (40)
Seat 3: Mahu2021 (button) (small blind) folded before Flop



PokerStars Hand #249368950056: Tournament #3727571405, $1.84+$0.16 USD Hold'em No Limit - Level III (20/40) - 2024/03/11 22:15:50 CET [2024/03/11 17:15:50 ET]
Table '3727571405 1' 3-max Seat #1 is the button
Seat 1: blefas16 (380 in chips) 
Seat 3: Mahu2021 (1120 in chips) 
blefas16: posts small blind 20
Mahu2021: posts big blind 40
*** HOLE CARDS ***
Dealt to Mahu2021 [6h 2s]
blefas16: raises 340 to 380 and is all-in
Mahu2021: folds 
Uncalled bet (340) returned to blefas16
blefas16 collected 80 from pot
blefas16: doesn't show hand 
*** SUMMARY ***
Total pot 80 | Rake 0 
Seat 1: blefas16 (button) (small blind) collected (80)
Seat 3: Mahu2021 (big blind) folded before Flop



PokerStars Hand #249368951983: Tournament #3727571405, $1.84+$0.16 USD Hold'em No Limit - Level III (20/40) - 2024/03/11 22:15:56 CET [2024/03/11 17:15:56 ET]
Table '3727571405 1' 3-max Seat #3 is the button
Seat 1: blefas16 (420 in chips) 
Seat 3: Mahu2021 (1080 in chips) 
Mahu2021: posts small blind 20
blefas16: posts big blind 40
*** HOLE CARDS ***
Dealt to Mahu2021 [9s 6c]
Mahu2021: folds 
Uncalled bet (20) returned to blefas16
blefas16 collected 40 from pot
blefas16: doesn't show hand 
*** SUMMARY ***
Total pot 40 | Rake 0 
Seat 1: blefas16 (big blind) collected (40)
Seat 3: Mahu2021 (button) (small blind) folded before Flop



PokerStars Hand #249368953550: Tournament #3727571405, $1.84+$0.16 USD Hold'em No Limit - Level III (20/40) - 2024/03/11 22:16:00 CET [2024/03/11 17:16:00 ET]
Table '3727571405 1' 3-max Seat #1 is the button
Seat 1: blefas16 (440 in chips) 
Seat 3: Mahu2021 (1060 in chips) 
blefas16: posts small blind 20
Mahu2021: posts big blind 40
*** HOLE CARDS ***
Dealt to Mahu2021 [As 5h]
blefas16: folds 
Uncalled bet (20) returned to Mahu2021
Mahu2021 collected 40 from pot
Mahu2021: doesn't show hand 
*** SUMMARY ***
Total pot 40 | Rake 0 
Seat 1: blefas16 (button) (small blind) folded before Flop
Seat 3: Mahu2021 (big blind) collected (40)



PokerStars Hand #249368955128: Tournament #3727571405, $1.84+$0.16 USD Hold'em No Limit - Level III (20/40) - 2024/03/11 22:16:05 CET [2024/03/11 17:16:05 ET]
Table '3727571405 1' 3-max Seat #3 is the button
Seat 1: blefas16 (420 in chips) 
Seat 3: Mahu2021 (1080 in chips) 
Mahu2021: posts small blind 20
blefas16: posts big blind 40
*** HOLE CARDS ***
Dealt to Mahu2021 [Ad 4s]
Mahu2021: raises 40 to 80
blefas16: folds 
Uncalled bet (40) returned to Mahu2021
Mahu2021 collected 80 from pot
Mahu2021: doesn't show hand 
*** SUMMARY ***
Total pot 80 | Rake 0 
Seat 1: blefas16 (big blind) folded before Flop
Seat 3: Mahu2021 (button) (small blind) collected (80)



PokerStars Hand #249368958561: Tournament #3727571405, $1.84+$0.16 USD Hold'em No Limit - Level III (20/40) - 2024/03/11 22:16:14 CET [2024/03/11 17:16:14 ET]
Table '3727571405 1' 3-max Seat #1 is the button
Seat 1: blefas16 (380 in chips) 
Seat 3: Mahu2021 (1120 in chips) 
blefas16: posts small blind 20
Mahu2021: posts big blind 40
*** HOLE CARDS ***
Dealt to Mahu2021 [6d 7h]
blefas16: folds 
Uncalled bet (20) returned to Mahu2021
Mahu2021 collected 40 from pot
Mahu2021: doesn't show hand 
*** SUMMARY ***
Total pot 40 | Rake 0 
Seat 1: blefas16 (button) (small blind) folded before Flop
Seat 3: Mahu2021 (big blind) collected (40)



PokerStars Hand #249368960107: Tournament #3727571405, $1.84+$0.16 USD Hold'em No Limit - Level III (20/40) - 2024/03/11 22:16:18 CET [2024/03/11 17:16:18 ET]
Table '3727571405 1' 3-max Seat #3 is the button
Seat 1: blefas16 (360 in chips) 
Seat 3: Mahu2021 (1140 in chips) 
Mahu2021: posts small blind 20
blefas16: posts big blind 40
*** HOLE CARDS ***
Dealt to Mahu2021 [5s Qh]
Mahu2021: calls 20
blefas16: raises 320 to 360 and is all-in
Mahu2021: folds 
Uncalled bet (320) returned to blefas16
blefas16 collected 80 from pot
blefas16: doesn't show hand 
*** SUMMARY ***
Total pot 80 | Rake 0 
Seat 1: blefas16 (big blind) collected (80)
Seat 3: Mahu2021 (button) (small blind) folded before Flop



PokerStars Hand #249368963088: Tournament #3727571405, $1.84+$0.16 USD Hold'em No Limit - Level III (20/40) - 2024/03/11 22:16:27 CET [2024/03/11 17:16:27 ET]
Table '3727571405 1' 3-max Seat #1 is the button
Seat 1: blefas16 (400 in chips) 
Seat 3: Mahu2021 (1100 in chips) 
blefas16: posts small blind 20
Mahu2021: posts big blind 40
*** HOLE CARDS ***
Dealt to Mahu2021 [Tc Td]
blefas16: folds 
Uncalled bet (20) returned to Mahu2021
Mahu2021 collected 40 from pot
Mahu2021: doesn't show hand 
*** SUMMARY ***
Total pot 40 | Rake 0 
Seat 1: blefas16 (button) (small blind) folded before Flop
Seat 3: Mahu2021 (big blind) collected (40)



PokerStars Hand #249368964828: Tournament #3727571405, $1.84+$0.16 USD Hold'em No Limit - Level III (20/40) - 2024/03/11 22:16:32 CET [2024/03/11 17:16:32 ET]
Table '3727571405 1' 3-max Seat #3 is the button
Seat 1: blefas16 (380 in chips) 
Seat 3: Mahu2021 (1120 in chips) 
Mahu2021: posts small blind 20
blefas16: posts big blind 40
*** HOLE CARDS ***
Dealt to Mahu2021 [Jc Qs]
Mahu2021: raises 40 to 80
blefas16: calls 40
*** FLOP *** [5c 4s 6s]
blefas16: checks 
Mahu2021: checks 
*** TURN *** [5c 4s 6s] [Qc]
blefas16: checks 
Mahu2021: bets 80
blefas16: folds 
Uncalled bet (80) returned to Mahu2021
Mahu2021 collected 160 from pot
Mahu2021: doesn't show hand 
*** SUMMARY ***
Total pot 160 | Rake 0 
Board [5c 4s 6s Qc]
Seat 1: blefas16 (big blind) folded on the Turn
Seat 3: Mahu2021 (button) (small blind) collected (160)



PokerStars Hand #249368972193: Tournament #3727571405, $1.84+$0.16 USD Hold'em No Limit - Level III (20/40) - 2024/03/11 22:16:52 CET [2024/03/11 17:16:52 ET]
Table '3727571405 1' 3-max Seat #1 is the button
Seat 1: blefas16 (300 in chips) 
Seat 3: Mahu2021 (1200 in chips) 
blefas16: posts small blind 20
Mahu2021: posts big blind 40
*** HOLE CARDS ***
Dealt to Mahu2021 [3d Ts]
blefas16: calls 20
Mahu2021: checks 
*** FLOP *** [2h 3h Ah]
Mahu2021: checks 
blefas16: checks 
*** TURN *** [2h 3h Ah] [5d]
Mahu2021: checks 
blefas16: bets 40
Mahu2021: calls 40
*** RIVER *** [2h 3h Ah 5d] [3s]
Mahu2021: checks 
blefas16: bets 120
Mahu2021: calls 120
*** SHOW DOWN ***
blefas16: shows [8d 7d] (a pair of Threes)
Mahu2021: shows [3d Ts] (three of a kind, Threes)
Mahu2021 collected 400 from pot
*** SUMMARY ***
Total pot 400 | Rake 0 
Board [2h 3h Ah 5d 3s]
Seat 1: blefas16 (button) (small blind) showed [8d 7d] and lost with a pair of Threes
Seat 3: Mahu2021 (big blind) showed [3d Ts] and won (400) with three of a kind, Threes



PokerStars Hand #249368979929: Tournament #3727571405, $1.84+$0.16 USD Hold'em No Limit - Level III (20/40) - 2024/03/11 22:17:14 CET [2024/03/11 17:17:14 ET]
Table '3727571405 1' 3-max Seat #3 is the button
Seat 1: blefas16 (100 in chips) 
Seat 3: Mahu2021 (1400 in chips) 
Mahu2021: posts small blind 20
blefas16: posts big blind 40
*** HOLE CARDS ***
Dealt to Mahu2021 [3d 5c]
Mahu2021: folds 
Uncalled bet (20) returned to blefas16
blefas16 collected 40 from pot
blefas16: doesn't show hand 
*** SUMMARY ***
Total pot 40 | Rake 0 
Seat 1: blefas16 (big blind) collected (40)
Seat 3: Mahu2021 (button) (small blind) folded before Flop



PokerStars Hand #249368981587: Tournament #3727571405, $1.84+$0.16 USD Hold'em No Limit - Level III (20/40) - 2024/03/11 22:17:19 CET [2024/03/11 17:17:19 ET]
Table '3727571405 1' 3-max Seat #1 is the button
Seat 1: blefas16 (120 in chips) 
Seat 3: Mahu2021 (1380 in chips) 
blefas16: posts small blind 20
Mahu2021: posts big blind 40
*** HOLE CARDS ***
Dealt to Mahu2021 [2s 9s]
blefas16: raises 80 to 120 and is all-in
Mahu2021: folds 
Uncalled bet (80) returned to blefas16
blefas16 collected 80 from pot
blefas16: doesn't show hand 
*** SUMMARY ***
Total pot 80 | Rake 0 
Seat 1: blefas16 (button) (small blind) collected (80)
Seat 3: Mahu2021 (big blind) folded before Flop



PokerStars Hand #249368983611: Tournament #3727571405, $1.84+$0.16 USD Hold'em No Limit - Level III (20/40) - 2024/03/11 22:17:24 CET [2024/03/11 17:17:24 ET]
Table '3727571405 1' 3-max Seat #3 is the button
Seat 1: blefas16 (160 in chips) 
Seat 3: Mahu2021 (1340 in chips) 
Mahu2021: posts small blind 20
blefas16: posts big blind 40
*** HOLE CARDS ***
Dealt to Mahu2021 [9s 6h]
Mahu2021: folds 
Uncalled bet (20) returned to blefas16
blefas16 collected 40 from pot
blefas16: doesn't show hand 
*** SUMMARY ***
Total pot 40 | Rake 0 
Seat 1: blefas16 (big blind) collected (40)
Seat 3: Mahu2021 (button) (small blind) folded before Flop



PokerStars Hand #249368985358: Tournament #3727571405, $1.84+$0.16 USD Hold'em No Limit - Level III (20/40) - 2024/03/11 22:17:29 CET [2024/03/11 17:17:29 ET]
Table '3727571405 1' 3-max Seat #1 is the button
Seat 1: blefas16 (180 in chips) 
Seat 3: Mahu2021 (1320 in chips) 
blefas16: posts small blind 20
Mahu2021: posts big blind 40
*** HOLE CARDS ***
Dealt to Mahu2021 [Ks 7c]
blefas16: raises 140 to 180 and is all-in
Mahu2021: calls 140
*** FLOP *** [Js 9h 4c]
*** TURN *** [Js 9h 4c] [Kd]
*** RIVER *** [Js 9h 4c Kd] [Jc]
*** SHOW DOWN ***
Mahu2021: shows [Ks 7c] (two pair, Kings and Jacks)
blefas16: shows [Ac 2s] (a pair of Jacks)
Mahu2021 collected 360 from pot
blefas16 finished the tournament in 2nd place
Mahu2021 wins the tournament and receives $8.00 - congratulations!
*** SUMMARY ***
Total pot 360 | Rake 0 
Board [Js 9h 4c Kd Jc]
Seat 1: blefas16 (button) (small blind) showed [Ac 2s] and lost with a pair of Jacks
Seat 3: Mahu2021 (big blind) showed [Ks 7c] and won (360) with two pair, Kings and Jacks



