PokerStars Hand #248542481957: Tournament #3707900200, $1.84+$0.16 USD Hold'em No Limit - Level I (10/20) - 2024/01/28 13:05:24 CET [2024/01/28 7:05:24 ET]
Table '3707900200 1' 3-max Seat #1 is the button
Seat 1: ManPower47 (500 in chips) 
Seat 2: Mahu2021 (500 in chips) 
Seat 3: Thudaron (500 in chips) 
Mahu2021: posts small blind 10
Thudaron: posts big blind 20
*** HOLE CARDS ***
Dealt to Mahu2021 [Jc Qc]
ManPower47: folds 
Mahu2021: raises 40 to 60
Thudaron: folds 
Uncalled bet (40) returned to Mahu2021
Mahu2021 collected 40 from pot
Mahu2021: doesn't show hand 
*** SUMMARY ***
Total pot 40 | Rake 0 
Seat 1: ManPower47 (button) folded before Flop (didn't bet)
Seat 2: Mahu2021 (small blind) collected (40)
Seat 3: Thudaron (big blind) folded before Flop



PokerStars Hand #248542485281: Tournament #3707900200, $1.84+$0.16 USD Hold'em No Limit - Level I (10/20) - 2024/01/28 13:05:43 CET [2024/01/28 7:05:43 ET]
Table '3707900200 1' 3-max Seat #2 is the button
Seat 1: ManPower47 (500 in chips) 
Seat 2: Mahu2021 (520 in chips) 
Seat 3: Thudaron (480 in chips) 
Thudaron: posts small blind 10
ManPower47: posts big blind 20
*** HOLE CARDS ***
Dealt to Mahu2021 [Jc 9h]
Mahu2021: folds 
Thudaron: calls 10
ManPower47: raises 480 to 500 and is all-in
Thudaron: folds 
Uncalled bet (480) returned to ManPower47
ManPower47 collected 40 from pot
*** SUMMARY ***
Total pot 40 | Rake 0 
Seat 1: ManPower47 (big blind) collected (40)
Seat 2: Mahu2021 (button) folded before Flop (didn't bet)
Seat 3: Thudaron (small blind) folded before Flop



PokerStars Hand #248542489348: Tournament #3707900200, $1.84+$0.16 USD Hold'em No Limit - Level I (10/20) - 2024/01/28 13:06:06 CET [2024/01/28 7:06:06 ET]
Table '3707900200 1' 3-max Seat #3 is the button
Seat 1: ManPower47 (520 in chips) 
Seat 2: Mahu2021 (520 in chips) 
Seat 3: Thudaron (460 in chips) 
ManPower47: posts small blind 10
Mahu2021: posts big blind 20
*** HOLE CARDS ***
Dealt to Mahu2021 [2d Kd]
Thudaron: raises 20 to 40
ManPower47: folds 
Mahu2021: calls 20
*** FLOP *** [7d Kh 4h]
Mahu2021: checks 
Thudaron: bets 23
Mahu2021: calls 23
*** TURN *** [7d Kh 4h] [6s]
Mahu2021: checks 
Thudaron: checks 
*** RIVER *** [7d Kh 4h 6s] [7s]
Mahu2021: checks 
Thudaron: checks 
*** SHOW DOWN ***
Mahu2021: shows [2d Kd] (two pair, Kings and Sevens)
Thudaron: mucks hand 
Mahu2021 collected 136 from pot
*** SUMMARY ***
Total pot 136 | Rake 0 
Board [7d Kh 4h 6s 7s]
Seat 1: ManPower47 (small blind) folded before Flop
Seat 2: Mahu2021 (big blind) showed [2d Kd] and won (136) with two pair, Kings and Sevens
Seat 3: Thudaron (button) mucked [9d Tc]



PokerStars Hand #248542496586: Tournament #3707900200, $1.84+$0.16 USD Hold'em No Limit - Level I (10/20) - 2024/01/28 13:06:46 CET [2024/01/28 7:06:46 ET]
Table '3707900200 1' 3-max Seat #1 is the button
Seat 1: ManPower47 (510 in chips) 
Seat 2: Mahu2021 (593 in chips) 
Seat 3: Thudaron (397 in chips) 
Mahu2021: posts small blind 10
Thudaron: posts big blind 20
*** HOLE CARDS ***
Dealt to Mahu2021 [Ad 6h]
ManPower47: folds 
Mahu2021: raises 20 to 40
Thudaron: calls 20
*** FLOP *** [Jc 8d 7c]
Mahu2021: checks 
Thudaron: checks 
*** TURN *** [Jc 8d 7c] [3s]
Mahu2021: checks 
Thudaron: bets 30
Mahu2021: folds 
Uncalled bet (30) returned to Thudaron
Thudaron collected 80 from pot
Thudaron: doesn't show hand 
*** SUMMARY ***
Total pot 80 | Rake 0 
Board [Jc 8d 7c 3s]
Seat 1: ManPower47 (button) folded before Flop (didn't bet)
Seat 2: Mahu2021 (small blind) folded on the Turn
Seat 3: Thudaron (big blind) collected (80)



PokerStars Hand #248542500886: Tournament #3707900200, $1.84+$0.16 USD Hold'em No Limit - Level I (10/20) - 2024/01/28 13:07:10 CET [2024/01/28 7:07:10 ET]
Table '3707900200 1' 3-max Seat #2 is the button
Seat 1: ManPower47 (510 in chips) 
Seat 2: Mahu2021 (553 in chips) 
Seat 3: Thudaron (437 in chips) 
Thudaron: posts small blind 10
ManPower47: posts big blind 20
*** HOLE CARDS ***
Dealt to Mahu2021 [9h Ad]
Mahu2021: calls 20
Thudaron: folds 
ManPower47: raises 490 to 510 and is all-in
Mahu2021: folds 
Uncalled bet (490) returned to ManPower47
ManPower47 collected 50 from pot
*** SUMMARY ***
Total pot 50 | Rake 0 
Seat 1: ManPower47 (big blind) collected (50)
Seat 2: Mahu2021 (button) folded before Flop
Seat 3: Thudaron (small blind) folded before Flop



PokerStars Hand #248542503143: Tournament #3707900200, $1.84+$0.16 USD Hold'em No Limit - Level I (10/20) - 2024/01/28 13:07:23 CET [2024/01/28 7:07:23 ET]
Table '3707900200 1' 3-max Seat #3 is the button
Seat 1: ManPower47 (540 in chips) 
Seat 2: Mahu2021 (533 in chips) 
Seat 3: Thudaron (427 in chips) 
ManPower47: posts small blind 10
Mahu2021: posts big blind 20
*** HOLE CARDS ***
Dealt to Mahu2021 [Ah 6s]
Thudaron: folds 
ManPower47: folds 
Uncalled bet (10) returned to Mahu2021
Mahu2021 collected 20 from pot
Mahu2021: doesn't show hand 
*** SUMMARY ***
Total pot 20 | Rake 0 
Seat 1: ManPower47 (small blind) folded before Flop
Seat 2: Mahu2021 (big blind) collected (20)
Seat 3: Thudaron (button) folded before Flop (didn't bet)



PokerStars Hand #248542504582: Tournament #3707900200, $1.84+$0.16 USD Hold'em No Limit - Level II (15/30) - 2024/01/28 13:07:31 CET [2024/01/28 7:07:31 ET]
Table '3707900200 1' 3-max Seat #1 is the button
Seat 1: ManPower47 (530 in chips) 
Seat 2: Mahu2021 (543 in chips) 
Seat 3: Thudaron (427 in chips) 
Mahu2021: posts small blind 15
Thudaron: posts big blind 30
*** HOLE CARDS ***
Dealt to Mahu2021 [7d 8h]
ManPower47: folds 
Mahu2021: calls 15
Thudaron: checks 
*** FLOP *** [8c 5s Qd]
Mahu2021: bets 30
Thudaron: calls 30
*** TURN *** [8c 5s Qd] [6h]
Mahu2021: checks 
Thudaron: bets 60
Mahu2021: calls 60
*** RIVER *** [8c 5s Qd 6h] [4h]
Mahu2021: bets 240
Thudaron: folds 
Uncalled bet (240) returned to Mahu2021
Mahu2021 collected 240 from pot
Mahu2021: doesn't show hand 
*** SUMMARY ***
Total pot 240 | Rake 0 
Board [8c 5s Qd 6h 4h]
Seat 1: ManPower47 (button) folded before Flop (didn't bet)
Seat 2: Mahu2021 (small blind) collected (240)
Seat 3: Thudaron (big blind) folded on the River



PokerStars Hand #248542509311: Tournament #3707900200, $1.84+$0.16 USD Hold'em No Limit - Level II (15/30) - 2024/01/28 13:07:57 CET [2024/01/28 7:07:57 ET]
Table '3707900200 1' 3-max Seat #2 is the button
Seat 1: ManPower47 (530 in chips) 
Seat 2: Mahu2021 (663 in chips) 
Seat 3: Thudaron (307 in chips) 
Thudaron: posts small blind 15
ManPower47: posts big blind 30
*** HOLE CARDS ***
Dealt to Mahu2021 [4h 8h]
Mahu2021: folds 
Thudaron: folds 
Uncalled bet (15) returned to ManPower47
ManPower47 collected 30 from pot
*** SUMMARY ***
Total pot 30 | Rake 0 
Seat 1: ManPower47 (big blind) collected (30)
Seat 2: Mahu2021 (button) folded before Flop (didn't bet)
Seat 3: Thudaron (small blind) folded before Flop



PokerStars Hand #248542510978: Tournament #3707900200, $1.84+$0.16 USD Hold'em No Limit - Level II (15/30) - 2024/01/28 13:08:07 CET [2024/01/28 7:08:07 ET]
Table '3707900200 1' 3-max Seat #3 is the button
Seat 1: ManPower47 (545 in chips) 
Seat 2: Mahu2021 (663 in chips) 
Seat 3: Thudaron (292 in chips) 
ManPower47: posts small blind 15
Mahu2021: posts big blind 30
*** HOLE CARDS ***
Dealt to Mahu2021 [Td Th]
Thudaron: folds 
ManPower47: folds 
Uncalled bet (15) returned to Mahu2021
Mahu2021 collected 30 from pot
Mahu2021: doesn't show hand 
*** SUMMARY ***
Total pot 30 | Rake 0 
Seat 1: ManPower47 (small blind) folded before Flop
Seat 2: Mahu2021 (big blind) collected (30)
Seat 3: Thudaron (button) folded before Flop (didn't bet)



PokerStars Hand #248542511932: Tournament #3707900200, $1.84+$0.16 USD Hold'em No Limit - Level II (15/30) - 2024/01/28 13:08:12 CET [2024/01/28 7:08:12 ET]
Table '3707900200 1' 3-max Seat #1 is the button
Seat 1: ManPower47 (530 in chips) 
Seat 2: Mahu2021 (678 in chips) 
Seat 3: Thudaron (292 in chips) 
Mahu2021: posts small blind 15
Thudaron: posts big blind 30
*** HOLE CARDS ***
Dealt to Mahu2021 [6c Jd]
ManPower47: folds 
Mahu2021: calls 15
Thudaron: raises 262 to 292 and is all-in
Mahu2021: folds 
Uncalled bet (262) returned to Thudaron
Thudaron collected 60 from pot
Thudaron: doesn't show hand 
*** SUMMARY ***
Total pot 60 | Rake 0 
Seat 1: ManPower47 (button) folded before Flop (didn't bet)
Seat 2: Mahu2021 (small blind) folded before Flop
Seat 3: Thudaron (big blind) collected (60)



PokerStars Hand #248542513683: Tournament #3707900200, $1.84+$0.16 USD Hold'em No Limit - Level II (15/30) - 2024/01/28 13:08:22 CET [2024/01/28 7:08:22 ET]
Table '3707900200 1' 3-max Seat #2 is the button
Seat 1: ManPower47 (530 in chips) 
Seat 2: Mahu2021 (648 in chips) 
Seat 3: Thudaron (322 in chips) 
Thudaron: posts small blind 15
ManPower47: posts big blind 30
*** HOLE CARDS ***
Dealt to Mahu2021 [Ts 2c]
Mahu2021: folds 
Thudaron: folds 
Uncalled bet (15) returned to ManPower47
ManPower47 collected 30 from pot
*** SUMMARY ***
Total pot 30 | Rake 0 
Seat 1: ManPower47 (big blind) collected (30)
Seat 2: Mahu2021 (button) folded before Flop (didn't bet)
Seat 3: Thudaron (small blind) folded before Flop



PokerStars Hand #248542514936: Tournament #3707900200, $1.84+$0.16 USD Hold'em No Limit - Level II (15/30) - 2024/01/28 13:08:29 CET [2024/01/28 7:08:29 ET]
Table '3707900200 1' 3-max Seat #3 is the button
Seat 1: ManPower47 (545 in chips) 
Seat 2: Mahu2021 (648 in chips) 
Seat 3: Thudaron (307 in chips) 
ManPower47: posts small blind 15
Mahu2021: posts big blind 30
*** HOLE CARDS ***
Dealt to Mahu2021 [Th 7d]
Thudaron: folds 
ManPower47: folds 
Uncalled bet (15) returned to Mahu2021
Mahu2021 collected 30 from pot
Mahu2021: doesn't show hand 
*** SUMMARY ***
Total pot 30 | Rake 0 
Seat 1: ManPower47 (small blind) folded before Flop
Seat 2: Mahu2021 (big blind) collected (30)
Seat 3: Thudaron (button) folded before Flop (didn't bet)



PokerStars Hand #248542515977: Tournament #3707900200, $1.84+$0.16 USD Hold'em No Limit - Level II (15/30) - 2024/01/28 13:08:35 CET [2024/01/28 7:08:35 ET]
Table '3707900200 1' 3-max Seat #1 is the button
Seat 1: ManPower47 (530 in chips) 
Seat 2: Mahu2021 (663 in chips) 
Seat 3: Thudaron (307 in chips) 
Mahu2021: posts small blind 15
Thudaron: posts big blind 30
*** HOLE CARDS ***
Dealt to Mahu2021 [Ah 7s]
ManPower47: folds 
Mahu2021: calls 15
Thudaron: raises 277 to 307 and is all-in
Mahu2021: folds 
Uncalled bet (277) returned to Thudaron
Thudaron collected 60 from pot
Thudaron: doesn't show hand 
*** SUMMARY ***
Total pot 60 | Rake 0 
Seat 1: ManPower47 (button) folded before Flop (didn't bet)
Seat 2: Mahu2021 (small blind) folded before Flop
Seat 3: Thudaron (big blind) collected (60)



PokerStars Hand #248542518514: Tournament #3707900200, $1.84+$0.16 USD Hold'em No Limit - Level II (15/30) - 2024/01/28 13:08:50 CET [2024/01/28 7:08:50 ET]
Table '3707900200 1' 3-max Seat #2 is the button
Seat 1: ManPower47 (530 in chips) 
Seat 2: Mahu2021 (633 in chips) 
Seat 3: Thudaron (337 in chips) 
Thudaron: posts small blind 15
ManPower47: posts big blind 30
*** HOLE CARDS ***
Dealt to Mahu2021 [Td 5s]
Mahu2021: folds 
Thudaron: calls 15
ManPower47: checks 
*** FLOP *** [8d Qs 4h]
Thudaron: bets 30
ManPower47: folds 
Uncalled bet (30) returned to Thudaron
Thudaron collected 60 from pot
Thudaron: doesn't show hand 
*** SUMMARY ***
Total pot 60 | Rake 0 
Board [8d Qs 4h]
Seat 1: ManPower47 (big blind) folded on the Flop
Seat 2: Mahu2021 (button) folded before Flop (didn't bet)
Seat 3: Thudaron (small blind) collected (60)



PokerStars Hand #248542522515: Tournament #3707900200, $1.84+$0.16 USD Hold'em No Limit - Level II (15/30) - 2024/01/28 13:09:12 CET [2024/01/28 7:09:12 ET]
Table '3707900200 1' 3-max Seat #3 is the button
Seat 1: ManPower47 (500 in chips) 
Seat 2: Mahu2021 (633 in chips) 
Seat 3: Thudaron (367 in chips) 
ManPower47: posts small blind 15
Mahu2021: posts big blind 30
*** HOLE CARDS ***
Dealt to Mahu2021 [Ad 9c]
Thudaron: folds 
ManPower47: raises 470 to 500 and is all-in
Mahu2021: folds 
Uncalled bet (470) returned to ManPower47
ManPower47 collected 60 from pot
*** SUMMARY ***
Total pot 60 | Rake 0 
Seat 1: ManPower47 (small blind) collected (60)
Seat 2: Mahu2021 (big blind) folded before Flop
Seat 3: Thudaron (button) folded before Flop (didn't bet)



PokerStars Hand #248542525556: Tournament #3707900200, $1.84+$0.16 USD Hold'em No Limit - Level III (20/40) - 2024/01/28 13:09:29 CET [2024/01/28 7:09:29 ET]
Table '3707900200 1' 3-max Seat #1 is the button
Seat 1: ManPower47 (530 in chips) 
Seat 2: Mahu2021 (603 in chips) 
Seat 3: Thudaron (367 in chips) 
Mahu2021: posts small blind 20
Thudaron: posts big blind 40
*** HOLE CARDS ***
Dealt to Mahu2021 [4d 7s]
ManPower47: folds 
Mahu2021: folds 
Uncalled bet (20) returned to Thudaron
Thudaron collected 40 from pot
Thudaron: doesn't show hand 
*** SUMMARY ***
Total pot 40 | Rake 0 
Seat 1: ManPower47 (button) folded before Flop (didn't bet)
Seat 2: Mahu2021 (small blind) folded before Flop
Seat 3: Thudaron (big blind) collected (40)



PokerStars Hand #248542526713: Tournament #3707900200, $1.84+$0.16 USD Hold'em No Limit - Level III (20/40) - 2024/01/28 13:09:36 CET [2024/01/28 7:09:36 ET]
Table '3707900200 1' 3-max Seat #2 is the button
Seat 1: ManPower47 (530 in chips) 
Seat 2: Mahu2021 (583 in chips) 
Seat 3: Thudaron (387 in chips) 
Thudaron: posts small blind 20
ManPower47: posts big blind 40
*** HOLE CARDS ***
Dealt to Mahu2021 [7d 8h]
Mahu2021: folds 
Thudaron: raises 347 to 387 and is all-in
ManPower47: folds 
Uncalled bet (347) returned to Thudaron
Thudaron collected 80 from pot
Thudaron: doesn't show hand 
*** SUMMARY ***
Total pot 80 | Rake 0 
Seat 1: ManPower47 (big blind) folded before Flop
Seat 2: Mahu2021 (button) folded before Flop (didn't bet)
Seat 3: Thudaron (small blind) collected (80)



PokerStars Hand #248542530446: Tournament #3707900200, $1.84+$0.16 USD Hold'em No Limit - Level III (20/40) - 2024/01/28 13:09:56 CET [2024/01/28 7:09:56 ET]
Table '3707900200 1' 3-max Seat #3 is the button
Seat 1: ManPower47 (490 in chips) 
Seat 2: Mahu2021 (583 in chips) 
Seat 3: Thudaron (427 in chips) 
ManPower47: posts small blind 20
Mahu2021: posts big blind 40
*** HOLE CARDS ***
Dealt to Mahu2021 [As Jc]
Thudaron: folds 
ManPower47: folds 
Uncalled bet (20) returned to Mahu2021
Mahu2021 collected 40 from pot
Mahu2021: doesn't show hand 
*** SUMMARY ***
Total pot 40 | Rake 0 
Seat 1: ManPower47 (small blind) folded before Flop
Seat 2: Mahu2021 (big blind) collected (40)
Seat 3: Thudaron (button) folded before Flop (didn't bet)



PokerStars Hand #248542531432: Tournament #3707900200, $1.84+$0.16 USD Hold'em No Limit - Level III (20/40) - 2024/01/28 13:10:02 CET [2024/01/28 7:10:02 ET]
Table '3707900200 1' 3-max Seat #1 is the button
Seat 1: ManPower47 (470 in chips) 
Seat 2: Mahu2021 (603 in chips) 
Seat 3: Thudaron (427 in chips) 
Mahu2021: posts small blind 20
Thudaron: posts big blind 40
*** HOLE CARDS ***
Dealt to Mahu2021 [Kc Js]
ManPower47: folds 
Mahu2021: raises 80 to 120
Thudaron: folds 
Uncalled bet (80) returned to Mahu2021
Mahu2021 collected 80 from pot
Mahu2021: doesn't show hand 
*** SUMMARY ***
Total pot 80 | Rake 0 
Seat 1: ManPower47 (button) folded before Flop (didn't bet)
Seat 2: Mahu2021 (small blind) collected (80)
Seat 3: Thudaron (big blind) folded before Flop



PokerStars Hand #248542533217: Tournament #3707900200, $1.84+$0.16 USD Hold'em No Limit - Level III (20/40) - 2024/01/28 13:10:12 CET [2024/01/28 7:10:12 ET]
Table '3707900200 1' 3-max Seat #2 is the button
Seat 1: ManPower47 (470 in chips) 
Seat 2: Mahu2021 (643 in chips) 
Seat 3: Thudaron (387 in chips) 
Thudaron: posts small blind 20
ManPower47: posts big blind 40
*** HOLE CARDS ***
Dealt to Mahu2021 [5h As]
Mahu2021: calls 40
Thudaron: folds 
ManPower47: checks 
*** FLOP *** [Kc Qs 4d]
ManPower47: checks 
Mahu2021: bets 40
ManPower47: folds 
Uncalled bet (40) returned to Mahu2021
Mahu2021 collected 100 from pot
Mahu2021: doesn't show hand 
*** SUMMARY ***
Total pot 100 | Rake 0 
Board [Kc Qs 4d]
Seat 1: ManPower47 (big blind) folded on the Flop
Seat 2: Mahu2021 (button) collected (100)
Seat 3: Thudaron (small blind) folded before Flop



PokerStars Hand #248542537320: Tournament #3707900200, $1.84+$0.16 USD Hold'em No Limit - Level III (20/40) - 2024/01/28 13:10:35 CET [2024/01/28 7:10:35 ET]
Table '3707900200 1' 3-max Seat #3 is the button
Seat 1: ManPower47 (430 in chips) 
Seat 2: Mahu2021 (703 in chips) 
Seat 3: Thudaron (367 in chips) 
ManPower47: posts small blind 20
Mahu2021: posts big blind 40
*** HOLE CARDS ***
Dealt to Mahu2021 [5h Qh]
Thudaron: raises 327 to 367 and is all-in
ManPower47: folds 
Mahu2021: folds 
Uncalled bet (327) returned to Thudaron
Thudaron collected 100 from pot
Thudaron: doesn't show hand 
*** SUMMARY ***
Total pot 100 | Rake 0 
Seat 1: ManPower47 (small blind) folded before Flop
Seat 2: Mahu2021 (big blind) folded before Flop
Seat 3: Thudaron (button) collected (100)



PokerStars Hand #248542538712: Tournament #3707900200, $1.84+$0.16 USD Hold'em No Limit - Level III (20/40) - 2024/01/28 13:10:43 CET [2024/01/28 7:10:43 ET]
Table '3707900200 1' 3-max Seat #1 is the button
Seat 1: ManPower47 (410 in chips) 
Seat 2: Mahu2021 (663 in chips) 
Seat 3: Thudaron (427 in chips) 
Mahu2021: posts small blind 20
Thudaron: posts big blind 40
*** HOLE CARDS ***
Dealt to Mahu2021 [2h 5d]
ManPower47: folds 
Mahu2021: folds 
Uncalled bet (20) returned to Thudaron
Thudaron collected 40 from pot
Thudaron: doesn't show hand 
*** SUMMARY ***
Total pot 40 | Rake 0 
Seat 1: ManPower47 (button) folded before Flop (didn't bet)
Seat 2: Mahu2021 (small blind) folded before Flop
Seat 3: Thudaron (big blind) collected (40)



PokerStars Hand #248542540615: Tournament #3707900200, $1.84+$0.16 USD Hold'em No Limit - Level III (20/40) - 2024/01/28 13:10:53 CET [2024/01/28 7:10:53 ET]
Table '3707900200 1' 3-max Seat #2 is the button
Seat 1: ManPower47 (410 in chips) 
Seat 2: Mahu2021 (643 in chips) 
Seat 3: Thudaron (447 in chips) 
Thudaron: posts small blind 20
ManPower47: posts big blind 40
*** HOLE CARDS ***
Dealt to Mahu2021 [2d Js]
Mahu2021: folds 
Thudaron: folds 
Uncalled bet (20) returned to ManPower47
ManPower47 collected 40 from pot
*** SUMMARY ***
Total pot 40 | Rake 0 
Seat 1: ManPower47 (big blind) collected (40)
Seat 2: Mahu2021 (button) folded before Flop (didn't bet)
Seat 3: Thudaron (small blind) folded before Flop



PokerStars Hand #248542542248: Tournament #3707900200, $1.84+$0.16 USD Hold'em No Limit - Level III (20/40) - 2024/01/28 13:11:03 CET [2024/01/28 7:11:03 ET]
Table '3707900200 1' 3-max Seat #3 is the button
Seat 1: ManPower47 (430 in chips) 
Seat 2: Mahu2021 (643 in chips) 
Seat 3: Thudaron (427 in chips) 
ManPower47: posts small blind 20
Mahu2021: posts big blind 40
*** HOLE CARDS ***
Dealt to Mahu2021 [9c 8s]
Thudaron: raises 387 to 427 and is all-in
ManPower47: folds 
Mahu2021: folds 
Uncalled bet (387) returned to Thudaron
Thudaron collected 100 from pot
Thudaron: doesn't show hand 
*** SUMMARY ***
Total pot 100 | Rake 0 
Seat 1: ManPower47 (small blind) folded before Flop
Seat 2: Mahu2021 (big blind) folded before Flop
Seat 3: Thudaron (button) collected (100)



PokerStars Hand #248542543903: Tournament #3707900200, $1.84+$0.16 USD Hold'em No Limit - Level III (20/40) - 2024/01/28 13:11:12 CET [2024/01/28 7:11:12 ET]
Table '3707900200 1' 3-max Seat #1 is the button
Seat 1: ManPower47 (410 in chips) 
Seat 2: Mahu2021 (603 in chips) 
Seat 3: Thudaron (487 in chips) 
Mahu2021: posts small blind 20
Thudaron: posts big blind 40
*** HOLE CARDS ***
Dealt to Mahu2021 [Ks Js]
ManPower47 has timed out
ManPower47: folds 
ManPower47 is sitting out
ManPower47 has returned
Mahu2021: raises 80 to 120
Thudaron: folds 
Uncalled bet (80) returned to Mahu2021
Mahu2021 collected 80 from pot
Mahu2021: doesn't show hand 
*** SUMMARY ***
Total pot 80 | Rake 0 
Seat 1: ManPower47 (button) folded before Flop (didn't bet)
Seat 2: Mahu2021 (small blind) collected (80)
Seat 3: Thudaron (big blind) folded before Flop



PokerStars Hand #248542548357: Tournament #3707900200, $1.84+$0.16 USD Hold'em No Limit - Level IV (30/60) - 2024/01/28 13:11:37 CET [2024/01/28 7:11:37 ET]
Table '3707900200 1' 3-max Seat #2 is the button
Seat 1: ManPower47 (410 in chips) 
Seat 2: Mahu2021 (643 in chips) 
Seat 3: Thudaron (447 in chips) 
Thudaron: posts small blind 30
ManPower47: posts big blind 60
*** HOLE CARDS ***
Dealt to Mahu2021 [Ts 7h]
Mahu2021: folds 
Thudaron: folds 
Uncalled bet (30) returned to ManPower47
ManPower47 collected 60 from pot
*** SUMMARY ***
Total pot 60 | Rake 0 
Seat 1: ManPower47 (big blind) collected (60)
Seat 2: Mahu2021 (button) folded before Flop (didn't bet)
Seat 3: Thudaron (small blind) folded before Flop



PokerStars Hand #248542549668: Tournament #3707900200, $1.84+$0.16 USD Hold'em No Limit - Level IV (30/60) - 2024/01/28 13:11:45 CET [2024/01/28 7:11:45 ET]
Table '3707900200 1' 3-max Seat #3 is the button
Seat 1: ManPower47 (440 in chips) 
Seat 2: Mahu2021 (643 in chips) 
Seat 3: Thudaron (417 in chips) 
ManPower47: posts small blind 30
Mahu2021: posts big blind 60
*** HOLE CARDS ***
Dealt to Mahu2021 [4h 9d]
Thudaron: folds 
ManPower47: folds 
Uncalled bet (30) returned to Mahu2021
Mahu2021 collected 60 from pot
Mahu2021: doesn't show hand 
*** SUMMARY ***
Total pot 60 | Rake 0 
Seat 1: ManPower47 (small blind) folded before Flop
Seat 2: Mahu2021 (big blind) collected (60)
Seat 3: Thudaron (button) folded before Flop (didn't bet)



PokerStars Hand #248542552037: Tournament #3707900200, $1.84+$0.16 USD Hold'em No Limit - Level IV (30/60) - 2024/01/28 13:11:58 CET [2024/01/28 7:11:58 ET]
Table '3707900200 1' 3-max Seat #1 is the button
Seat 1: ManPower47 (410 in chips) 
Seat 2: Mahu2021 (673 in chips) 
Seat 3: Thudaron (417 in chips) 
Mahu2021: posts small blind 30
Thudaron: posts big blind 60
*** HOLE CARDS ***
Dealt to Mahu2021 [Tc 7d]
ManPower47: folds 
Mahu2021: folds 
Uncalled bet (30) returned to Thudaron
Thudaron collected 60 from pot
Thudaron: doesn't show hand 
*** SUMMARY ***
Total pot 60 | Rake 0 
Seat 1: ManPower47 (button) folded before Flop (didn't bet)
Seat 2: Mahu2021 (small blind) folded before Flop
Seat 3: Thudaron (big blind) collected (60)



PokerStars Hand #248542554680: Tournament #3707900200, $1.84+$0.16 USD Hold'em No Limit - Level IV (30/60) - 2024/01/28 13:12:13 CET [2024/01/28 7:12:13 ET]
Table '3707900200 1' 3-max Seat #2 is the button
Seat 1: ManPower47 (410 in chips) 
Seat 2: Mahu2021 (643 in chips) 
Seat 3: Thudaron (447 in chips) 
Thudaron: posts small blind 30
ManPower47: posts big blind 60
*** HOLE CARDS ***
Dealt to Mahu2021 [Ts Ah]
Mahu2021: raises 120 to 180
Thudaron: folds 
ManPower47: folds 
Uncalled bet (120) returned to Mahu2021
Mahu2021 collected 150 from pot
Mahu2021: doesn't show hand 
*** SUMMARY ***
Total pot 150 | Rake 0 
Seat 1: ManPower47 (big blind) folded before Flop
Seat 2: Mahu2021 (button) collected (150)
Seat 3: Thudaron (small blind) folded before Flop



PokerStars Hand #248542557765: Tournament #3707900200, $1.84+$0.16 USD Hold'em No Limit - Level IV (30/60) - 2024/01/28 13:12:30 CET [2024/01/28 7:12:30 ET]
Table '3707900200 1' 3-max Seat #3 is the button
Seat 1: ManPower47 (350 in chips) 
Seat 2: Mahu2021 (733 in chips) 
Seat 3: Thudaron (417 in chips) 
ManPower47: posts small blind 30
Mahu2021: posts big blind 60
*** HOLE CARDS ***
Dealt to Mahu2021 [8s Tc]
Thudaron: folds 
ManPower47: folds 
Uncalled bet (30) returned to Mahu2021
Mahu2021 collected 60 from pot
Mahu2021: doesn't show hand 
*** SUMMARY ***
Total pot 60 | Rake 0 
Seat 1: ManPower47 (small blind) folded before Flop
Seat 2: Mahu2021 (big blind) collected (60)
Seat 3: Thudaron (button) folded before Flop (didn't bet)



PokerStars Hand #248542560594: Tournament #3707900200, $1.84+$0.16 USD Hold'em No Limit - Level IV (30/60) - 2024/01/28 13:12:46 CET [2024/01/28 7:12:46 ET]
Table '3707900200 1' 3-max Seat #1 is the button
Seat 1: ManPower47 (320 in chips) 
Seat 2: Mahu2021 (763 in chips) 
Seat 3: Thudaron (417 in chips) 
Mahu2021: posts small blind 30
Thudaron: posts big blind 60
*** HOLE CARDS ***
Dealt to Mahu2021 [2s 6d]
ManPower47: folds 
Mahu2021: folds 
Uncalled bet (30) returned to Thudaron
Thudaron collected 60 from pot
Thudaron: doesn't show hand 
*** SUMMARY ***
Total pot 60 | Rake 0 
Seat 1: ManPower47 (button) folded before Flop (didn't bet)
Seat 2: Mahu2021 (small blind) folded before Flop
Seat 3: Thudaron (big blind) collected (60)



PokerStars Hand #248542562874: Tournament #3707900200, $1.84+$0.16 USD Hold'em No Limit - Level IV (30/60) - 2024/01/28 13:12:58 CET [2024/01/28 7:12:58 ET]
Table '3707900200 1' 3-max Seat #2 is the button
Seat 1: ManPower47 (320 in chips) 
Seat 2: Mahu2021 (733 in chips) 
Seat 3: Thudaron (447 in chips) 
Thudaron: posts small blind 30
ManPower47: posts big blind 60
*** HOLE CARDS ***
Dealt to Mahu2021 [5s Kd]
Mahu2021: folds 
Thudaron: raises 387 to 447 and is all-in
ManPower47: folds 
Uncalled bet (387) returned to Thudaron
Thudaron collected 120 from pot
Thudaron: doesn't show hand 
*** SUMMARY ***
Total pot 120 | Rake 0 
Seat 1: ManPower47 (big blind) folded before Flop
Seat 2: Mahu2021 (button) folded before Flop (didn't bet)
Seat 3: Thudaron (small blind) collected (120)



PokerStars Hand #248542565483: Tournament #3707900200, $1.84+$0.16 USD Hold'em No Limit - Level IV (30/60) - 2024/01/28 13:13:13 CET [2024/01/28 7:13:13 ET]
Table '3707900200 1' 3-max Seat #3 is the button
Seat 1: ManPower47 (260 in chips) 
Seat 2: Mahu2021 (733 in chips) 
Seat 3: Thudaron (507 in chips) 
ManPower47: posts small blind 30
Mahu2021: posts big blind 60
*** HOLE CARDS ***
Dealt to Mahu2021 [6d 6h]
Thudaron: raises 447 to 507 and is all-in
ManPower47: folds 
Mahu2021: folds 
Uncalled bet (447) returned to Thudaron
Thudaron collected 150 from pot
Thudaron: doesn't show hand 
*** SUMMARY ***
Total pot 150 | Rake 0 
Seat 1: ManPower47 (small blind) folded before Flop
Seat 2: Mahu2021 (big blind) folded before Flop
Seat 3: Thudaron (button) collected (150)



PokerStars Hand #248542569316: Tournament #3707900200, $1.84+$0.16 USD Hold'em No Limit - Level V (40/80) - 2024/01/28 13:13:34 CET [2024/01/28 7:13:34 ET]
Table '3707900200 1' 3-max Seat #1 is the button
Seat 1: ManPower47 (230 in chips) 
Seat 2: Mahu2021 (673 in chips) 
Seat 3: Thudaron (597 in chips) 
Mahu2021: posts small blind 40
Thudaron: posts big blind 80
*** HOLE CARDS ***
Dealt to Mahu2021 [Ts 3h]
ManPower47: folds 
Mahu2021: folds 
Uncalled bet (40) returned to Thudaron
Thudaron collected 80 from pot
Thudaron: doesn't show hand 
*** SUMMARY ***
Total pot 80 | Rake 0 
Seat 1: ManPower47 (button) folded before Flop (didn't bet)
Seat 2: Mahu2021 (small blind) folded before Flop
Seat 3: Thudaron (big blind) collected (80)



PokerStars Hand #248542571044: Tournament #3707900200, $1.84+$0.16 USD Hold'em No Limit - Level V (40/80) - 2024/01/28 13:13:44 CET [2024/01/28 7:13:44 ET]
Table '3707900200 1' 3-max Seat #2 is the button
Seat 1: ManPower47 (230 in chips) 
Seat 2: Mahu2021 (633 in chips) 
Seat 3: Thudaron (637 in chips) 
Thudaron: posts small blind 40
ManPower47: posts big blind 80
*** HOLE CARDS ***
Dealt to Mahu2021 [8c 2c]
Mahu2021: folds 
Thudaron: raises 557 to 637 and is all-in
ManPower47: folds 
Uncalled bet (557) returned to Thudaron
Thudaron collected 160 from pot
Thudaron: doesn't show hand 
*** SUMMARY ***
Total pot 160 | Rake 0 
Seat 1: ManPower47 (big blind) folded before Flop
Seat 2: Mahu2021 (button) folded before Flop (didn't bet)
Seat 3: Thudaron (small blind) collected (160)



PokerStars Hand #248542573227: Tournament #3707900200, $1.84+$0.16 USD Hold'em No Limit - Level V (40/80) - 2024/01/28 13:13:57 CET [2024/01/28 7:13:57 ET]
Table '3707900200 1' 3-max Seat #3 is the button
Seat 1: ManPower47 (150 in chips) 
Seat 2: Mahu2021 (633 in chips) 
Seat 3: Thudaron (717 in chips) 
ManPower47: posts small blind 40
Mahu2021: posts big blind 80
*** HOLE CARDS ***
Dealt to Mahu2021 [6s Qd]
Thudaron: folds 
ManPower47: folds 
Uncalled bet (40) returned to Mahu2021
Mahu2021 collected 80 from pot
Mahu2021: doesn't show hand 
*** SUMMARY ***
Total pot 80 | Rake 0 
Seat 1: ManPower47 (small blind) folded before Flop
Seat 2: Mahu2021 (big blind) collected (80)
Seat 3: Thudaron (button) folded before Flop (didn't bet)



PokerStars Hand #248542574214: Tournament #3707900200, $1.84+$0.16 USD Hold'em No Limit - Level V (40/80) - 2024/01/28 13:14:02 CET [2024/01/28 7:14:02 ET]
Table '3707900200 1' 3-max Seat #1 is the button
Seat 1: ManPower47 (110 in chips) 
Seat 2: Mahu2021 (673 in chips) 
Seat 3: Thudaron (717 in chips) 
Mahu2021: posts small blind 40
Thudaron: posts big blind 80
*** HOLE CARDS ***
Dealt to Mahu2021 [6c Ah]
ManPower47: folds 
Mahu2021: calls 40
Thudaron: checks 
*** FLOP *** [9c 7s 7c]
Mahu2021: checks 
Thudaron: checks 
*** TURN *** [9c 7s 7c] [5h]
Mahu2021: checks 
Thudaron: bets 80
Mahu2021: calls 80
*** RIVER *** [9c 7s 7c 5h] [9s]
Mahu2021: checks 
Thudaron: bets 192
Mahu2021: folds 
Uncalled bet (192) returned to Thudaron
Thudaron collected 320 from pot
Thudaron: doesn't show hand 
*** SUMMARY ***
Total pot 320 | Rake 0 
Board [9c 7s 7c 5h 9s]
Seat 1: ManPower47 (button) folded before Flop (didn't bet)
Seat 2: Mahu2021 (small blind) folded on the River
Seat 3: Thudaron (big blind) collected (320)



PokerStars Hand #248542579219: Tournament #3707900200, $1.84+$0.16 USD Hold'em No Limit - Level V (40/80) - 2024/01/28 13:14:30 CET [2024/01/28 7:14:30 ET]
Table '3707900200 1' 3-max Seat #2 is the button
Seat 1: ManPower47 (110 in chips) 
Seat 2: Mahu2021 (513 in chips) 
Seat 3: Thudaron (877 in chips) 
Thudaron: posts small blind 40
ManPower47: posts big blind 80
*** HOLE CARDS ***
Dealt to Mahu2021 [5d Jd]
Mahu2021: folds 
Thudaron: raises 80 to 160
ManPower47: calls 30 and is all-in
Uncalled bet (50) returned to Thudaron
*** FLOP *** [3d 4s 7h]
*** TURN *** [3d 4s 7h] [Ac]
*** RIVER *** [3d 4s 7h Ac] [Qc]
*** SHOW DOWN ***
Thudaron: shows [9c 5c] (high card Ace)
ManPower47: shows [8c As] (a pair of Aces)
ManPower47 collected 220 from pot
*** SUMMARY ***
Total pot 220 | Rake 0 
Board [3d 4s 7h Ac Qc]
Seat 1: ManPower47 (big blind) showed [8c As] and won (220) with a pair of Aces
Seat 2: Mahu2021 (button) folded before Flop (didn't bet)
Seat 3: Thudaron (small blind) showed [9c 5c] and lost with high card Ace



PokerStars Hand #248542581645: Tournament #3707900200, $1.84+$0.16 USD Hold'em No Limit - Level V (40/80) - 2024/01/28 13:14:44 CET [2024/01/28 7:14:44 ET]
Table '3707900200 1' 3-max Seat #3 is the button
Seat 1: ManPower47 (220 in chips) 
Seat 2: Mahu2021 (513 in chips) 
Seat 3: Thudaron (767 in chips) 
ManPower47: posts small blind 40
Mahu2021: posts big blind 80
*** HOLE CARDS ***
Dealt to Mahu2021 [Jh 9c]
Thudaron: folds 
ManPower47: folds 
Uncalled bet (40) returned to Mahu2021
Mahu2021 collected 80 from pot
Mahu2021: doesn't show hand 
*** SUMMARY ***
Total pot 80 | Rake 0 
Seat 1: ManPower47 (small blind) folded before Flop
Seat 2: Mahu2021 (big blind) collected (80)
Seat 3: Thudaron (button) folded before Flop (didn't bet)



PokerStars Hand #248542583374: Tournament #3707900200, $1.84+$0.16 USD Hold'em No Limit - Level V (40/80) - 2024/01/28 13:14:54 CET [2024/01/28 7:14:54 ET]
Table '3707900200 1' 3-max Seat #1 is the button
Seat 1: ManPower47 (180 in chips) 
Seat 2: Mahu2021 (553 in chips) 
Seat 3: Thudaron (767 in chips) 
Mahu2021: posts small blind 40
Thudaron: posts big blind 80
*** HOLE CARDS ***
Dealt to Mahu2021 [4c Tc]
ManPower47: folds 
Mahu2021: folds 
Uncalled bet (40) returned to Thudaron
Thudaron collected 80 from pot
Thudaron: doesn't show hand 
*** SUMMARY ***
Total pot 80 | Rake 0 
Seat 1: ManPower47 (button) folded before Flop (didn't bet)
Seat 2: Mahu2021 (small blind) folded before Flop
Seat 3: Thudaron (big blind) collected (80)



PokerStars Hand #248542584372: Tournament #3707900200, $1.84+$0.16 USD Hold'em No Limit - Level V (40/80) - 2024/01/28 13:15:00 CET [2024/01/28 7:15:00 ET]
Table '3707900200 1' 3-max Seat #2 is the button
Seat 1: ManPower47 (180 in chips) 
Seat 2: Mahu2021 (513 in chips) 
Seat 3: Thudaron (807 in chips) 
Thudaron: posts small blind 40
ManPower47: posts big blind 80
*** HOLE CARDS ***
Dealt to Mahu2021 [Qh 9s]
Mahu2021: folds 
Thudaron: raises 160 to 240
ManPower47: calls 100 and is all-in
Uncalled bet (60) returned to Thudaron
*** FLOP *** [Qc Qs 4h]
*** TURN *** [Qc Qs 4h] [Th]
*** RIVER *** [Qc Qs 4h Th] [7s]
*** SHOW DOWN ***
Thudaron: shows [Jc 9d] (a pair of Queens)
ManPower47: shows [Ks Tc] (two pair, Queens and Tens)
ManPower47 collected 360 from pot
*** SUMMARY ***
Total pot 360 | Rake 0 
Board [Qc Qs 4h Th 7s]
Seat 1: ManPower47 (big blind) showed [Ks Tc] and won (360) with two pair, Queens and Tens
Seat 2: Mahu2021 (button) folded before Flop (didn't bet)
Seat 3: Thudaron (small blind) showed [Jc 9d] and lost with a pair of Queens



PokerStars Hand #248542588135: Tournament #3707900200, $1.84+$0.16 USD Hold'em No Limit - Level V (40/80) - 2024/01/28 13:15:21 CET [2024/01/28 7:15:21 ET]
Table '3707900200 1' 3-max Seat #3 is the button
Seat 1: ManPower47 (360 in chips) 
Seat 2: Mahu2021 (513 in chips) 
Seat 3: Thudaron (627 in chips) 
ManPower47: posts small blind 40
Mahu2021: posts big blind 80
*** HOLE CARDS ***
Dealt to Mahu2021 [Ks 2s]
Thudaron: folds 
ManPower47: raises 280 to 360 and is all-in
Mahu2021: folds 
Uncalled bet (280) returned to ManPower47
ManPower47 collected 160 from pot
*** SUMMARY ***
Total pot 160 | Rake 0 
Seat 1: ManPower47 (small blind) collected (160)
Seat 2: Mahu2021 (big blind) folded before Flop
Seat 3: Thudaron (button) folded before Flop (didn't bet)



PokerStars Hand #248542590323: Tournament #3707900200, $1.84+$0.16 USD Hold'em No Limit - Level VI (50/100) - 2024/01/28 13:15:33 CET [2024/01/28 7:15:33 ET]
Table '3707900200 1' 3-max Seat #1 is the button
Seat 1: ManPower47 (440 in chips) 
Seat 2: Mahu2021 (433 in chips) 
Seat 3: Thudaron (627 in chips) 
Mahu2021: posts small blind 50
Thudaron: posts big blind 100
*** HOLE CARDS ***
Dealt to Mahu2021 [5s Ks]
ManPower47: folds 
Mahu2021: raises 333 to 433 and is all-in
Thudaron: folds 
Uncalled bet (333) returned to Mahu2021
Mahu2021 collected 200 from pot
Mahu2021: doesn't show hand 
*** SUMMARY ***
Total pot 200 | Rake 0 
Seat 1: ManPower47 (button) folded before Flop (didn't bet)
Seat 2: Mahu2021 (small blind) collected (200)
Seat 3: Thudaron (big blind) folded before Flop



PokerStars Hand #248542591734: Tournament #3707900200, $1.84+$0.16 USD Hold'em No Limit - Level VI (50/100) - 2024/01/28 13:15:41 CET [2024/01/28 7:15:41 ET]
Table '3707900200 1' 3-max Seat #2 is the button
Seat 1: ManPower47 (440 in chips) 
Seat 2: Mahu2021 (533 in chips) 
Seat 3: Thudaron (527 in chips) 
Thudaron: posts small blind 50
ManPower47: posts big blind 100
*** HOLE CARDS ***
Dealt to Mahu2021 [2h Qh]
Mahu2021: folds 
Thudaron: folds 
Uncalled bet (50) returned to ManPower47
ManPower47 collected 100 from pot
*** SUMMARY ***
Total pot 100 | Rake 0 
Seat 1: ManPower47 (big blind) collected (100)
Seat 2: Mahu2021 (button) folded before Flop (didn't bet)
Seat 3: Thudaron (small blind) folded before Flop



PokerStars Hand #248542592797: Tournament #3707900200, $1.84+$0.16 USD Hold'em No Limit - Level VI (50/100) - 2024/01/28 13:15:47 CET [2024/01/28 7:15:47 ET]
Table '3707900200 1' 3-max Seat #3 is the button
Seat 1: ManPower47 (490 in chips) 
Seat 2: Mahu2021 (533 in chips) 
Seat 3: Thudaron (477 in chips) 
ManPower47: posts small blind 50
Mahu2021: posts big blind 100
*** HOLE CARDS ***
Dealt to Mahu2021 [Kc 8h]
Thudaron: folds 
ManPower47: folds 
Uncalled bet (50) returned to Mahu2021
Mahu2021 collected 100 from pot
Mahu2021: doesn't show hand 
*** SUMMARY ***
Total pot 100 | Rake 0 
Seat 1: ManPower47 (small blind) folded before Flop
Seat 2: Mahu2021 (big blind) collected (100)
Seat 3: Thudaron (button) folded before Flop (didn't bet)



PokerStars Hand #248542593881: Tournament #3707900200, $1.84+$0.16 USD Hold'em No Limit - Level VI (50/100) - 2024/01/28 13:15:53 CET [2024/01/28 7:15:53 ET]
Table '3707900200 1' 3-max Seat #1 is the button
Seat 1: ManPower47 (440 in chips) 
Seat 2: Mahu2021 (583 in chips) 
Seat 3: Thudaron (477 in chips) 
Mahu2021: posts small blind 50
Thudaron: posts big blind 100
*** HOLE CARDS ***
Dealt to Mahu2021 [4h Td]
ManPower47: raises 340 to 440 and is all-in
Mahu2021: folds 
Thudaron: calls 340
*** FLOP *** [2h Th Qh]
*** TURN *** [2h Th Qh] [Ts]
*** RIVER *** [2h Th Qh Ts] [2c]
*** SHOW DOWN ***
Thudaron: shows [Qs 7s] (two pair, Queens and Tens)
ManPower47: shows [8c 8s] (two pair, Tens and Eights)
Thudaron collected 930 from pot
ManPower47 finished the tournament in 3rd place
*** SUMMARY ***
Total pot 930 | Rake 0 
Board [2h Th Qh Ts 2c]
Seat 1: ManPower47 (button) showed [8c 8s] and lost with two pair, Tens and Eights
Seat 2: Mahu2021 (small blind) folded before Flop
Seat 3: Thudaron (big blind) showed [Qs 7s] and won (930) with two pair, Queens and Tens



PokerStars Hand #248542597365: Tournament #3707900200, $1.84+$0.16 USD Hold'em No Limit - Level VI (50/100) - 2024/01/28 13:16:12 CET [2024/01/28 7:16:12 ET]
Table '3707900200 1' 3-max Seat #3 is the button
Seat 2: Mahu2021 (533 in chips) 
Seat 3: Thudaron (967 in chips) 
Thudaron: posts small blind 50
Mahu2021: posts big blind 100
*** HOLE CARDS ***
Dealt to Mahu2021 [9d 2c]
Thudaron: raises 867 to 967 and is all-in
Mahu2021: folds 
Uncalled bet (867) returned to Thudaron
Thudaron collected 200 from pot
Thudaron: doesn't show hand 
*** SUMMARY ***
Total pot 200 | Rake 0 
Seat 2: Mahu2021 (big blind) folded before Flop
Seat 3: Thudaron (button) (small blind) collected (200)



PokerStars Hand #248542598177: Tournament #3707900200, $1.84+$0.16 USD Hold'em No Limit - Level VI (50/100) - 2024/01/28 13:16:17 CET [2024/01/28 7:16:17 ET]
Table '3707900200 1' 3-max Seat #2 is the button
Seat 2: Mahu2021 (433 in chips) 
Seat 3: Thudaron (1067 in chips) 
Mahu2021: posts small blind 50
Thudaron: posts big blind 100
*** HOLE CARDS ***
Dealt to Mahu2021 [8d 3s]
Mahu2021: folds 
Uncalled bet (50) returned to Thudaron
Thudaron collected 100 from pot
Thudaron: doesn't show hand 
*** SUMMARY ***
Total pot 100 | Rake 0 
Seat 2: Mahu2021 (button) (small blind) folded before Flop
Seat 3: Thudaron (big blind) collected (100)



PokerStars Hand #248542598966: Tournament #3707900200, $1.84+$0.16 USD Hold'em No Limit - Level VI (50/100) - 2024/01/28 13:16:22 CET [2024/01/28 7:16:22 ET]
Table '3707900200 1' 3-max Seat #3 is the button
Seat 2: Mahu2021 (383 in chips) 
Seat 3: Thudaron (1117 in chips) 
Thudaron: posts small blind 50
Mahu2021: posts big blind 100
*** HOLE CARDS ***
Dealt to Mahu2021 [2h 3s]
Thudaron: raises 1017 to 1117 and is all-in
Mahu2021: folds 
Uncalled bet (1017) returned to Thudaron
Thudaron collected 200 from pot
Thudaron: doesn't show hand 
*** SUMMARY ***
Total pot 200 | Rake 0 
Seat 2: Mahu2021 (big blind) folded before Flop
Seat 3: Thudaron (button) (small blind) collected (200)



PokerStars Hand #248542599807: Tournament #3707900200, $1.84+$0.16 USD Hold'em No Limit - Level VI (50/100) - 2024/01/28 13:16:26 CET [2024/01/28 7:16:26 ET]
Table '3707900200 1' 3-max Seat #2 is the button
Seat 2: Mahu2021 (283 in chips) 
Seat 3: Thudaron (1217 in chips) 
Mahu2021: posts small blind 50
Thudaron: posts big blind 100
*** HOLE CARDS ***
Dealt to Mahu2021 [Jd 6c]
Mahu2021: raises 183 to 283 and is all-in
Thudaron: calls 183
*** FLOP *** [9c 9d 7h]
*** TURN *** [9c 9d 7h] [2c]
*** RIVER *** [9c 9d 7h 2c] [9h]
*** SHOW DOWN ***
Thudaron: shows [Td 5d] (three of a kind, Nines)
Mahu2021: shows [Jd 6c] (three of a kind, Nines - Jack kicker)
Mahu2021 collected 566 from pot
*** SUMMARY ***
Total pot 566 | Rake 0 
Board [9c 9d 7h 2c 9h]
Seat 2: Mahu2021 (button) (small blind) showed [Jd 6c] and won (566) with three of a kind, Nines
Seat 3: Thudaron (big blind) showed [Td 5d] and lost with three of a kind, Nines



PokerStars Hand #248542602327: Tournament #3707900200, $1.84+$0.16 USD Hold'em No Limit - Level VI (50/100) - 2024/01/28 13:16:41 CET [2024/01/28 7:16:41 ET]
Table '3707900200 1' 3-max Seat #3 is the button
Seat 2: Mahu2021 (566 in chips) 
Seat 3: Thudaron (934 in chips) 
Thudaron: posts small blind 50
Mahu2021: posts big blind 100
*** HOLE CARDS ***
Dealt to Mahu2021 [Ts Td]
Thudaron: raises 834 to 934 and is all-in
Mahu2021: calls 466 and is all-in
Uncalled bet (368) returned to Thudaron
*** FLOP *** [Kc 9d 3s]
*** TURN *** [Kc 9d 3s] [Ah]
*** RIVER *** [Kc 9d 3s Ah] [Kh]
*** SHOW DOWN ***
Mahu2021: shows [Ts Td] (two pair, Kings and Tens)
Thudaron: shows [3d Kd] (a full house, Kings full of Threes)
Thudaron collected 1132 from pot
Mahu2021 finished the tournament in 2nd place
Thudaron wins the tournament and receives $4.00 - congratulations!
*** SUMMARY ***
Total pot 1132 | Rake 0 
Board [Kc 9d 3s Ah Kh]
Seat 2: Mahu2021 (big blind) showed [Ts Td] and lost with two pair, Kings and Tens
Seat 3: Thudaron (button) (small blind) showed [3d Kd] and won (1132) with a full house, Kings full of Threes



