PokerStars Hand #245110678071: Tournament #3624552504, $0.92+$0.08 USD Hold'em No Limit - Level I (10/20) - 2023/07/30 21:48:51 CET [2023/07/30 15:48:51 ET]
Table '3624552504 1' 3-max Seat #1 is the button
Seat 1: nikoss11 (500 in chips) 
Seat 2: IljaSir (500 in chips) 
Seat 3: Mahu2021 (500 in chips) 
IljaSir: posts small blind 10
Mahu2021: posts big blind 20
*** HOLE CARDS ***
Dealt to Mahu2021 [Ks 4d]
nikoss11: raises 20 to 40
IljaSir: calls 30
Mahu2021: calls 20
*** FLOP *** [As 9s Qc]
IljaSir: checks 
Mahu2021: checks 
nikoss11: checks 
*** TURN *** [As 9s Qc] [3c]
IljaSir: bets 60
Mahu2021: folds 
nikoss11: calls 60
*** RIVER *** [As 9s Qc 3c] [Td]
IljaSir: checks 
nikoss11: checks 
*** SHOW DOWN ***
IljaSir: shows [5s 3s] (a pair of Threes)
nikoss11: mucks hand 
IljaSir collected 240 from pot
*** SUMMARY ***
Total pot 240 | Rake 0 
Board [As 9s Qc 3c Td]
Seat 1: nikoss11 (button) mucked [6c 7c]
Seat 2: IljaSir (small blind) showed [5s 3s] and won (240) with a pair of Threes
Seat 3: Mahu2021 (big blind) folded on the Turn



PokerStars Hand #245110691324: Tournament #3624552504, $0.92+$0.08 USD Hold'em No Limit - Level I (10/20) - 2023/07/30 21:49:22 CET [2023/07/30 15:49:22 ET]
Table '3624552504 1' 3-max Seat #2 is the button
Seat 1: nikoss11 (400 in chips) 
Seat 2: IljaSir (640 in chips) 
Seat 3: Mahu2021 (460 in chips) 
Mahu2021: posts small blind 10
nikoss11: posts big blind 20
*** HOLE CARDS ***
Dealt to Mahu2021 [Ts Ah]
IljaSir: raises 20 to 40
Mahu2021: calls 30
nikoss11: calls 20
*** FLOP *** [Ac 9c 7s]
Mahu2021: bets 40
nikoss11: raises 40 to 80
IljaSir: calls 80
Mahu2021: calls 40
*** TURN *** [Ac 9c 7s] [2s]
Mahu2021: checks 
nikoss11: bets 280 and is all-in
IljaSir: folds 
Mahu2021: calls 280
*** RIVER *** [Ac 9c 7s 2s] [Th]
*** SHOW DOWN ***
Mahu2021: shows [Ts Ah] (two pair, Aces and Tens)
nikoss11: shows [4c 5c] (high card Ace)
Mahu2021 collected 920 from pot
nikoss11 finished the tournament in 3rd place
*** SUMMARY ***
Total pot 920 | Rake 0 
Board [Ac 9c 7s 2s Th]
Seat 1: nikoss11 (big blind) showed [4c 5c] and lost with high card Ace
Seat 2: IljaSir (button) folded on the Turn
Seat 3: Mahu2021 (small blind) showed [Ts Ah] and won (920) with two pair, Aces and Tens



PokerStars Hand #245110708781: Tournament #3624552504, $0.92+$0.08 USD Hold'em No Limit - Level I (10/20) - 2023/07/30 21:50:04 CET [2023/07/30 15:50:04 ET]
Table '3624552504 1' 3-max Seat #3 is the button
Seat 2: IljaSir (520 in chips) 
Seat 3: Mahu2021 (980 in chips) 
Mahu2021: posts small blind 10
IljaSir: posts big blind 20
*** HOLE CARDS ***
Dealt to Mahu2021 [3d Jd]
Mahu2021: raises 20 to 40
IljaSir: calls 20
*** FLOP *** [6c 3c Qs]
IljaSir: checks 
Mahu2021: checks 
*** TURN *** [6c 3c Qs] [7d]
IljaSir: checks 
Mahu2021: checks 
*** RIVER *** [6c 3c Qs 7d] [Td]
IljaSir: bets 80
Mahu2021: folds 
Uncalled bet (80) returned to IljaSir
IljaSir collected 80 from pot
IljaSir: doesn't show hand 
*** SUMMARY ***
Total pot 80 | Rake 0 
Board [6c 3c Qs 7d Td]
Seat 2: IljaSir (big blind) collected (80)
Seat 3: Mahu2021 (button) (small blind) folded on the River



PokerStars Hand #245110717307: Tournament #3624552504, $0.92+$0.08 USD Hold'em No Limit - Level I (10/20) - 2023/07/30 21:50:24 CET [2023/07/30 15:50:24 ET]
Table '3624552504 1' 3-max Seat #2 is the button
Seat 2: IljaSir (560 in chips) 
Seat 3: Mahu2021 (940 in chips) 
IljaSir: posts small blind 10
Mahu2021: posts big blind 20
*** HOLE CARDS ***
Dealt to Mahu2021 [2c 6d]
IljaSir: calls 10
Mahu2021: checks 
*** FLOP *** [5c 9d Kd]
Mahu2021: checks 
IljaSir: bets 20
Mahu2021: folds 
Uncalled bet (20) returned to IljaSir
IljaSir collected 40 from pot
IljaSir: doesn't show hand 
*** SUMMARY ***
Total pot 40 | Rake 0 
Board [5c 9d Kd]
Seat 2: IljaSir (button) (small blind) collected (40)
Seat 3: Mahu2021 (big blind) folded on the Flop



PokerStars Hand #245110722663: Tournament #3624552504, $0.92+$0.08 USD Hold'em No Limit - Level I (10/20) - 2023/07/30 21:50:36 CET [2023/07/30 15:50:36 ET]
Table '3624552504 1' 3-max Seat #3 is the button
Seat 2: IljaSir (580 in chips) 
Seat 3: Mahu2021 (920 in chips) 
Mahu2021: posts small blind 10
IljaSir: posts big blind 20
*** HOLE CARDS ***
Dealt to Mahu2021 [Ac Ah]
Mahu2021: raises 20 to 40
IljaSir: folds 
Uncalled bet (20) returned to Mahu2021
Mahu2021 collected 40 from pot
Mahu2021: doesn't show hand 
*** SUMMARY ***
Total pot 40 | Rake 0 
Seat 2: IljaSir (big blind) folded before Flop
Seat 3: Mahu2021 (button) (small blind) collected (40)



PokerStars Hand #245110725742: Tournament #3624552504, $0.92+$0.08 USD Hold'em No Limit - Level I (10/20) - 2023/07/30 21:50:44 CET [2023/07/30 15:50:44 ET]
Table '3624552504 1' 3-max Seat #2 is the button
Seat 2: IljaSir (560 in chips) 
Seat 3: Mahu2021 (940 in chips) 
IljaSir: posts small blind 10
Mahu2021: posts big blind 20
*** HOLE CARDS ***
Dealt to Mahu2021 [Jd Qd]
IljaSir: calls 10
Mahu2021: checks 
*** FLOP *** [7h 9h Ts]
Mahu2021: bets 40
IljaSir: calls 40
*** TURN *** [7h 9h Ts] [Ah]
Mahu2021: checks 
IljaSir: checks 
*** RIVER *** [7h 9h Ts Ah] [8h]
Mahu2021: checks 
IljaSir: checks 
*** SHOW DOWN ***
Mahu2021: shows [Jd Qd] (a straight, Eight to Queen)
IljaSir: mucks hand 
Mahu2021 collected 120 from pot
*** SUMMARY ***
Total pot 120 | Rake 0 
Board [7h 9h Ts Ah 8h]
Seat 2: IljaSir (button) (small blind) mucked [8c 5c]
Seat 3: Mahu2021 (big blind) showed [Jd Qd] and won (120) with a straight, Eight to Queen



PokerStars Hand #245110736441: Tournament #3624552504, $0.92+$0.08 USD Hold'em No Limit - Level I (10/20) - 2023/07/30 21:51:09 CET [2023/07/30 15:51:09 ET]
Table '3624552504 1' 3-max Seat #3 is the button
Seat 2: IljaSir (500 in chips) 
Seat 3: Mahu2021 (1000 in chips) 
Mahu2021: posts small blind 10
IljaSir: posts big blind 20
*** HOLE CARDS ***
Dealt to Mahu2021 [4c Ts]
Mahu2021: folds 
Uncalled bet (10) returned to IljaSir
IljaSir collected 20 from pot
IljaSir: doesn't show hand 
*** SUMMARY ***
Total pot 20 | Rake 0 
Seat 2: IljaSir (big blind) collected (20)
Seat 3: Mahu2021 (button) (small blind) folded before Flop



PokerStars Hand #245110738358: Tournament #3624552504, $0.92+$0.08 USD Hold'em No Limit - Level I (10/20) - 2023/07/30 21:51:14 CET [2023/07/30 15:51:14 ET]
Table '3624552504 1' 3-max Seat #2 is the button
Seat 2: IljaSir (510 in chips) 
Seat 3: Mahu2021 (990 in chips) 
IljaSir: posts small blind 10
Mahu2021: posts big blind 20
*** HOLE CARDS ***
Dealt to Mahu2021 [Qc 8s]
IljaSir: calls 10
Mahu2021: checks 
*** FLOP *** [Ad 7s Th]
Mahu2021: checks 
IljaSir: bets 20
Mahu2021: folds 
Uncalled bet (20) returned to IljaSir
IljaSir collected 40 from pot
IljaSir: doesn't show hand 
*** SUMMARY ***
Total pot 40 | Rake 0 
Board [Ad 7s Th]
Seat 2: IljaSir (button) (small blind) collected (40)
Seat 3: Mahu2021 (big blind) folded on the Flop



PokerStars Hand #245110745079: Tournament #3624552504, $0.92+$0.08 USD Hold'em No Limit - Level I (10/20) - 2023/07/30 21:51:30 CET [2023/07/30 15:51:30 ET]
Table '3624552504 1' 3-max Seat #3 is the button
Seat 2: IljaSir (530 in chips) 
Seat 3: Mahu2021 (970 in chips) 
Mahu2021: posts small blind 10
IljaSir: posts big blind 20
*** HOLE CARDS ***
Dealt to Mahu2021 [Kc Ts]
Mahu2021: raises 20 to 40
IljaSir: raises 80 to 120
Mahu2021: calls 80
*** FLOP *** [Jd 2d 7h]
IljaSir: bets 60
Mahu2021: folds 
Uncalled bet (60) returned to IljaSir
IljaSir collected 240 from pot
IljaSir: doesn't show hand 
*** SUMMARY ***
Total pot 240 | Rake 0 
Board [Jd 2d 7h]
Seat 2: IljaSir (big blind) collected (240)
Seat 3: Mahu2021 (button) (small blind) folded on the Flop



PokerStars Hand #245110754449: Tournament #3624552504, $0.92+$0.08 USD Hold'em No Limit - Level I (10/20) - 2023/07/30 21:51:52 CET [2023/07/30 15:51:52 ET]
Table '3624552504 1' 3-max Seat #2 is the button
Seat 2: IljaSir (650 in chips) 
Seat 3: Mahu2021 (850 in chips) 
IljaSir: posts small blind 10
Mahu2021: posts big blind 20
*** HOLE CARDS ***
Dealt to Mahu2021 [8s Js]
IljaSir: raises 20 to 40
Mahu2021: calls 20
*** FLOP *** [3c Kd 9h]
Mahu2021: checks 
IljaSir: bets 20
Mahu2021: calls 20
*** TURN *** [3c Kd 9h] [4h]
Mahu2021: checks 
IljaSir: bets 100
Mahu2021: folds 
Uncalled bet (100) returned to IljaSir
IljaSir collected 120 from pot
IljaSir: doesn't show hand 
*** SUMMARY ***
Total pot 120 | Rake 0 
Board [3c Kd 9h 4h]
Seat 2: IljaSir (button) (small blind) collected (120)
Seat 3: Mahu2021 (big blind) folded on the Turn



PokerStars Hand #245110764857: Tournament #3624552504, $0.92+$0.08 USD Hold'em No Limit - Level II (15/30) - 2023/07/30 21:52:16 CET [2023/07/30 15:52:16 ET]
Table '3624552504 1' 3-max Seat #3 is the button
Seat 2: IljaSir (710 in chips) 
Seat 3: Mahu2021 (790 in chips) 
Mahu2021: posts small blind 15
IljaSir: posts big blind 30
*** HOLE CARDS ***
Dealt to Mahu2021 [Ks 6h]
Mahu2021: calls 15
IljaSir: checks 
*** FLOP *** [Tc 3s Ts]
IljaSir: checks 
Mahu2021: checks 
*** TURN *** [Tc 3s Ts] [2h]
IljaSir: bets 30
Mahu2021: calls 30
*** RIVER *** [Tc 3s Ts 2h] [8c]
IljaSir: checks 
Mahu2021: bets 120
IljaSir: calls 120
*** SHOW DOWN ***
Mahu2021: shows [Ks 6h] (a pair of Tens)
IljaSir: shows [2c Ad] (two pair, Tens and Deuces)
IljaSir collected 360 from pot
*** SUMMARY ***
Total pot 360 | Rake 0 
Board [Tc 3s Ts 2h 8c]
Seat 2: IljaSir (big blind) showed [2c Ad] and won (360) with two pair, Tens and Deuces
Seat 3: Mahu2021 (button) (small blind) showed [Ks 6h] and lost with a pair of Tens



PokerStars Hand #245110781283: Tournament #3624552504, $0.92+$0.08 USD Hold'em No Limit - Level II (15/30) - 2023/07/30 21:52:55 CET [2023/07/30 15:52:55 ET]
Table '3624552504 1' 3-max Seat #2 is the button
Seat 2: IljaSir (890 in chips) 
Seat 3: Mahu2021 (610 in chips) 
IljaSir: posts small blind 15
Mahu2021: posts big blind 30
*** HOLE CARDS ***
Dealt to Mahu2021 [As Ks]
IljaSir: calls 15
Mahu2021: raises 120 to 150
IljaSir: folds 
Uncalled bet (120) returned to Mahu2021
Mahu2021 collected 60 from pot
Mahu2021: doesn't show hand 
*** SUMMARY ***
Total pot 60 | Rake 0 
Seat 2: IljaSir (button) (small blind) folded before Flop
Seat 3: Mahu2021 (big blind) collected (60)



PokerStars Hand #245110784974: Tournament #3624552504, $0.92+$0.08 USD Hold'em No Limit - Level II (15/30) - 2023/07/30 21:53:04 CET [2023/07/30 15:53:04 ET]
Table '3624552504 1' 3-max Seat #3 is the button
Seat 2: IljaSir (860 in chips) 
Seat 3: Mahu2021 (640 in chips) 
Mahu2021: posts small blind 15
IljaSir: posts big blind 30
*** HOLE CARDS ***
Dealt to Mahu2021 [Kd Ks]
Mahu2021: raises 30 to 60
IljaSir: calls 30
*** FLOP *** [7h 6d 9c]
IljaSir: checks 
Mahu2021: bets 120
IljaSir: folds 
Uncalled bet (120) returned to Mahu2021
Mahu2021 collected 120 from pot
Mahu2021: doesn't show hand 
*** SUMMARY ***
Total pot 120 | Rake 0 
Board [7h 6d 9c]
Seat 2: IljaSir (big blind) folded on the Flop
Seat 3: Mahu2021 (button) (small blind) collected (120)



PokerStars Hand #245110791122: Tournament #3624552504, $0.92+$0.08 USD Hold'em No Limit - Level II (15/30) - 2023/07/30 21:53:19 CET [2023/07/30 15:53:19 ET]
Table '3624552504 1' 3-max Seat #2 is the button
Seat 2: IljaSir (800 in chips) 
Seat 3: Mahu2021 (700 in chips) 
IljaSir: posts small blind 15
Mahu2021: posts big blind 30
*** HOLE CARDS ***
Dealt to Mahu2021 [Kh 5d]
IljaSir: calls 15
Mahu2021: checks 
*** FLOP *** [3h Th 6c]
Mahu2021: checks 
IljaSir: bets 30
Mahu2021: folds 
Uncalled bet (30) returned to IljaSir
IljaSir collected 60 from pot
IljaSir: doesn't show hand 
*** SUMMARY ***
Total pot 60 | Rake 0 
Board [3h Th 6c]
Seat 2: IljaSir (button) (small blind) collected (60)
Seat 3: Mahu2021 (big blind) folded on the Flop



PokerStars Hand #245110795798: Tournament #3624552504, $0.92+$0.08 USD Hold'em No Limit - Level II (15/30) - 2023/07/30 21:53:30 CET [2023/07/30 15:53:30 ET]
Table '3624552504 1' 3-max Seat #3 is the button
Seat 2: IljaSir (830 in chips) 
Seat 3: Mahu2021 (670 in chips) 
Mahu2021: posts small blind 15
IljaSir: posts big blind 30
*** HOLE CARDS ***
Dealt to Mahu2021 [8d 2s]
Mahu2021: folds 
Uncalled bet (15) returned to IljaSir
IljaSir collected 30 from pot
IljaSir: doesn't show hand 
*** SUMMARY ***
Total pot 30 | Rake 0 
Seat 2: IljaSir (big blind) collected (30)
Seat 3: Mahu2021 (button) (small blind) folded before Flop



PokerStars Hand #245110797838: Tournament #3624552504, $0.92+$0.08 USD Hold'em No Limit - Level II (15/30) - 2023/07/30 21:53:34 CET [2023/07/30 15:53:34 ET]
Table '3624552504 1' 3-max Seat #2 is the button
Seat 2: IljaSir (845 in chips) 
Seat 3: Mahu2021 (655 in chips) 
IljaSir: posts small blind 15
Mahu2021: posts big blind 30
*** HOLE CARDS ***
Dealt to Mahu2021 [Js Th]
IljaSir: calls 15
Mahu2021: checks 
*** FLOP *** [Td Kd Tc]
Mahu2021: checks 
IljaSir: bets 30
Mahu2021: calls 30
*** TURN *** [Td Kd Tc] [As]
Mahu2021: checks 
IljaSir: bets 60
Mahu2021: raises 120 to 180
IljaSir: folds 
Uncalled bet (120) returned to Mahu2021
Mahu2021 collected 240 from pot
Mahu2021: doesn't show hand 
*** SUMMARY ***
Total pot 240 | Rake 0 
Board [Td Kd Tc As]
Seat 2: IljaSir (button) (small blind) folded on the Turn
Seat 3: Mahu2021 (big blind) collected (240)



PokerStars Hand #245110806877: Tournament #3624552504, $0.92+$0.08 USD Hold'em No Limit - Level II (15/30) - 2023/07/30 21:53:56 CET [2023/07/30 15:53:56 ET]
Table '3624552504 1' 3-max Seat #3 is the button
Seat 2: IljaSir (725 in chips) 
Seat 3: Mahu2021 (775 in chips) 
Mahu2021: posts small blind 15
IljaSir: posts big blind 30
*** HOLE CARDS ***
Dealt to Mahu2021 [4c 9h]
Mahu2021: folds 
Uncalled bet (15) returned to IljaSir
IljaSir collected 30 from pot
IljaSir: doesn't show hand 
*** SUMMARY ***
Total pot 30 | Rake 0 
Seat 2: IljaSir (big blind) collected (30)
Seat 3: Mahu2021 (button) (small blind) folded before Flop



PokerStars Hand #245110808781: Tournament #3624552504, $0.92+$0.08 USD Hold'em No Limit - Level II (15/30) - 2023/07/30 21:54:00 CET [2023/07/30 15:54:00 ET]
Table '3624552504 1' 3-max Seat #2 is the button
Seat 2: IljaSir (740 in chips) 
Seat 3: Mahu2021 (760 in chips) 
IljaSir: posts small blind 15
Mahu2021: posts big blind 30
*** HOLE CARDS ***
Dealt to Mahu2021 [9s 5h]
IljaSir: raises 30 to 60
Mahu2021: folds 
Uncalled bet (30) returned to IljaSir
IljaSir collected 60 from pot
IljaSir: doesn't show hand 
*** SUMMARY ***
Total pot 60 | Rake 0 
Seat 2: IljaSir (button) (small blind) collected (60)
Seat 3: Mahu2021 (big blind) folded before Flop



PokerStars Hand #245110811690: Tournament #3624552504, $0.92+$0.08 USD Hold'em No Limit - Level II (15/30) - 2023/07/30 21:54:07 CET [2023/07/30 15:54:07 ET]
Table '3624552504 1' 3-max Seat #3 is the button
Seat 2: IljaSir (770 in chips) 
Seat 3: Mahu2021 (730 in chips) 
Mahu2021: posts small blind 15
IljaSir: posts big blind 30
*** HOLE CARDS ***
Dealt to Mahu2021 [2h As]
Mahu2021: raises 30 to 60
IljaSir: raises 710 to 770 and is all-in
Mahu2021: folds 
Uncalled bet (710) returned to IljaSir
IljaSir collected 120 from pot
IljaSir: doesn't show hand 
*** SUMMARY ***
Total pot 120 | Rake 0 
Seat 2: IljaSir (big blind) collected (120)
Seat 3: Mahu2021 (button) (small blind) folded before Flop



PokerStars Hand #245110816407: Tournament #3624552504, $0.92+$0.08 USD Hold'em No Limit - Level II (15/30) - 2023/07/30 21:54:19 CET [2023/07/30 15:54:19 ET]
Table '3624552504 1' 3-max Seat #2 is the button
Seat 2: IljaSir (830 in chips) 
Seat 3: Mahu2021 (670 in chips) 
IljaSir: posts small blind 15
Mahu2021: posts big blind 30
*** HOLE CARDS ***
Dealt to Mahu2021 [3d Qc]
IljaSir: calls 15
Mahu2021: checks 
*** FLOP *** [2h Ks Ah]
Mahu2021: checks 
IljaSir: bets 30
Mahu2021: folds 
Uncalled bet (30) returned to IljaSir
IljaSir collected 60 from pot
IljaSir: doesn't show hand 
*** SUMMARY ***
Total pot 60 | Rake 0 
Board [2h Ks Ah]
Seat 2: IljaSir (button) (small blind) collected (60)
Seat 3: Mahu2021 (big blind) folded on the Flop



PokerStars Hand #245110821428: Tournament #3624552504, $0.92+$0.08 USD Hold'em No Limit - Level II (15/30) - 2023/07/30 21:54:31 CET [2023/07/30 15:54:31 ET]
Table '3624552504 1' 3-max Seat #3 is the button
Seat 2: IljaSir (860 in chips) 
Seat 3: Mahu2021 (640 in chips) 
Mahu2021: posts small blind 15
IljaSir: posts big blind 30
*** HOLE CARDS ***
Dealt to Mahu2021 [7h Qh]
Mahu2021: raises 30 to 60
IljaSir: calls 30
*** FLOP *** [7d Qc Th]
IljaSir: checks 
Mahu2021: checks 
*** TURN *** [7d Qc Th] [3d]
IljaSir: checks 
Mahu2021: checks 
*** RIVER *** [7d Qc Th 3d] [8c]
IljaSir: checks 
Mahu2021: bets 120
IljaSir: folds 
Uncalled bet (120) returned to Mahu2021
Mahu2021 collected 120 from pot
Mahu2021: doesn't show hand 
*** SUMMARY ***
Total pot 120 | Rake 0 
Board [7d Qc Th 3d 8c]
Seat 2: IljaSir (big blind) folded on the River
Seat 3: Mahu2021 (button) (small blind) collected (120)



PokerStars Hand #245110828941: Tournament #3624552504, $0.92+$0.08 USD Hold'em No Limit - Level II (15/30) - 2023/07/30 21:54:49 CET [2023/07/30 15:54:49 ET]
Table '3624552504 1' 3-max Seat #2 is the button
Seat 2: IljaSir (800 in chips) 
Seat 3: Mahu2021 (700 in chips) 
IljaSir: posts small blind 15
Mahu2021: posts big blind 30
*** HOLE CARDS ***
Dealt to Mahu2021 [5d Jh]
IljaSir: calls 15
Mahu2021: checks 
*** FLOP *** [3s 5h Qd]
Mahu2021: bets 30
IljaSir: calls 30
*** TURN *** [3s 5h Qd] [7c]
Mahu2021: checks 
IljaSir: checks 
*** RIVER *** [3s 5h Qd 7c] [5c]
Mahu2021: bets 120
IljaSir: calls 120
*** SHOW DOWN ***
Mahu2021: shows [5d Jh] (three of a kind, Fives)
IljaSir: mucks hand 
Mahu2021 collected 360 from pot
*** SUMMARY ***
Total pot 360 | Rake 0 
Board [3s 5h Qd 7c 5c]
Seat 2: IljaSir (button) (small blind) mucked [8h 8d]
Seat 3: Mahu2021 (big blind) showed [5d Jh] and won (360) with three of a kind, Fives



PokerStars Hand #245110840012: Tournament #3624552504, $0.92+$0.08 USD Hold'em No Limit - Level III (20/40) - 2023/07/30 21:55:23 CET [2023/07/30 15:55:23 ET]
Table '3624552504 1' 3-max Seat #3 is the button
Seat 2: IljaSir (620 in chips) 
Seat 3: Mahu2021 (880 in chips) 
Mahu2021: posts small blind 20
IljaSir: posts big blind 40
*** HOLE CARDS ***
Dealt to Mahu2021 [5s Qs]
Mahu2021: calls 20
IljaSir: checks 
*** FLOP *** [3d 9h Jd]
IljaSir: checks 
Mahu2021: checks 
*** TURN *** [3d 9h Jd] [As]
IljaSir: checks 
Mahu2021: bets 40
IljaSir: calls 40
*** RIVER *** [3d 9h Jd As] [Ad]
IljaSir: checks 
Mahu2021: checks 
*** SHOW DOWN ***
IljaSir: shows [7h 9d] (two pair, Aces and Nines)
Mahu2021: mucks hand 
IljaSir collected 160 from pot
*** SUMMARY ***
Total pot 160 | Rake 0 
Board [3d 9h Jd As Ad]
Seat 2: IljaSir (big blind) showed [7h 9d] and won (160) with two pair, Aces and Nines
Seat 3: Mahu2021 (button) (small blind) mucked [5s Qs]



PokerStars Hand #245110845190: Tournament #3624552504, $0.92+$0.08 USD Hold'em No Limit - Level III (20/40) - 2023/07/30 21:55:45 CET [2023/07/30 15:55:45 ET]
Table '3624552504 1' 3-max Seat #2 is the button
Seat 2: IljaSir (700 in chips) 
Seat 3: Mahu2021 (800 in chips) 
IljaSir: posts small blind 20
Mahu2021: posts big blind 40
*** HOLE CARDS ***
Dealt to Mahu2021 [6h Kd]
IljaSir: raises 40 to 80
Mahu2021: calls 40
*** FLOP *** [Td Qc 5s]
Mahu2021: checks 
IljaSir: bets 40
Mahu2021: folds 
Uncalled bet (40) returned to IljaSir
IljaSir collected 160 from pot
IljaSir: doesn't show hand 
*** SUMMARY ***
Total pot 160 | Rake 0 
Board [Td Qc 5s]
Seat 2: IljaSir (button) (small blind) collected (160)
Seat 3: Mahu2021 (big blind) folded on the Flop



PokerStars Hand #245110848334: Tournament #3624552504, $0.92+$0.08 USD Hold'em No Limit - Level III (20/40) - 2023/07/30 21:55:58 CET [2023/07/30 15:55:58 ET]
Table '3624552504 1' 3-max Seat #3 is the button
Seat 2: IljaSir (780 in chips) 
Seat 3: Mahu2021 (720 in chips) 
Mahu2021: posts small blind 20
IljaSir: posts big blind 40
*** HOLE CARDS ***
Dealt to Mahu2021 [Ts Ah]
Mahu2021: raises 40 to 80
IljaSir: calls 40
*** FLOP *** [3h 2s 2d]
IljaSir: checks 
Mahu2021: bets 160
IljaSir: folds 
Uncalled bet (160) returned to Mahu2021
Mahu2021 collected 160 from pot
Mahu2021: doesn't show hand 
*** SUMMARY ***
Total pot 160 | Rake 0 
Board [3h 2s 2d]
Seat 2: IljaSir (big blind) folded on the Flop
Seat 3: Mahu2021 (button) (small blind) collected (160)



PokerStars Hand #245110851098: Tournament #3624552504, $0.92+$0.08 USD Hold'em No Limit - Level III (20/40) - 2023/07/30 21:56:10 CET [2023/07/30 15:56:10 ET]
Table '3624552504 1' 3-max Seat #2 is the button
Seat 2: IljaSir (700 in chips) 
Seat 3: Mahu2021 (800 in chips) 
IljaSir: posts small blind 20
Mahu2021: posts big blind 40
*** HOLE CARDS ***
Dealt to Mahu2021 [Qc Kh]
IljaSir: calls 20
Mahu2021: checks 
*** FLOP *** [4d 6h 2s]
Mahu2021: checks 
IljaSir: bets 40
Mahu2021: folds 
Uncalled bet (40) returned to IljaSir
IljaSir collected 80 from pot
IljaSir: doesn't show hand 
*** SUMMARY ***
Total pot 80 | Rake 0 
Board [4d 6h 2s]
Seat 2: IljaSir (button) (small blind) collected (80)
Seat 3: Mahu2021 (big blind) folded on the Flop



PokerStars Hand #245110853767: Tournament #3624552504, $0.92+$0.08 USD Hold'em No Limit - Level III (20/40) - 2023/07/30 21:56:21 CET [2023/07/30 15:56:21 ET]
Table '3624552504 1' 3-max Seat #3 is the button
Seat 2: IljaSir (740 in chips) 
Seat 3: Mahu2021 (760 in chips) 
Mahu2021: posts small blind 20
IljaSir: posts big blind 40
*** HOLE CARDS ***
Dealt to Mahu2021 [5d Kc]
Mahu2021: calls 20
IljaSir: checks 
*** FLOP *** [2s Qc 8s]
IljaSir: checks 
Mahu2021: checks 
*** TURN *** [2s Qc 8s] [As]
IljaSir: checks 
Mahu2021: bets 40
IljaSir: calls 40
*** RIVER *** [2s Qc 8s As] [3d]
IljaSir: checks 
Mahu2021: checks 
*** SHOW DOWN ***
IljaSir: shows [7c Kh] (high card Ace)
Mahu2021: mucks hand 
IljaSir collected 160 from pot
*** SUMMARY ***
Total pot 160 | Rake 0 
Board [2s Qc 8s As 3d]
Seat 2: IljaSir (big blind) showed [7c Kh] and won (160) with high card Ace
Seat 3: Mahu2021 (button) (small blind) mucked [5d Kc]



PokerStars Hand #245110858511: Tournament #3624552504, $0.92+$0.08 USD Hold'em No Limit - Level III (20/40) - 2023/07/30 21:56:40 CET [2023/07/30 15:56:40 ET]
Table '3624552504 1' 3-max Seat #2 is the button
Seat 2: IljaSir (820 in chips) 
Seat 3: Mahu2021 (680 in chips) 
IljaSir: posts small blind 20
Mahu2021: posts big blind 40
*** HOLE CARDS ***
Dealt to Mahu2021 [3c 2c]
IljaSir: calls 20
Mahu2021: checks 
*** FLOP *** [8d 8c Tc]
Mahu2021: checks 
IljaSir: bets 40
Mahu2021: calls 40
*** TURN *** [8d 8c Tc] [6d]
Mahu2021: checks 
IljaSir: checks 
*** RIVER *** [8d 8c Tc 6d] [Ad]
Mahu2021: checks 
IljaSir: checks 
*** SHOW DOWN ***
Mahu2021: shows [3c 2c] (a pair of Eights)
IljaSir: shows [5d 6h] (two pair, Eights and Sixes)
IljaSir collected 160 from pot
*** SUMMARY ***
Total pot 160 | Rake 0 
Board [8d 8c Tc 6d Ad]
Seat 2: IljaSir (button) (small blind) showed [5d 6h] and won (160) with two pair, Eights and Sixes
Seat 3: Mahu2021 (big blind) showed [3c 2c] and lost with a pair of Eights



PokerStars Hand #245110863336: Tournament #3624552504, $0.92+$0.08 USD Hold'em No Limit - Level III (20/40) - 2023/07/30 21:57:00 CET [2023/07/30 15:57:00 ET]
Table '3624552504 1' 3-max Seat #3 is the button
Seat 2: IljaSir (900 in chips) 
Seat 3: Mahu2021 (600 in chips) 
Mahu2021: posts small blind 20
IljaSir: posts big blind 40
*** HOLE CARDS ***
Dealt to Mahu2021 [4h Ac]
Mahu2021: raises 40 to 80
IljaSir: raises 820 to 900 and is all-in
Mahu2021: folds 
Uncalled bet (820) returned to IljaSir
IljaSir collected 160 from pot
IljaSir: doesn't show hand 
*** SUMMARY ***
Total pot 160 | Rake 0 
Seat 2: IljaSir (big blind) collected (160)
Seat 3: Mahu2021 (button) (small blind) folded before Flop



PokerStars Hand #245110865608: Tournament #3624552504, $0.92+$0.08 USD Hold'em No Limit - Level III (20/40) - 2023/07/30 21:57:09 CET [2023/07/30 15:57:09 ET]
Table '3624552504 1' 3-max Seat #2 is the button
Seat 2: IljaSir (980 in chips) 
Seat 3: Mahu2021 (520 in chips) 
IljaSir: posts small blind 20
Mahu2021: posts big blind 40
*** HOLE CARDS ***
Dealt to Mahu2021 [2s 9c]
IljaSir: calls 20
Mahu2021: checks 
*** FLOP *** [4c 5h 3s]
Mahu2021: bets 80
IljaSir: folds 
Uncalled bet (80) returned to Mahu2021
Mahu2021 collected 80 from pot
Mahu2021: doesn't show hand 
*** SUMMARY ***
Total pot 80 | Rake 0 
Board [4c 5h 3s]
Seat 2: IljaSir (button) (small blind) folded on the Flop
Seat 3: Mahu2021 (big blind) collected (80)



PokerStars Hand #245110870597: Tournament #3624552504, $0.92+$0.08 USD Hold'em No Limit - Level III (20/40) - 2023/07/30 21:57:30 CET [2023/07/30 15:57:30 ET]
Table '3624552504 1' 3-max Seat #3 is the button
Seat 2: IljaSir (940 in chips) 
Seat 3: Mahu2021 (560 in chips) 
Mahu2021: posts small blind 20
IljaSir: posts big blind 40
*** HOLE CARDS ***
Dealt to Mahu2021 [9c 8c]
Mahu2021: raises 40 to 80
IljaSir: calls 40
*** FLOP *** [Td Kh 6h]
IljaSir: checks 
Mahu2021: checks 
*** TURN *** [Td Kh 6h] [Qc]
IljaSir: checks 
Mahu2021: bets 80
IljaSir: calls 80
*** RIVER *** [Td Kh 6h Qc] [2c]
IljaSir: checks 
Mahu2021: bets 400 and is all-in
IljaSir: folds 
Uncalled bet (400) returned to Mahu2021
Mahu2021 collected 320 from pot
Mahu2021: doesn't show hand 
*** SUMMARY ***
Total pot 320 | Rake 0 
Board [Td Kh 6h Qc 2c]
Seat 2: IljaSir (big blind) folded on the River
Seat 3: Mahu2021 (button) (small blind) collected (320)



PokerStars Hand #245110877267: Tournament #3624552504, $0.92+$0.08 USD Hold'em No Limit - Level IV (30/60) - 2023/07/30 21:57:57 CET [2023/07/30 15:57:57 ET]
Table '3624552504 1' 3-max Seat #2 is the button
Seat 2: IljaSir (780 in chips) 
Seat 3: Mahu2021 (720 in chips) 
IljaSir: posts small blind 30
Mahu2021: posts big blind 60
*** HOLE CARDS ***
Dealt to Mahu2021 [Ac 3d]
IljaSir: calls 30
Mahu2021: checks 
*** FLOP *** [3h 4s 6d]
Mahu2021: checks 
IljaSir: bets 60
Mahu2021: calls 60
*** TURN *** [3h 4s 6d] [7c]
Mahu2021: checks 
IljaSir: checks 
*** RIVER *** [3h 4s 6d 7c] [Kd]
Mahu2021: checks 
IljaSir: checks 
*** SHOW DOWN ***
Mahu2021: shows [Ac 3d] (a pair of Threes)
IljaSir: shows [6h Tc] (a pair of Sixes)
IljaSir collected 240 from pot
*** SUMMARY ***
Total pot 240 | Rake 0 
Board [3h 4s 6d 7c Kd]
Seat 2: IljaSir (button) (small blind) showed [6h Tc] and won (240) with a pair of Sixes
Seat 3: Mahu2021 (big blind) showed [Ac 3d] and lost with a pair of Threes



PokerStars Hand #245110882661: Tournament #3624552504, $0.92+$0.08 USD Hold'em No Limit - Level IV (30/60) - 2023/07/30 21:58:19 CET [2023/07/30 15:58:19 ET]
Table '3624552504 1' 3-max Seat #3 is the button
Seat 2: IljaSir (900 in chips) 
Seat 3: Mahu2021 (600 in chips) 
Mahu2021: posts small blind 30
IljaSir: posts big blind 60
*** HOLE CARDS ***
Dealt to Mahu2021 [Ad Js]
Mahu2021: raises 120 to 180
IljaSir: folds 
Uncalled bet (120) returned to Mahu2021
Mahu2021 collected 120 from pot
Mahu2021: doesn't show hand 
*** SUMMARY ***
Total pot 120 | Rake 0 
Seat 2: IljaSir (big blind) folded before Flop
Seat 3: Mahu2021 (button) (small blind) collected (120)



PokerStars Hand #245110884669: Tournament #3624552504, $0.92+$0.08 USD Hold'em No Limit - Level IV (30/60) - 2023/07/30 21:58:27 CET [2023/07/30 15:58:27 ET]
Table '3624552504 1' 3-max Seat #2 is the button
Seat 2: IljaSir (840 in chips) 
Seat 3: Mahu2021 (660 in chips) 
IljaSir: posts small blind 30
Mahu2021: posts big blind 60
*** HOLE CARDS ***
Dealt to Mahu2021 [Jh 7h]
IljaSir: calls 30
Mahu2021: checks 
*** FLOP *** [4h Td Qh]
Mahu2021: bets 120
IljaSir: calls 120
*** TURN *** [4h Td Qh] [Jc]
Mahu2021: checks 
IljaSir: checks 
*** RIVER *** [4h Td Qh Jc] [Qs]
Mahu2021: bets 360
IljaSir: calls 360
*** SHOW DOWN ***
Mahu2021: shows [Jh 7h] (two pair, Queens and Jacks)
IljaSir: shows [Js 8s] (two pair, Queens and Jacks)
Mahu2021 collected 540 from pot
IljaSir collected 540 from pot
*** SUMMARY ***
Total pot 1080 | Rake 0 
Board [4h Td Qh Jc Qs]
Seat 2: IljaSir (button) (small blind) showed [Js 8s] and won (540) with two pair, Queens and Jacks
Seat 3: Mahu2021 (big blind) showed [Jh 7h] and won (540) with two pair, Queens and Jacks



PokerStars Hand #245110892524: Tournament #3624552504, $0.92+$0.08 USD Hold'em No Limit - Level IV (30/60) - 2023/07/30 21:58:58 CET [2023/07/30 15:58:58 ET]
Table '3624552504 1' 3-max Seat #3 is the button
Seat 2: IljaSir (840 in chips) 
Seat 3: Mahu2021 (660 in chips) 
Mahu2021: posts small blind 30
IljaSir: posts big blind 60
*** HOLE CARDS ***
Dealt to Mahu2021 [Js 4d]
Mahu2021: folds 
Uncalled bet (30) returned to IljaSir
IljaSir collected 60 from pot
IljaSir: doesn't show hand 
*** SUMMARY ***
Total pot 60 | Rake 0 
Seat 2: IljaSir (big blind) collected (60)
Seat 3: Mahu2021 (button) (small blind) folded before Flop



PokerStars Hand #245110893668: Tournament #3624552504, $0.92+$0.08 USD Hold'em No Limit - Level IV (30/60) - 2023/07/30 21:59:02 CET [2023/07/30 15:59:02 ET]
Table '3624552504 1' 3-max Seat #2 is the button
Seat 2: IljaSir (870 in chips) 
Seat 3: Mahu2021 (630 in chips) 
IljaSir: posts small blind 30
Mahu2021: posts big blind 60
*** HOLE CARDS ***
Dealt to Mahu2021 [Ad Tc]
IljaSir: calls 30
Mahu2021: raises 120 to 180
IljaSir: calls 120
*** FLOP *** [8h 2c Th]
Mahu2021: bets 450 and is all-in
IljaSir: calls 450
*** TURN *** [8h 2c Th] [4h]
*** RIVER *** [8h 2c Th 4h] [4c]
*** SHOW DOWN ***
Mahu2021: shows [Ad Tc] (two pair, Tens and Fours)
IljaSir: shows [Qd Ts] (two pair, Tens and Fours - lower kicker)
Mahu2021 collected 1260 from pot
*** SUMMARY ***
Total pot 1260 | Rake 0 
Board [8h 2c Th 4h 4c]
Seat 2: IljaSir (button) (small blind) showed [Qd Ts] and lost with two pair, Tens and Fours
Seat 3: Mahu2021 (big blind) showed [Ad Tc] and won (1260) with two pair, Tens and Fours



PokerStars Hand #245110898323: Tournament #3624552504, $0.92+$0.08 USD Hold'em No Limit - Level IV (30/60) - 2023/07/30 21:59:21 CET [2023/07/30 15:59:21 ET]
Table '3624552504 1' 3-max Seat #3 is the button
Seat 2: IljaSir (240 in chips) 
Seat 3: Mahu2021 (1260 in chips) 
Mahu2021: posts small blind 30
IljaSir: posts big blind 60
*** HOLE CARDS ***
Dealt to Mahu2021 [3h Ac]
Mahu2021: raises 180 to 240
IljaSir: calls 180 and is all-in
*** FLOP *** [8s 9d Tc]
*** TURN *** [8s 9d Tc] [4s]
*** RIVER *** [8s 9d Tc 4s] [Qh]
*** SHOW DOWN ***
IljaSir: shows [2d As] (high card Ace)
Mahu2021: shows [3h Ac] (high card Ace)
IljaSir collected 240 from pot
Mahu2021 collected 240 from pot
*** SUMMARY ***
Total pot 480 | Rake 0 
Board [8s 9d Tc 4s Qh]
Seat 2: IljaSir (big blind) showed [2d As] and won (240) with high card Ace
Seat 3: Mahu2021 (button) (small blind) showed [3h Ac] and won (240) with high card Ace



PokerStars Hand #245110901553: Tournament #3624552504, $0.92+$0.08 USD Hold'em No Limit - Level IV (30/60) - 2023/07/30 21:59:34 CET [2023/07/30 15:59:34 ET]
Table '3624552504 1' 3-max Seat #2 is the button
Seat 2: IljaSir (240 in chips) 
Seat 3: Mahu2021 (1260 in chips) 
IljaSir: posts small blind 30
Mahu2021: posts big blind 60
*** HOLE CARDS ***
Dealt to Mahu2021 [6d 4s]
IljaSir: folds 
Uncalled bet (30) returned to Mahu2021
Mahu2021 collected 60 from pot
Mahu2021: doesn't show hand 
*** SUMMARY ***
Total pot 60 | Rake 0 
Seat 2: IljaSir (button) (small blind) folded before Flop
Seat 3: Mahu2021 (big blind) collected (60)



PokerStars Hand #245110902651: Tournament #3624552504, $0.92+$0.08 USD Hold'em No Limit - Level IV (30/60) - 2023/07/30 21:59:38 CET [2023/07/30 15:59:38 ET]
Table '3624552504 1' 3-max Seat #3 is the button
Seat 2: IljaSir (210 in chips) 
Seat 3: Mahu2021 (1290 in chips) 
Mahu2021: posts small blind 30
IljaSir: posts big blind 60
*** HOLE CARDS ***
Dealt to Mahu2021 [3c 3h]
Mahu2021: raises 180 to 240
IljaSir: calls 150 and is all-in
Uncalled bet (30) returned to Mahu2021
*** FLOP *** [7s 8d Qd]
*** TURN *** [7s 8d Qd] [As]
*** RIVER *** [7s 8d Qd As] [8c]
*** SHOW DOWN ***
IljaSir: shows [5s Kd] (a pair of Eights)
Mahu2021: shows [3c 3h] (two pair, Eights and Threes)
Mahu2021 collected 420 from pot
IljaSir finished the tournament in 2nd place
Mahu2021 wins the tournament and receives $3.00 - congratulations!
*** SUMMARY ***
Total pot 420 | Rake 0 
Board [7s 8d Qd As 8c]
Seat 2: IljaSir (big blind) showed [5s Kd] and lost with a pair of Eights
Seat 3: Mahu2021 (button) (small blind) showed [3c 3h] and won (420) with two pair, Eights and Threes



