PokerStars Hand #248591676976: Tournament #3708988271, $1.84+$0.16 USD Hold'em No Limit - Level I (10/20) - 2024/01/30 22:32:13 CET [2024/01/30 16:32:13 ET]
Table '3708988271 1' 3-max Seat #1 is the button
Seat 1: dumbestdog (500 in chips) 
Seat 2: pela.170494 (500 in chips) 
Seat 3: Mahu2021 (500 in chips) 
pela.170494: posts small blind 10
Mahu2021: posts big blind 20
*** HOLE CARDS ***
Dealt to Mahu2021 [4s As]
dumbestdog: folds 
pela.170494: folds 
Uncalled bet (10) returned to Mahu2021
Mahu2021 collected 20 from pot
Mahu2021: doesn't show hand 
*** SUMMARY ***
Total pot 20 | Rake 0 
Seat 1: dumbestdog (button) folded before Flop (didn't bet)
Seat 2: pela.170494 (small blind) folded before Flop
Seat 3: Mahu2021 (big blind) collected (20)



PokerStars Hand #248591678949: Tournament #3708988271, $1.84+$0.16 USD Hold'em No Limit - Level I (10/20) - 2024/01/30 22:32:18 CET [2024/01/30 16:32:18 ET]
Table '3708988271 1' 3-max Seat #2 is the button
Seat 1: dumbestdog (500 in chips) 
Seat 2: pela.170494 (490 in chips) 
Seat 3: Mahu2021 (510 in chips) 
Mahu2021: posts small blind 10
dumbestdog: posts big blind 20
*** HOLE CARDS ***
Dealt to Mahu2021 [Ah 8h]
pela.170494: folds 
Mahu2021: raises 20 to 40
dumbestdog: calls 20
*** FLOP *** [5h 9h 9c]
Mahu2021: bets 40
dumbestdog: calls 40
*** TURN *** [5h 9h 9c] [Qd]
Mahu2021: checks 
dumbestdog: bets 160
Mahu2021: folds 
Uncalled bet (160) returned to dumbestdog
dumbestdog collected 160 from pot
dumbestdog: doesn't show hand 
*** SUMMARY ***
Total pot 160 | Rake 0 
Board [5h 9h 9c Qd]
Seat 1: dumbestdog (big blind) collected (160)
Seat 2: pela.170494 (button) folded before Flop (didn't bet)
Seat 3: Mahu2021 (small blind) folded on the Turn



PokerStars Hand #248591691687: Tournament #3708988271, $1.84+$0.16 USD Hold'em No Limit - Level I (10/20) - 2024/01/30 22:32:51 CET [2024/01/30 16:32:51 ET]
Table '3708988271 1' 3-max Seat #3 is the button
Seat 1: dumbestdog (580 in chips) 
Seat 2: pela.170494 (490 in chips) 
Seat 3: Mahu2021 (430 in chips) 
dumbestdog: posts small blind 10
pela.170494: posts big blind 20
*** HOLE CARDS ***
Dealt to Mahu2021 [3c 4d]
Mahu2021: folds 
dumbestdog: folds 
Uncalled bet (10) returned to pela.170494
pela.170494 collected 20 from pot
pela.170494: doesn't show hand 
*** SUMMARY ***
Total pot 20 | Rake 0 
Seat 1: dumbestdog (small blind) folded before Flop
Seat 2: pela.170494 (big blind) collected (20)
Seat 3: Mahu2021 (button) folded before Flop (didn't bet)



PokerStars Hand #248591693791: Tournament #3708988271, $1.84+$0.16 USD Hold'em No Limit - Level I (10/20) - 2024/01/30 22:32:57 CET [2024/01/30 16:32:57 ET]
Table '3708988271 1' 3-max Seat #1 is the button
Seat 1: dumbestdog (570 in chips) 
Seat 2: pela.170494 (500 in chips) 
Seat 3: Mahu2021 (430 in chips) 
pela.170494: posts small blind 10
Mahu2021: posts big blind 20
*** HOLE CARDS ***
Dealt to Mahu2021 [Jc 6d]
dumbestdog: raises 50 to 70
pela.170494: raises 430 to 500 and is all-in
Mahu2021: folds 
dumbestdog: calls 430
*** FLOP *** [Tc 6c 2h]
*** TURN *** [Tc 6c 2h] [8d]
*** RIVER *** [Tc 6c 2h 8d] [8s]
*** SHOW DOWN ***
pela.170494: shows [6h 6s] (a full house, Sixes full of Eights)
dumbestdog: shows [Ah Kd] (a pair of Eights)
pela.170494 collected 1020 from pot
*** SUMMARY ***
Total pot 1020 | Rake 0 
Board [Tc 6c 2h 8d 8s]
Seat 1: dumbestdog (button) showed [Ah Kd] and lost with a pair of Eights
Seat 2: pela.170494 (small blind) showed [6h 6s] and won (1020) with a full house, Sixes full of Eights
Seat 3: Mahu2021 (big blind) folded before Flop



PokerStars Hand #248591700964: Tournament #3708988271, $1.84+$0.16 USD Hold'em No Limit - Level I (10/20) - 2024/01/30 22:33:16 CET [2024/01/30 16:33:16 ET]
Table '3708988271 1' 3-max Seat #2 is the button
Seat 1: dumbestdog (70 in chips) 
Seat 2: pela.170494 (1020 in chips) 
Seat 3: Mahu2021 (410 in chips) 
Mahu2021: posts small blind 10
dumbestdog: posts big blind 20
*** HOLE CARDS ***
Dealt to Mahu2021 [7s 5d]
pela.170494 has timed out
pela.170494: folds 
pela.170494 is sitting out
Mahu2021: folds 
Uncalled bet (10) returned to dumbestdog
pela.170494 has returned
dumbestdog collected 20 from pot
dumbestdog: doesn't show hand 
*** SUMMARY ***
Total pot 20 | Rake 0 
Seat 1: dumbestdog (big blind) collected (20)
Seat 2: pela.170494 (button) folded before Flop (didn't bet)
Seat 3: Mahu2021 (small blind) folded before Flop



PokerStars Hand #248591706814: Tournament #3708988271, $1.84+$0.16 USD Hold'em No Limit - Level I (10/20) - 2024/01/30 22:33:31 CET [2024/01/30 16:33:31 ET]
Table '3708988271 1' 3-max Seat #3 is the button
Seat 1: dumbestdog (80 in chips) 
Seat 2: pela.170494 (1020 in chips) 
Seat 3: Mahu2021 (400 in chips) 
dumbestdog: posts small blind 10
pela.170494: posts big blind 20
*** HOLE CARDS ***
Dealt to Mahu2021 [Ah 5d]
Mahu2021: calls 20
dumbestdog: raises 60 to 80 and is all-in
pela.170494: folds 
Mahu2021: calls 60
*** FLOP *** [7h 3h Qd]
*** TURN *** [7h 3h Qd] [6d]
*** RIVER *** [7h 3h Qd 6d] [3s]
*** SHOW DOWN ***
dumbestdog: shows [8h Tc] (a pair of Threes)
Mahu2021: shows [Ah 5d] (a pair of Threes - Ace kicker)
Mahu2021 collected 180 from pot
dumbestdog finished the tournament in 3rd place
*** SUMMARY ***
Total pot 180 | Rake 0 
Board [7h 3h Qd 6d 3s]
Seat 1: dumbestdog (small blind) showed [8h Tc] and lost with a pair of Threes
Seat 2: pela.170494 (big blind) folded before Flop
Seat 3: Mahu2021 (button) showed [Ah 5d] and won (180) with a pair of Threes



PokerStars Hand #248591715586: Tournament #3708988271, $1.84+$0.16 USD Hold'em No Limit - Level I (10/20) - 2024/01/30 22:33:54 CET [2024/01/30 16:33:54 ET]
Table '3708988271 1' 3-max Seat #2 is the button
Seat 2: pela.170494 (1000 in chips) 
Seat 3: Mahu2021 (500 in chips) 
pela.170494: posts small blind 10
Mahu2021: posts big blind 20
*** HOLE CARDS ***
Dealt to Mahu2021 [Jh 7s]
pela.170494: raises 20 to 40
Mahu2021: calls 20
*** FLOP *** [9s 5s Tc]
Mahu2021: checks 
pela.170494: bets 40
Mahu2021: folds 
Uncalled bet (40) returned to pela.170494
pela.170494 collected 80 from pot
pela.170494: doesn't show hand 
*** SUMMARY ***
Total pot 80 | Rake 0 
Board [9s 5s Tc]
Seat 2: pela.170494 (button) (small blind) collected (80)
Seat 3: Mahu2021 (big blind) folded on the Flop



PokerStars Hand #248591722312: Tournament #3708988271, $1.84+$0.16 USD Hold'em No Limit - Level I (10/20) - 2024/01/30 22:34:12 CET [2024/01/30 16:34:12 ET]
Table '3708988271 1' 3-max Seat #3 is the button
Seat 2: pela.170494 (1040 in chips) 
Seat 3: Mahu2021 (460 in chips) 
Mahu2021: posts small blind 10
pela.170494: posts big blind 20
*** HOLE CARDS ***
Dealt to Mahu2021 [9h 6d]
Mahu2021: folds 
Uncalled bet (10) returned to pela.170494
pela.170494 collected 20 from pot
pela.170494: doesn't show hand 
*** SUMMARY ***
Total pot 20 | Rake 0 
Seat 2: pela.170494 (big blind) collected (20)
Seat 3: Mahu2021 (button) (small blind) folded before Flop



PokerStars Hand #248591725080: Tournament #3708988271, $1.84+$0.16 USD Hold'em No Limit - Level II (15/30) - 2024/01/30 22:34:19 CET [2024/01/30 16:34:19 ET]
Table '3708988271 1' 3-max Seat #2 is the button
Seat 2: pela.170494 (1050 in chips) 
Seat 3: Mahu2021 (450 in chips) 
pela.170494: posts small blind 15
Mahu2021: posts big blind 30
*** HOLE CARDS ***
Dealt to Mahu2021 [Td Ad]
pela.170494: calls 15
Mahu2021: raises 60 to 90
pela.170494: folds 
Uncalled bet (60) returned to Mahu2021
Mahu2021 collected 60 from pot
Mahu2021: doesn't show hand 
*** SUMMARY ***
Total pot 60 | Rake 0 
Seat 2: pela.170494 (button) (small blind) folded before Flop
Seat 3: Mahu2021 (big blind) collected (60)



PokerStars Hand #248591738073: Tournament #3708988271, $1.84+$0.16 USD Hold'em No Limit - Level II (15/30) - 2024/01/30 22:34:54 CET [2024/01/30 16:34:54 ET]
Table '3708988271 1' 3-max Seat #3 is the button
Seat 2: pela.170494 (1020 in chips) 
Seat 3: Mahu2021 (480 in chips) 
Mahu2021: posts small blind 15
pela.170494: posts big blind 30
*** HOLE CARDS ***
Dealt to Mahu2021 [Tc 5s]
Mahu2021: folds 
Uncalled bet (15) returned to pela.170494
pela.170494 collected 30 from pot
pela.170494: doesn't show hand 
*** SUMMARY ***
Total pot 30 | Rake 0 
Seat 2: pela.170494 (big blind) collected (30)
Seat 3: Mahu2021 (button) (small blind) folded before Flop



PokerStars Hand #248591739768: Tournament #3708988271, $1.84+$0.16 USD Hold'em No Limit - Level II (15/30) - 2024/01/30 22:34:58 CET [2024/01/30 16:34:58 ET]
Table '3708988271 1' 3-max Seat #2 is the button
Seat 2: pela.170494 (1035 in chips) 
Seat 3: Mahu2021 (465 in chips) 
pela.170494: posts small blind 15
Mahu2021: posts big blind 30
*** HOLE CARDS ***
Dealt to Mahu2021 [2s Td]
pela.170494: raises 30 to 60
Mahu2021: folds 
Uncalled bet (30) returned to pela.170494
pela.170494 collected 60 from pot
pela.170494: doesn't show hand 
*** SUMMARY ***
Total pot 60 | Rake 0 
Seat 2: pela.170494 (button) (small blind) collected (60)
Seat 3: Mahu2021 (big blind) folded before Flop



PokerStars Hand #248591742990: Tournament #3708988271, $1.84+$0.16 USD Hold'em No Limit - Level II (15/30) - 2024/01/30 22:35:07 CET [2024/01/30 16:35:07 ET]
Table '3708988271 1' 3-max Seat #3 is the button
Seat 2: pela.170494 (1065 in chips) 
Seat 3: Mahu2021 (435 in chips) 
Mahu2021: posts small blind 15
pela.170494: posts big blind 30
*** HOLE CARDS ***
Dealt to Mahu2021 [6d 4s]
Mahu2021: folds 
Uncalled bet (15) returned to pela.170494
pela.170494 collected 30 from pot
pela.170494: doesn't show hand 
*** SUMMARY ***
Total pot 30 | Rake 0 
Seat 2: pela.170494 (big blind) collected (30)
Seat 3: Mahu2021 (button) (small blind) folded before Flop



PokerStars Hand #248591744748: Tournament #3708988271, $1.84+$0.16 USD Hold'em No Limit - Level II (15/30) - 2024/01/30 22:35:11 CET [2024/01/30 16:35:11 ET]
Table '3708988271 1' 3-max Seat #2 is the button
Seat 2: pela.170494 (1080 in chips) 
Seat 3: Mahu2021 (420 in chips) 
pela.170494: posts small blind 15
Mahu2021: posts big blind 30
*** HOLE CARDS ***
Dealt to Mahu2021 [4h 4s]
pela.170494: raises 30 to 60
Mahu2021: raises 360 to 420 and is all-in
pela.170494: calls 360
*** FLOP *** [Jd 9d 9s]
*** TURN *** [Jd 9d 9s] [Kc]
*** RIVER *** [Jd 9d 9s Kc] [9h]
*** SHOW DOWN ***
Mahu2021: shows [4h 4s] (a full house, Nines full of Fours)
pela.170494: shows [8d 8s] (a full house, Nines full of Eights)
pela.170494 collected 840 from pot
Mahu2021 finished the tournament in 2nd place
pela.170494 wins the tournament and receives $4.00 - congratulations!
*** SUMMARY ***
Total pot 840 | Rake 0 
Board [Jd 9d 9s Kc 9h]
Seat 2: pela.170494 (button) (small blind) showed [8d 8s] and won (840) with a full house, Nines full of Eights
Seat 3: Mahu2021 (big blind) showed [4h 4s] and lost with a full house, Nines full of Fours



