PokerStars Hand #252384406078: Tournament #3798959580, $1.84+$0.16 USD Hold'em No Limit - Level I (10/20) - 2024/09/10 20:47:35 CET [2024/09/10 14:47:35 ET]
Table '3798959580 1' 3-max Seat #1 is the button
Seat 1: Marvelius76 (500 in chips) 
Seat 2: mlucasl97 (500 in chips) 
Seat 3: Mahu2021 (500 in chips) 
mlucasl97: posts small blind 10
Mahu2021: posts big blind 20
*** HOLE CARDS ***
Dealt to Mahu2021 [3s 8h]
Marvelius76: raises 20 to 40
mlucasl97: folds 
Mahu2021: folds 
Uncalled bet (20) returned to Marvelius76
Marvelius76 collected 50 from pot
*** SUMMARY ***
Total pot 50 | Rake 0 
Seat 1: Marvelius76 (button) collected (50)
Seat 2: mlucasl97 (small blind) folded before Flop
Seat 3: Mahu2021 (big blind) folded before Flop



PokerStars Hand #252384408785: Tournament #3798959580, $1.84+$0.16 USD Hold'em No Limit - Level I (10/20) - 2024/09/10 20:47:44 CET [2024/09/10 14:47:44 ET]
Table '3798959580 1' 3-max Seat #2 is the button
Seat 1: Marvelius76 (530 in chips) 
Seat 2: mlucasl97 (490 in chips) 
Seat 3: Mahu2021 (480 in chips) 
Mahu2021: posts small blind 10
Marvelius76: posts big blind 20
*** HOLE CARDS ***
Dealt to Mahu2021 [8d 3c]
mlucasl97: folds 
Mahu2021: folds 
Uncalled bet (10) returned to Marvelius76
Marvelius76 collected 20 from pot
*** SUMMARY ***
Total pot 20 | Rake 0 
Seat 1: Marvelius76 (big blind) collected (20)
Seat 2: mlucasl97 (button) folded before Flop (didn't bet)
Seat 3: Mahu2021 (small blind) folded before Flop



PokerStars Hand #252384410736: Tournament #3798959580, $1.84+$0.16 USD Hold'em No Limit - Level I (10/20) - 2024/09/10 20:47:50 CET [2024/09/10 14:47:50 ET]
Table '3798959580 1' 3-max Seat #3 is the button
Seat 1: Marvelius76 (540 in chips) 
Seat 2: mlucasl97 (490 in chips) 
Seat 3: Mahu2021 (470 in chips) 
Marvelius76: posts small blind 10
mlucasl97: posts big blind 20
*** HOLE CARDS ***
Dealt to Mahu2021 [7c 3c]
Mahu2021: folds 
Marvelius76: folds 
Uncalled bet (10) returned to mlucasl97
mlucasl97 collected 20 from pot
*** SUMMARY ***
Total pot 20 | Rake 0 
Seat 1: Marvelius76 (small blind) folded before Flop
Seat 2: mlucasl97 (big blind) collected (20)
Seat 3: Mahu2021 (button) folded before Flop (didn't bet)



PokerStars Hand #252384412780: Tournament #3798959580, $1.84+$0.16 USD Hold'em No Limit - Level I (10/20) - 2024/09/10 20:47:56 CET [2024/09/10 14:47:56 ET]
Table '3798959580 1' 3-max Seat #1 is the button
Seat 1: Marvelius76 (530 in chips) 
Seat 2: mlucasl97 (500 in chips) 
Seat 3: Mahu2021 (470 in chips) 
mlucasl97: posts small blind 10
Mahu2021: posts big blind 20
*** HOLE CARDS ***
Dealt to Mahu2021 [6c 5h]
Marvelius76: folds 
mlucasl97: raises 80 to 100
Mahu2021: folds 
Uncalled bet (80) returned to mlucasl97
mlucasl97 collected 40 from pot
*** SUMMARY ***
Total pot 40 | Rake 0 
Seat 1: Marvelius76 (button) folded before Flop (didn't bet)
Seat 2: mlucasl97 (small blind) collected (40)
Seat 3: Mahu2021 (big blind) folded before Flop



PokerStars Hand #252384415989: Tournament #3798959580, $1.84+$0.16 USD Hold'em No Limit - Level I (10/20) - 2024/09/10 20:48:07 CET [2024/09/10 14:48:07 ET]
Table '3798959580 1' 3-max Seat #2 is the button
Seat 1: Marvelius76 (530 in chips) 
Seat 2: mlucasl97 (520 in chips) 
Seat 3: Mahu2021 (450 in chips) 
Mahu2021: posts small blind 10
Marvelius76: posts big blind 20
*** HOLE CARDS ***
Dealt to Mahu2021 [8h Ad]
mlucasl97: folds 
Mahu2021: raises 20 to 40
Marvelius76: calls 20
*** FLOP *** [2h Jd 7d]
Mahu2021: checks 
Marvelius76: checks 
*** TURN *** [2h Jd 7d] [Js]
Mahu2021: checks 
Marvelius76: checks 
*** RIVER *** [2h Jd 7d Js] [Th]
Mahu2021: bets 40
Marvelius76: folds 
Uncalled bet (40) returned to Mahu2021
Mahu2021 collected 80 from pot
Mahu2021: doesn't show hand 
*** SUMMARY ***
Total pot 80 | Rake 0 
Board [2h Jd 7d Js Th]
Seat 1: Marvelius76 (big blind) folded on the River
Seat 2: mlucasl97 (button) folded before Flop (didn't bet)
Seat 3: Mahu2021 (small blind) collected (80)



PokerStars Hand #252384421459: Tournament #3798959580, $1.84+$0.16 USD Hold'em No Limit - Level I (10/20) - 2024/09/10 20:48:24 CET [2024/09/10 14:48:24 ET]
Table '3798959580 1' 3-max Seat #3 is the button
Seat 1: Marvelius76 (490 in chips) 
Seat 2: mlucasl97 (520 in chips) 
Seat 3: Mahu2021 (490 in chips) 
Marvelius76: posts small blind 10
mlucasl97: posts big blind 20
*** HOLE CARDS ***
Dealt to Mahu2021 [4c 9h]
Mahu2021: folds 
Marvelius76: calls 10
mlucasl97: checks 
*** FLOP *** [Qd 4d 5h]
Marvelius76: checks 
mlucasl97: checks 
*** TURN *** [Qd 4d 5h] [Qs]
Marvelius76: checks 
mlucasl97: bets 20
Marvelius76: calls 20
*** RIVER *** [Qd 4d 5h Qs] [6d]
Marvelius76: checks 
mlucasl97: bets 80
Marvelius76: folds 
Uncalled bet (80) returned to mlucasl97
mlucasl97 collected 80 from pot
*** SUMMARY ***
Total pot 80 | Rake 0 
Board [Qd 4d 5h Qs 6d]
Seat 1: Marvelius76 (small blind) folded on the River
Seat 2: mlucasl97 (big blind) collected (80)
Seat 3: Mahu2021 (button) folded before Flop (didn't bet)



PokerStars Hand #252384428260: Tournament #3798959580, $1.84+$0.16 USD Hold'em No Limit - Level I (10/20) - 2024/09/10 20:48:45 CET [2024/09/10 14:48:45 ET]
Table '3798959580 1' 3-max Seat #1 is the button
Seat 1: Marvelius76 (450 in chips) 
Seat 2: mlucasl97 (560 in chips) 
Seat 3: Mahu2021 (490 in chips) 
mlucasl97: posts small blind 10
Mahu2021: posts big blind 20
*** HOLE CARDS ***
Dealt to Mahu2021 [Qh 7h]
Marvelius76: raises 50 to 70
mlucasl97: calls 60
Mahu2021: folds 
*** FLOP *** [4s 2s 2d]
mlucasl97: checks 
Marvelius76: checks 
*** TURN *** [4s 2s 2d] [Qd]
mlucasl97: checks 
Marvelius76: checks 
*** RIVER *** [4s 2s 2d Qd] [6s]
mlucasl97: bets 490 and is all-in
Marvelius76: folds 
Uncalled bet (490) returned to mlucasl97
mlucasl97 collected 160 from pot
*** SUMMARY ***
Total pot 160 | Rake 0 
Board [4s 2s 2d Qd 6s]
Seat 1: Marvelius76 (button) folded on the River
Seat 2: mlucasl97 (small blind) collected (160)
Seat 3: Mahu2021 (big blind) folded before Flop



PokerStars Hand #252384435831: Tournament #3798959580, $1.84+$0.16 USD Hold'em No Limit - Level I (10/20) - 2024/09/10 20:49:10 CET [2024/09/10 14:49:10 ET]
Table '3798959580 1' 3-max Seat #2 is the button
Seat 1: Marvelius76 (380 in chips) 
Seat 2: mlucasl97 (650 in chips) 
Seat 3: Mahu2021 (470 in chips) 
Mahu2021: posts small blind 10
Marvelius76: posts big blind 20
*** HOLE CARDS ***
Dealt to Mahu2021 [2s Kh]
mlucasl97: calls 20
Mahu2021: folds 
Marvelius76: raises 50 to 70
mlucasl97: calls 50
*** FLOP *** [Ts 4h 9d]
Marvelius76: checks 
mlucasl97: checks 
*** TURN *** [Ts 4h 9d] [6d]
Marvelius76: checks 
mlucasl97: checks 
*** RIVER *** [Ts 4h 9d 6d] [Js]
Marvelius76: checks 
mlucasl97: checks 
*** SHOW DOWN ***
Marvelius76: shows [7s 7d] (a pair of Sevens)
mlucasl97: mucks hand 
Marvelius76 collected 150 from pot
*** SUMMARY ***
Total pot 150 | Rake 0 
Board [Ts 4h 9d 6d Js]
Seat 1: Marvelius76 (big blind) showed [7s 7d] and won (150) with a pair of Sevens
Seat 2: mlucasl97 (button) mucked [Ad 6h]
Seat 3: Mahu2021 (small blind) folded before Flop



PokerStars Hand #252384443402: Tournament #3798959580, $1.84+$0.16 USD Hold'em No Limit - Level I (10/20) - 2024/09/10 20:49:34 CET [2024/09/10 14:49:34 ET]
Table '3798959580 1' 3-max Seat #3 is the button
Seat 1: Marvelius76 (460 in chips) 
Seat 2: mlucasl97 (580 in chips) 
Seat 3: Mahu2021 (460 in chips) 
Marvelius76: posts small blind 10
mlucasl97: posts big blind 20
*** HOLE CARDS ***
Dealt to Mahu2021 [Ts 5d]
Mahu2021: folds 
Marvelius76: calls 10
mlucasl97: checks 
*** FLOP *** [Td 8h Kc]
Marvelius76: checks 
mlucasl97: checks 
*** TURN *** [Td 8h Kc] [8s]
Marvelius76: checks 
mlucasl97: checks 
*** RIVER *** [Td 8h Kc 8s] [5s]
Marvelius76: checks 
mlucasl97: checks 
*** SHOW DOWN ***
Marvelius76: shows [6h Ac] (a pair of Eights)
mlucasl97: mucks hand 
Marvelius76 collected 40 from pot
*** SUMMARY ***
Total pot 40 | Rake 0 
Board [Td 8h Kc 8s 5s]
Seat 1: Marvelius76 (small blind) showed [6h Ac] and won (40) with a pair of Eights
Seat 2: mlucasl97 (big blind) mucked [6s Qc]
Seat 3: Mahu2021 (button) folded before Flop (didn't bet)



PokerStars Hand #252384451004: Tournament #3798959580, $1.84+$0.16 USD Hold'em No Limit - Level II (15/30) - 2024/09/10 20:49:59 CET [2024/09/10 14:49:59 ET]
Table '3798959580 1' 3-max Seat #1 is the button
Seat 1: Marvelius76 (480 in chips) 
Seat 2: mlucasl97 (560 in chips) 
Seat 3: Mahu2021 (460 in chips) 
mlucasl97: posts small blind 15
Mahu2021: posts big blind 30
*** HOLE CARDS ***
Dealt to Mahu2021 [7s 7c]
Marvelius76: folds 
mlucasl97: calls 15
Mahu2021: raises 430 to 460 and is all-in
mlucasl97: calls 430
*** FLOP *** [Ac 9h 6h]
*** TURN *** [Ac 9h 6h] [2c]
*** RIVER *** [Ac 9h 6h 2c] [Ts]
*** SHOW DOWN ***
mlucasl97: shows [As 4h] (a pair of Aces)
Mahu2021: shows [7s 7c] (a pair of Sevens)
mlucasl97 collected 920 from pot
Mahu2021 finished the tournament in 3rd place
*** SUMMARY ***
Total pot 920 | Rake 0 
Board [Ac 9h 6h 2c Ts]
Seat 1: Marvelius76 (button) folded before Flop (didn't bet)
Seat 2: mlucasl97 (small blind) showed [As 4h] and won (920) with a pair of Aces
Seat 3: Mahu2021 (big blind) showed [7s 7c] and lost with a pair of Sevens



