PokerStars Hand #247069206685: Tournament #3672289711, $1.84+$0.16 USD Hold'em No Limit - Level I (10/20) - 2023/11/12 17:43:32 CET [2023/11/12 11:43:32 ET]
Table '3672289711 1' 3-max Seat #1 is the button
Seat 1: cartofellord11 (500 in chips) 
Seat 2: Mahu2021 (500 in chips) 
Seat 3: snake_sebi (500 in chips) 
Mahu2021: posts small blind 10
snake_sebi: posts big blind 20
*** HOLE CARDS ***
Dealt to Mahu2021 [7s Js]
cartofellord11: folds 
Mahu2021: calls 10
snake_sebi: raises 40 to 60
Mahu2021: calls 40
*** FLOP *** [Kc 3d 7d]
Mahu2021: checks 
snake_sebi: bets 40
Mahu2021: calls 40
*** TURN *** [Kc 3d 7d] [7h]
Mahu2021: checks 
snake_sebi: checks 
*** RIVER *** [Kc 3d 7d 7h] [4c]
Mahu2021: bets 80
snake_sebi: calls 80
*** SHOW DOWN ***
Mahu2021: shows [7s Js] (three of a kind, Sevens)
snake_sebi: mucks hand 
Mahu2021 collected 360 from pot
*** SUMMARY ***
Total pot 360 | Rake 0 
Board [Kc 3d 7d 7h 4c]
Seat 1: cartofellord11 (button) folded before Flop (didn't bet)
Seat 2: Mahu2021 (small blind) showed [7s Js] and won (360) with three of a kind, Sevens
Seat 3: snake_sebi (big blind) mucked [Td Th]



PokerStars Hand #247069213954: Tournament #3672289711, $1.84+$0.16 USD Hold'em No Limit - Level I (10/20) - 2023/11/12 17:43:55 CET [2023/11/12 11:43:55 ET]
Table '3672289711 1' 3-max Seat #2 is the button
Seat 1: cartofellord11 (500 in chips) 
Seat 2: Mahu2021 (680 in chips) 
Seat 3: snake_sebi (320 in chips) 
snake_sebi: posts small blind 10
cartofellord11: posts big blind 20
*** HOLE CARDS ***
Dealt to Mahu2021 [Ts 2s]
Mahu2021: folds 
snake_sebi: folds 
Uncalled bet (10) returned to cartofellord11
cartofellord11 collected 20 from pot
*** SUMMARY ***
Total pot 20 | Rake 0 
Seat 1: cartofellord11 (big blind) collected (20)
Seat 2: Mahu2021 (button) folded before Flop (didn't bet)
Seat 3: snake_sebi (small blind) folded before Flop



PokerStars Hand #247069215646: Tournament #3672289711, $1.84+$0.16 USD Hold'em No Limit - Level I (10/20) - 2023/11/12 17:44:00 CET [2023/11/12 11:44:00 ET]
Table '3672289711 1' 3-max Seat #3 is the button
Seat 1: cartofellord11 (510 in chips) 
Seat 2: Mahu2021 (680 in chips) 
Seat 3: snake_sebi (310 in chips) 
cartofellord11: posts small blind 10
Mahu2021: posts big blind 20
*** HOLE CARDS ***
Dealt to Mahu2021 [Js Ks]
snake_sebi: raises 290 to 310 and is all-in
cartofellord11: folds 
Mahu2021: folds 
Uncalled bet (290) returned to snake_sebi
snake_sebi collected 50 from pot
snake_sebi: doesn't show hand 
*** SUMMARY ***
Total pot 50 | Rake 0 
Seat 1: cartofellord11 (small blind) folded before Flop
Seat 2: Mahu2021 (big blind) folded before Flop
Seat 3: snake_sebi (button) collected (50)



PokerStars Hand #247069220253: Tournament #3672289711, $1.84+$0.16 USD Hold'em No Limit - Level I (10/20) - 2023/11/12 17:44:15 CET [2023/11/12 11:44:15 ET]
Table '3672289711 1' 3-max Seat #1 is the button
Seat 1: cartofellord11 (500 in chips) 
Seat 2: Mahu2021 (660 in chips) 
Seat 3: snake_sebi (340 in chips) 
Mahu2021: posts small blind 10
snake_sebi: posts big blind 20
*** HOLE CARDS ***
Dealt to Mahu2021 [7c 2d]
cartofellord11: raises 50 to 70
Mahu2021: folds 
snake_sebi: folds 
Uncalled bet (50) returned to cartofellord11
cartofellord11 collected 50 from pot
*** SUMMARY ***
Total pot 50 | Rake 0 
Seat 1: cartofellord11 (button) collected (50)
Seat 2: Mahu2021 (small blind) folded before Flop
Seat 3: snake_sebi (big blind) folded before Flop



PokerStars Hand #247069223636: Tournament #3672289711, $1.84+$0.16 USD Hold'em No Limit - Level I (10/20) - 2023/11/12 17:44:26 CET [2023/11/12 11:44:26 ET]
Table '3672289711 1' 3-max Seat #2 is the button
Seat 1: cartofellord11 (530 in chips) 
Seat 2: Mahu2021 (650 in chips) 
Seat 3: snake_sebi (320 in chips) 
snake_sebi: posts small blind 10
cartofellord11: posts big blind 20
*** HOLE CARDS ***
Dealt to Mahu2021 [Td 6c]
Mahu2021: folds 
snake_sebi: folds 
Uncalled bet (10) returned to cartofellord11
cartofellord11 collected 20 from pot
*** SUMMARY ***
Total pot 20 | Rake 0 
Seat 1: cartofellord11 (big blind) collected (20)
Seat 2: Mahu2021 (button) folded before Flop (didn't bet)
Seat 3: snake_sebi (small blind) folded before Flop



PokerStars Hand #247069226079: Tournament #3672289711, $1.84+$0.16 USD Hold'em No Limit - Level I (10/20) - 2023/11/12 17:44:33 CET [2023/11/12 11:44:33 ET]
Table '3672289711 1' 3-max Seat #3 is the button
Seat 1: cartofellord11 (540 in chips) 
Seat 2: Mahu2021 (650 in chips) 
Seat 3: snake_sebi (310 in chips) 
cartofellord11: posts small blind 10
Mahu2021: posts big blind 20
*** HOLE CARDS ***
Dealt to Mahu2021 [7h 7d]
snake_sebi: raises 20 to 40
cartofellord11: folds 
Mahu2021: calls 20
*** FLOP *** [3h Ts Ac]
Mahu2021: checks 
snake_sebi: bets 30
Mahu2021: calls 30
*** TURN *** [3h Ts Ac] [7c]
Mahu2021: checks 
snake_sebi: bets 70
Mahu2021: raises 510 to 580 and is all-in
snake_sebi: calls 170 and is all-in
Uncalled bet (340) returned to Mahu2021
*** RIVER *** [3h Ts Ac 7c] [3s]
*** SHOW DOWN ***
Mahu2021: shows [7h 7d] (a full house, Sevens full of Threes)
snake_sebi: shows [As 5h] (two pair, Aces and Threes)
Mahu2021 collected 630 from pot
snake_sebi finished the tournament in 3rd place
*** SUMMARY ***
Total pot 630 | Rake 0 
Board [3h Ts Ac 7c 3s]
Seat 1: cartofellord11 (small blind) folded before Flop
Seat 2: Mahu2021 (big blind) showed [7h 7d] and won (630) with a full house, Sevens full of Threes
Seat 3: snake_sebi (button) showed [As 5h] and lost with two pair, Aces and Threes



PokerStars Hand #247069238401: Tournament #3672289711, $1.84+$0.16 USD Hold'em No Limit - Level I (10/20) - 2023/11/12 17:45:12 CET [2023/11/12 11:45:12 ET]
Table '3672289711 1' 3-max Seat #2 is the button
Seat 1: cartofellord11 (530 in chips) 
Seat 2: Mahu2021 (970 in chips) 
Mahu2021: posts small blind 10
cartofellord11: posts big blind 20
*** HOLE CARDS ***
Dealt to Mahu2021 [2d Tc]
Mahu2021: folds 
Uncalled bet (10) returned to cartofellord11
cartofellord11 collected 20 from pot
*** SUMMARY ***
Total pot 20 | Rake 0 
Seat 1: cartofellord11 (big blind) collected (20)
Seat 2: Mahu2021 (button) (small blind) folded before Flop



PokerStars Hand #247069239918: Tournament #3672289711, $1.84+$0.16 USD Hold'em No Limit - Level I (10/20) - 2023/11/12 17:45:17 CET [2023/11/12 11:45:17 ET]
Table '3672289711 1' 3-max Seat #1 is the button
Seat 1: cartofellord11 (540 in chips) 
Seat 2: Mahu2021 (960 in chips) 
cartofellord11: posts small blind 10
Mahu2021: posts big blind 20
*** HOLE CARDS ***
Dealt to Mahu2021 [Qc Tc]
cartofellord11: raises 40 to 60
Mahu2021: calls 40
*** FLOP *** [2s 7s 4h]
Mahu2021: checks 
cartofellord11: bets 480 and is all-in
Mahu2021: folds 
Uncalled bet (480) returned to cartofellord11
cartofellord11 collected 120 from pot
*** SUMMARY ***
Total pot 120 | Rake 0 
Board [2s 7s 4h]
Seat 1: cartofellord11 (button) (small blind) collected (120)
Seat 2: Mahu2021 (big blind) folded on the Flop



PokerStars Hand #247069243401: Tournament #3672289711, $1.84+$0.16 USD Hold'em No Limit - Level I (10/20) - 2023/11/12 17:45:28 CET [2023/11/12 11:45:28 ET]
Table '3672289711 1' 3-max Seat #2 is the button
Seat 1: cartofellord11 (600 in chips) 
Seat 2: Mahu2021 (900 in chips) 
Mahu2021: posts small blind 10
cartofellord11: posts big blind 20
*** HOLE CARDS ***
Dealt to Mahu2021 [9h Th]
Mahu2021: calls 10
cartofellord11: raises 40 to 60
Mahu2021: calls 40
*** FLOP *** [Ts 3c 9d]
cartofellord11: bets 120
Mahu2021: calls 120
*** TURN *** [Ts 3c 9d] [Kd]
cartofellord11: bets 420 and is all-in
Mahu2021: calls 420
*** RIVER *** [Ts 3c 9d Kd] [2d]
*** SHOW DOWN ***
cartofellord11: shows [Tc 6s] (a pair of Tens)
Mahu2021: shows [9h Th] (two pair, Tens and Nines)
Mahu2021 collected 1200 from pot
cartofellord11 finished the tournament in 2nd place
Mahu2021 wins the tournament and receives $8.00 - congratulations!
*** SUMMARY ***
Total pot 1200 | Rake 0 
Board [Ts 3c 9d Kd 2d]
Seat 1: cartofellord11 (big blind) showed [Tc 6s] and lost with a pair of Tens
Seat 2: Mahu2021 (button) (small blind) showed [9h Th] and won (1200) with two pair, Tens and Nines



