PokerStars Hand #249683363747: Tournament #3735031002, $1.84+$0.16 USD Hold'em No Limit - Level I (10/20) - 2024/03/29 12:04:39 CET [2024/03/29 7:04:39 ET]
Table '3735031002 1' 3-max Seat #1 is the button
Seat 1: sasahruzkiy (500 in chips) 
Seat 2: Mahu2021 (500 in chips) 
Seat 3: purya07 (500 in chips) 
Mahu2021: posts small blind 10
purya07: posts big blind 20
*** HOLE CARDS ***
Dealt to Mahu2021 [Kd 8s]
sasahruzkiy: raises 20 to 40
Mahu2021: calls 30
purya07: calls 20
*** FLOP *** [8h Ah Ts]
Mahu2021: checks 
purya07: bets 120
sasahruzkiy: folds 
Mahu2021: folds 
Uncalled bet (120) returned to purya07
purya07 collected 120 from pot
*** SUMMARY ***
Total pot 120 | Rake 0 
Board [8h Ah Ts]
Seat 1: sasahruzkiy (button) folded on the Flop
Seat 2: Mahu2021 (small blind) folded on the Flop
Seat 3: purya07 (big blind) collected (120)



PokerStars Hand #249683367464: Tournament #3735031002, $1.84+$0.16 USD Hold'em No Limit - Level I (10/20) - 2024/03/29 12:05:02 CET [2024/03/29 7:05:02 ET]
Table '3735031002 1' 3-max Seat #2 is the button
Seat 1: sasahruzkiy (460 in chips) 
Seat 2: Mahu2021 (460 in chips) 
Seat 3: purya07 (580 in chips) 
purya07: posts small blind 10
sasahruzkiy: posts big blind 20
*** HOLE CARDS ***
Dealt to Mahu2021 [6c Th]
Mahu2021: folds 
purya07: calls 10
sasahruzkiy: checks 
*** FLOP *** [8h Qd Ah]
purya07: checks 
sasahruzkiy: bets 20
purya07: calls 20
*** TURN *** [8h Qd Ah] [5c]
purya07: checks 
sasahruzkiy: bets 40
purya07: folds 
Uncalled bet (40) returned to sasahruzkiy
sasahruzkiy collected 80 from pot
*** SUMMARY ***
Total pot 80 | Rake 0 
Board [8h Qd Ah 5c]
Seat 1: sasahruzkiy (big blind) collected (80)
Seat 2: Mahu2021 (button) folded before Flop (didn't bet)
Seat 3: purya07 (small blind) folded on the Turn



PokerStars Hand #249683371895: Tournament #3735031002, $1.84+$0.16 USD Hold'em No Limit - Level I (10/20) - 2024/03/29 12:05:29 CET [2024/03/29 7:05:29 ET]
Table '3735031002 1' 3-max Seat #3 is the button
Seat 1: sasahruzkiy (500 in chips) 
Seat 2: Mahu2021 (460 in chips) 
Seat 3: purya07 (540 in chips) 
sasahruzkiy: posts small blind 10
Mahu2021: posts big blind 20
*** HOLE CARDS ***
Dealt to Mahu2021 [2s Kc]
purya07: raises 40 to 60
sasahruzkiy: folds 
Mahu2021: folds 
Uncalled bet (40) returned to purya07
purya07 collected 50 from pot
*** SUMMARY ***
Total pot 50 | Rake 0 
Seat 1: sasahruzkiy (small blind) folded before Flop
Seat 2: Mahu2021 (big blind) folded before Flop
Seat 3: purya07 (button) collected (50)



PokerStars Hand #249683373254: Tournament #3735031002, $1.84+$0.16 USD Hold'em No Limit - Level I (10/20) - 2024/03/29 12:05:38 CET [2024/03/29 7:05:38 ET]
Table '3735031002 1' 3-max Seat #1 is the button
Seat 1: sasahruzkiy (490 in chips) 
Seat 2: Mahu2021 (440 in chips) 
Seat 3: purya07 (570 in chips) 
Mahu2021: posts small blind 10
purya07: posts big blind 20
*** HOLE CARDS ***
Dealt to Mahu2021 [As Td]
sasahruzkiy: folds 
Mahu2021: raises 20 to 40
purya07: raises 40 to 80
Mahu2021: calls 40
*** FLOP *** [7h Ah 4s]
Mahu2021: bets 160
purya07: folds 
Uncalled bet (160) returned to Mahu2021
Mahu2021 collected 160 from pot
Mahu2021: doesn't show hand 
*** SUMMARY ***
Total pot 160 | Rake 0 
Board [7h Ah 4s]
Seat 1: sasahruzkiy (button) folded before Flop (didn't bet)
Seat 2: Mahu2021 (small blind) collected (160)
Seat 3: purya07 (big blind) folded on the Flop



PokerStars Hand #249683377964: Tournament #3735031002, $1.84+$0.16 USD Hold'em No Limit - Level I (10/20) - 2024/03/29 12:06:07 CET [2024/03/29 7:06:07 ET]
Table '3735031002 1' 3-max Seat #2 is the button
Seat 1: sasahruzkiy (490 in chips) 
Seat 2: Mahu2021 (520 in chips) 
Seat 3: purya07 (490 in chips) 
purya07: posts small blind 10
sasahruzkiy: posts big blind 20
*** HOLE CARDS ***
Dealt to Mahu2021 [Tc 2c]
Mahu2021: folds 
purya07: calls 10
sasahruzkiy: checks 
*** FLOP *** [7s Td 3s]
purya07: checks 
sasahruzkiy: checks 
*** TURN *** [7s Td 3s] [Qs]
purya07: bets 40
sasahruzkiy: folds 
Uncalled bet (40) returned to purya07
purya07 collected 40 from pot
*** SUMMARY ***
Total pot 40 | Rake 0 
Board [7s Td 3s Qs]
Seat 1: sasahruzkiy (big blind) folded on the Turn
Seat 2: Mahu2021 (button) folded before Flop (didn't bet)
Seat 3: purya07 (small blind) collected (40)



PokerStars Hand #249683381845: Tournament #3735031002, $1.84+$0.16 USD Hold'em No Limit - Level I (10/20) - 2024/03/29 12:06:32 CET [2024/03/29 7:06:32 ET]
Table '3735031002 1' 3-max Seat #3 is the button
Seat 1: sasahruzkiy (470 in chips) 
Seat 2: Mahu2021 (520 in chips) 
Seat 3: purya07 (510 in chips) 
sasahruzkiy: posts small blind 10
Mahu2021: posts big blind 20
*** HOLE CARDS ***
Dealt to Mahu2021 [Qs 2d]
purya07: raises 60 to 80
sasahruzkiy: folds 
Mahu2021: folds 
Uncalled bet (60) returned to purya07
purya07 collected 50 from pot
*** SUMMARY ***
Total pot 50 | Rake 0 
Seat 1: sasahruzkiy (small blind) folded before Flop
Seat 2: Mahu2021 (big blind) folded before Flop
Seat 3: purya07 (button) collected (50)



PokerStars Hand #249683384854: Tournament #3735031002, $1.84+$0.16 USD Hold'em No Limit - Level I (10/20) - 2024/03/29 12:06:50 CET [2024/03/29 7:06:50 ET]
Table '3735031002 1' 3-max Seat #1 is the button
Seat 1: sasahruzkiy (460 in chips) 
Seat 2: Mahu2021 (500 in chips) 
Seat 3: purya07 (540 in chips) 
Mahu2021: posts small blind 10
purya07: posts big blind 20
*** HOLE CARDS ***
Dealt to Mahu2021 [5c 9d]
sasahruzkiy: folds 
Mahu2021: folds 
Uncalled bet (10) returned to purya07
purya07 collected 20 from pot
*** SUMMARY ***
Total pot 20 | Rake 0 
Seat 1: sasahruzkiy (button) folded before Flop (didn't bet)
Seat 2: Mahu2021 (small blind) folded before Flop
Seat 3: purya07 (big blind) collected (20)



PokerStars Hand #249683385570: Tournament #3735031002, $1.84+$0.16 USD Hold'em No Limit - Level I (10/20) - 2024/03/29 12:06:55 CET [2024/03/29 7:06:55 ET]
Table '3735031002 1' 3-max Seat #2 is the button
Seat 1: sasahruzkiy (460 in chips) 
Seat 2: Mahu2021 (490 in chips) 
Seat 3: purya07 (550 in chips) 
purya07: posts small blind 10
sasahruzkiy: posts big blind 20
*** HOLE CARDS ***
Dealt to Mahu2021 [6d Js]
Mahu2021: calls 20
purya07: calls 10
sasahruzkiy: checks 
*** FLOP *** [8s 4s 8h]
purya07: checks 
sasahruzkiy: checks 
Mahu2021: checks 
*** TURN *** [8s 4s 8h] [7d]
purya07: checks 
sasahruzkiy: checks 
Mahu2021: checks 
*** RIVER *** [8s 4s 8h 7d] [As]
purya07: checks 
sasahruzkiy: checks 
Mahu2021: bets 60
purya07: folds 
sasahruzkiy: folds 
Uncalled bet (60) returned to Mahu2021
Mahu2021 collected 60 from pot
Mahu2021: doesn't show hand 
*** SUMMARY ***
Total pot 60 | Rake 0 
Board [8s 4s 8h 7d As]
Seat 1: sasahruzkiy (big blind) folded on the River
Seat 2: Mahu2021 (button) collected (60)
Seat 3: purya07 (small blind) folded on the River



PokerStars Hand #249683389897: Tournament #3735031002, $1.84+$0.16 USD Hold'em No Limit - Level I (10/20) - 2024/03/29 12:07:22 CET [2024/03/29 7:07:22 ET]
Table '3735031002 1' 3-max Seat #3 is the button
Seat 1: sasahruzkiy (440 in chips) 
Seat 2: Mahu2021 (530 in chips) 
Seat 3: purya07 (530 in chips) 
sasahruzkiy: posts small blind 10
Mahu2021: posts big blind 20
*** HOLE CARDS ***
Dealt to Mahu2021 [5d Ks]
purya07: calls 20
sasahruzkiy: calls 10
Mahu2021: checks 
*** FLOP *** [9c 9s Kc]
sasahruzkiy: checks 
Mahu2021: bets 20
purya07: folds 
sasahruzkiy: folds 
Uncalled bet (20) returned to Mahu2021
Mahu2021 collected 60 from pot
Mahu2021: doesn't show hand 
*** SUMMARY ***
Total pot 60 | Rake 0 
Board [9c 9s Kc]
Seat 1: sasahruzkiy (small blind) folded on the Flop
Seat 2: Mahu2021 (big blind) collected (60)
Seat 3: purya07 (button) folded on the Flop



PokerStars Hand #249683392219: Tournament #3735031002, $1.84+$0.16 USD Hold'em No Limit - Level I (10/20) - 2024/03/29 12:07:37 CET [2024/03/29 7:07:37 ET]
Table '3735031002 1' 3-max Seat #1 is the button
Seat 1: sasahruzkiy (420 in chips) 
Seat 2: Mahu2021 (570 in chips) 
Seat 3: purya07 (510 in chips) 
Mahu2021: posts small blind 10
purya07: posts big blind 20
*** HOLE CARDS ***
Dealt to Mahu2021 [5d 8h]
sasahruzkiy: raises 20 to 40
Mahu2021: folds 
purya07: raises 40 to 80
sasahruzkiy: raises 340 to 420 and is all-in
purya07: folds 
Uncalled bet (340) returned to sasahruzkiy
sasahruzkiy collected 170 from pot
*** SUMMARY ***
Total pot 170 | Rake 0 
Seat 1: sasahruzkiy (button) collected (170)
Seat 2: Mahu2021 (small blind) folded before Flop
Seat 3: purya07 (big blind) folded before Flop



PokerStars Hand #249683396435: Tournament #3735031002, $1.84+$0.16 USD Hold'em No Limit - Level II (15/30) - 2024/03/29 12:08:03 CET [2024/03/29 7:08:03 ET]
Table '3735031002 1' 3-max Seat #2 is the button
Seat 1: sasahruzkiy (510 in chips) 
Seat 2: Mahu2021 (560 in chips) 
Seat 3: purya07 (430 in chips) 
purya07: posts small blind 15
sasahruzkiy: posts big blind 30
*** HOLE CARDS ***
Dealt to Mahu2021 [7s 9s]
Mahu2021: folds 
purya07: calls 15
sasahruzkiy: raises 60 to 90
purya07: calls 60
*** FLOP *** [4h Jd 5s]
purya07: checks 
sasahruzkiy: bets 90
purya07: calls 90
*** TURN *** [4h Jd 5s] [Kh]
purya07: checks 
sasahruzkiy: bets 150
purya07: calls 150
*** RIVER *** [4h Jd 5s Kh] [5d]
purya07: checks 
sasahruzkiy: bets 180 and is all-in
purya07: folds 
Uncalled bet (180) returned to sasahruzkiy
sasahruzkiy collected 660 from pot
*** SUMMARY ***
Total pot 660 | Rake 0 
Board [4h Jd 5s Kh 5d]
Seat 1: sasahruzkiy (big blind) collected (660)
Seat 2: Mahu2021 (button) folded before Flop (didn't bet)
Seat 3: purya07 (small blind) folded on the River



PokerStars Hand #249683401925: Tournament #3735031002, $1.84+$0.16 USD Hold'em No Limit - Level II (15/30) - 2024/03/29 12:08:37 CET [2024/03/29 7:08:37 ET]
Table '3735031002 1' 3-max Seat #3 is the button
Seat 1: sasahruzkiy (840 in chips) 
Seat 2: Mahu2021 (560 in chips) 
Seat 3: purya07 (100 in chips) 
sasahruzkiy: posts small blind 15
Mahu2021: posts big blind 30
*** HOLE CARDS ***
Dealt to Mahu2021 [2d 3d]
purya07: raises 70 to 100 and is all-in
sasahruzkiy: calls 85
Mahu2021: folds 
*** FLOP *** [Ac Js 9s]
*** TURN *** [Ac Js 9s] [Qc]
*** RIVER *** [Ac Js 9s Qc] [Kd]
*** SHOW DOWN ***
sasahruzkiy: shows [6s Ah] (a pair of Aces)
purya07: shows [Qd Qh] (three of a kind, Queens)
purya07 collected 230 from pot
*** SUMMARY ***
Total pot 230 | Rake 0 
Board [Ac Js 9s Qc Kd]
Seat 1: sasahruzkiy (small blind) showed [6s Ah] and lost with a pair of Aces
Seat 2: Mahu2021 (big blind) folded before Flop
Seat 3: purya07 (button) showed [Qd Qh] and won (230) with three of a kind, Queens



PokerStars Hand #249683404831: Tournament #3735031002, $1.84+$0.16 USD Hold'em No Limit - Level II (15/30) - 2024/03/29 12:08:55 CET [2024/03/29 7:08:55 ET]
Table '3735031002 1' 3-max Seat #1 is the button
Seat 1: sasahruzkiy (740 in chips) 
Seat 2: Mahu2021 (530 in chips) 
Seat 3: purya07 (230 in chips) 
Mahu2021: posts small blind 15
purya07: posts big blind 30
*** HOLE CARDS ***
Dealt to Mahu2021 [9s Ad]
sasahruzkiy: folds 
Mahu2021: raises 30 to 60
purya07: raises 170 to 230 and is all-in
Mahu2021: calls 170
*** FLOP *** [9d 2c 4c]
*** TURN *** [9d 2c 4c] [Kd]
*** RIVER *** [9d 2c 4c Kd] [9c]
*** SHOW DOWN ***
Mahu2021: shows [9s Ad] (three of a kind, Nines)
purya07: shows [Kh 2d] (two pair, Kings and Nines)
Mahu2021 collected 460 from pot
purya07 finished the tournament in 3rd place
*** SUMMARY ***
Total pot 460 | Rake 0 
Board [9d 2c 4c Kd 9c]
Seat 1: sasahruzkiy (button) folded before Flop (didn't bet)
Seat 2: Mahu2021 (small blind) showed [9s Ad] and won (460) with three of a kind, Nines
Seat 3: purya07 (big blind) showed [Kh 2d] and lost with two pair, Kings and Nines



PokerStars Hand #249683408381: Tournament #3735031002, $1.84+$0.16 USD Hold'em No Limit - Level II (15/30) - 2024/03/29 12:09:18 CET [2024/03/29 7:09:18 ET]
Table '3735031002 1' 3-max Seat #2 is the button
Seat 1: sasahruzkiy (740 in chips) 
Seat 2: Mahu2021 (760 in chips) 
Mahu2021: posts small blind 15
sasahruzkiy: posts big blind 30
*** HOLE CARDS ***
Dealt to Mahu2021 [3h As]
Mahu2021: calls 15
sasahruzkiy: checks 
*** FLOP *** [5h 7d Ah]
sasahruzkiy: checks 
Mahu2021: bets 30
sasahruzkiy: folds 
Uncalled bet (30) returned to Mahu2021
Mahu2021 collected 60 from pot
Mahu2021: doesn't show hand 
*** SUMMARY ***
Total pot 60 | Rake 0 
Board [5h 7d Ah]
Seat 1: sasahruzkiy (big blind) folded on the Flop
Seat 2: Mahu2021 (button) (small blind) collected (60)



PokerStars Hand #249683409853: Tournament #3735031002, $1.84+$0.16 USD Hold'em No Limit - Level II (15/30) - 2024/03/29 12:09:27 CET [2024/03/29 7:09:27 ET]
Table '3735031002 1' 3-max Seat #1 is the button
Seat 1: sasahruzkiy (710 in chips) 
Seat 2: Mahu2021 (790 in chips) 
sasahruzkiy: posts small blind 15
Mahu2021: posts big blind 30
*** HOLE CARDS ***
Dealt to Mahu2021 [5h Jc]
sasahruzkiy: calls 15
Mahu2021: checks 
*** FLOP *** [5c As Ac]
Mahu2021: bets 30
sasahruzkiy: folds 
Uncalled bet (30) returned to Mahu2021
Mahu2021 collected 60 from pot
Mahu2021: doesn't show hand 
*** SUMMARY ***
Total pot 60 | Rake 0 
Board [5c As Ac]
Seat 1: sasahruzkiy (button) (small blind) folded on the Flop
Seat 2: Mahu2021 (big blind) collected (60)



PokerStars Hand #249683411215: Tournament #3735031002, $1.84+$0.16 USD Hold'em No Limit - Level II (15/30) - 2024/03/29 12:09:35 CET [2024/03/29 7:09:35 ET]
Table '3735031002 1' 3-max Seat #2 is the button
Seat 1: sasahruzkiy (680 in chips) 
Seat 2: Mahu2021 (820 in chips) 
Mahu2021: posts small blind 15
sasahruzkiy: posts big blind 30
*** HOLE CARDS ***
Dealt to Mahu2021 [7h Td]
Mahu2021: calls 15
sasahruzkiy: checks 
*** FLOP *** [Qd Qs 4s]
sasahruzkiy: checks 
Mahu2021: checks 
*** TURN *** [Qd Qs 4s] [Ks]
sasahruzkiy: bets 30
Mahu2021: folds 
Uncalled bet (30) returned to sasahruzkiy
sasahruzkiy collected 60 from pot
*** SUMMARY ***
Total pot 60 | Rake 0 
Board [Qd Qs 4s Ks]
Seat 1: sasahruzkiy (big blind) collected (60)
Seat 2: Mahu2021 (button) (small blind) folded on the Turn



PokerStars Hand #249683412824: Tournament #3735031002, $1.84+$0.16 USD Hold'em No Limit - Level II (15/30) - 2024/03/29 12:09:45 CET [2024/03/29 7:09:45 ET]
Table '3735031002 1' 3-max Seat #1 is the button
Seat 1: sasahruzkiy (710 in chips) 
Seat 2: Mahu2021 (790 in chips) 
sasahruzkiy: posts small blind 15
Mahu2021: posts big blind 30
*** HOLE CARDS ***
Dealt to Mahu2021 [2h 5h]
sasahruzkiy: raises 30 to 60
Mahu2021: calls 30
*** FLOP *** [4d Kc 3s]
Mahu2021: checks 
sasahruzkiy: bets 60
Mahu2021: calls 60
*** TURN *** [4d Kc 3s] [5c]
Mahu2021: checks 
sasahruzkiy: bets 120
Mahu2021: calls 120
*** RIVER *** [4d Kc 3s 5c] [Td]
Mahu2021: checks 
sasahruzkiy: checks 
*** SHOW DOWN ***
Mahu2021: shows [2h 5h] (a pair of Fives)
sasahruzkiy: mucks hand 
Mahu2021 collected 480 from pot
*** SUMMARY ***
Total pot 480 | Rake 0 
Board [4d Kc 3s 5c Td]
Seat 1: sasahruzkiy (button) (small blind) mucked [Ac 3c]
Seat 2: Mahu2021 (big blind) showed [2h 5h] and won (480) with a pair of Fives



PokerStars Hand #249683415724: Tournament #3735031002, $1.84+$0.16 USD Hold'em No Limit - Level II (15/30) - 2024/03/29 12:10:04 CET [2024/03/29 7:10:04 ET]
Table '3735031002 1' 3-max Seat #2 is the button
Seat 1: sasahruzkiy (470 in chips) 
Seat 2: Mahu2021 (1030 in chips) 
Mahu2021: posts small blind 15
sasahruzkiy: posts big blind 30
*** HOLE CARDS ***
Dealt to Mahu2021 [2h 5d]
Mahu2021: folds 
Uncalled bet (15) returned to sasahruzkiy
sasahruzkiy collected 30 from pot
*** SUMMARY ***
Total pot 30 | Rake 0 
Seat 1: sasahruzkiy (big blind) collected (30)
Seat 2: Mahu2021 (button) (small blind) folded before Flop



PokerStars Hand #249683416465: Tournament #3735031002, $1.84+$0.16 USD Hold'em No Limit - Level II (15/30) - 2024/03/29 12:10:08 CET [2024/03/29 7:10:08 ET]
Table '3735031002 1' 3-max Seat #1 is the button
Seat 1: sasahruzkiy (485 in chips) 
Seat 2: Mahu2021 (1015 in chips) 
sasahruzkiy: posts small blind 15
Mahu2021: posts big blind 30
*** HOLE CARDS ***
Dealt to Mahu2021 [9s 7c]
sasahruzkiy: calls 15
Mahu2021: checks 
*** FLOP *** [Ac 2s 7d]
Mahu2021: bets 30
sasahruzkiy: folds 
Uncalled bet (30) returned to Mahu2021
Mahu2021 collected 60 from pot
Mahu2021: doesn't show hand 
*** SUMMARY ***
Total pot 60 | Rake 0 
Board [Ac 2s 7d]
Seat 1: sasahruzkiy (button) (small blind) folded on the Flop
Seat 2: Mahu2021 (big blind) collected (60)



PokerStars Hand #249683418035: Tournament #3735031002, $1.84+$0.16 USD Hold'em No Limit - Level II (15/30) - 2024/03/29 12:10:18 CET [2024/03/29 7:10:18 ET]
Table '3735031002 1' 3-max Seat #2 is the button
Seat 1: sasahruzkiy (455 in chips) 
Seat 2: Mahu2021 (1045 in chips) 
Mahu2021: posts small blind 15
sasahruzkiy: posts big blind 30
*** HOLE CARDS ***
Dealt to Mahu2021 [9s 9d]
Mahu2021: raises 30 to 60
sasahruzkiy: calls 30
*** FLOP *** [6d Ks Ad]
sasahruzkiy: checks 
Mahu2021: checks 
*** TURN *** [6d Ks Ad] [Jd]
sasahruzkiy: checks 
Mahu2021: bets 30
sasahruzkiy: folds 
Uncalled bet (30) returned to Mahu2021
Mahu2021 collected 120 from pot
Mahu2021: doesn't show hand 
*** SUMMARY ***
Total pot 120 | Rake 0 
Board [6d Ks Ad Jd]
Seat 1: sasahruzkiy (big blind) folded on the Turn
Seat 2: Mahu2021 (button) (small blind) collected (120)



PokerStars Hand #249683419899: Tournament #3735031002, $1.84+$0.16 USD Hold'em No Limit - Level II (15/30) - 2024/03/29 12:10:30 CET [2024/03/29 7:10:30 ET]
Table '3735031002 1' 3-max Seat #1 is the button
Seat 1: sasahruzkiy (395 in chips) 
Seat 2: Mahu2021 (1105 in chips) 
sasahruzkiy: posts small blind 15
Mahu2021: posts big blind 30
*** HOLE CARDS ***
Dealt to Mahu2021 [2c 7c]
sasahruzkiy: raises 365 to 395 and is all-in
Mahu2021: folds 
Uncalled bet (365) returned to sasahruzkiy
sasahruzkiy collected 60 from pot
*** SUMMARY ***
Total pot 60 | Rake 0 
Seat 1: sasahruzkiy (button) (small blind) collected (60)
Seat 2: Mahu2021 (big blind) folded before Flop



PokerStars Hand #249683420776: Tournament #3735031002, $1.84+$0.16 USD Hold'em No Limit - Level II (15/30) - 2024/03/29 12:10:35 CET [2024/03/29 7:10:35 ET]
Table '3735031002 1' 3-max Seat #2 is the button
Seat 1: sasahruzkiy (425 in chips) 
Seat 2: Mahu2021 (1075 in chips) 
Mahu2021: posts small blind 15
sasahruzkiy: posts big blind 30
*** HOLE CARDS ***
Dealt to Mahu2021 [7h 3c]
Mahu2021: folds 
Uncalled bet (15) returned to sasahruzkiy
sasahruzkiy collected 30 from pot
*** SUMMARY ***
Total pot 30 | Rake 0 
Seat 1: sasahruzkiy (big blind) collected (30)
Seat 2: Mahu2021 (button) (small blind) folded before Flop



PokerStars Hand #249683422428: Tournament #3735031002, $1.84+$0.16 USD Hold'em No Limit - Level III (20/40) - 2024/03/29 12:10:46 CET [2024/03/29 7:10:46 ET]
Table '3735031002 1' 3-max Seat #1 is the button
Seat 1: sasahruzkiy (440 in chips) 
Seat 2: Mahu2021 (1060 in chips) 
sasahruzkiy: posts small blind 20
Mahu2021: posts big blind 40
*** HOLE CARDS ***
Dealt to Mahu2021 [Ks Qs]
sasahruzkiy: calls 20
Mahu2021: raises 80 to 120
sasahruzkiy: folds 
Uncalled bet (80) returned to Mahu2021
Mahu2021 collected 80 from pot
Mahu2021: doesn't show hand 
*** SUMMARY ***
Total pot 80 | Rake 0 
Seat 1: sasahruzkiy (button) (small blind) folded before Flop
Seat 2: Mahu2021 (big blind) collected (80)



PokerStars Hand #249683423571: Tournament #3735031002, $1.84+$0.16 USD Hold'em No Limit - Level III (20/40) - 2024/03/29 12:10:53 CET [2024/03/29 7:10:53 ET]
Table '3735031002 1' 3-max Seat #2 is the button
Seat 1: sasahruzkiy (400 in chips) 
Seat 2: Mahu2021 (1100 in chips) 
Mahu2021: posts small blind 20
sasahruzkiy: posts big blind 40
*** HOLE CARDS ***
Dealt to Mahu2021 [3h 6c]
Mahu2021: folds 
Uncalled bet (20) returned to sasahruzkiy
sasahruzkiy collected 40 from pot
*** SUMMARY ***
Total pot 40 | Rake 0 
Seat 1: sasahruzkiy (big blind) collected (40)
Seat 2: Mahu2021 (button) (small blind) folded before Flop



PokerStars Hand #249683424233: Tournament #3735031002, $1.84+$0.16 USD Hold'em No Limit - Level III (20/40) - 2024/03/29 12:10:57 CET [2024/03/29 7:10:57 ET]
Table '3735031002 1' 3-max Seat #1 is the button
Seat 1: sasahruzkiy (420 in chips) 
Seat 2: Mahu2021 (1080 in chips) 
sasahruzkiy: posts small blind 20
Mahu2021: posts big blind 40
*** HOLE CARDS ***
Dealt to Mahu2021 [3d 9h]
sasahruzkiy: calls 20
Mahu2021: checks 
*** FLOP *** [2s Jd 2h]
Mahu2021: checks 
sasahruzkiy: bets 40
Mahu2021: folds 
Uncalled bet (40) returned to sasahruzkiy
sasahruzkiy collected 80 from pot
*** SUMMARY ***
Total pot 80 | Rake 0 
Board [2s Jd 2h]
Seat 1: sasahruzkiy (button) (small blind) collected (80)
Seat 2: Mahu2021 (big blind) folded on the Flop



PokerStars Hand #249683425600: Tournament #3735031002, $1.84+$0.16 USD Hold'em No Limit - Level III (20/40) - 2024/03/29 12:11:06 CET [2024/03/29 7:11:06 ET]
Table '3735031002 1' 3-max Seat #2 is the button
Seat 1: sasahruzkiy (460 in chips) 
Seat 2: Mahu2021 (1040 in chips) 
Mahu2021: posts small blind 20
sasahruzkiy: posts big blind 40
*** HOLE CARDS ***
Dealt to Mahu2021 [9d 9c]
Mahu2021: raises 40 to 80
sasahruzkiy: folds 
Uncalled bet (40) returned to Mahu2021
Mahu2021 collected 80 from pot
Mahu2021: doesn't show hand 
*** SUMMARY ***
Total pot 80 | Rake 0 
Seat 1: sasahruzkiy (big blind) folded before Flop
Seat 2: Mahu2021 (button) (small blind) collected (80)



PokerStars Hand #249683426436: Tournament #3735031002, $1.84+$0.16 USD Hold'em No Limit - Level III (20/40) - 2024/03/29 12:11:11 CET [2024/03/29 7:11:11 ET]
Table '3735031002 1' 3-max Seat #1 is the button
Seat 1: sasahruzkiy (420 in chips) 
Seat 2: Mahu2021 (1080 in chips) 
sasahruzkiy: posts small blind 20
Mahu2021: posts big blind 40
*** HOLE CARDS ***
Dealt to Mahu2021 [4d Th]
sasahruzkiy: folds 
Uncalled bet (20) returned to Mahu2021
Mahu2021 collected 40 from pot
Mahu2021: doesn't show hand 
*** SUMMARY ***
Total pot 40 | Rake 0 
Seat 1: sasahruzkiy (button) (small blind) folded before Flop
Seat 2: Mahu2021 (big blind) collected (40)



PokerStars Hand #249683426934: Tournament #3735031002, $1.84+$0.16 USD Hold'em No Limit - Level III (20/40) - 2024/03/29 12:11:14 CET [2024/03/29 7:11:14 ET]
Table '3735031002 1' 3-max Seat #2 is the button
Seat 1: sasahruzkiy (400 in chips) 
Seat 2: Mahu2021 (1100 in chips) 
Mahu2021: posts small blind 20
sasahruzkiy: posts big blind 40
*** HOLE CARDS ***
Dealt to Mahu2021 [As 5h]
Mahu2021: raises 80 to 120
sasahruzkiy: folds 
Uncalled bet (80) returned to Mahu2021
Mahu2021 collected 80 from pot
Mahu2021: doesn't show hand 
*** SUMMARY ***
Total pot 80 | Rake 0 
Seat 1: sasahruzkiy (big blind) folded before Flop
Seat 2: Mahu2021 (button) (small blind) collected (80)



PokerStars Hand #249683427826: Tournament #3735031002, $1.84+$0.16 USD Hold'em No Limit - Level III (20/40) - 2024/03/29 12:11:20 CET [2024/03/29 7:11:20 ET]
Table '3735031002 1' 3-max Seat #1 is the button
Seat 1: sasahruzkiy (360 in chips) 
Seat 2: Mahu2021 (1140 in chips) 
sasahruzkiy: posts small blind 20
Mahu2021: posts big blind 40
*** HOLE CARDS ***
Dealt to Mahu2021 [4h 5h]
sasahruzkiy: calls 20
Mahu2021: checks 
*** FLOP *** [Js Kh Jd]
Mahu2021: checks 
sasahruzkiy: bets 40
Mahu2021: calls 40
*** TURN *** [Js Kh Jd] [8d]
Mahu2021: checks 
sasahruzkiy: bets 80
Mahu2021: folds 
Uncalled bet (80) returned to sasahruzkiy
sasahruzkiy collected 160 from pot
*** SUMMARY ***
Total pot 160 | Rake 0 
Board [Js Kh Jd 8d]
Seat 1: sasahruzkiy (button) (small blind) collected (160)
Seat 2: Mahu2021 (big blind) folded on the Turn



PokerStars Hand #249683430145: Tournament #3735031002, $1.84+$0.16 USD Hold'em No Limit - Level III (20/40) - 2024/03/29 12:11:35 CET [2024/03/29 7:11:35 ET]
Table '3735031002 1' 3-max Seat #2 is the button
Seat 1: sasahruzkiy (440 in chips) 
Seat 2: Mahu2021 (1060 in chips) 
Mahu2021: posts small blind 20
sasahruzkiy: posts big blind 40
*** HOLE CARDS ***
Dealt to Mahu2021 [5d 9h]
Mahu2021: folds 
Uncalled bet (20) returned to sasahruzkiy
sasahruzkiy collected 40 from pot
*** SUMMARY ***
Total pot 40 | Rake 0 
Seat 1: sasahruzkiy (big blind) collected (40)
Seat 2: Mahu2021 (button) (small blind) folded before Flop



PokerStars Hand #249683430821: Tournament #3735031002, $1.84+$0.16 USD Hold'em No Limit - Level III (20/40) - 2024/03/29 12:11:39 CET [2024/03/29 7:11:39 ET]
Table '3735031002 1' 3-max Seat #1 is the button
Seat 1: sasahruzkiy (460 in chips) 
Seat 2: Mahu2021 (1040 in chips) 
sasahruzkiy: posts small blind 20
Mahu2021: posts big blind 40
*** HOLE CARDS ***
Dealt to Mahu2021 [Tc 3h]
sasahruzkiy: raises 420 to 460 and is all-in
Mahu2021: folds 
Uncalled bet (420) returned to sasahruzkiy
sasahruzkiy collected 80 from pot
*** SUMMARY ***
Total pot 80 | Rake 0 
Seat 1: sasahruzkiy (button) (small blind) collected (80)
Seat 2: Mahu2021 (big blind) folded before Flop



PokerStars Hand #249683431664: Tournament #3735031002, $1.84+$0.16 USD Hold'em No Limit - Level III (20/40) - 2024/03/29 12:11:44 CET [2024/03/29 7:11:44 ET]
Table '3735031002 1' 3-max Seat #2 is the button
Seat 1: sasahruzkiy (500 in chips) 
Seat 2: Mahu2021 (1000 in chips) 
Mahu2021: posts small blind 20
sasahruzkiy: posts big blind 40
*** HOLE CARDS ***
Dealt to Mahu2021 [5s Qd]
Mahu2021: calls 20
sasahruzkiy: raises 460 to 500 and is all-in
Mahu2021: folds 
Uncalled bet (460) returned to sasahruzkiy
sasahruzkiy collected 80 from pot
*** SUMMARY ***
Total pot 80 | Rake 0 
Seat 1: sasahruzkiy (big blind) collected (80)
Seat 2: Mahu2021 (button) (small blind) folded before Flop



PokerStars Hand #249683432907: Tournament #3735031002, $1.84+$0.16 USD Hold'em No Limit - Level III (20/40) - 2024/03/29 12:11:52 CET [2024/03/29 7:11:52 ET]
Table '3735031002 1' 3-max Seat #1 is the button
Seat 1: sasahruzkiy (540 in chips) 
Seat 2: Mahu2021 (960 in chips) 
sasahruzkiy: posts small blind 20
Mahu2021: posts big blind 40
*** HOLE CARDS ***
Dealt to Mahu2021 [Kd Tc]
sasahruzkiy: calls 20
Mahu2021: raises 80 to 120
sasahruzkiy: folds 
Uncalled bet (80) returned to Mahu2021
Mahu2021 collected 80 from pot
Mahu2021: doesn't show hand 
*** SUMMARY ***
Total pot 80 | Rake 0 
Seat 1: sasahruzkiy (button) (small blind) folded before Flop
Seat 2: Mahu2021 (big blind) collected (80)



PokerStars Hand #249683433867: Tournament #3735031002, $1.84+$0.16 USD Hold'em No Limit - Level III (20/40) - 2024/03/29 12:11:58 CET [2024/03/29 7:11:58 ET]
Table '3735031002 1' 3-max Seat #2 is the button
Seat 1: sasahruzkiy (500 in chips) 
Seat 2: Mahu2021 (1000 in chips) 
Mahu2021: posts small blind 20
sasahruzkiy: posts big blind 40
*** HOLE CARDS ***
Dealt to Mahu2021 [Ah 6d]
Mahu2021: raises 40 to 80
sasahruzkiy: calls 40
*** FLOP *** [6s Ts Kh]
sasahruzkiy: checks 
Mahu2021: bets 80
sasahruzkiy: folds 
Uncalled bet (80) returned to Mahu2021
Mahu2021 collected 160 from pot
Mahu2021: doesn't show hand 
*** SUMMARY ***
Total pot 160 | Rake 0 
Board [6s Ts Kh]
Seat 1: sasahruzkiy (big blind) folded on the Flop
Seat 2: Mahu2021 (button) (small blind) collected (160)



PokerStars Hand #249683435348: Tournament #3735031002, $1.84+$0.16 USD Hold'em No Limit - Level III (20/40) - 2024/03/29 12:12:08 CET [2024/03/29 7:12:08 ET]
Table '3735031002 1' 3-max Seat #1 is the button
Seat 1: sasahruzkiy (420 in chips) 
Seat 2: Mahu2021 (1080 in chips) 
sasahruzkiy: posts small blind 20
Mahu2021: posts big blind 40
*** HOLE CARDS ***
Dealt to Mahu2021 [9s As]
sasahruzkiy: folds 
Uncalled bet (20) returned to Mahu2021
Mahu2021 collected 40 from pot
Mahu2021: doesn't show hand 
*** SUMMARY ***
Total pot 40 | Rake 0 
Seat 1: sasahruzkiy (button) (small blind) folded before Flop
Seat 2: Mahu2021 (big blind) collected (40)



PokerStars Hand #249683435892: Tournament #3735031002, $1.84+$0.16 USD Hold'em No Limit - Level III (20/40) - 2024/03/29 12:12:11 CET [2024/03/29 7:12:11 ET]
Table '3735031002 1' 3-max Seat #2 is the button
Seat 1: sasahruzkiy (400 in chips) 
Seat 2: Mahu2021 (1100 in chips) 
Mahu2021: posts small blind 20
sasahruzkiy: posts big blind 40
*** HOLE CARDS ***
Dealt to Mahu2021 [Tc 8h]
Mahu2021: calls 20
sasahruzkiy: checks 
*** FLOP *** [2h 7s 6s]
sasahruzkiy: checks 
Mahu2021: checks 
*** TURN *** [2h 7s 6s] [8c]
sasahruzkiy: bets 40
Mahu2021: raises 120 to 160
sasahruzkiy: raises 200 to 360 and is all-in
Mahu2021: calls 200
*** RIVER *** [2h 7s 6s 8c] [3s]
*** SHOW DOWN ***
sasahruzkiy: shows [7d 8s] (two pair, Eights and Sevens)
Mahu2021: shows [Tc 8h] (a pair of Eights)
sasahruzkiy collected 800 from pot
*** SUMMARY ***
Total pot 800 | Rake 0 
Board [2h 7s 6s 8c 3s]
Seat 1: sasahruzkiy (big blind) showed [7d 8s] and won (800) with two pair, Eights and Sevens
Seat 2: Mahu2021 (button) (small blind) showed [Tc 8h] and lost with a pair of Eights



PokerStars Hand #249683438506: Tournament #3735031002, $1.84+$0.16 USD Hold'em No Limit - Level III (20/40) - 2024/03/29 12:12:27 CET [2024/03/29 7:12:27 ET]
Table '3735031002 1' 3-max Seat #1 is the button
Seat 1: sasahruzkiy (800 in chips) 
Seat 2: Mahu2021 (700 in chips) 
sasahruzkiy: posts small blind 20
Mahu2021: posts big blind 40
*** HOLE CARDS ***
Dealt to Mahu2021 [5d 5h]
sasahruzkiy: calls 20
Mahu2021: raises 660 to 700 and is all-in
sasahruzkiy: folds 
Uncalled bet (660) returned to Mahu2021
Mahu2021 collected 80 from pot
Mahu2021: doesn't show hand 
*** SUMMARY ***
Total pot 80 | Rake 0 
Seat 1: sasahruzkiy (button) (small blind) folded before Flop
Seat 2: Mahu2021 (big blind) collected (80)



PokerStars Hand #249683439516: Tournament #3735031002, $1.84+$0.16 USD Hold'em No Limit - Level III (20/40) - 2024/03/29 12:12:34 CET [2024/03/29 7:12:34 ET]
Table '3735031002 1' 3-max Seat #2 is the button
Seat 1: sasahruzkiy (760 in chips) 
Seat 2: Mahu2021 (740 in chips) 
Mahu2021: posts small blind 20
sasahruzkiy: posts big blind 40
*** HOLE CARDS ***
Dealt to Mahu2021 [4c 6s]
Mahu2021: folds 
Uncalled bet (20) returned to sasahruzkiy
sasahruzkiy collected 40 from pot
*** SUMMARY ***
Total pot 40 | Rake 0 
Seat 1: sasahruzkiy (big blind) collected (40)
Seat 2: Mahu2021 (button) (small blind) folded before Flop



PokerStars Hand #249683440209: Tournament #3735031002, $1.84+$0.16 USD Hold'em No Limit - Level III (20/40) - 2024/03/29 12:12:38 CET [2024/03/29 7:12:38 ET]
Table '3735031002 1' 3-max Seat #1 is the button
Seat 1: sasahruzkiy (780 in chips) 
Seat 2: Mahu2021 (720 in chips) 
sasahruzkiy: posts small blind 20
Mahu2021: posts big blind 40
*** HOLE CARDS ***
Dealt to Mahu2021 [Jd Kh]
sasahruzkiy: raises 40 to 80
Mahu2021: calls 40
*** FLOP *** [3d 6h Qc]
Mahu2021: checks 
sasahruzkiy: bets 80
Mahu2021: calls 80
*** TURN *** [3d 6h Qc] [As]
Mahu2021: checks 
sasahruzkiy: checks 
*** RIVER *** [3d 6h Qc As] [3c]
Mahu2021: bets 560 and is all-in
sasahruzkiy: calls 560
*** SHOW DOWN ***
Mahu2021: shows [Jd Kh] (a pair of Threes)
sasahruzkiy: shows [9d Qd] (two pair, Queens and Threes)
sasahruzkiy collected 1440 from pot
Mahu2021 finished the tournament in 2nd place
sasahruzkiy wins the tournament and receives $6.00 - congratulations!
*** SUMMARY ***
Total pot 1440 | Rake 0 
Board [3d 6h Qc As 3c]
Seat 1: sasahruzkiy (button) (small blind) showed [9d Qd] and won (1440) with two pair, Queens and Threes
Seat 2: Mahu2021 (big blind) showed [Jd Kh] and lost with a pair of Threes



