PokerStars Hand #251372614486: Tournament #3775217621, $0.46+$0.04 USD Hold'em No Limit - Level I (10/20) - 2024/07/07 14:49:43 CET [2024/07/07 8:49:43 ET]
Table '3775217621 1' 3-max Seat #1 is the button
Seat 1: cyb3rp@nk (500 in chips) 
Seat 2: warung club (500 in chips) 
Seat 3: Mahu2021 (500 in chips) 
warung club: posts small blind 10
Mahu2021: posts big blind 20
*** HOLE CARDS ***
Dealt to Mahu2021 [Ks 7h]
cyb3rp@nk: folds 
warung club: calls 10
Mahu2021: checks 
*** FLOP *** [8c 2d 3s]
warung club: checks 
Mahu2021: checks 
*** TURN *** [8c 2d 3s] [Qd]
warung club: checks 
Mahu2021: checks 
*** RIVER *** [8c 2d 3s Qd] [3c]
warung club: checks 
Mahu2021: bets 20
warung club: folds 
Uncalled bet (20) returned to Mahu2021
Mahu2021 collected 40 from pot
Mahu2021: doesn't show hand 
*** SUMMARY ***
Total pot 40 | Rake 0 
Board [8c 2d 3s Qd 3c]
Seat 1: cyb3rp@nk (button) folded before Flop (didn't bet)
Seat 2: warung club (small blind) folded on the River
Seat 3: Mahu2021 (big blind) collected (40)



PokerStars Hand #251372618308: Tournament #3775217621, $0.46+$0.04 USD Hold'em No Limit - Level I (10/20) - 2024/07/07 14:50:03 CET [2024/07/07 8:50:03 ET]
Table '3775217621 1' 3-max Seat #2 is the button
Seat 1: cyb3rp@nk (500 in chips) 
Seat 2: warung club (480 in chips) 
Seat 3: Mahu2021 (520 in chips) 
Mahu2021: posts small blind 10
cyb3rp@nk: posts big blind 20
*** HOLE CARDS ***
Dealt to Mahu2021 [Td 7h]
warung club: raises 20 to 40
Mahu2021: folds 
cyb3rp@nk: folds 
Uncalled bet (20) returned to warung club
warung club collected 50 from pot
*** SUMMARY ***
Total pot 50 | Rake 0 
Seat 1: cyb3rp@nk (big blind) folded before Flop
Seat 2: warung club (button) collected (50)
Seat 3: Mahu2021 (small blind) folded before Flop



PokerStars Hand #251372620231: Tournament #3775217621, $0.46+$0.04 USD Hold'em No Limit - Level I (10/20) - 2024/07/07 14:50:13 CET [2024/07/07 8:50:13 ET]
Table '3775217621 1' 3-max Seat #3 is the button
Seat 1: cyb3rp@nk (480 in chips) 
Seat 2: warung club (510 in chips) 
Seat 3: Mahu2021 (510 in chips) 
cyb3rp@nk: posts small blind 10
warung club: posts big blind 20
*** HOLE CARDS ***
Dealt to Mahu2021 [3c Ah]
Mahu2021: raises 20 to 40
cyb3rp@nk: raises 440 to 480 and is all-in
warung club: calls 460
Mahu2021: folds 
*** FLOP *** [4c Th 7s]
*** TURN *** [4c Th 7s] [4s]
*** RIVER *** [4c Th 7s 4s] [6h]
*** SHOW DOWN ***
cyb3rp@nk: shows [5c 5s] (two pair, Fives and Fours)
warung club: shows [5d Ad] (a pair of Fours)
cyb3rp@nk collected 1000 from pot
*** SUMMARY ***
Total pot 1000 | Rake 0 
Board [4c Th 7s 4s 6h]
Seat 1: cyb3rp@nk (small blind) showed [5c 5s] and won (1000) with two pair, Fives and Fours
Seat 2: warung club (big blind) showed [5d Ad] and lost with a pair of Fours
Seat 3: Mahu2021 (button) folded before Flop



PokerStars Hand #251372623621: Tournament #3775217621, $0.46+$0.04 USD Hold'em No Limit - Level I (10/20) - 2024/07/07 14:50:31 CET [2024/07/07 8:50:31 ET]
Table '3775217621 1' 3-max Seat #1 is the button
Seat 1: cyb3rp@nk (1000 in chips) 
Seat 2: warung club (30 in chips) 
Seat 3: Mahu2021 (470 in chips) 
warung club: posts small blind 10
Mahu2021: posts big blind 20
*** HOLE CARDS ***
Dealt to Mahu2021 [7d Qs]
cyb3rp@nk: folds 
warung club: raises 10 to 30 and is all-in
Mahu2021: calls 10
*** FLOP *** [As 4c 9h]
*** TURN *** [As 4c 9h] [8c]
*** RIVER *** [As 4c 9h 8c] [6d]
*** SHOW DOWN ***
warung club: shows [Jh 9d] (a pair of Nines)
Mahu2021: shows [7d Qs] (high card Ace)
warung club collected 60 from pot
*** SUMMARY ***
Total pot 60 | Rake 0 
Board [As 4c 9h 8c 6d]
Seat 1: cyb3rp@nk (button) folded before Flop (didn't bet)
Seat 2: warung club (small blind) showed [Jh 9d] and won (60) with a pair of Nines
Seat 3: Mahu2021 (big blind) showed [7d Qs] and lost with high card Ace



PokerStars Hand #251372627707: Tournament #3775217621, $0.46+$0.04 USD Hold'em No Limit - Level I (10/20) - 2024/07/07 14:50:52 CET [2024/07/07 8:50:52 ET]
Table '3775217621 1' 3-max Seat #2 is the button
Seat 1: cyb3rp@nk (1000 in chips) 
Seat 2: warung club (60 in chips) 
Seat 3: Mahu2021 (440 in chips) 
Mahu2021: posts small blind 10
cyb3rp@nk: posts big blind 20
*** HOLE CARDS ***
Dealt to Mahu2021 [Qh 4c]
warung club: raises 40 to 60 and is all-in
Mahu2021: folds 
cyb3rp@nk: folds 
Uncalled bet (40) returned to warung club
warung club collected 50 from pot
*** SUMMARY ***
Total pot 50 | Rake 0 
Seat 1: cyb3rp@nk (big blind) folded before Flop
Seat 2: warung club (button) collected (50)
Seat 3: Mahu2021 (small blind) folded before Flop



PokerStars Hand #251372629933: Tournament #3775217621, $0.46+$0.04 USD Hold'em No Limit - Level I (10/20) - 2024/07/07 14:51:04 CET [2024/07/07 8:51:04 ET]
Table '3775217621 1' 3-max Seat #3 is the button
Seat 1: cyb3rp@nk (980 in chips) 
Seat 2: warung club (90 in chips) 
Seat 3: Mahu2021 (430 in chips) 
cyb3rp@nk: posts small blind 10
warung club: posts big blind 20
*** HOLE CARDS ***
Dealt to Mahu2021 [Kd 2s]
Mahu2021: folds 
cyb3rp@nk: calls 10
warung club: raises 70 to 90 and is all-in
cyb3rp@nk: calls 70
*** FLOP *** [4h Th Td]
*** TURN *** [4h Th Td] [9h]
*** RIVER *** [4h Th Td 9h] [2c]
*** SHOW DOWN ***
cyb3rp@nk: shows [6d 3c] (a pair of Tens)
warung club: shows [Tc Qd] (three of a kind, Tens)
warung club collected 180 from pot
*** SUMMARY ***
Total pot 180 | Rake 0 
Board [4h Th Td 9h 2c]
Seat 1: cyb3rp@nk (small blind) showed [6d 3c] and lost with a pair of Tens
Seat 2: warung club (big blind) showed [Tc Qd] and won (180) with three of a kind, Tens
Seat 3: Mahu2021 (button) folded before Flop (didn't bet)



PokerStars Hand #251372633071: Tournament #3775217621, $0.46+$0.04 USD Hold'em No Limit - Level I (10/20) - 2024/07/07 14:51:20 CET [2024/07/07 8:51:20 ET]
Table '3775217621 1' 3-max Seat #1 is the button
Seat 1: cyb3rp@nk (890 in chips) 
Seat 2: warung club (180 in chips) 
Seat 3: Mahu2021 (430 in chips) 
warung club: posts small blind 10
Mahu2021: posts big blind 20
*** HOLE CARDS ***
Dealt to Mahu2021 [7c Th]
cyb3rp@nk: raises 870 to 890 and is all-in
warung club: calls 170 and is all-in
Mahu2021: folds 
Uncalled bet (710) returned to cyb3rp@nk
*** FLOP *** [7d 3c 5c]
*** TURN *** [7d 3c 5c] [5d]
*** RIVER *** [7d 3c 5c 5d] [7h]
*** SHOW DOWN ***
warung club: shows [Kd As] (two pair, Sevens and Fives)
cyb3rp@nk: shows [Jh Qd] (two pair, Sevens and Fives - lower kicker)
warung club collected 380 from pot
*** SUMMARY ***
Total pot 380 | Rake 0 
Board [7d 3c 5c 5d 7h]
Seat 1: cyb3rp@nk (button) showed [Jh Qd] and lost with two pair, Sevens and Fives
Seat 2: warung club (small blind) showed [Kd As] and won (380) with two pair, Sevens and Fives
Seat 3: Mahu2021 (big blind) folded before Flop



PokerStars Hand #251372635596: Tournament #3775217621, $0.46+$0.04 USD Hold'em No Limit - Level I (10/20) - 2024/07/07 14:51:34 CET [2024/07/07 8:51:34 ET]
Table '3775217621 1' 3-max Seat #2 is the button
Seat 1: cyb3rp@nk (710 in chips) 
Seat 2: warung club (380 in chips) 
Seat 3: Mahu2021 (410 in chips) 
Mahu2021: posts small blind 10
cyb3rp@nk: posts big blind 20
*** HOLE CARDS ***
Dealt to Mahu2021 [9h Tc]
warung club: raises 360 to 380 and is all-in
Mahu2021: folds 
cyb3rp@nk: calls 360
*** FLOP *** [3d 8h 5s]
*** TURN *** [3d 8h 5s] [9s]
*** RIVER *** [3d 8h 5s 9s] [Js]
*** SHOW DOWN ***
cyb3rp@nk: shows [Ac 9d] (a pair of Nines)
warung club: shows [Th Kh] (high card King)
cyb3rp@nk collected 770 from pot
warung club finished the tournament in 3rd place
*** SUMMARY ***
Total pot 770 | Rake 0 
Board [3d 8h 5s 9s Js]
Seat 1: cyb3rp@nk (big blind) showed [Ac 9d] and won (770) with a pair of Nines
Seat 2: warung club (button) showed [Th Kh] and lost with high card King
Seat 3: Mahu2021 (small blind) folded before Flop



PokerStars Hand #251372640495: Tournament #3775217621, $0.46+$0.04 USD Hold'em No Limit - Level II (15/30) - 2024/07/07 14:51:59 CET [2024/07/07 8:51:59 ET]
Table '3775217621 1' 3-max Seat #1 is the button
Seat 1: cyb3rp@nk (1100 in chips) 
Seat 3: Mahu2021 (400 in chips) 
cyb3rp@nk: posts small blind 15
Mahu2021: posts big blind 30
*** HOLE CARDS ***
Dealt to Mahu2021 [Ac 5h]
cyb3rp@nk: raises 30 to 60
Mahu2021: calls 30
*** FLOP *** [3h 4h 6d]
Mahu2021: checks 
cyb3rp@nk: bets 120
Mahu2021: raises 220 to 340 and is all-in
cyb3rp@nk: calls 220
*** TURN *** [3h 4h 6d] [8h]
*** RIVER *** [3h 4h 6d 8h] [4c]
*** SHOW DOWN ***
Mahu2021: shows [Ac 5h] (a pair of Fours)
cyb3rp@nk: shows [6h 9c] (two pair, Sixes and Fours)
cyb3rp@nk collected 800 from pot
Mahu2021 finished the tournament in 2nd place
cyb3rp@nk wins the tournament - congratulations!
cyb3rp@nk wins a '$1.00 Power Path Step 2 Ticket' ticket
*** SUMMARY ***
Total pot 800 | Rake 0 
Board [3h 4h 6d 8h 4c]
Seat 1: cyb3rp@nk (button) (small blind) showed [6h 9c] and won (800) with two pair, Sixes and Fours
Seat 3: Mahu2021 (big blind) showed [Ac 5h] and lost with a pair of Fours



