PokerStars Hand #245736189700: Tournament #3639615249, $0.92+$0.08 USD Hold'em No Limit - Level I (10/20) - 2023/09/02 22:15:16 CET [2023/09/02 16:15:16 ET]
Table '3639615249 1' 3-max Seat #1 is the button
Seat 1: Mahu2021 (500 in chips) 
Seat 2: Leo A'Reus11 (500 in chips) 
Seat 3: bostjan2210 (500 in chips) 
Leo A'Reus11: posts small blind 10
bostjan2210: posts big blind 20
*** HOLE CARDS ***
Dealt to Mahu2021 [Ah Ks]
Mahu2021: raises 20 to 40
Leo A'Reus11: folds 
bostjan2210: raises 460 to 500 and is all-in
Mahu2021: calls 460 and is all-in
*** FLOP *** [8h 9d 4s]
*** TURN *** [8h 9d 4s] [Ts]
*** RIVER *** [8h 9d 4s Ts] [Jc]
*** SHOW DOWN ***
bostjan2210: shows [Qc 7s] (a straight, Eight to Queen)
Mahu2021: shows [Ah Ks] (high card Ace)
bostjan2210 collected 1010 from pot
Mahu2021 finished the tournament in 3rd place
*** SUMMARY ***
Total pot 1010 | Rake 0 
Board [8h 9d 4s Ts Jc]
Seat 1: Mahu2021 (button) showed [Ah Ks] and lost with high card Ace
Seat 2: Leo A'Reus11 (small blind) folded before Flop
Seat 3: bostjan2210 (big blind) showed [Qc 7s] and won (1010) with a straight, Eight to Queen



