PokerStars Hand #250425749122: Tournament #3752806313, $1.84+$0.16 USD Hold'em No Limit - Level I (10/20) - 2024/05/10 18:44:21 CET [2024/05/10 12:44:21 ET]
Table '3752806313 1' 3-max Seat #1 is the button
Seat 1: superaccion (500 in chips) 
Seat 2: Mahu2021 (500 in chips) 
Seat 3: 4boom20 (500 in chips) 
Mahu2021: posts small blind 10
4boom20: posts big blind 20
*** HOLE CARDS ***
Dealt to Mahu2021 [8s 5c]
superaccion: raises 20 to 40
Mahu2021: folds 
4boom20: folds 
Uncalled bet (20) returned to superaccion
superaccion collected 50 from pot
superaccion: doesn't show hand 
*** SUMMARY ***
Total pot 50 | Rake 0 
Seat 1: superaccion (button) collected (50)
Seat 2: Mahu2021 (small blind) folded before Flop
Seat 3: 4boom20 (big blind) folded before Flop



PokerStars Hand #250425752165: Tournament #3752806313, $1.84+$0.16 USD Hold'em No Limit - Level I (10/20) - 2024/05/10 18:44:32 CET [2024/05/10 12:44:32 ET]
Table '3752806313 1' 3-max Seat #2 is the button
Seat 1: superaccion (530 in chips) 
Seat 2: Mahu2021 (490 in chips) 
Seat 3: 4boom20 (480 in chips) 
4boom20: posts small blind 10
superaccion: posts big blind 20
*** HOLE CARDS ***
Dealt to Mahu2021 [4d Jc]
Mahu2021: folds 
4boom20: calls 10
superaccion: checks 
*** FLOP *** [2d 9h 9d]
4boom20: checks 
superaccion: bets 20
4boom20: calls 20
*** TURN *** [2d 9h 9d] [Kh]
4boom20: checks 
superaccion: checks 
*** RIVER *** [2d 9h 9d Kh] [4h]
4boom20: bets 40
superaccion: folds 
Uncalled bet (40) returned to 4boom20
4boom20 collected 80 from pot
4boom20: doesn't show hand 
*** SUMMARY ***
Total pot 80 | Rake 0 
Board [2d 9h 9d Kh 4h]
Seat 1: superaccion (big blind) folded on the River
Seat 2: Mahu2021 (button) folded before Flop (didn't bet)
Seat 3: 4boom20 (small blind) collected (80)



PokerStars Hand #250425763652: Tournament #3752806313, $1.84+$0.16 USD Hold'em No Limit - Level I (10/20) - 2024/05/10 18:45:16 CET [2024/05/10 12:45:16 ET]
Table '3752806313 1' 3-max Seat #3 is the button
Seat 1: superaccion (490 in chips) 
Seat 2: Mahu2021 (490 in chips) 
Seat 3: 4boom20 (520 in chips) 
superaccion: posts small blind 10
Mahu2021: posts big blind 20
*** HOLE CARDS ***
Dealt to Mahu2021 [5c Ks]
4boom20: raises 20 to 40
superaccion: folds 
Mahu2021: calls 20
*** FLOP *** [4d Jc 6s]
Mahu2021: checks 
4boom20: checks 
*** TURN *** [4d Jc 6s] [As]
Mahu2021: checks 
4boom20: bets 45
Mahu2021: folds 
Uncalled bet (45) returned to 4boom20
4boom20 collected 90 from pot
4boom20: doesn't show hand 
*** SUMMARY ***
Total pot 90 | Rake 0 
Board [4d Jc 6s As]
Seat 1: superaccion (small blind) folded before Flop
Seat 2: Mahu2021 (big blind) folded on the Turn
Seat 3: 4boom20 (button) collected (90)



PokerStars Hand #250425770299: Tournament #3752806313, $1.84+$0.16 USD Hold'em No Limit - Level I (10/20) - 2024/05/10 18:45:41 CET [2024/05/10 12:45:41 ET]
Table '3752806313 1' 3-max Seat #1 is the button
Seat 1: superaccion (480 in chips) 
Seat 2: Mahu2021 (450 in chips) 
Seat 3: 4boom20 (570 in chips) 
Mahu2021: posts small blind 10
4boom20: posts big blind 20
*** HOLE CARDS ***
Dealt to Mahu2021 [8c Ah]
superaccion: raises 20 to 40
Mahu2021: calls 30
4boom20: raises 530 to 570 and is all-in
superaccion: calls 440 and is all-in
Mahu2021: folds 
Uncalled bet (90) returned to 4boom20
*** FLOP *** [2c Ac 6h]
*** TURN *** [2c Ac 6h] [Th]
*** RIVER *** [2c Ac 6h Th] [2h]
*** SHOW DOWN ***
4boom20: shows [6s 6d] (a full house, Sixes full of Deuces)
superaccion: shows [Kc Kd] (two pair, Kings and Deuces)
4boom20 collected 1000 from pot
superaccion finished the tournament in 3rd place
*** SUMMARY ***
Total pot 1000 | Rake 0 
Board [2c Ac 6h Th 2h]
Seat 1: superaccion (button) showed [Kc Kd] and lost with two pair, Kings and Deuces
Seat 2: Mahu2021 (small blind) folded before Flop
Seat 3: 4boom20 (big blind) showed [6s 6d] and won (1000) with a full house, Sixes full of Deuces



PokerStars Hand #250425775631: Tournament #3752806313, $1.84+$0.16 USD Hold'em No Limit - Level I (10/20) - 2024/05/10 18:46:01 CET [2024/05/10 12:46:01 ET]
Table '3752806313 1' 3-max Seat #3 is the button
Seat 2: Mahu2021 (410 in chips) 
Seat 3: 4boom20 (1090 in chips) 
4boom20: posts small blind 10
Mahu2021: posts big blind 20
*** HOLE CARDS ***
Dealt to Mahu2021 [3d Th]
4boom20: calls 10
Mahu2021: checks 
*** FLOP *** [4s 8c Ad]
Mahu2021: checks 
4boom20: bets 20
Mahu2021: folds 
Uncalled bet (20) returned to 4boom20
4boom20 collected 40 from pot
4boom20: doesn't show hand 
*** SUMMARY ***
Total pot 40 | Rake 0 
Board [4s 8c Ad]
Seat 2: Mahu2021 (big blind) folded on the Flop
Seat 3: 4boom20 (button) (small blind) collected (40)



PokerStars Hand #250425778200: Tournament #3752806313, $1.84+$0.16 USD Hold'em No Limit - Level I (10/20) - 2024/05/10 18:46:11 CET [2024/05/10 12:46:11 ET]
Table '3752806313 1' 3-max Seat #2 is the button
Seat 2: Mahu2021 (390 in chips) 
Seat 3: 4boom20 (1110 in chips) 
Mahu2021: posts small blind 10
4boom20: posts big blind 20
*** HOLE CARDS ***
Dealt to Mahu2021 [2s Td]
Mahu2021: folds 
Uncalled bet (10) returned to 4boom20
4boom20 collected 20 from pot
4boom20: doesn't show hand 
*** SUMMARY ***
Total pot 20 | Rake 0 
Seat 2: Mahu2021 (button) (small blind) folded before Flop
Seat 3: 4boom20 (big blind) collected (20)



PokerStars Hand #250425779295: Tournament #3752806313, $1.84+$0.16 USD Hold'em No Limit - Level I (10/20) - 2024/05/10 18:46:15 CET [2024/05/10 12:46:15 ET]
Table '3752806313 1' 3-max Seat #3 is the button
Seat 2: Mahu2021 (380 in chips) 
Seat 3: 4boom20 (1120 in chips) 
4boom20: posts small blind 10
Mahu2021: posts big blind 20
*** HOLE CARDS ***
Dealt to Mahu2021 [Tc 9c]
4boom20: calls 10
Mahu2021: checks 
*** FLOP *** [5c 6h 2d]
Mahu2021: checks 
4boom20: checks 
*** TURN *** [5c 6h 2d] [Td]
Mahu2021: checks 
4boom20: bets 20
Mahu2021: raises 20 to 40
4boom20: folds 
Uncalled bet (20) returned to Mahu2021
Mahu2021 collected 80 from pot
Mahu2021: doesn't show hand 
*** SUMMARY ***
Total pot 80 | Rake 0 
Board [5c 6h 2d Td]
Seat 2: Mahu2021 (big blind) collected (80)
Seat 3: 4boom20 (button) (small blind) folded on the Turn



PokerStars Hand #250425782716: Tournament #3752806313, $1.84+$0.16 USD Hold'em No Limit - Level I (10/20) - 2024/05/10 18:46:29 CET [2024/05/10 12:46:29 ET]
Table '3752806313 1' 3-max Seat #2 is the button
Seat 2: Mahu2021 (420 in chips) 
Seat 3: 4boom20 (1080 in chips) 
Mahu2021: posts small blind 10
4boom20: posts big blind 20
*** HOLE CARDS ***
Dealt to Mahu2021 [Qc 7h]
Mahu2021: calls 10
4boom20: checks 
*** FLOP *** [7c 6c 2s]
4boom20: checks 
Mahu2021: bets 20
4boom20: folds 
Uncalled bet (20) returned to Mahu2021
Mahu2021 collected 40 from pot
Mahu2021: doesn't show hand 
*** SUMMARY ***
Total pot 40 | Rake 0 
Board [7c 6c 2s]
Seat 2: Mahu2021 (button) (small blind) collected (40)
Seat 3: 4boom20 (big blind) folded on the Flop



PokerStars Hand #250425785343: Tournament #3752806313, $1.84+$0.16 USD Hold'em No Limit - Level I (10/20) - 2024/05/10 18:46:39 CET [2024/05/10 12:46:39 ET]
Table '3752806313 1' 3-max Seat #3 is the button
Seat 2: Mahu2021 (440 in chips) 
Seat 3: 4boom20 (1060 in chips) 
4boom20: posts small blind 10
Mahu2021: posts big blind 20
*** HOLE CARDS ***
Dealt to Mahu2021 [Qd 6d]
4boom20: calls 10
Mahu2021: checks 
*** FLOP *** [3s 5s Qc]
Mahu2021: checks 
4boom20: bets 20
Mahu2021: calls 20
*** TURN *** [3s 5s Qc] [7c]
Mahu2021: checks 
4boom20: bets 60
Mahu2021: calls 60
*** RIVER *** [3s 5s Qc 7c] [Td]
Mahu2021: checks 
4boom20: checks 
*** SHOW DOWN ***
Mahu2021: shows [Qd 6d] (a pair of Queens)
4boom20: mucks hand 
Mahu2021 collected 200 from pot
*** SUMMARY ***
Total pot 200 | Rake 0 
Board [3s 5s Qc 7c Td]
Seat 2: Mahu2021 (big blind) showed [Qd 6d] and won (200) with a pair of Queens
Seat 3: 4boom20 (button) (small blind) mucked [2c 8h]



PokerStars Hand #250425789452: Tournament #3752806313, $1.84+$0.16 USD Hold'em No Limit - Level I (10/20) - 2024/05/10 18:46:54 CET [2024/05/10 12:46:54 ET]
Table '3752806313 1' 3-max Seat #2 is the button
Seat 2: Mahu2021 (540 in chips) 
Seat 3: 4boom20 (960 in chips) 
Mahu2021: posts small blind 10
4boom20: posts big blind 20
*** HOLE CARDS ***
Dealt to Mahu2021 [Ks 7h]
Mahu2021: calls 10
4boom20: checks 
*** FLOP *** [2d Ah Th]
4boom20: checks 
Mahu2021: bets 20
4boom20: folds 
Uncalled bet (20) returned to Mahu2021
Mahu2021 collected 40 from pot
Mahu2021: doesn't show hand 
*** SUMMARY ***
Total pot 40 | Rake 0 
Board [2d Ah Th]
Seat 2: Mahu2021 (button) (small blind) collected (40)
Seat 3: 4boom20 (big blind) folded on the Flop



PokerStars Hand #250425792992: Tournament #3752806313, $1.84+$0.16 USD Hold'em No Limit - Level I (10/20) - 2024/05/10 18:47:08 CET [2024/05/10 12:47:08 ET]
Table '3752806313 1' 3-max Seat #3 is the button
Seat 2: Mahu2021 (560 in chips) 
Seat 3: 4boom20 (940 in chips) 
4boom20: posts small blind 10
Mahu2021: posts big blind 20
*** HOLE CARDS ***
Dealt to Mahu2021 [Td 3h]
4boom20: calls 10
Mahu2021: checks 
*** FLOP *** [9s 7d 3d]
Mahu2021: checks 
4boom20: checks 
*** TURN *** [9s 7d 3d] [5d]
Mahu2021: checks 
4boom20: bets 20
Mahu2021: calls 20
*** RIVER *** [9s 7d 3d 5d] [Jh]
Mahu2021: checks 
4boom20: bets 60
Mahu2021: folds 
Uncalled bet (60) returned to 4boom20
4boom20 collected 80 from pot
4boom20: doesn't show hand 
*** SUMMARY ***
Total pot 80 | Rake 0 
Board [9s 7d 3d 5d Jh]
Seat 2: Mahu2021 (big blind) folded on the River
Seat 3: 4boom20 (button) (small blind) collected (80)



PokerStars Hand #250425797602: Tournament #3752806313, $1.84+$0.16 USD Hold'em No Limit - Level II (15/30) - 2024/05/10 18:47:25 CET [2024/05/10 12:47:25 ET]
Table '3752806313 1' 3-max Seat #2 is the button
Seat 2: Mahu2021 (520 in chips) 
Seat 3: 4boom20 (980 in chips) 
Mahu2021: posts small blind 15
4boom20: posts big blind 30
*** HOLE CARDS ***
Dealt to Mahu2021 [Qh Ac]
Mahu2021: calls 15
4boom20: checks 
*** FLOP *** [Qc 8c 6d]
4boom20: checks 
Mahu2021: bets 30
4boom20: calls 30
*** TURN *** [Qc 8c 6d] [2s]
4boom20: checks 
Mahu2021: bets 30
4boom20: calls 30
*** RIVER *** [Qc 8c 6d 2s] [8s]
4boom20: checks 
Mahu2021: bets 90
4boom20: folds 
Uncalled bet (90) returned to Mahu2021
Mahu2021 collected 180 from pot
Mahu2021: doesn't show hand 
*** SUMMARY ***
Total pot 180 | Rake 0 
Board [Qc 8c 6d 2s 8s]
Seat 2: Mahu2021 (button) (small blind) collected (180)
Seat 3: 4boom20 (big blind) folded on the River



PokerStars Hand #250425802213: Tournament #3752806313, $1.84+$0.16 USD Hold'em No Limit - Level II (15/30) - 2024/05/10 18:47:43 CET [2024/05/10 12:47:43 ET]
Table '3752806313 1' 3-max Seat #3 is the button
Seat 2: Mahu2021 (610 in chips) 
Seat 3: 4boom20 (890 in chips) 
4boom20: posts small blind 15
Mahu2021: posts big blind 30
*** HOLE CARDS ***
Dealt to Mahu2021 [2d 3s]
4boom20: calls 15
Mahu2021: checks 
*** FLOP *** [9s Kd Ah]
Mahu2021: checks 
4boom20: checks 
*** TURN *** [9s Kd Ah] [4c]
Mahu2021: checks 
4boom20: bets 30
Mahu2021: calls 30
*** RIVER *** [9s Kd Ah 4c] [5c]
Mahu2021: bets 210
4boom20: folds 
Uncalled bet (210) returned to Mahu2021
Mahu2021 collected 120 from pot
Mahu2021: doesn't show hand 
*** SUMMARY ***
Total pot 120 | Rake 0 
Board [9s Kd Ah 4c 5c]
Seat 2: Mahu2021 (big blind) collected (120)
Seat 3: 4boom20 (button) (small blind) folded on the River



PokerStars Hand #250425807800: Tournament #3752806313, $1.84+$0.16 USD Hold'em No Limit - Level II (15/30) - 2024/05/10 18:48:04 CET [2024/05/10 12:48:04 ET]
Table '3752806313 1' 3-max Seat #2 is the button
Seat 2: Mahu2021 (670 in chips) 
Seat 3: 4boom20 (830 in chips) 
Mahu2021: posts small blind 15
4boom20: posts big blind 30
*** HOLE CARDS ***
Dealt to Mahu2021 [6d Ac]
Mahu2021: calls 15
4boom20: checks 
*** FLOP *** [3d As 6s]
4boom20: checks 
Mahu2021: checks 
*** TURN *** [3d As 6s] [Ad]
4boom20: checks 
Mahu2021: checks 
*** RIVER *** [3d As 6s Ad] [6h]
4boom20: checks 
Mahu2021: bets 640 and is all-in
4boom20: folds 
Uncalled bet (640) returned to Mahu2021
Mahu2021 collected 60 from pot
Mahu2021: doesn't show hand 
*** SUMMARY ***
Total pot 60 | Rake 0 
Board [3d As 6s Ad 6h]
Seat 2: Mahu2021 (button) (small blind) collected (60)
Seat 3: 4boom20 (big blind) folded on the River



PokerStars Hand #250425811946: Tournament #3752806313, $1.84+$0.16 USD Hold'em No Limit - Level II (15/30) - 2024/05/10 18:48:20 CET [2024/05/10 12:48:20 ET]
Table '3752806313 1' 3-max Seat #3 is the button
Seat 2: Mahu2021 (700 in chips) 
Seat 3: 4boom20 (800 in chips) 
4boom20: posts small blind 15
Mahu2021: posts big blind 30
*** HOLE CARDS ***
Dealt to Mahu2021 [Ah Js]
4boom20: raises 30 to 60
Mahu2021: raises 640 to 700 and is all-in
4boom20: folds 
Uncalled bet (640) returned to Mahu2021
Mahu2021 collected 120 from pot
Mahu2021: doesn't show hand 
*** SUMMARY ***
Total pot 120 | Rake 0 
Seat 2: Mahu2021 (big blind) collected (120)
Seat 3: 4boom20 (button) (small blind) folded before Flop



PokerStars Hand #250425813894: Tournament #3752806313, $1.84+$0.16 USD Hold'em No Limit - Level II (15/30) - 2024/05/10 18:48:27 CET [2024/05/10 12:48:27 ET]
Table '3752806313 1' 3-max Seat #2 is the button
Seat 2: Mahu2021 (760 in chips) 
Seat 3: 4boom20 (740 in chips) 
Mahu2021: posts small blind 15
4boom20: posts big blind 30
*** HOLE CARDS ***
Dealt to Mahu2021 [Ts Jd]
Mahu2021: calls 15
4boom20: checks 
*** FLOP *** [9d 6s Ks]
4boom20: checks 
Mahu2021: checks 
*** TURN *** [9d 6s Ks] [8s]
4boom20: checks 
Mahu2021: bets 60
4boom20: folds 
Uncalled bet (60) returned to Mahu2021
Mahu2021 collected 60 from pot
Mahu2021: doesn't show hand 
*** SUMMARY ***
Total pot 60 | Rake 0 
Board [9d 6s Ks 8s]
Seat 2: Mahu2021 (button) (small blind) collected (60)
Seat 3: 4boom20 (big blind) folded on the Turn



PokerStars Hand #250425818268: Tournament #3752806313, $1.84+$0.16 USD Hold'em No Limit - Level II (15/30) - 2024/05/10 18:48:44 CET [2024/05/10 12:48:44 ET]
Table '3752806313 1' 3-max Seat #3 is the button
Seat 2: Mahu2021 (790 in chips) 
Seat 3: 4boom20 (710 in chips) 
4boom20: posts small blind 15
Mahu2021: posts big blind 30
*** HOLE CARDS ***
Dealt to Mahu2021 [2h Ac]
4boom20: raises 30 to 60
Mahu2021: calls 30
*** FLOP *** [9h 5h 5s]
Mahu2021: checks 
4boom20: checks 
*** TURN *** [9h 5h 5s] [8d]
Mahu2021: checks 
4boom20: bets 60
Mahu2021: calls 60
*** RIVER *** [9h 5h 5s 8d] [8h]
Mahu2021: checks 
4boom20: checks 
*** SHOW DOWN ***
Mahu2021: shows [2h Ac] (two pair, Eights and Fives)
4boom20: mucks hand 
Mahu2021 collected 240 from pot
*** SUMMARY ***
Total pot 240 | Rake 0 
Board [9h 5h 5s 8d 8h]
Seat 2: Mahu2021 (big blind) showed [2h Ac] and won (240) with two pair, Eights and Fives
Seat 3: 4boom20 (button) (small blind) mucked [Qc Jc]



PokerStars Hand #250425822450: Tournament #3752806313, $1.84+$0.16 USD Hold'em No Limit - Level II (15/30) - 2024/05/10 18:49:00 CET [2024/05/10 12:49:00 ET]
Table '3752806313 1' 3-max Seat #2 is the button
Seat 2: Mahu2021 (910 in chips) 
Seat 3: 4boom20 (590 in chips) 
Mahu2021: posts small blind 15
4boom20: posts big blind 30
*** HOLE CARDS ***
Dealt to Mahu2021 [4s 8s]
Mahu2021: calls 15
4boom20: checks 
*** FLOP *** [8d 6d Ac]
4boom20: checks 
Mahu2021: checks 
*** TURN *** [8d 6d Ac] [5c]
4boom20: bets 30
Mahu2021: calls 30
*** RIVER *** [8d 6d Ac 5c] [7d]
4boom20: bets 90
Mahu2021: calls 90
*** SHOW DOWN ***
4boom20: shows [4h Qd] (a straight, Four to Eight)
Mahu2021: shows [4s 8s] (a straight, Four to Eight)
4boom20 collected 150 from pot
Mahu2021 collected 150 from pot
*** SUMMARY ***
Total pot 300 | Rake 0 
Board [8d 6d Ac 5c 7d]
Seat 2: Mahu2021 (button) (small blind) showed [4s 8s] and won (150) with a straight, Four to Eight
Seat 3: 4boom20 (big blind) showed [4h Qd] and won (150) with a straight, Four to Eight



PokerStars Hand #250425826538: Tournament #3752806313, $1.84+$0.16 USD Hold'em No Limit - Level II (15/30) - 2024/05/10 18:49:15 CET [2024/05/10 12:49:15 ET]
Table '3752806313 1' 3-max Seat #3 is the button
Seat 2: Mahu2021 (910 in chips) 
Seat 3: 4boom20 (590 in chips) 
4boom20: posts small blind 15
Mahu2021: posts big blind 30
*** HOLE CARDS ***
Dealt to Mahu2021 [4s 4d]
4boom20: raises 30 to 60
Mahu2021: calls 30
*** FLOP *** [5h Ts 3h]
Mahu2021: checks 
4boom20: bets 30
Mahu2021: calls 30
*** TURN *** [5h Ts 3h] [Ah]
Mahu2021: checks 
4boom20: bets 90
Mahu2021: calls 90
*** RIVER *** [5h Ts 3h Ah] [Ac]
Mahu2021: checks 
4boom20: bets 410 and is all-in
Mahu2021: folds 
Uncalled bet (410) returned to 4boom20
4boom20 collected 360 from pot
4boom20: doesn't show hand 
*** SUMMARY ***
Total pot 360 | Rake 0 
Board [5h Ts 3h Ah Ac]
Seat 2: Mahu2021 (big blind) folded on the River
Seat 3: 4boom20 (button) (small blind) collected (360)



PokerStars Hand #250425831686: Tournament #3752806313, $1.84+$0.16 USD Hold'em No Limit - Level II (15/30) - 2024/05/10 18:49:35 CET [2024/05/10 12:49:35 ET]
Table '3752806313 1' 3-max Seat #2 is the button
Seat 2: Mahu2021 (730 in chips) 
Seat 3: 4boom20 (770 in chips) 
Mahu2021: posts small blind 15
4boom20: posts big blind 30
*** HOLE CARDS ***
Dealt to Mahu2021 [4h 9s]
Mahu2021: folds 
Uncalled bet (15) returned to 4boom20
4boom20 collected 30 from pot
4boom20: doesn't show hand 
*** SUMMARY ***
Total pot 30 | Rake 0 
Seat 2: Mahu2021 (button) (small blind) folded before Flop
Seat 3: 4boom20 (big blind) collected (30)



PokerStars Hand #250425886267: Tournament #3752806313, $1.84+$0.16 USD Hold'em No Limit - Level III (20/40) - 2024/05/10 18:52:59 CET [2024/05/10 12:52:59 ET]
Table '3752806313 1' 3-max Seat #2 is the button
Seat 2: Mahu2021 (520 in chips) 
Seat 3: 4boom20 (980 in chips) 
Mahu2021: posts small blind 20
4boom20: posts big blind 40
*** HOLE CARDS ***
Dealt to Mahu2021 [Td 9d]
Mahu2021 is disconnected 
Mahu2021 is connected 
Mahu2021: raises 480 to 520 and is all-in
4boom20: folds 
Uncalled bet (480) returned to Mahu2021
Mahu2021 collected 80 from pot
Mahu2021: doesn't show hand 
*** SUMMARY ***
Total pot 80 | Rake 0 
Seat 2: Mahu2021 (button) (small blind) collected (80)
Seat 3: 4boom20 (big blind) folded before Flop



PokerStars Hand #250425891165: Tournament #3752806313, $1.84+$0.16 USD Hold'em No Limit - Level III (20/40) - 2024/05/10 18:53:17 CET [2024/05/10 12:53:17 ET]
Table '3752806313 1' 3-max Seat #3 is the button
Seat 2: Mahu2021 (560 in chips) 
Seat 3: 4boom20 (940 in chips) 
4boom20: posts small blind 20
Mahu2021: posts big blind 40
*** HOLE CARDS ***
Dealt to Mahu2021 [Ah Jh]
4boom20: calls 20
Mahu2021: raises 40 to 80
4boom20: folds 
Uncalled bet (40) returned to Mahu2021
Mahu2021 collected 80 from pot
Mahu2021: doesn't show hand 
*** SUMMARY ***
Total pot 80 | Rake 0 
Seat 2: Mahu2021 (big blind) collected (80)
Seat 3: 4boom20 (button) (small blind) folded before Flop



PokerStars Hand #250425896005: Tournament #3752806313, $1.84+$0.16 USD Hold'em No Limit - Level III (20/40) - 2024/05/10 18:53:36 CET [2024/05/10 12:53:36 ET]
Table '3752806313 1' 3-max Seat #2 is the button
Seat 2: Mahu2021 (600 in chips) 
Seat 3: 4boom20 (900 in chips) 
Mahu2021: posts small blind 20
4boom20: posts big blind 40
*** HOLE CARDS ***
Dealt to Mahu2021 [Ah 4h]
Mahu2021: raises 40 to 80
4boom20: folds 
Uncalled bet (40) returned to Mahu2021
Mahu2021 collected 80 from pot
Mahu2021: doesn't show hand 
*** SUMMARY ***
Total pot 80 | Rake 0 
Seat 2: Mahu2021 (button) (small blind) collected (80)
Seat 3: 4boom20 (big blind) folded before Flop



PokerStars Hand #250425897590: Tournament #3752806313, $1.84+$0.16 USD Hold'em No Limit - Level III (20/40) - 2024/05/10 18:53:42 CET [2024/05/10 12:53:42 ET]
Table '3752806313 1' 3-max Seat #3 is the button
Seat 2: Mahu2021 (640 in chips) 
Seat 3: 4boom20 (860 in chips) 
4boom20: posts small blind 20
Mahu2021: posts big blind 40
*** HOLE CARDS ***
Dealt to Mahu2021 [3h 8c]
4boom20: calls 20
Mahu2021: checks 
*** FLOP *** [5d 9c 9s]
Mahu2021: checks 
4boom20: checks 
*** TURN *** [5d 9c 9s] [Kh]
Mahu2021: checks 
4boom20: bets 40
Mahu2021: folds 
Uncalled bet (40) returned to 4boom20
4boom20 collected 80 from pot
4boom20: doesn't show hand 
*** SUMMARY ***
Total pot 80 | Rake 0 
Board [5d 9c 9s Kh]
Seat 2: Mahu2021 (big blind) folded on the Turn
Seat 3: 4boom20 (button) (small blind) collected (80)



PokerStars Hand #250425901165: Tournament #3752806313, $1.84+$0.16 USD Hold'em No Limit - Level III (20/40) - 2024/05/10 18:53:55 CET [2024/05/10 12:53:55 ET]
Table '3752806313 1' 3-max Seat #2 is the button
Seat 2: Mahu2021 (600 in chips) 
Seat 3: 4boom20 (900 in chips) 
Mahu2021: posts small blind 20
4boom20: posts big blind 40
*** HOLE CARDS ***
Dealt to Mahu2021 [8s 6d]
Mahu2021: folds 
Uncalled bet (20) returned to 4boom20
4boom20 collected 40 from pot
4boom20: doesn't show hand 
*** SUMMARY ***
Total pot 40 | Rake 0 
Seat 2: Mahu2021 (button) (small blind) folded before Flop
Seat 3: 4boom20 (big blind) collected (40)



PokerStars Hand #250425902459: Tournament #3752806313, $1.84+$0.16 USD Hold'em No Limit - Level III (20/40) - 2024/05/10 18:54:00 CET [2024/05/10 12:54:00 ET]
Table '3752806313 1' 3-max Seat #3 is the button
Seat 2: Mahu2021 (580 in chips) 
Seat 3: 4boom20 (920 in chips) 
4boom20: posts small blind 20
Mahu2021: posts big blind 40
*** HOLE CARDS ***
Dealt to Mahu2021 [Qc Js]
4boom20: calls 20
Mahu2021: raises 80 to 120
4boom20: folds 
Uncalled bet (80) returned to Mahu2021
Mahu2021 collected 80 from pot
Mahu2021: doesn't show hand 
*** SUMMARY ***
Total pot 80 | Rake 0 
Seat 2: Mahu2021 (big blind) collected (80)
Seat 3: 4boom20 (button) (small blind) folded before Flop



PokerStars Hand #250425906168: Tournament #3752806313, $1.84+$0.16 USD Hold'em No Limit - Level IV (30/60) - 2024/05/10 18:54:14 CET [2024/05/10 12:54:14 ET]
Table '3752806313 1' 3-max Seat #2 is the button
Seat 2: Mahu2021 (620 in chips) 
Seat 3: 4boom20 (880 in chips) 
Mahu2021: posts small blind 30
4boom20: posts big blind 60
*** HOLE CARDS ***
Dealt to Mahu2021 [5d 8h]
Mahu2021: folds 
Uncalled bet (30) returned to 4boom20
4boom20 collected 60 from pot
4boom20: doesn't show hand 
*** SUMMARY ***
Total pot 60 | Rake 0 
Seat 2: Mahu2021 (button) (small blind) folded before Flop
Seat 3: 4boom20 (big blind) collected (60)



PokerStars Hand #250425907489: Tournament #3752806313, $1.84+$0.16 USD Hold'em No Limit - Level IV (30/60) - 2024/05/10 18:54:19 CET [2024/05/10 12:54:19 ET]
Table '3752806313 1' 3-max Seat #3 is the button
Seat 2: Mahu2021 (590 in chips) 
Seat 3: 4boom20 (910 in chips) 
4boom20: posts small blind 30
Mahu2021: posts big blind 60
*** HOLE CARDS ***
Dealt to Mahu2021 [Jc 7d]
4boom20: raises 850 to 910 and is all-in
Mahu2021: folds 
Uncalled bet (850) returned to 4boom20
4boom20 collected 120 from pot
4boom20: doesn't show hand 
*** SUMMARY ***
Total pot 120 | Rake 0 
Seat 2: Mahu2021 (big blind) folded before Flop
Seat 3: 4boom20 (button) (small blind) collected (120)



PokerStars Hand #250425909218: Tournament #3752806313, $1.84+$0.16 USD Hold'em No Limit - Level IV (30/60) - 2024/05/10 18:54:25 CET [2024/05/10 12:54:25 ET]
Table '3752806313 1' 3-max Seat #2 is the button
Seat 2: Mahu2021 (530 in chips) 
Seat 3: 4boom20 (970 in chips) 
Mahu2021: posts small blind 30
4boom20: posts big blind 60
*** HOLE CARDS ***
Dealt to Mahu2021 [Ah Qc]
Mahu2021: calls 30
4boom20: checks 
*** FLOP *** [8c 3d Ts]
4boom20: checks 
Mahu2021: checks 
*** TURN *** [8c 3d Ts] [6s]
4boom20: bets 60
Mahu2021: folds 
Uncalled bet (60) returned to 4boom20
4boom20 collected 120 from pot
4boom20: doesn't show hand 
*** SUMMARY ***
Total pot 120 | Rake 0 
Board [8c 3d Ts 6s]
Seat 2: Mahu2021 (button) (small blind) folded on the Turn
Seat 3: 4boom20 (big blind) collected (120)



PokerStars Hand #250425912558: Tournament #3752806313, $1.84+$0.16 USD Hold'em No Limit - Level IV (30/60) - 2024/05/10 18:54:38 CET [2024/05/10 12:54:38 ET]
Table '3752806313 1' 3-max Seat #3 is the button
Seat 2: Mahu2021 (470 in chips) 
Seat 3: 4boom20 (1030 in chips) 
4boom20: posts small blind 30
Mahu2021: posts big blind 60
*** HOLE CARDS ***
Dealt to Mahu2021 [6d Qh]
4boom20: raises 970 to 1030 and is all-in
Mahu2021: folds 
Uncalled bet (970) returned to 4boom20
4boom20 collected 120 from pot
4boom20: doesn't show hand 
*** SUMMARY ***
Total pot 120 | Rake 0 
Seat 2: Mahu2021 (big blind) folded before Flop
Seat 3: 4boom20 (button) (small blind) collected (120)



PokerStars Hand #250425914004: Tournament #3752806313, $1.84+$0.16 USD Hold'em No Limit - Level IV (30/60) - 2024/05/10 18:54:43 CET [2024/05/10 12:54:43 ET]
Table '3752806313 1' 3-max Seat #2 is the button
Seat 2: Mahu2021 (410 in chips) 
Seat 3: 4boom20 (1090 in chips) 
Mahu2021: posts small blind 30
4boom20: posts big blind 60
*** HOLE CARDS ***
Dealt to Mahu2021 [6c 2h]
Mahu2021: folds 
Uncalled bet (30) returned to 4boom20
4boom20 collected 60 from pot
4boom20: doesn't show hand 
*** SUMMARY ***
Total pot 60 | Rake 0 
Seat 2: Mahu2021 (button) (small blind) folded before Flop
Seat 3: 4boom20 (big blind) collected (60)



PokerStars Hand #250425915286: Tournament #3752806313, $1.84+$0.16 USD Hold'em No Limit - Level IV (30/60) - 2024/05/10 18:54:48 CET [2024/05/10 12:54:48 ET]
Table '3752806313 1' 3-max Seat #3 is the button
Seat 2: Mahu2021 (380 in chips) 
Seat 3: 4boom20 (1120 in chips) 
4boom20: posts small blind 30
Mahu2021: posts big blind 60
*** HOLE CARDS ***
Dealt to Mahu2021 [5d Kc]
4boom20: raises 1060 to 1120 and is all-in
Mahu2021: calls 320 and is all-in
Uncalled bet (740) returned to 4boom20
*** FLOP *** [6s Kh Ah]
*** TURN *** [6s Kh Ah] [2d]
*** RIVER *** [6s Kh Ah 2d] [3c]
*** SHOW DOWN ***
Mahu2021: shows [5d Kc] (a pair of Kings)
4boom20: shows [8s Qc] (high card Ace)
Mahu2021 collected 760 from pot
*** SUMMARY ***
Total pot 760 | Rake 0 
Board [6s Kh Ah 2d 3c]
Seat 2: Mahu2021 (big blind) showed [5d Kc] and won (760) with a pair of Kings
Seat 3: 4boom20 (button) (small blind) showed [8s Qc] and lost with high card Ace



PokerStars Hand #250425918621: Tournament #3752806313, $1.84+$0.16 USD Hold'em No Limit - Level IV (30/60) - 2024/05/10 18:55:00 CET [2024/05/10 12:55:00 ET]
Table '3752806313 1' 3-max Seat #2 is the button
Seat 2: Mahu2021 (760 in chips) 
Seat 3: 4boom20 (740 in chips) 
Mahu2021: posts small blind 30
4boom20: posts big blind 60
*** HOLE CARDS ***
Dealt to Mahu2021 [6c 7h]
Mahu2021: calls 30
4boom20: checks 
*** FLOP *** [5d Qd 6h]
4boom20: checks 
Mahu2021: bets 60
4boom20: folds 
Uncalled bet (60) returned to Mahu2021
Mahu2021 collected 120 from pot
Mahu2021: doesn't show hand 
*** SUMMARY ***
Total pot 120 | Rake 0 
Board [5d Qd 6h]
Seat 2: Mahu2021 (button) (small blind) collected (120)
Seat 3: 4boom20 (big blind) folded on the Flop



PokerStars Hand #250425921163: Tournament #3752806313, $1.84+$0.16 USD Hold'em No Limit - Level IV (30/60) - 2024/05/10 18:55:11 CET [2024/05/10 12:55:11 ET]
Table '3752806313 1' 3-max Seat #3 is the button
Seat 2: Mahu2021 (820 in chips) 
Seat 3: 4boom20 (680 in chips) 
4boom20: posts small blind 30
Mahu2021: posts big blind 60
*** HOLE CARDS ***
Dealt to Mahu2021 [6c 3h]
4boom20: calls 30
Mahu2021: checks 
*** FLOP *** [Js Qs 5d]
Mahu2021: checks 
4boom20: bets 60
Mahu2021: folds 
Uncalled bet (60) returned to 4boom20
4boom20 collected 120 from pot
4boom20: doesn't show hand 
*** SUMMARY ***
Total pot 120 | Rake 0 
Board [Js Qs 5d]
Seat 2: Mahu2021 (big blind) folded on the Flop
Seat 3: 4boom20 (button) (small blind) collected (120)



PokerStars Hand #250425922998: Tournament #3752806313, $1.84+$0.16 USD Hold'em No Limit - Level IV (30/60) - 2024/05/10 18:55:21 CET [2024/05/10 12:55:21 ET]
Table '3752806313 1' 3-max Seat #2 is the button
Seat 2: Mahu2021 (760 in chips) 
Seat 3: 4boom20 (740 in chips) 
Mahu2021: posts small blind 30
4boom20: posts big blind 60
*** HOLE CARDS ***
Dealt to Mahu2021 [Jc Td]
Mahu2021: calls 30
4boom20: raises 680 to 740 and is all-in
Mahu2021: folds 
Uncalled bet (680) returned to 4boom20
4boom20 collected 120 from pot
4boom20: doesn't show hand 
*** SUMMARY ***
Total pot 120 | Rake 0 
Seat 2: Mahu2021 (button) (small blind) folded before Flop
Seat 3: 4boom20 (big blind) collected (120)



PokerStars Hand #250425924317: Tournament #3752806313, $1.84+$0.16 USD Hold'em No Limit - Level IV (30/60) - 2024/05/10 18:55:28 CET [2024/05/10 12:55:28 ET]
Table '3752806313 1' 3-max Seat #3 is the button
Seat 2: Mahu2021 (700 in chips) 
Seat 3: 4boom20 (800 in chips) 
4boom20: posts small blind 30
Mahu2021: posts big blind 60
*** HOLE CARDS ***
Dealt to Mahu2021 [4s Jh]
4boom20: calls 30
Mahu2021: checks 
*** FLOP *** [6c Qc Td]
Mahu2021: checks 
4boom20: checks 
*** TURN *** [6c Qc Td] [6h]
Mahu2021: checks 
4boom20: bets 60
Mahu2021: folds 
Uncalled bet (60) returned to 4boom20
4boom20 collected 120 from pot
4boom20: doesn't show hand 
*** SUMMARY ***
Total pot 120 | Rake 0 
Board [6c Qc Td 6h]
Seat 2: Mahu2021 (big blind) folded on the Turn
Seat 3: 4boom20 (button) (small blind) collected (120)



PokerStars Hand #250425926731: Tournament #3752806313, $1.84+$0.16 USD Hold'em No Limit - Level IV (30/60) - 2024/05/10 18:55:41 CET [2024/05/10 12:55:41 ET]
Table '3752806313 1' 3-max Seat #2 is the button
Seat 2: Mahu2021 (640 in chips) 
Seat 3: 4boom20 (860 in chips) 
Mahu2021: posts small blind 30
4boom20: posts big blind 60
*** HOLE CARDS ***
Dealt to Mahu2021 [3s Jc]
Mahu2021: folds 
Uncalled bet (30) returned to 4boom20
4boom20 collected 60 from pot
4boom20: doesn't show hand 
*** SUMMARY ***
Total pot 60 | Rake 0 
Seat 2: Mahu2021 (button) (small blind) folded before Flop
Seat 3: 4boom20 (big blind) collected (60)



PokerStars Hand #250425927666: Tournament #3752806313, $1.84+$0.16 USD Hold'em No Limit - Level IV (30/60) - 2024/05/10 18:55:46 CET [2024/05/10 12:55:46 ET]
Table '3752806313 1' 3-max Seat #3 is the button
Seat 2: Mahu2021 (610 in chips) 
Seat 3: 4boom20 (890 in chips) 
4boom20: posts small blind 30
Mahu2021: posts big blind 60
*** HOLE CARDS ***
Dealt to Mahu2021 [8d Jh]
4boom20: calls 30
Mahu2021: checks 
*** FLOP *** [3d Jd 9d]
Mahu2021: checks 
4boom20: bets 60
Mahu2021: calls 60
*** TURN *** [3d Jd 9d] [Ts]
Mahu2021: checks 
4boom20: bets 120
Mahu2021: raises 370 to 490 and is all-in
4boom20: folds 
Uncalled bet (370) returned to Mahu2021
Mahu2021 collected 480 from pot
Mahu2021: doesn't show hand 
*** SUMMARY ***
Total pot 480 | Rake 0 
Board [3d Jd 9d Ts]
Seat 2: Mahu2021 (big blind) collected (480)
Seat 3: 4boom20 (button) (small blind) folded on the Turn



PokerStars Hand #250425932206: Tournament #3752806313, $1.84+$0.16 USD Hold'em No Limit - Level IV (30/60) - 2024/05/10 18:56:10 CET [2024/05/10 12:56:10 ET]
Table '3752806313 1' 3-max Seat #2 is the button
Seat 2: Mahu2021 (850 in chips) 
Seat 3: 4boom20 (650 in chips) 
Mahu2021: posts small blind 30
4boom20: posts big blind 60
*** HOLE CARDS ***
Dealt to Mahu2021 [Tc 8h]
Mahu2021: calls 30
4boom20: checks 
*** FLOP *** [Ks Kh 6s]
4boom20: checks 
Mahu2021: bets 60
4boom20: raises 90 to 150
Mahu2021: folds 
Uncalled bet (90) returned to 4boom20
4boom20 collected 240 from pot
4boom20: doesn't show hand 
*** SUMMARY ***
Total pot 240 | Rake 0 
Board [Ks Kh 6s]
Seat 2: Mahu2021 (button) (small blind) folded on the Flop
Seat 3: 4boom20 (big blind) collected (240)



PokerStars Hand #250425935567: Tournament #3752806313, $1.84+$0.16 USD Hold'em No Limit - Level IV (30/60) - 2024/05/10 18:56:28 CET [2024/05/10 12:56:28 ET]
Table '3752806313 1' 3-max Seat #3 is the button
Seat 2: Mahu2021 (730 in chips) 
Seat 3: 4boom20 (770 in chips) 
4boom20: posts small blind 30
Mahu2021: posts big blind 60
*** HOLE CARDS ***
Dealt to Mahu2021 [6h 4c]
4boom20: calls 30
Mahu2021: checks 
*** FLOP *** [Qd 7h 2d]
Mahu2021: checks 
4boom20: bets 60
Mahu2021: folds 
Uncalled bet (60) returned to 4boom20
4boom20 collected 120 from pot
4boom20: doesn't show hand 
*** SUMMARY ***
Total pot 120 | Rake 0 
Board [Qd 7h 2d]
Seat 2: Mahu2021 (big blind) folded on the Flop
Seat 3: 4boom20 (button) (small blind) collected (120)



PokerStars Hand #250425937254: Tournament #3752806313, $1.84+$0.16 USD Hold'em No Limit - Level IV (30/60) - 2024/05/10 18:56:37 CET [2024/05/10 12:56:37 ET]
Table '3752806313 1' 3-max Seat #2 is the button
Seat 2: Mahu2021 (670 in chips) 
Seat 3: 4boom20 (830 in chips) 
Mahu2021: posts small blind 30
4boom20: posts big blind 60
*** HOLE CARDS ***
Dealt to Mahu2021 [Ks Ac]
Mahu2021: calls 30
4boom20: checks 
*** FLOP *** [Qd 6h 4d]
4boom20: checks 
Mahu2021: checks 
*** TURN *** [Qd 6h 4d] [3h]
4boom20: checks 
Mahu2021: bets 60
4boom20: calls 60
*** RIVER *** [Qd 6h 4d 3h] [Qs]
4boom20: checks 
Mahu2021: checks 
*** SHOW DOWN ***
4boom20: shows [8s 3d] (two pair, Queens and Threes)
Mahu2021: mucks hand 
4boom20 collected 240 from pot
*** SUMMARY ***
Total pot 240 | Rake 0 
Board [Qd 6h 4d 3h Qs]
Seat 2: Mahu2021 (button) (small blind) mucked [Ks Ac]
Seat 3: 4boom20 (big blind) showed [8s 3d] and won (240) with two pair, Queens and Threes



PokerStars Hand #250425940262: Tournament #3752806313, $1.84+$0.16 USD Hold'em No Limit - Level IV (30/60) - 2024/05/10 18:56:53 CET [2024/05/10 12:56:53 ET]
Table '3752806313 1' 3-max Seat #3 is the button
Seat 2: Mahu2021 (550 in chips) 
Seat 3: 4boom20 (950 in chips) 
4boom20: posts small blind 30
Mahu2021: posts big blind 60
*** HOLE CARDS ***
Dealt to Mahu2021 [Js 2c]
4boom20: calls 30
Mahu2021: checks 
*** FLOP *** [Td 6d 7s]
Mahu2021: checks 
4boom20: checks 
*** TURN *** [Td 6d 7s] [5s]
Mahu2021: checks 
4boom20: bets 60
Mahu2021: folds 
Uncalled bet (60) returned to 4boom20
4boom20 collected 120 from pot
4boom20: doesn't show hand 
*** SUMMARY ***
Total pot 120 | Rake 0 
Board [Td 6d 7s 5s]
Seat 2: Mahu2021 (big blind) folded on the Turn
Seat 3: 4boom20 (button) (small blind) collected (120)



PokerStars Hand #250425942303: Tournament #3752806313, $1.84+$0.16 USD Hold'em No Limit - Level IV (30/60) - 2024/05/10 18:57:03 CET [2024/05/10 12:57:03 ET]
Table '3752806313 1' 3-max Seat #2 is the button
Seat 2: Mahu2021 (490 in chips) 
Seat 3: 4boom20 (1010 in chips) 
Mahu2021: posts small blind 30
4boom20: posts big blind 60
*** HOLE CARDS ***
Dealt to Mahu2021 [8d Td]
Mahu2021: calls 30
4boom20: checks 
*** FLOP *** [2d 3h 5d]
4boom20: checks 
Mahu2021: bets 60
4boom20: raises 120 to 180
Mahu2021: raises 250 to 430 and is all-in
4boom20: calls 250
*** TURN *** [2d 3h 5d] [4s]
*** RIVER *** [2d 3h 5d 4s] [7h]
*** SHOW DOWN ***
4boom20: shows [4d 5s] (two pair, Fives and Fours)
Mahu2021: shows [8d Td] (high card Ten)
4boom20 collected 980 from pot
Mahu2021 finished the tournament in 2nd place
4boom20 wins the tournament and receives $8.00 - congratulations!
*** SUMMARY ***
Total pot 980 | Rake 0 
Board [2d 3h 5d 4s 7h]
Seat 2: Mahu2021 (button) (small blind) showed [8d Td] and lost with high card Ten
Seat 3: 4boom20 (big blind) showed [4d 5s] and won (980) with two pair, Fives and Fours



