PokerStars Hand #243223865521: Tournament #3580546699, $0.92+$0.08 USD Hold'em No Limit - Level I (10/20) - 2023/04/21 11:57:30 CET [2023/04/21 5:57:30 ET]
Table '3580546699 1' 3-max Seat #1 is the button
Seat 1: lurds1983 (500 in chips) 
Seat 2: Mahu2021 (500 in chips) 
Seat 3: costa_AApro (500 in chips) 
Mahu2021: posts small blind 10
costa_AApro: posts big blind 20
*** HOLE CARDS ***
Dealt to Mahu2021 [Qh 7s]
lurds1983: calls 20
Mahu2021: calls 10
costa_AApro: checks 
*** FLOP *** [Ad 2h 5d]
Mahu2021: checks 
costa_AApro: checks 
lurds1983: bets 20
Mahu2021: folds 
costa_AApro: calls 20
*** TURN *** [Ad 2h 5d] [Ts]
costa_AApro: checks 
lurds1983: bets 50
costa_AApro: calls 50
*** RIVER *** [Ad 2h 5d Ts] [9d]
costa_AApro: bets 40
lurds1983: calls 40
*** SHOW DOWN ***
costa_AApro: shows [Kd 6d] (a flush, Ace high)
lurds1983: mucks hand 
costa_AApro collected 280 from pot
*** SUMMARY ***
Total pot 280 | Rake 0 
Board [Ad 2h 5d Ts 9d]
Seat 1: lurds1983 (button) mucked [3h 9s]
Seat 2: Mahu2021 (small blind) folded on the Flop
Seat 3: costa_AApro (big blind) showed [Kd 6d] and won (280) with a flush, Ace high



PokerStars Hand #243223869480: Tournament #3580546699, $0.92+$0.08 USD Hold'em No Limit - Level I (10/20) - 2023/04/21 11:58:00 CET [2023/04/21 5:58:00 ET]
Table '3580546699 1' 3-max Seat #2 is the button
Seat 1: lurds1983 (370 in chips) 
Seat 2: Mahu2021 (480 in chips) 
Seat 3: costa_AApro (650 in chips) 
costa_AApro: posts small blind 10
lurds1983: posts big blind 20
*** HOLE CARDS ***
Dealt to Mahu2021 [Ad Jd]
Mahu2021: raises 20 to 40
costa_AApro: calls 30
lurds1983: raises 120 to 160
Mahu2021: calls 120
costa_AApro: folds 
*** FLOP *** [2h 9s 3h]
lurds1983: bets 180
Mahu2021: folds 
Uncalled bet (180) returned to lurds1983
lurds1983 collected 360 from pot
lurds1983: doesn't show hand 
*** SUMMARY ***
Total pot 360 | Rake 0 
Board [2h 9s 3h]
Seat 1: lurds1983 (big blind) collected (360)
Seat 2: Mahu2021 (button) folded on the Flop
Seat 3: costa_AApro (small blind) folded before Flop



PokerStars Hand #243223871859: Tournament #3580546699, $0.92+$0.08 USD Hold'em No Limit - Level I (10/20) - 2023/04/21 11:58:18 CET [2023/04/21 5:58:18 ET]
Table '3580546699 1' 3-max Seat #3 is the button
Seat 1: lurds1983 (570 in chips) 
Seat 2: Mahu2021 (320 in chips) 
Seat 3: costa_AApro (610 in chips) 
lurds1983: posts small blind 10
Mahu2021: posts big blind 20
*** HOLE CARDS ***
Dealt to Mahu2021 [8s 7s]
costa_AApro: folds 
lurds1983: raises 20 to 40
Mahu2021: calls 20
*** FLOP *** [Jd Kc 5s]
lurds1983: bets 20
Mahu2021: folds 
Uncalled bet (20) returned to lurds1983
lurds1983 collected 80 from pot
lurds1983: doesn't show hand 
*** SUMMARY ***
Total pot 80 | Rake 0 
Board [Jd Kc 5s]
Seat 1: lurds1983 (small blind) collected (80)
Seat 2: Mahu2021 (big blind) folded on the Flop
Seat 3: costa_AApro (button) folded before Flop (didn't bet)



PokerStars Hand #243223873209: Tournament #3580546699, $0.92+$0.08 USD Hold'em No Limit - Level I (10/20) - 2023/04/21 11:58:28 CET [2023/04/21 5:58:28 ET]
Table '3580546699 1' 3-max Seat #1 is the button
Seat 1: lurds1983 (610 in chips) 
Seat 2: Mahu2021 (280 in chips) 
Seat 3: costa_AApro (610 in chips) 
Mahu2021: posts small blind 10
costa_AApro: posts big blind 20
*** HOLE CARDS ***
Dealt to Mahu2021 [8d 4s]
lurds1983: raises 50 to 70
Mahu2021: folds 
costa_AApro: raises 130 to 200
lurds1983: calls 130
*** FLOP *** [2s 9h 2h]
costa_AApro: bets 410 and is all-in
lurds1983: calls 410 and is all-in
*** TURN *** [2s 9h 2h] [9c]
*** RIVER *** [2s 9h 2h 9c] [Kc]
*** SHOW DOWN ***
costa_AApro: shows [Js Jc] (two pair, Jacks and Nines)
lurds1983: shows [Th Ks] (two pair, Kings and Nines)
lurds1983 collected 1230 from pot
costa_AApro finished the tournament in 3rd place
*** SUMMARY ***
Total pot 1230 | Rake 0 
Board [2s 9h 2h 9c Kc]
Seat 1: lurds1983 (button) showed [Th Ks] and won (1230) with two pair, Kings and Nines
Seat 2: Mahu2021 (small blind) folded before Flop
Seat 3: costa_AApro (big blind) showed [Js Jc] and lost with two pair, Jacks and Nines



PokerStars Hand #243223876532: Tournament #3580546699, $0.92+$0.08 USD Hold'em No Limit - Level I (10/20) - 2023/04/21 11:58:54 CET [2023/04/21 5:58:54 ET]
Table '3580546699 1' 3-max Seat #2 is the button
Seat 1: lurds1983 (1230 in chips) 
Seat 2: Mahu2021 (270 in chips) 
Mahu2021: posts small blind 10
lurds1983: posts big blind 20
*** HOLE CARDS ***
Dealt to Mahu2021 [6d Js]
Mahu2021: folds 
Uncalled bet (10) returned to lurds1983
lurds1983 collected 20 from pot
lurds1983: doesn't show hand 
*** SUMMARY ***
Total pot 20 | Rake 0 
Seat 1: lurds1983 (big blind) collected (20)
Seat 2: Mahu2021 (button) (small blind) folded before Flop



PokerStars Hand #243223877100: Tournament #3580546699, $0.92+$0.08 USD Hold'em No Limit - Level I (10/20) - 2023/04/21 11:58:59 CET [2023/04/21 5:58:59 ET]
Table '3580546699 1' 3-max Seat #1 is the button
Seat 1: lurds1983 (1240 in chips) 
Seat 2: Mahu2021 (260 in chips) 
lurds1983: posts small blind 10
Mahu2021: posts big blind 20
*** HOLE CARDS ***
Dealt to Mahu2021 [Jd 7d]
lurds1983: calls 10
Mahu2021: checks 
*** FLOP *** [4s Td Tc]
Mahu2021: checks 
lurds1983: bets 20
Mahu2021: folds 
Uncalled bet (20) returned to lurds1983
lurds1983 collected 40 from pot
lurds1983: doesn't show hand 
*** SUMMARY ***
Total pot 40 | Rake 0 
Board [4s Td Tc]
Seat 1: lurds1983 (button) (small blind) collected (40)
Seat 2: Mahu2021 (big blind) folded on the Flop



PokerStars Hand #243223878542: Tournament #3580546699, $0.92+$0.08 USD Hold'em No Limit - Level I (10/20) - 2023/04/21 11:59:10 CET [2023/04/21 5:59:10 ET]
Table '3580546699 1' 3-max Seat #2 is the button
Seat 1: lurds1983 (1260 in chips) 
Seat 2: Mahu2021 (240 in chips) 
Mahu2021: posts small blind 10
lurds1983: posts big blind 20
*** HOLE CARDS ***
Dealt to Mahu2021 [4h 4s]
Mahu2021: raises 220 to 240 and is all-in
lurds1983: folds 
Uncalled bet (220) returned to Mahu2021
Mahu2021 collected 40 from pot
Mahu2021: doesn't show hand 
*** SUMMARY ***
Total pot 40 | Rake 0 
Seat 1: lurds1983 (big blind) folded before Flop
Seat 2: Mahu2021 (button) (small blind) collected (40)



PokerStars Hand #243223879389: Tournament #3580546699, $0.92+$0.08 USD Hold'em No Limit - Level I (10/20) - 2023/04/21 11:59:16 CET [2023/04/21 5:59:16 ET]
Table '3580546699 1' 3-max Seat #1 is the button
Seat 1: lurds1983 (1240 in chips) 
Seat 2: Mahu2021 (260 in chips) 
lurds1983: posts small blind 10
Mahu2021: posts big blind 20
*** HOLE CARDS ***
Dealt to Mahu2021 [9c 3s]
lurds1983: calls 10
Mahu2021: checks 
*** FLOP *** [Kd 2h As]
Mahu2021: checks 
lurds1983: bets 20
Mahu2021: folds 
Uncalled bet (20) returned to lurds1983
lurds1983 collected 40 from pot
lurds1983: doesn't show hand 
*** SUMMARY ***
Total pot 40 | Rake 0 
Board [Kd 2h As]
Seat 1: lurds1983 (button) (small blind) collected (40)
Seat 2: Mahu2021 (big blind) folded on the Flop



PokerStars Hand #243223880750: Tournament #3580546699, $0.92+$0.08 USD Hold'em No Limit - Level I (10/20) - 2023/04/21 11:59:27 CET [2023/04/21 5:59:27 ET]
Table '3580546699 1' 3-max Seat #2 is the button
Seat 1: lurds1983 (1260 in chips) 
Seat 2: Mahu2021 (240 in chips) 
Mahu2021: posts small blind 10
lurds1983: posts big blind 20
*** HOLE CARDS ***
Dealt to Mahu2021 [Ts 4h]
Mahu2021: folds 
Uncalled bet (10) returned to lurds1983
lurds1983 collected 20 from pot
lurds1983: doesn't show hand 
*** SUMMARY ***
Total pot 20 | Rake 0 
Seat 1: lurds1983 (big blind) collected (20)
Seat 2: Mahu2021 (button) (small blind) folded before Flop



PokerStars Hand #243223881297: Tournament #3580546699, $0.92+$0.08 USD Hold'em No Limit - Level I (10/20) - 2023/04/21 11:59:31 CET [2023/04/21 5:59:31 ET]
Table '3580546699 1' 3-max Seat #1 is the button
Seat 1: lurds1983 (1270 in chips) 
Seat 2: Mahu2021 (230 in chips) 
lurds1983: posts small blind 10
Mahu2021: posts big blind 20
*** HOLE CARDS ***
Dealt to Mahu2021 [9c Qd]
lurds1983: calls 10
Mahu2021: raises 210 to 230 and is all-in
lurds1983: calls 210
*** FLOP *** [Kc Th 8s]
*** TURN *** [Kc Th 8s] [2s]
*** RIVER *** [Kc Th 8s 2s] [3s]
*** SHOW DOWN ***
Mahu2021: shows [9c Qd] (high card King)
lurds1983: shows [As 7s] (a flush, Ace high)
lurds1983 collected 460 from pot
Mahu2021 finished the tournament in 2nd place
lurds1983 wins the tournament and receives $3.00 - congratulations!
*** SUMMARY ***
Total pot 460 | Rake 0 
Board [Kc Th 8s 2s 3s]
Seat 1: lurds1983 (button) (small blind) showed [As 7s] and won (460) with a flush, Ace high
Seat 2: Mahu2021 (big blind) showed [9c Qd] and lost with high card King



