PokerStars Hand #243011067054: Tournament #3575640063, $0.92+$0.08 USD Hold'em No Limit - Level I (10/20) - 2023/04/10 21:33:50 CET [2023/04/10 15:33:50 ET]
Table '3575640063 1' 3-max Seat #1 is the button
Seat 1: Mahu2021 (500 in chips) 
Seat 2: uxb007 (500 in chips) 
Seat 3: burgerz_000 (500 in chips) 
uxb007: posts small blind 10
burgerz_000: posts big blind 20
*** HOLE CARDS ***
Dealt to Mahu2021 [3c 5h]
Mahu2021: folds 
uxb007: calls 10
burgerz_000: checks 
*** FLOP *** [Kd 4c Qc]
uxb007: checks 
burgerz_000: bets 20
uxb007: calls 20
*** TURN *** [Kd 4c Qc] [Kc]
uxb007: checks 
burgerz_000: bets 20
uxb007: calls 20
*** RIVER *** [Kd 4c Qc Kc] [5s]
uxb007: checks 
burgerz_000: bets 40
uxb007: folds 
Uncalled bet (40) returned to burgerz_000
burgerz_000 collected 120 from pot
burgerz_000: doesn't show hand 
*** SUMMARY ***
Total pot 120 | Rake 0 
Board [Kd 4c Qc Kc 5s]
Seat 1: Mahu2021 (button) folded before Flop (didn't bet)
Seat 2: uxb007 (small blind) folded on the River
Seat 3: burgerz_000 (big blind) collected (120)



PokerStars Hand #243011080405: Tournament #3575640063, $0.92+$0.08 USD Hold'em No Limit - Level I (10/20) - 2023/04/10 21:34:21 CET [2023/04/10 15:34:21 ET]
Table '3575640063 1' 3-max Seat #2 is the button
Seat 1: Mahu2021 (500 in chips) 
Seat 2: uxb007 (440 in chips) 
Seat 3: burgerz_000 (560 in chips) 
burgerz_000: posts small blind 10
Mahu2021: posts big blind 20
*** HOLE CARDS ***
Dealt to Mahu2021 [Js 3c]
uxb007: calls 20
burgerz_000: calls 10
Mahu2021: checks 
*** FLOP *** [Kd 2h 4c]
burgerz_000: bets 20
Mahu2021: calls 20
uxb007: folds 
*** TURN *** [Kd 2h 4c] [Td]
burgerz_000: checks 
Mahu2021: checks 
*** RIVER *** [Kd 2h 4c Td] [Th]
burgerz_000: bets 20
Mahu2021: folds 
Uncalled bet (20) returned to burgerz_000
burgerz_000 collected 100 from pot
burgerz_000: doesn't show hand 
*** SUMMARY ***
Total pot 100 | Rake 0 
Board [Kd 2h 4c Td Th]
Seat 1: Mahu2021 (big blind) folded on the River
Seat 2: uxb007 (button) folded on the Flop
Seat 3: burgerz_000 (small blind) collected (100)



PokerStars Hand #243011090304: Tournament #3575640063, $0.92+$0.08 USD Hold'em No Limit - Level I (10/20) - 2023/04/10 21:34:45 CET [2023/04/10 15:34:45 ET]
Table '3575640063 1' 3-max Seat #3 is the button
Seat 1: Mahu2021 (460 in chips) 
Seat 2: uxb007 (420 in chips) 
Seat 3: burgerz_000 (620 in chips) 
Mahu2021: posts small blind 10
uxb007: posts big blind 20
*** HOLE CARDS ***
Dealt to Mahu2021 [6d Jd]
burgerz_000: raises 20 to 40
Mahu2021: calls 30
uxb007: calls 20
*** FLOP *** [Ts 2d 8c]
Mahu2021: checks 
uxb007: bets 20
burgerz_000: calls 20
Mahu2021: folds 
*** TURN *** [Ts 2d 8c] [5h]
uxb007: checks 
burgerz_000: bets 60
uxb007: calls 60
*** RIVER *** [Ts 2d 8c 5h] [Th]
uxb007: bets 20
burgerz_000: folds 
Uncalled bet (20) returned to uxb007
uxb007 collected 280 from pot
uxb007: doesn't show hand 
*** SUMMARY ***
Total pot 280 | Rake 0 
Board [Ts 2d 8c 5h Th]
Seat 1: Mahu2021 (small blind) folded on the Flop
Seat 2: uxb007 (big blind) collected (280)
Seat 3: burgerz_000 (button) folded on the River



PokerStars Hand #243011103360: Tournament #3575640063, $0.92+$0.08 USD Hold'em No Limit - Level I (10/20) - 2023/04/10 21:35:16 CET [2023/04/10 15:35:16 ET]
Table '3575640063 1' 3-max Seat #1 is the button
Seat 1: Mahu2021 (420 in chips) 
Seat 2: uxb007 (580 in chips) 
Seat 3: burgerz_000 (500 in chips) 
uxb007: posts small blind 10
burgerz_000: posts big blind 20
*** HOLE CARDS ***
Dealt to Mahu2021 [3d 4c]
Mahu2021: folds 
uxb007: calls 10
burgerz_000: checks 
*** FLOP *** [Tc Kd 9s]
uxb007: checks 
burgerz_000: checks 
*** TURN *** [Tc Kd 9s] [5d]
uxb007: bets 20
burgerz_000: folds 
Uncalled bet (20) returned to uxb007
uxb007 collected 40 from pot
uxb007: doesn't show hand 
*** SUMMARY ***
Total pot 40 | Rake 0 
Board [Tc Kd 9s 5d]
Seat 1: Mahu2021 (button) folded before Flop (didn't bet)
Seat 2: uxb007 (small blind) collected (40)
Seat 3: burgerz_000 (big blind) folded on the Turn



PokerStars Hand #243011112813: Tournament #3575640063, $0.92+$0.08 USD Hold'em No Limit - Level I (10/20) - 2023/04/10 21:35:38 CET [2023/04/10 15:35:38 ET]
Table '3575640063 1' 3-max Seat #2 is the button
Seat 1: Mahu2021 (420 in chips) 
Seat 2: uxb007 (600 in chips) 
Seat 3: burgerz_000 (480 in chips) 
burgerz_000: posts small blind 10
Mahu2021: posts big blind 20
*** HOLE CARDS ***
Dealt to Mahu2021 [5d 5h]
uxb007: calls 20
burgerz_000: calls 10
Mahu2021: raises 400 to 420 and is all-in
uxb007: folds 
burgerz_000: folds 
Uncalled bet (400) returned to Mahu2021
Mahu2021 collected 60 from pot
Mahu2021: doesn't show hand 
*** SUMMARY ***
Total pot 60 | Rake 0 
Seat 1: Mahu2021 (big blind) collected (60)
Seat 2: uxb007 (button) folded before Flop
Seat 3: burgerz_000 (small blind) folded before Flop



PokerStars Hand #243011119376: Tournament #3575640063, $0.92+$0.08 USD Hold'em No Limit - Level I (10/20) - 2023/04/10 21:35:54 CET [2023/04/10 15:35:54 ET]
Table '3575640063 1' 3-max Seat #3 is the button
Seat 1: Mahu2021 (460 in chips) 
Seat 2: uxb007 (580 in chips) 
Seat 3: burgerz_000 (460 in chips) 
Mahu2021: posts small blind 10
uxb007: posts big blind 20
*** HOLE CARDS ***
Dealt to Mahu2021 [Qc 4c]
burgerz_000: calls 20
Mahu2021: calls 10
uxb007: checks 
*** FLOP *** [Kh Qs 3c]
Mahu2021: checks 
uxb007: checks 
burgerz_000: checks 
*** TURN *** [Kh Qs 3c] [7c]
Mahu2021: bets 20
uxb007: calls 20
burgerz_000: folds 
*** RIVER *** [Kh Qs 3c 7c] [6s]
Mahu2021: checks 
uxb007: checks 
*** SHOW DOWN ***
Mahu2021: shows [Qc 4c] (a pair of Queens)
uxb007: mucks hand 
Mahu2021 collected 100 from pot
*** SUMMARY ***
Total pot 100 | Rake 0 
Board [Kh Qs 3c 7c 6s]
Seat 1: Mahu2021 (small blind) showed [Qc 4c] and won (100) with a pair of Queens
Seat 2: uxb007 (big blind) mucked [Ah Jh]
Seat 3: burgerz_000 (button) folded on the Turn



PokerStars Hand #243011132507: Tournament #3575640063, $0.92+$0.08 USD Hold'em No Limit - Level I (10/20) - 2023/04/10 21:36:25 CET [2023/04/10 15:36:25 ET]
Table '3575640063 1' 3-max Seat #1 is the button
Seat 1: Mahu2021 (520 in chips) 
Seat 2: uxb007 (540 in chips) 
Seat 3: burgerz_000 (440 in chips) 
uxb007: posts small blind 10
burgerz_000: posts big blind 20
*** HOLE CARDS ***
Dealt to Mahu2021 [Qs 2d]
Mahu2021: folds 
uxb007: calls 10
burgerz_000: checks 
*** FLOP *** [3d 2h Ac]
uxb007: checks 
burgerz_000: bets 40
uxb007: calls 40
*** TURN *** [3d 2h Ac] [Js]
uxb007: bets 20
burgerz_000: folds 
Uncalled bet (20) returned to uxb007
uxb007 collected 120 from pot
uxb007: doesn't show hand 
*** SUMMARY ***
Total pot 120 | Rake 0 
Board [3d 2h Ac Js]
Seat 1: Mahu2021 (button) folded before Flop (didn't bet)
Seat 2: uxb007 (small blind) collected (120)
Seat 3: burgerz_000 (big blind) folded on the Turn



PokerStars Hand #243011146035: Tournament #3575640063, $0.92+$0.08 USD Hold'em No Limit - Level II (15/30) - 2023/04/10 21:36:57 CET [2023/04/10 15:36:57 ET]
Table '3575640063 1' 3-max Seat #2 is the button
Seat 1: Mahu2021 (520 in chips) 
Seat 2: uxb007 (600 in chips) 
Seat 3: burgerz_000 (380 in chips) 
burgerz_000: posts small blind 15
Mahu2021: posts big blind 30
*** HOLE CARDS ***
Dealt to Mahu2021 [Tc 4s]
uxb007: calls 30
burgerz_000: calls 15
Mahu2021: checks 
*** FLOP *** [Kh 9c 8s]
burgerz_000: checks 
Mahu2021: checks 
uxb007: checks 
*** TURN *** [Kh 9c 8s] [3s]
burgerz_000: checks 
Mahu2021: checks 
uxb007: checks 
*** RIVER *** [Kh 9c 8s 3s] [6h]
burgerz_000: bets 90
Mahu2021: folds 
uxb007: calls 90
*** SHOW DOWN ***
burgerz_000: shows [5d 7d] (a straight, Five to Nine)
uxb007: mucks hand 
burgerz_000 collected 270 from pot
*** SUMMARY ***
Total pot 270 | Rake 0 
Board [Kh 9c 8s 3s 6h]
Seat 1: Mahu2021 (big blind) folded on the River
Seat 2: uxb007 (button) mucked [8h 7s]
Seat 3: burgerz_000 (small blind) showed [5d 7d] and won (270) with a straight, Five to Nine



PokerStars Hand #243011158306: Tournament #3575640063, $0.92+$0.08 USD Hold'em No Limit - Level II (15/30) - 2023/04/10 21:37:27 CET [2023/04/10 15:37:27 ET]
Table '3575640063 1' 3-max Seat #3 is the button
Seat 1: Mahu2021 (490 in chips) 
Seat 2: uxb007 (480 in chips) 
Seat 3: burgerz_000 (530 in chips) 
Mahu2021: posts small blind 15
uxb007: posts big blind 30
*** HOLE CARDS ***
Dealt to Mahu2021 [Kd Qh]
burgerz_000: folds 
Mahu2021: raises 30 to 60
uxb007: calls 30
*** FLOP *** [7s Kc Ac]
Mahu2021: bets 60
uxb007: calls 60
*** TURN *** [7s Kc Ac] [2c]
Mahu2021: checks 
uxb007: checks 
*** RIVER *** [7s Kc Ac 2c] [Qs]
Mahu2021: bets 120
uxb007: raises 120 to 240
Mahu2021: calls 120
*** SHOW DOWN ***
uxb007: shows [Jc Td] (a straight, Ten to Ace)
Mahu2021: mucks hand 
uxb007 collected 720 from pot
*** SUMMARY ***
Total pot 720 | Rake 0 
Board [7s Kc Ac 2c Qs]
Seat 1: Mahu2021 (small blind) mucked [Kd Qh]
Seat 2: uxb007 (big blind) showed [Jc Td] and won (720) with a straight, Ten to Ace
Seat 3: burgerz_000 (button) folded before Flop (didn't bet)



PokerStars Hand #243011170967: Tournament #3575640063, $0.92+$0.08 USD Hold'em No Limit - Level II (15/30) - 2023/04/10 21:37:57 CET [2023/04/10 15:37:57 ET]
Table '3575640063 1' 3-max Seat #1 is the button
Seat 1: Mahu2021 (130 in chips) 
Seat 2: uxb007 (840 in chips) 
Seat 3: burgerz_000 (530 in chips) 
uxb007: posts small blind 15
burgerz_000: posts big blind 30
*** HOLE CARDS ***
Dealt to Mahu2021 [Js 3h]
Mahu2021: folds 
uxb007: calls 15
burgerz_000: checks 
*** FLOP *** [4s 8d Th]
uxb007: checks 
burgerz_000: bets 30
uxb007: calls 30
*** TURN *** [4s 8d Th] [Ah]
uxb007: bets 30
burgerz_000: folds 
Uncalled bet (30) returned to uxb007
uxb007 collected 120 from pot
uxb007: doesn't show hand 
*** SUMMARY ***
Total pot 120 | Rake 0 
Board [4s 8d Th Ah]
Seat 1: Mahu2021 (button) folded before Flop (didn't bet)
Seat 2: uxb007 (small blind) collected (120)
Seat 3: burgerz_000 (big blind) folded on the Turn



PokerStars Hand #243011182938: Tournament #3575640063, $0.92+$0.08 USD Hold'em No Limit - Level II (15/30) - 2023/04/10 21:38:26 CET [2023/04/10 15:38:26 ET]
Table '3575640063 1' 3-max Seat #2 is the button
Seat 1: Mahu2021 (130 in chips) 
Seat 2: uxb007 (900 in chips) 
Seat 3: burgerz_000 (470 in chips) 
burgerz_000: posts small blind 15
Mahu2021: posts big blind 30
*** HOLE CARDS ***
Dealt to Mahu2021 [6h 8d]
uxb007: calls 30
burgerz_000: calls 15
Mahu2021: checks 
*** FLOP *** [6s 2s 4d]
burgerz_000: bets 30
Mahu2021: raises 70 to 100 and is all-in
uxb007: folds 
burgerz_000: calls 70
*** TURN *** [6s 2s 4d] [7h]
*** RIVER *** [6s 2s 4d 7h] [As]
*** SHOW DOWN ***
burgerz_000: shows [4c 9h] (a pair of Fours)
Mahu2021: shows [6h 8d] (a pair of Sixes)
Mahu2021 collected 290 from pot
*** SUMMARY ***
Total pot 290 | Rake 0 
Board [6s 2s 4d 7h As]
Seat 1: Mahu2021 (big blind) showed [6h 8d] and won (290) with a pair of Sixes
Seat 2: uxb007 (button) folded on the Flop
Seat 3: burgerz_000 (small blind) showed [4c 9h] and lost with a pair of Fours



PokerStars Hand #243011194871: Tournament #3575640063, $0.92+$0.08 USD Hold'em No Limit - Level II (15/30) - 2023/04/10 21:38:55 CET [2023/04/10 15:38:55 ET]
Table '3575640063 1' 3-max Seat #3 is the button
Seat 1: Mahu2021 (290 in chips) 
Seat 2: uxb007 (870 in chips) 
Seat 3: burgerz_000 (340 in chips) 
Mahu2021: posts small blind 15
uxb007: posts big blind 30
*** HOLE CARDS ***
Dealt to Mahu2021 [3d Qs]
burgerz_000: folds 
Mahu2021: folds 
Uncalled bet (15) returned to uxb007
uxb007 collected 30 from pot
*** SUMMARY ***
Total pot 30 | Rake 0 
Seat 1: Mahu2021 (small blind) folded before Flop
Seat 2: uxb007 (big blind) collected (30)
Seat 3: burgerz_000 (button) folded before Flop (didn't bet)



PokerStars Hand #243011197264: Tournament #3575640063, $0.92+$0.08 USD Hold'em No Limit - Level II (15/30) - 2023/04/10 21:39:00 CET [2023/04/10 15:39:00 ET]
Table '3575640063 1' 3-max Seat #1 is the button
Seat 1: Mahu2021 (275 in chips) 
Seat 2: uxb007 (885 in chips) 
Seat 3: burgerz_000 (340 in chips) 
uxb007: posts small blind 15
burgerz_000: posts big blind 30
*** HOLE CARDS ***
Dealt to Mahu2021 [Ks 9s]
Mahu2021: calls 30
uxb007: calls 15
burgerz_000 is disconnected 
burgerz_000 is connected 
burgerz_000: checks 
*** FLOP *** [Kh 8s Qs]
uxb007: checks 
burgerz_000: bets 90
Mahu2021: raises 155 to 245 and is all-in
uxb007: calls 245
burgerz_000: calls 155
*** TURN *** [Kh 8s Qs] [2d]
uxb007: checks 
burgerz_000: bets 65 and is all-in
uxb007: calls 65
*** RIVER *** [Kh 8s Qs 2d] [Th]
*** SHOW DOWN ***
uxb007: shows [Js Qh] (a pair of Queens)
burgerz_000: shows [7s Ts] (a pair of Tens)
uxb007 collected 130 from side pot
Mahu2021: shows [Ks 9s] (a pair of Kings)
Mahu2021 collected 825 from main pot
burgerz_000 finished the tournament in 3rd place
*** SUMMARY ***
Total pot 955 Main pot 825. Side pot 130. | Rake 0 
Board [Kh 8s Qs 2d Th]
Seat 1: Mahu2021 (button) showed [Ks 9s] and won (825) with a pair of Kings
Seat 2: uxb007 (small blind) showed [Js Qh] and won (130) with a pair of Queens
Seat 3: burgerz_000 (big blind) showed [7s Ts] and lost with a pair of Tens



PokerStars Hand #243011216499: Tournament #3575640063, $0.92+$0.08 USD Hold'em No Limit - Level II (15/30) - 2023/04/10 21:39:46 CET [2023/04/10 15:39:46 ET]
Table '3575640063 1' 3-max Seat #2 is the button
Seat 1: Mahu2021 (825 in chips) 
Seat 2: uxb007 (675 in chips) 
uxb007: posts small blind 15
Mahu2021: posts big blind 30
*** HOLE CARDS ***
Dealt to Mahu2021 [Jc 2s]
uxb007: raises 30 to 60
Mahu2021: calls 30
*** FLOP *** [4c Ts Qc]
Mahu2021: checks 
uxb007: checks 
*** TURN *** [4c Ts Qc] [2d]
Mahu2021: bets 30
uxb007: calls 30
*** RIVER *** [4c Ts Qc 2d] [6h]
Mahu2021: checks 
uxb007: checks 
*** SHOW DOWN ***
Mahu2021: shows [Jc 2s] (a pair of Deuces)
uxb007: shows [As 6s] (a pair of Sixes)
uxb007 collected 180 from pot
*** SUMMARY ***
Total pot 180 | Rake 0 
Board [4c Ts Qc 2d 6h]
Seat 1: Mahu2021 (big blind) showed [Jc 2s] and lost with a pair of Deuces
Seat 2: uxb007 (button) (small blind) showed [As 6s] and won (180) with a pair of Sixes



PokerStars Hand #243011229562: Tournament #3575640063, $0.92+$0.08 USD Hold'em No Limit - Level III (20/40) - 2023/04/10 21:40:17 CET [2023/04/10 15:40:17 ET]
Table '3575640063 1' 3-max Seat #1 is the button
Seat 1: Mahu2021 (735 in chips) 
Seat 2: uxb007 (765 in chips) 
Mahu2021: posts small blind 20
uxb007: posts big blind 40
*** HOLE CARDS ***
Dealt to Mahu2021 [3h Qs]
Mahu2021: folds 
Uncalled bet (20) returned to uxb007
uxb007 collected 40 from pot
uxb007: doesn't show hand 
*** SUMMARY ***
Total pot 40 | Rake 0 
Seat 1: Mahu2021 (button) (small blind) folded before Flop
Seat 2: uxb007 (big blind) collected (40)



PokerStars Hand #243011231522: Tournament #3575640063, $0.92+$0.08 USD Hold'em No Limit - Level III (20/40) - 2023/04/10 21:40:22 CET [2023/04/10 15:40:22 ET]
Table '3575640063 1' 3-max Seat #2 is the button
Seat 1: Mahu2021 (715 in chips) 
Seat 2: uxb007 (785 in chips) 
uxb007: posts small blind 20
Mahu2021: posts big blind 40
*** HOLE CARDS ***
Dealt to Mahu2021 [4h 5c]
uxb007: folds 
Uncalled bet (20) returned to Mahu2021
Mahu2021 collected 40 from pot
Mahu2021: doesn't show hand 
*** SUMMARY ***
Total pot 40 | Rake 0 
Seat 1: Mahu2021 (big blind) collected (40)
Seat 2: uxb007 (button) (small blind) folded before Flop



PokerStars Hand #243011234721: Tournament #3575640063, $0.92+$0.08 USD Hold'em No Limit - Level III (20/40) - 2023/04/10 21:40:29 CET [2023/04/10 15:40:29 ET]
Table '3575640063 1' 3-max Seat #1 is the button
Seat 1: Mahu2021 (735 in chips) 
Seat 2: uxb007 (765 in chips) 
Mahu2021: posts small blind 20
uxb007: posts big blind 40
*** HOLE CARDS ***
Dealt to Mahu2021 [4d 4c]
Mahu2021: raises 695 to 735 and is all-in
uxb007: calls 695
*** FLOP *** [9c Jc 5h]
*** TURN *** [9c Jc 5h] [Ac]
*** RIVER *** [9c Jc 5h Ac] [5d]
*** SHOW DOWN ***
uxb007: shows [Tc Qh] (a pair of Fives)
Mahu2021: shows [4d 4c] (two pair, Fives and Fours)
Mahu2021 collected 1470 from pot
*** SUMMARY ***
Total pot 1470 | Rake 0 
Board [9c Jc 5h Ac 5d]
Seat 1: Mahu2021 (button) (small blind) showed [4d 4c] and won (1470) with two pair, Fives and Fours
Seat 2: uxb007 (big blind) showed [Tc Qh] and lost with a pair of Fives



PokerStars Hand #243011241146: Tournament #3575640063, $0.92+$0.08 USD Hold'em No Limit - Level III (20/40) - 2023/04/10 21:40:44 CET [2023/04/10 15:40:44 ET]
Table '3575640063 1' 3-max Seat #2 is the button
Seat 1: Mahu2021 (1470 in chips) 
Seat 2: uxb007 (30 in chips) 
uxb007: posts small blind 20
Mahu2021: posts big blind 40
*** HOLE CARDS ***
Dealt to Mahu2021 [Qh Kc]
uxb007: calls 10 and is all-in
Uncalled bet (10) returned to Mahu2021
*** FLOP *** [Jc Qc 5s]
*** TURN *** [Jc Qc 5s] [Kd]
*** RIVER *** [Jc Qc 5s Kd] [5c]
*** SHOW DOWN ***
Mahu2021: shows [Qh Kc] (two pair, Kings and Queens)
uxb007: shows [9h 3c] (a pair of Fives)
Mahu2021 collected 60 from pot
uxb007 finished the tournament in 2nd place
Mahu2021 wins the tournament and receives $5.00 - congratulations!
*** SUMMARY ***
Total pot 60 | Rake 0 
Board [Jc Qc 5s Kd 5c]
Seat 1: Mahu2021 (big blind) showed [Qh Kc] and won (60) with two pair, Kings and Queens
Seat 2: uxb007 (button) (small blind) showed [9h 3c] and lost with a pair of Fives



