PokerStars Hand #253233628466: Tournament #3819597227, $1.84+$0.16 USD Hold'em No Limit - Level I (10/20) - 2024/11/03 16:02:36 CET [2024/11/03 10:02:36 ET]
Table '3819597227 1' 3-max Seat #1 is the button
Seat 1: robsonbmelo (500 in chips) 
Seat 2: trader21318 (500 in chips) 
Seat 3: Mahu2021 (500 in chips) 
trader21318: posts small blind 10
Mahu2021: posts big blind 20
*** HOLE CARDS ***
Dealt to Mahu2021 [3h 6c]
robsonbmelo: folds 
trader21318: raises 480 to 500 and is all-in
Mahu2021: folds 
Uncalled bet (480) returned to trader21318
trader21318 collected 40 from pot
trader21318: doesn't show hand 
*** SUMMARY ***
Total pot 40 | Rake 0 
Seat 1: robsonbmelo (button) folded before Flop (didn't bet)
Seat 2: trader21318 (small blind) collected (40)
Seat 3: Mahu2021 (big blind) folded before Flop



PokerStars Hand #253233632656: Tournament #3819597227, $1.84+$0.16 USD Hold'em No Limit - Level I (10/20) - 2024/11/03 16:02:55 CET [2024/11/03 10:02:55 ET]
Table '3819597227 1' 3-max Seat #2 is the button
Seat 1: robsonbmelo (500 in chips) 
Seat 2: trader21318 (520 in chips) 
Seat 3: Mahu2021 (480 in chips) 
Mahu2021: posts small blind 10
robsonbmelo: posts big blind 20
*** HOLE CARDS ***
Dealt to Mahu2021 [6h 7d]
trader21318: raises 20 to 40
Mahu2021: folds 
robsonbmelo: calls 20
*** FLOP *** [5s 2h 3d]
robsonbmelo: checks 
trader21318: bets 40
robsonbmelo: calls 40
*** TURN *** [5s 2h 3d] [Jc]
robsonbmelo: checks 
trader21318: checks 
*** RIVER *** [5s 2h 3d Jc] [Kc]
robsonbmelo: checks 
trader21318: bets 170
robsonbmelo: folds 
Uncalled bet (170) returned to trader21318
trader21318 collected 170 from pot
trader21318: doesn't show hand 
*** SUMMARY ***
Total pot 170 | Rake 0 
Board [5s 2h 3d Jc Kc]
Seat 1: robsonbmelo (big blind) folded on the River
Seat 2: trader21318 (button) collected (170)
Seat 3: Mahu2021 (small blind) folded before Flop



PokerStars Hand #253233641922: Tournament #3819597227, $1.84+$0.16 USD Hold'em No Limit - Level I (10/20) - 2024/11/03 16:03:36 CET [2024/11/03 10:03:36 ET]
Table '3819597227 1' 3-max Seat #3 is the button
Seat 1: robsonbmelo (420 in chips) 
Seat 2: trader21318 (610 in chips) 
Seat 3: Mahu2021 (470 in chips) 
robsonbmelo: posts small blind 10
trader21318: posts big blind 20
*** HOLE CARDS ***
Dealt to Mahu2021 [5h Ah]
Mahu2021: raises 20 to 40
robsonbmelo: calls 30
trader21318: folds 
*** FLOP *** [Th As 4h]
robsonbmelo: checks 
Mahu2021: checks 
*** TURN *** [Th As 4h] [Js]
robsonbmelo: checks 
Mahu2021: checks 
*** RIVER *** [Th As 4h Js] [9d]
robsonbmelo: bets 100
Mahu2021: calls 100
*** SHOW DOWN ***
robsonbmelo: shows [8h 7c] (a straight, Seven to Jack)
Mahu2021: mucks hand 
robsonbmelo collected 300 from pot
*** SUMMARY ***
Total pot 300 | Rake 0 
Board [Th As 4h Js 9d]
Seat 1: robsonbmelo (small blind) showed [8h 7c] and won (300) with a straight, Seven to Jack
Seat 2: trader21318 (big blind) folded before Flop
Seat 3: Mahu2021 (button) mucked [5h Ah]



PokerStars Hand #253233645804: Tournament #3819597227, $1.84+$0.16 USD Hold'em No Limit - Level I (10/20) - 2024/11/03 16:03:54 CET [2024/11/03 10:03:54 ET]
Table '3819597227 1' 3-max Seat #1 is the button
Seat 1: robsonbmelo (580 in chips) 
Seat 2: trader21318 (590 in chips) 
Seat 3: Mahu2021 (330 in chips) 
trader21318: posts small blind 10
Mahu2021: posts big blind 20
*** HOLE CARDS ***
Dealt to Mahu2021 [3d 6s]
robsonbmelo: raises 20 to 40
trader21318: raises 20 to 60
Mahu2021: folds 
robsonbmelo: calls 20
*** FLOP *** [4s Ks 4d]
trader21318: checks 
robsonbmelo: checks 
*** TURN *** [4s Ks 4d] [2c]
trader21318: bets 20
robsonbmelo: folds 
Uncalled bet (20) returned to trader21318
trader21318 collected 140 from pot
trader21318: doesn't show hand 
*** SUMMARY ***
Total pot 140 | Rake 0 
Board [4s Ks 4d 2c]
Seat 1: robsonbmelo (button) folded on the Turn
Seat 2: trader21318 (small blind) collected (140)
Seat 3: Mahu2021 (big blind) folded before Flop



PokerStars Hand #253233649113: Tournament #3819597227, $1.84+$0.16 USD Hold'em No Limit - Level I (10/20) - 2024/11/03 16:04:08 CET [2024/11/03 10:04:08 ET]
Table '3819597227 1' 3-max Seat #2 is the button
Seat 1: robsonbmelo (520 in chips) 
Seat 2: trader21318 (670 in chips) 
Seat 3: Mahu2021 (310 in chips) 
Mahu2021: posts small blind 10
robsonbmelo: posts big blind 20
*** HOLE CARDS ***
Dealt to Mahu2021 [Ks 7s]
trader21318 has timed out
trader21318: folds 
trader21318 is sitting out
Mahu2021: raises 20 to 40
robsonbmelo: calls 20
*** FLOP *** [Ah 7h 9c]
trader21318 has returned
Mahu2021: checks 
robsonbmelo: checks 
*** TURN *** [Ah 7h 9c] [Qs]
Mahu2021: checks 
robsonbmelo: checks 
*** RIVER *** [Ah 7h 9c Qs] [5c]
Mahu2021: checks 
robsonbmelo: checks 
*** SHOW DOWN ***
Mahu2021: shows [Ks 7s] (a pair of Sevens)
robsonbmelo: mucks hand 
Mahu2021 collected 80 from pot
*** SUMMARY ***
Total pot 80 | Rake 0 
Board [Ah 7h 9c Qs 5c]
Seat 1: robsonbmelo (big blind) mucked [Td Jd]
Seat 2: trader21318 (button) folded before Flop (didn't bet)
Seat 3: Mahu2021 (small blind) showed [Ks 7s] and won (80) with a pair of Sevens



PokerStars Hand #253233655540: Tournament #3819597227, $1.84+$0.16 USD Hold'em No Limit - Level I (10/20) - 2024/11/03 16:04:36 CET [2024/11/03 10:04:36 ET]
Table '3819597227 1' 3-max Seat #3 is the button
Seat 1: robsonbmelo (480 in chips) 
Seat 2: trader21318 (670 in chips) 
Seat 3: Mahu2021 (350 in chips) 
robsonbmelo: posts small blind 10
trader21318: posts big blind 20
*** HOLE CARDS ***
Dealt to Mahu2021 [6s Kd]
Mahu2021: folds 
robsonbmelo: folds 
Uncalled bet (10) returned to trader21318
trader21318 collected 20 from pot
trader21318: doesn't show hand 
*** SUMMARY ***
Total pot 20 | Rake 0 
Seat 1: robsonbmelo (small blind) folded before Flop
Seat 2: trader21318 (big blind) collected (20)
Seat 3: Mahu2021 (button) folded before Flop (didn't bet)



PokerStars Hand #253233657374: Tournament #3819597227, $1.84+$0.16 USD Hold'em No Limit - Level II (15/30) - 2024/11/03 16:04:45 CET [2024/11/03 10:04:45 ET]
Table '3819597227 1' 3-max Seat #1 is the button
Seat 1: robsonbmelo (470 in chips) 
Seat 2: trader21318 (680 in chips) 
Seat 3: Mahu2021 (350 in chips) 
trader21318: posts small blind 15
Mahu2021: posts big blind 30
*** HOLE CARDS ***
Dealt to Mahu2021 [9d Kc]
robsonbmelo: folds 
trader21318: raises 650 to 680 and is all-in
Mahu2021: folds 
Uncalled bet (650) returned to trader21318
trader21318 collected 60 from pot
trader21318: doesn't show hand 
*** SUMMARY ***
Total pot 60 | Rake 0 
Seat 1: robsonbmelo (button) folded before Flop (didn't bet)
Seat 2: trader21318 (small blind) collected (60)
Seat 3: Mahu2021 (big blind) folded before Flop



PokerStars Hand #253233659810: Tournament #3819597227, $1.84+$0.16 USD Hold'em No Limit - Level II (15/30) - 2024/11/03 16:04:54 CET [2024/11/03 10:04:54 ET]
Table '3819597227 1' 3-max Seat #2 is the button
Seat 1: robsonbmelo (470 in chips) 
Seat 2: trader21318 (710 in chips) 
Seat 3: Mahu2021 (320 in chips) 
Mahu2021: posts small blind 15
robsonbmelo: posts big blind 30
*** HOLE CARDS ***
Dealt to Mahu2021 [Th 9d]
trader21318: folds 
Mahu2021: calls 15
robsonbmelo: raises 30 to 60
Mahu2021: calls 30
*** FLOP *** [3h 8h 5c]
Mahu2021: checks 
robsonbmelo: checks 
*** TURN *** [3h 8h 5c] [4d]
Mahu2021: checks 
robsonbmelo: checks 
*** RIVER *** [3h 8h 5c 4d] [8c]
Mahu2021: checks 
robsonbmelo: checks 
*** SHOW DOWN ***
Mahu2021: shows [Th 9d] (a pair of Eights)
robsonbmelo: shows [Jd Kc] (a pair of Eights - King kicker)
robsonbmelo collected 120 from pot
*** SUMMARY ***
Total pot 120 | Rake 0 
Board [3h 8h 5c 4d 8c]
Seat 1: robsonbmelo (big blind) showed [Jd Kc] and won (120) with a pair of Eights
Seat 2: trader21318 (button) folded before Flop (didn't bet)
Seat 3: Mahu2021 (small blind) showed [Th 9d] and lost with a pair of Eights



PokerStars Hand #253233668364: Tournament #3819597227, $1.84+$0.16 USD Hold'em No Limit - Level II (15/30) - 2024/11/03 16:05:32 CET [2024/11/03 10:05:32 ET]
Table '3819597227 1' 3-max Seat #3 is the button
Seat 1: robsonbmelo (530 in chips) 
Seat 2: trader21318 (710 in chips) 
Seat 3: Mahu2021 (260 in chips) 
robsonbmelo: posts small blind 15
trader21318: posts big blind 30
*** HOLE CARDS ***
Dealt to Mahu2021 [9c Qc]
Mahu2021: raises 30 to 60
robsonbmelo: calls 45
trader21318: folds 
*** FLOP *** [4s Ah 9s]
robsonbmelo: checks 
Mahu2021: bets 200 and is all-in
robsonbmelo: calls 200
*** TURN *** [4s Ah 9s] [8s]
*** RIVER *** [4s Ah 9s 8s] [8d]
*** SHOW DOWN ***
robsonbmelo: shows [7s 5s] (a flush, Nine high)
Mahu2021: shows [9c Qc] (two pair, Nines and Eights)
robsonbmelo collected 550 from pot
Mahu2021 finished the tournament in 3rd place
*** SUMMARY ***
Total pot 550 | Rake 0 
Board [4s Ah 9s 8s 8d]
Seat 1: robsonbmelo (small blind) showed [7s 5s] and won (550) with a flush, Nine high
Seat 2: trader21318 (big blind) folded before Flop
Seat 3: Mahu2021 (button) showed [9c Qc] and lost with two pair, Nines and Eights



