PokerStars Hand #252555186204: Tournament #3803465527, $1.84+$0.16 USD Hold'em No Limit - Level I (10/20) - 2024/09/21 14:21:02 CET [2024/09/21 8:21:02 ET]
Table '3803465527 1' 3-max Seat #1 is the button
Seat 1: Mahu2021 (500 in chips) 
Seat 2: shawn198484 (500 in chips) 
Seat 3: edumaru (500 in chips) 
shawn198484: posts small blind 10
edumaru: posts big blind 20
*** HOLE CARDS ***
Dealt to Mahu2021 [3h 7c]
Mahu2021: folds 
shawn198484: folds 
Uncalled bet (10) returned to edumaru
edumaru collected 20 from pot
*** SUMMARY ***
Total pot 20 | Rake 0 
Seat 1: Mahu2021 (button) folded before Flop (didn't bet)
Seat 2: shawn198484 (small blind) folded before Flop
Seat 3: edumaru (big blind) collected (20)



PokerStars Hand #252555186998: Tournament #3803465527, $1.84+$0.16 USD Hold'em No Limit - Level I (10/20) - 2024/09/21 14:21:07 CET [2024/09/21 8:21:07 ET]
Table '3803465527 1' 3-max Seat #2 is the button
Seat 1: Mahu2021 (500 in chips) 
Seat 2: shawn198484 (490 in chips) 
Seat 3: edumaru (510 in chips) 
edumaru: posts small blind 10
Mahu2021: posts big blind 20
*** HOLE CARDS ***
Dealt to Mahu2021 [Th 5s]
shawn198484: folds 
edumaru: raises 20 to 40
Mahu2021: folds 
Uncalled bet (20) returned to edumaru
edumaru collected 40 from pot
*** SUMMARY ***
Total pot 40 | Rake 0 
Seat 1: Mahu2021 (big blind) folded before Flop
Seat 2: shawn198484 (button) folded before Flop (didn't bet)
Seat 3: edumaru (small blind) collected (40)



PokerStars Hand #252555188497: Tournament #3803465527, $1.84+$0.16 USD Hold'em No Limit - Level I (10/20) - 2024/09/21 14:21:17 CET [2024/09/21 8:21:17 ET]
Table '3803465527 1' 3-max Seat #3 is the button
Seat 1: Mahu2021 (480 in chips) 
Seat 2: shawn198484 (490 in chips) 
Seat 3: edumaru (530 in chips) 
Mahu2021: posts small blind 10
shawn198484: posts big blind 20
*** HOLE CARDS ***
Dealt to Mahu2021 [2s 2h]
edumaru: raises 510 to 530 and is all-in
Mahu2021: folds 
shawn198484: folds 
Uncalled bet (510) returned to edumaru
edumaru collected 50 from pot
*** SUMMARY ***
Total pot 50 | Rake 0 
Seat 1: Mahu2021 (small blind) folded before Flop
Seat 2: shawn198484 (big blind) folded before Flop
Seat 3: edumaru (button) collected (50)



PokerStars Hand #252555189888: Tournament #3803465527, $1.84+$0.16 USD Hold'em No Limit - Level I (10/20) - 2024/09/21 14:21:25 CET [2024/09/21 8:21:25 ET]
Table '3803465527 1' 3-max Seat #1 is the button
Seat 1: Mahu2021 (470 in chips) 
Seat 2: shawn198484 (470 in chips) 
Seat 3: edumaru (560 in chips) 
shawn198484: posts small blind 10
edumaru: posts big blind 20
*** HOLE CARDS ***
Dealt to Mahu2021 [Ad Ts]
Mahu2021: raises 20 to 40
shawn198484: folds 
edumaru: calls 20
*** FLOP *** [9h 5s Kh]
edumaru: checks 
Mahu2021: bets 20
edumaru: folds 
Uncalled bet (20) returned to Mahu2021
Mahu2021 collected 90 from pot
Mahu2021: doesn't show hand 
*** SUMMARY ***
Total pot 90 | Rake 0 
Board [9h 5s Kh]
Seat 1: Mahu2021 (button) collected (90)
Seat 2: shawn198484 (small blind) folded before Flop
Seat 3: edumaru (big blind) folded on the Flop



PokerStars Hand #252555193077: Tournament #3803465527, $1.84+$0.16 USD Hold'em No Limit - Level I (10/20) - 2024/09/21 14:21:45 CET [2024/09/21 8:21:45 ET]
Table '3803465527 1' 3-max Seat #2 is the button
Seat 1: Mahu2021 (520 in chips) 
Seat 2: shawn198484 (460 in chips) 
Seat 3: edumaru (520 in chips) 
edumaru: posts small blind 10
Mahu2021: posts big blind 20
*** HOLE CARDS ***
Dealt to Mahu2021 [3h 2s]
shawn198484: raises 20 to 40
edumaru: folds 
Mahu2021: calls 20
*** FLOP *** [Ad 6d 5h]
Mahu2021: checks 
shawn198484: bets 45
Mahu2021: folds 
Uncalled bet (45) returned to shawn198484
shawn198484 collected 90 from pot
shawn198484: doesn't show hand 
*** SUMMARY ***
Total pot 90 | Rake 0 
Board [Ad 6d 5h]
Seat 1: Mahu2021 (big blind) folded on the Flop
Seat 2: shawn198484 (button) collected (90)
Seat 3: edumaru (small blind) folded before Flop



PokerStars Hand #252555195871: Tournament #3803465527, $1.84+$0.16 USD Hold'em No Limit - Level I (10/20) - 2024/09/21 14:22:02 CET [2024/09/21 8:22:02 ET]
Table '3803465527 1' 3-max Seat #3 is the button
Seat 1: Mahu2021 (480 in chips) 
Seat 2: shawn198484 (510 in chips) 
Seat 3: edumaru (510 in chips) 
Mahu2021: posts small blind 10
shawn198484: posts big blind 20
*** HOLE CARDS ***
Dealt to Mahu2021 [Qh Kh]
edumaru: raises 20 to 40
Mahu2021: calls 30
shawn198484: calls 20
*** FLOP *** [Ah As Qd]
Mahu2021: checks 
shawn198484: checks 
edumaru: bets 60
Mahu2021: calls 60
shawn198484: folds 
*** TURN *** [Ah As Qd] [7d]
Mahu2021: checks 
edumaru: checks 
*** RIVER *** [Ah As Qd 7d] [8d]
Mahu2021: checks 
edumaru: checks 
*** SHOW DOWN ***
Mahu2021: shows [Qh Kh] (two pair, Aces and Queens)
edumaru: mucks hand 
Mahu2021 collected 240 from pot
*** SUMMARY ***
Total pot 240 | Rake 0 
Board [Ah As Qd 7d 8d]
Seat 1: Mahu2021 (small blind) showed [Qh Kh] and won (240) with two pair, Aces and Queens
Seat 2: shawn198484 (big blind) folded on the Flop
Seat 3: edumaru (button) mucked [6s Ks]



PokerStars Hand #252555199348: Tournament #3803465527, $1.84+$0.16 USD Hold'em No Limit - Level I (10/20) - 2024/09/21 14:22:24 CET [2024/09/21 8:22:24 ET]
Table '3803465527 1' 3-max Seat #1 is the button
Seat 1: Mahu2021 (620 in chips) 
Seat 2: shawn198484 (470 in chips) 
Seat 3: edumaru (410 in chips) 
shawn198484: posts small blind 10
edumaru: posts big blind 20
*** HOLE CARDS ***
Dealt to Mahu2021 [6h Ac]
Mahu2021: raises 20 to 40
shawn198484: calls 30
edumaru: folds 
*** FLOP *** [Ah 9s Th]
shawn198484: checks 
Mahu2021: bets 40
shawn198484: calls 40
*** TURN *** [Ah 9s Th] [9d]
shawn198484: checks 
Mahu2021: checks 
*** RIVER *** [Ah 9s Th 9d] [8d]
shawn198484: checks 
Mahu2021: checks 
*** SHOW DOWN ***
shawn198484: shows [7c 8s] (two pair, Nines and Eights)
Mahu2021: shows [6h Ac] (two pair, Aces and Nines)
Mahu2021 collected 180 from pot
*** SUMMARY ***
Total pot 180 | Rake 0 
Board [Ah 9s Th 9d 8d]
Seat 1: Mahu2021 (button) showed [6h Ac] and won (180) with two pair, Aces and Nines
Seat 2: shawn198484 (small blind) showed [7c 8s] and lost with two pair, Nines and Eights
Seat 3: edumaru (big blind) folded before Flop



PokerStars Hand #252555201881: Tournament #3803465527, $1.84+$0.16 USD Hold'em No Limit - Level I (10/20) - 2024/09/21 14:22:40 CET [2024/09/21 8:22:40 ET]
Table '3803465527 1' 3-max Seat #2 is the button
Seat 1: Mahu2021 (720 in chips) 
Seat 2: shawn198484 (390 in chips) 
Seat 3: edumaru (390 in chips) 
edumaru: posts small blind 10
Mahu2021: posts big blind 20
*** HOLE CARDS ***
Dealt to Mahu2021 [9c 3s]
shawn198484: raises 20 to 40
edumaru: raises 350 to 390 and is all-in
Mahu2021: folds 
shawn198484: calls 350 and is all-in
*** FLOP *** [5d 5h 8h]
*** TURN *** [5d 5h 8h] [9s]
*** RIVER *** [5d 5h 8h 9s] [Js]
*** SHOW DOWN ***
edumaru: shows [Ah 7c] (a pair of Fives)
shawn198484: shows [Qd Ac] (a pair of Fives - Ace+Queen kicker)
shawn198484 collected 800 from pot
edumaru finished the tournament in 3rd place
*** SUMMARY ***
Total pot 800 | Rake 0 
Board [5d 5h 8h 9s Js]
Seat 1: Mahu2021 (big blind) folded before Flop
Seat 2: shawn198484 (button) showed [Qd Ac] and won (800) with a pair of Fives
Seat 3: edumaru (small blind) showed [Ah 7c] and lost with a pair of Fives



PokerStars Hand #252555204939: Tournament #3803465527, $1.84+$0.16 USD Hold'em No Limit - Level I (10/20) - 2024/09/21 14:22:59 CET [2024/09/21 8:22:59 ET]
Table '3803465527 1' 3-max Seat #1 is the button
Seat 1: Mahu2021 (700 in chips) 
Seat 2: shawn198484 (800 in chips) 
Mahu2021: posts small blind 10
shawn198484: posts big blind 20
*** HOLE CARDS ***
Dealt to Mahu2021 [6c 6d]
Mahu2021: raises 20 to 40
shawn198484: calls 20
*** FLOP *** [Js 3c 5s]
shawn198484: checks 
Mahu2021: checks 
*** TURN *** [Js 3c 5s] [8d]
shawn198484: checks 
Mahu2021: checks 
*** RIVER *** [Js 3c 5s 8d] [9c]
shawn198484: bets 760 and is all-in
Mahu2021: folds 
Uncalled bet (760) returned to shawn198484
shawn198484 collected 80 from pot
shawn198484: doesn't show hand 
*** SUMMARY ***
Total pot 80 | Rake 0 
Board [Js 3c 5s 8d 9c]
Seat 1: Mahu2021 (button) (small blind) folded on the River
Seat 2: shawn198484 (big blind) collected (80)



PokerStars Hand #252555208229: Tournament #3803465527, $1.84+$0.16 USD Hold'em No Limit - Level II (15/30) - 2024/09/21 14:23:20 CET [2024/09/21 8:23:20 ET]
Table '3803465527 1' 3-max Seat #2 is the button
Seat 1: Mahu2021 (660 in chips) 
Seat 2: shawn198484 (840 in chips) 
shawn198484: posts small blind 15
Mahu2021: posts big blind 30
*** HOLE CARDS ***
Dealt to Mahu2021 [4h Ad]
shawn198484: calls 15
Mahu2021: checks 
*** FLOP *** [8h Qs 3c]
Mahu2021: checks 
shawn198484: checks 
*** TURN *** [8h Qs 3c] [7h]
Mahu2021: checks 
shawn198484: checks 
*** RIVER *** [8h Qs 3c 7h] [Qc]
Mahu2021: checks 
shawn198484: checks 
*** SHOW DOWN ***
Mahu2021: shows [4h Ad] (a pair of Queens)
shawn198484: mucks hand 
Mahu2021 collected 60 from pot
*** SUMMARY ***
Total pot 60 | Rake 0 
Board [8h Qs 3c 7h Qc]
Seat 1: Mahu2021 (big blind) showed [4h Ad] and won (60) with a pair of Queens
Seat 2: shawn198484 (button) (small blind) mucked [9h Td]



PokerStars Hand #252555210843: Tournament #3803465527, $1.84+$0.16 USD Hold'em No Limit - Level II (15/30) - 2024/09/21 14:23:36 CET [2024/09/21 8:23:36 ET]
Table '3803465527 1' 3-max Seat #1 is the button
Seat 1: Mahu2021 (690 in chips) 
Seat 2: shawn198484 (810 in chips) 
Mahu2021: posts small blind 15
shawn198484: posts big blind 30
*** HOLE CARDS ***
Dealt to Mahu2021 [Kc 6h]
Mahu2021: raises 30 to 60
shawn198484: folds 
Uncalled bet (30) returned to Mahu2021
Mahu2021 collected 60 from pot
Mahu2021: doesn't show hand 
*** SUMMARY ***
Total pot 60 | Rake 0 
Seat 1: Mahu2021 (button) (small blind) collected (60)
Seat 2: shawn198484 (big blind) folded before Flop



PokerStars Hand #252555212270: Tournament #3803465527, $1.84+$0.16 USD Hold'em No Limit - Level II (15/30) - 2024/09/21 14:23:45 CET [2024/09/21 8:23:45 ET]
Table '3803465527 1' 3-max Seat #2 is the button
Seat 1: Mahu2021 (720 in chips) 
Seat 2: shawn198484 (780 in chips) 
shawn198484: posts small blind 15
Mahu2021: posts big blind 30
*** HOLE CARDS ***
Dealt to Mahu2021 [Kc 6c]
shawn198484: raises 30 to 60
Mahu2021: calls 30
*** FLOP *** [4d 2c Kd]
Mahu2021: checks 
shawn198484: checks 
*** TURN *** [4d 2c Kd] [7d]
Mahu2021: checks 
shawn198484: checks 
*** RIVER *** [4d 2c Kd 7d] [5s]
Mahu2021: bets 60
shawn198484: folds 
Uncalled bet (60) returned to Mahu2021
Mahu2021 collected 120 from pot
Mahu2021: doesn't show hand 
*** SUMMARY ***
Total pot 120 | Rake 0 
Board [4d 2c Kd 7d 5s]
Seat 1: Mahu2021 (big blind) collected (120)
Seat 2: shawn198484 (button) (small blind) folded on the River



PokerStars Hand #252555214602: Tournament #3803465527, $1.84+$0.16 USD Hold'em No Limit - Level II (15/30) - 2024/09/21 14:24:00 CET [2024/09/21 8:24:00 ET]
Table '3803465527 1' 3-max Seat #1 is the button
Seat 1: Mahu2021 (780 in chips) 
Seat 2: shawn198484 (720 in chips) 
Mahu2021: posts small blind 15
shawn198484: posts big blind 30
*** HOLE CARDS ***
Dealt to Mahu2021 [4h Js]
Mahu2021: calls 15
shawn198484: checks 
*** FLOP *** [3d Qd Th]
shawn198484: checks 
Mahu2021: checks 
*** TURN *** [3d Qd Th] [Td]
shawn198484: checks 
Mahu2021: checks 
*** RIVER *** [3d Qd Th Td] [6d]
shawn198484: checks 
Mahu2021: checks 
*** SHOW DOWN ***
shawn198484: shows [Jh 7c] (a pair of Tens)
Mahu2021: mucks hand 
shawn198484 collected 60 from pot
*** SUMMARY ***
Total pot 60 | Rake 0 
Board [3d Qd Th Td 6d]
Seat 1: Mahu2021 (button) (small blind) mucked [4h Js]
Seat 2: shawn198484 (big blind) showed [Jh 7c] and won (60) with a pair of Tens



PokerStars Hand #252555216751: Tournament #3803465527, $1.84+$0.16 USD Hold'em No Limit - Level II (15/30) - 2024/09/21 14:24:13 CET [2024/09/21 8:24:13 ET]
Table '3803465527 1' 3-max Seat #2 is the button
Seat 1: Mahu2021 (750 in chips) 
Seat 2: shawn198484 (750 in chips) 
shawn198484: posts small blind 15
Mahu2021: posts big blind 30
*** HOLE CARDS ***
Dealt to Mahu2021 [8s 7h]
shawn198484: calls 15
Mahu2021: checks 
*** FLOP *** [Kd 8d 2d]
Mahu2021: checks 
shawn198484: checks 
*** TURN *** [Kd 8d 2d] [Ts]
Mahu2021: bets 30
shawn198484: calls 30
*** RIVER *** [Kd 8d 2d Ts] [Tc]
Mahu2021: bets 30
shawn198484: folds 
Uncalled bet (30) returned to Mahu2021
Mahu2021 collected 120 from pot
Mahu2021: doesn't show hand 
*** SUMMARY ***
Total pot 120 | Rake 0 
Board [Kd 8d 2d Ts Tc]
Seat 1: Mahu2021 (big blind) collected (120)
Seat 2: shawn198484 (button) (small blind) folded on the River



PokerStars Hand #252555219008: Tournament #3803465527, $1.84+$0.16 USD Hold'em No Limit - Level II (15/30) - 2024/09/21 14:24:27 CET [2024/09/21 8:24:27 ET]
Table '3803465527 1' 3-max Seat #1 is the button
Seat 1: Mahu2021 (810 in chips) 
Seat 2: shawn198484 (690 in chips) 
Mahu2021: posts small blind 15
shawn198484: posts big blind 30
*** HOLE CARDS ***
Dealt to Mahu2021 [9s 3d]
Mahu2021: folds 
Uncalled bet (15) returned to shawn198484
shawn198484 collected 30 from pot
shawn198484: doesn't show hand 
*** SUMMARY ***
Total pot 30 | Rake 0 
Seat 1: Mahu2021 (button) (small blind) folded before Flop
Seat 2: shawn198484 (big blind) collected (30)



PokerStars Hand #252555219839: Tournament #3803465527, $1.84+$0.16 USD Hold'em No Limit - Level II (15/30) - 2024/09/21 14:24:32 CET [2024/09/21 8:24:32 ET]
Table '3803465527 1' 3-max Seat #2 is the button
Seat 1: Mahu2021 (795 in chips) 
Seat 2: shawn198484 (705 in chips) 
shawn198484: posts small blind 15
Mahu2021: posts big blind 30
*** HOLE CARDS ***
Dealt to Mahu2021 [4d Kd]
shawn198484: raises 30 to 60
Mahu2021: calls 30
*** FLOP *** [4h 8c 2d]
Mahu2021: checks 
shawn198484: checks 
*** TURN *** [4h 8c 2d] [Jh]
Mahu2021: checks 
shawn198484: checks 
*** RIVER *** [4h 8c 2d Jh] [5s]
Mahu2021: bets 30
shawn198484: calls 30
*** SHOW DOWN ***
Mahu2021: shows [4d Kd] (a pair of Fours)
shawn198484: mucks hand 
Mahu2021 collected 180 from pot
*** SUMMARY ***
Total pot 180 | Rake 0 
Board [4h 8c 2d Jh 5s]
Seat 1: Mahu2021 (big blind) showed [4d Kd] and won (180) with a pair of Fours
Seat 2: shawn198484 (button) (small blind) mucked [Ac 2h]



PokerStars Hand #252555221959: Tournament #3803465527, $1.84+$0.16 USD Hold'em No Limit - Level II (15/30) - 2024/09/21 14:24:45 CET [2024/09/21 8:24:45 ET]
Table '3803465527 1' 3-max Seat #1 is the button
Seat 1: Mahu2021 (885 in chips) 
Seat 2: shawn198484 (615 in chips) 
Mahu2021: posts small blind 15
shawn198484: posts big blind 30
*** HOLE CARDS ***
Dealt to Mahu2021 [As Ah]
Mahu2021: raises 855 to 885 and is all-in
shawn198484: calls 585 and is all-in
Uncalled bet (270) returned to Mahu2021
*** FLOP *** [6s Ad 2d]
*** TURN *** [6s Ad 2d] [Js]
*** RIVER *** [6s Ad 2d Js] [8d]
*** SHOW DOWN ***
shawn198484: shows [Kh Ks] (a pair of Kings)
Mahu2021: shows [As Ah] (three of a kind, Aces)
Mahu2021 collected 1230 from pot
shawn198484 finished the tournament in 2nd place
Mahu2021 wins the tournament and receives $4.00 - congratulations!
*** SUMMARY ***
Total pot 1230 | Rake 0 
Board [6s Ad 2d Js 8d]
Seat 1: Mahu2021 (button) (small blind) showed [As Ah] and won (1230) with three of a kind, Aces
Seat 2: shawn198484 (big blind) showed [Kh Ks] and lost with a pair of Kings



