PokerStars Hand #243975566200: Tournament #3597620745, $0.92+$0.08 USD Hold'em No Limit - Level I (10/20) - 2023/05/29 17:35:03 CET [2023/05/29 11:35:03 ET]
Table '3597620745 1' 3-max Seat #1 is the button
Seat 1: NiveLStaS777 (500 in chips) 
Seat 2: soren17 (500 in chips) 
Seat 3: Mahu2021 (500 in chips) 
soren17: posts small blind 10
Mahu2021: posts big blind 20
*** HOLE CARDS ***
Dealt to Mahu2021 [As 3s]
NiveLStaS777: folds 
soren17: raises 40 to 60
Mahu2021: calls 40
*** FLOP *** [2d 3h Tc]
soren17: bets 120
Mahu2021: folds 
Uncalled bet (120) returned to soren17
soren17 collected 120 from pot
*** SUMMARY ***
Total pot 120 | Rake 0 
Board [2d 3h Tc]
Seat 1: NiveLStaS777 (button) folded before Flop (didn't bet)
Seat 2: soren17 (small blind) collected (120)
Seat 3: Mahu2021 (big blind) folded on the Flop



PokerStars Hand #243975573514: Tournament #3597620745, $0.92+$0.08 USD Hold'em No Limit - Level I (10/20) - 2023/05/29 17:35:31 CET [2023/05/29 11:35:31 ET]
Table '3597620745 1' 3-max Seat #2 is the button
Seat 1: NiveLStaS777 (500 in chips) 
Seat 2: soren17 (560 in chips) 
Seat 3: Mahu2021 (440 in chips) 
Mahu2021: posts small blind 10
NiveLStaS777: posts big blind 20
*** HOLE CARDS ***
Dealt to Mahu2021 [8s Ac]
soren17: calls 20
Mahu2021: calls 10
NiveLStaS777: checks 
*** FLOP *** [6c 8c 6h]
Mahu2021: bets 60
NiveLStaS777: calls 60
soren17: calls 60
*** TURN *** [6c 8c 6h] [4h]
Mahu2021: checks 
NiveLStaS777: bets 80
soren17: calls 80
Mahu2021: folds 
*** RIVER *** [6c 8c 6h 4h] [5h]
NiveLStaS777: checks 
soren17: bets 80
NiveLStaS777: folds 
Uncalled bet (80) returned to soren17
soren17 collected 400 from pot
*** SUMMARY ***
Total pot 400 | Rake 0 
Board [6c 8c 6h 4h 5h]
Seat 1: NiveLStaS777 (big blind) folded on the River
Seat 2: soren17 (button) collected (400)
Seat 3: Mahu2021 (small blind) folded on the Turn



PokerStars Hand #243975583742: Tournament #3597620745, $0.92+$0.08 USD Hold'em No Limit - Level I (10/20) - 2023/05/29 17:36:09 CET [2023/05/29 11:36:09 ET]
Table '3597620745 1' 3-max Seat #3 is the button
Seat 1: NiveLStaS777 (340 in chips) 
Seat 2: soren17 (800 in chips) 
Seat 3: Mahu2021 (360 in chips) 
NiveLStaS777: posts small blind 10
soren17: posts big blind 20
*** HOLE CARDS ***
Dealt to Mahu2021 [2d 6h]
Mahu2021: folds 
NiveLStaS777: raises 320 to 340 and is all-in
soren17: folds 
Uncalled bet (320) returned to NiveLStaS777
NiveLStaS777 collected 40 from pot
NiveLStaS777: doesn't show hand 
*** SUMMARY ***
Total pot 40 | Rake 0 
Seat 1: NiveLStaS777 (small blind) collected (40)
Seat 2: soren17 (big blind) folded before Flop
Seat 3: Mahu2021 (button) folded before Flop (didn't bet)



PokerStars Hand #243975585524: Tournament #3597620745, $0.92+$0.08 USD Hold'em No Limit - Level I (10/20) - 2023/05/29 17:36:16 CET [2023/05/29 11:36:16 ET]
Table '3597620745 1' 3-max Seat #1 is the button
Seat 1: NiveLStaS777 (360 in chips) 
Seat 2: soren17 (780 in chips) 
Seat 3: Mahu2021 (360 in chips) 
soren17: posts small blind 10
Mahu2021: posts big blind 20
*** HOLE CARDS ***
Dealt to Mahu2021 [3d Ks]
NiveLStaS777: raises 340 to 360 and is all-in
soren17: calls 350
Mahu2021: folds 
*** FLOP *** [8d 2s 3s]
*** TURN *** [8d 2s 3s] [5h]
*** RIVER *** [8d 2s 3s 5h] [5s]
*** SHOW DOWN ***
soren17: shows [Qc Jc] (a pair of Fives)
NiveLStaS777: shows [Ah Kh] (a pair of Fives - Ace kicker)
NiveLStaS777 collected 740 from pot
*** SUMMARY ***
Total pot 740 | Rake 0 
Board [8d 2s 3s 5h 5s]
Seat 1: NiveLStaS777 (button) showed [Ah Kh] and won (740) with a pair of Fives
Seat 2: soren17 (small blind) showed [Qc Jc] and lost with a pair of Fives
Seat 3: Mahu2021 (big blind) folded before Flop



PokerStars Hand #243975588963: Tournament #3597620745, $0.92+$0.08 USD Hold'em No Limit - Level I (10/20) - 2023/05/29 17:36:29 CET [2023/05/29 11:36:29 ET]
Table '3597620745 1' 3-max Seat #2 is the button
Seat 1: NiveLStaS777 (740 in chips) 
Seat 2: soren17 (420 in chips) 
Seat 3: Mahu2021 (340 in chips) 
Mahu2021: posts small blind 10
NiveLStaS777: posts big blind 20
*** HOLE CARDS ***
Dealt to Mahu2021 [Kc Td]
soren17: raises 20 to 40
Mahu2021: calls 30
NiveLStaS777: calls 20
*** FLOP *** [Qd Kd 4h]
Mahu2021: bets 300 and is all-in
NiveLStaS777: folds 
soren17: calls 300
*** TURN *** [Qd Kd 4h] [2d]
*** RIVER *** [Qd Kd 4h 2d] [Ks]
*** SHOW DOWN ***
Mahu2021: shows [Kc Td] (three of a kind, Kings)
soren17: shows [Qh 9s] (two pair, Kings and Queens)
Mahu2021 collected 720 from pot
*** SUMMARY ***
Total pot 720 | Rake 0 
Board [Qd Kd 4h 2d Ks]
Seat 1: NiveLStaS777 (big blind) folded on the Flop
Seat 2: soren17 (button) showed [Qh 9s] and lost with two pair, Kings and Queens
Seat 3: Mahu2021 (small blind) showed [Kc Td] and won (720) with three of a kind, Kings



PokerStars Hand #243975594644: Tournament #3597620745, $0.92+$0.08 USD Hold'em No Limit - Level I (10/20) - 2023/05/29 17:36:50 CET [2023/05/29 11:36:50 ET]
Table '3597620745 1' 3-max Seat #3 is the button
Seat 1: NiveLStaS777 (700 in chips) 
Seat 2: soren17 (80 in chips) 
Seat 3: Mahu2021 (720 in chips) 
NiveLStaS777: posts small blind 10
soren17: posts big blind 20
*** HOLE CARDS ***
Dealt to Mahu2021 [Ah 9d]
Mahu2021: raises 20 to 40
NiveLStaS777: calls 30
soren17: raises 40 to 80 and is all-in
Mahu2021: calls 40
NiveLStaS777: calls 40
*** FLOP *** [Jd 6s 8c]
NiveLStaS777: checks 
Mahu2021: checks 
*** TURN *** [Jd 6s 8c] [9s]
NiveLStaS777: checks 
Mahu2021: bets 40
NiveLStaS777: calls 40
*** RIVER *** [Jd 6s 8c 9s] [4s]
NiveLStaS777: checks 
Mahu2021: checks 
*** SHOW DOWN ***
NiveLStaS777: shows [Qs Kc] (high card King)
Mahu2021: shows [Ah 9d] (a pair of Nines)
Mahu2021 collected 80 from side pot
soren17: mucks hand 
Mahu2021 collected 240 from main pot
soren17 finished the tournament in 3rd place
*** SUMMARY ***
Total pot 320 Main pot 240. Side pot 80. | Rake 0 
Board [Jd 6s 8c 9s 4s]
Seat 1: NiveLStaS777 (small blind) showed [Qs Kc] and lost with high card King
Seat 2: soren17 (big blind) mucked [7d Kh]
Seat 3: Mahu2021 (button) showed [Ah 9d] and won (320) with a pair of Nines



PokerStars Hand #243975604408: Tournament #3597620745, $0.92+$0.08 USD Hold'em No Limit - Level I (10/20) - 2023/05/29 17:37:27 CET [2023/05/29 11:37:27 ET]
Table '3597620745 1' 3-max Seat #1 is the button
Seat 1: NiveLStaS777 (580 in chips) 
Seat 3: Mahu2021 (920 in chips) 
NiveLStaS777: posts small blind 10
Mahu2021: posts big blind 20
*** HOLE CARDS ***
Dealt to Mahu2021 [8s 3h]
NiveLStaS777: folds 
Uncalled bet (10) returned to Mahu2021
Mahu2021 collected 20 from pot
Mahu2021: doesn't show hand 
*** SUMMARY ***
Total pot 20 | Rake 0 
Seat 1: NiveLStaS777 (button) (small blind) folded before Flop
Seat 3: Mahu2021 (big blind) collected (20)



PokerStars Hand #243975605561: Tournament #3597620745, $0.92+$0.08 USD Hold'em No Limit - Level I (10/20) - 2023/05/29 17:37:31 CET [2023/05/29 11:37:31 ET]
Table '3597620745 1' 3-max Seat #3 is the button
Seat 1: NiveLStaS777 (570 in chips) 
Seat 3: Mahu2021 (930 in chips) 
Mahu2021: posts small blind 10
NiveLStaS777: posts big blind 20
*** HOLE CARDS ***
Dealt to Mahu2021 [6c Qs]
Mahu2021: calls 10
NiveLStaS777: checks 
*** FLOP *** [5h 2h 6h]
NiveLStaS777: checks 
Mahu2021: bets 40
NiveLStaS777: folds 
Uncalled bet (40) returned to Mahu2021
Mahu2021 collected 40 from pot
Mahu2021: doesn't show hand 
*** SUMMARY ***
Total pot 40 | Rake 0 
Board [5h 2h 6h]
Seat 1: NiveLStaS777 (big blind) folded on the Flop
Seat 3: Mahu2021 (button) (small blind) collected (40)



PokerStars Hand #243975608189: Tournament #3597620745, $0.92+$0.08 USD Hold'em No Limit - Level I (10/20) - 2023/05/29 17:37:41 CET [2023/05/29 11:37:41 ET]
Table '3597620745 1' 3-max Seat #1 is the button
Seat 1: NiveLStaS777 (550 in chips) 
Seat 3: Mahu2021 (950 in chips) 
NiveLStaS777: posts small blind 10
Mahu2021: posts big blind 20
*** HOLE CARDS ***
Dealt to Mahu2021 [Qh 4d]
NiveLStaS777: raises 40 to 60
Mahu2021: folds 
Uncalled bet (40) returned to NiveLStaS777
NiveLStaS777 collected 40 from pot
NiveLStaS777: doesn't show hand 
*** SUMMARY ***
Total pot 40 | Rake 0 
Seat 1: NiveLStaS777 (button) (small blind) collected (40)
Seat 3: Mahu2021 (big blind) folded before Flop



PokerStars Hand #243975609944: Tournament #3597620745, $0.92+$0.08 USD Hold'em No Limit - Level I (10/20) - 2023/05/29 17:37:48 CET [2023/05/29 11:37:48 ET]
Table '3597620745 1' 3-max Seat #3 is the button
Seat 1: NiveLStaS777 (570 in chips) 
Seat 3: Mahu2021 (930 in chips) 
Mahu2021: posts small blind 10
NiveLStaS777: posts big blind 20
*** HOLE CARDS ***
Dealt to Mahu2021 [3s Qd]
Mahu2021: folds 
Uncalled bet (10) returned to NiveLStaS777
NiveLStaS777 collected 20 from pot
NiveLStaS777: doesn't show hand 
*** SUMMARY ***
Total pot 20 | Rake 0 
Seat 1: NiveLStaS777 (big blind) collected (20)
Seat 3: Mahu2021 (button) (small blind) folded before Flop



PokerStars Hand #243975611288: Tournament #3597620745, $0.92+$0.08 USD Hold'em No Limit - Level I (10/20) - 2023/05/29 17:37:52 CET [2023/05/29 11:37:52 ET]
Table '3597620745 1' 3-max Seat #1 is the button
Seat 1: NiveLStaS777 (580 in chips) 
Seat 3: Mahu2021 (920 in chips) 
NiveLStaS777: posts small blind 10
Mahu2021: posts big blind 20
*** HOLE CARDS ***
Dealt to Mahu2021 [7s 8d]
NiveLStaS777: raises 40 to 60
Mahu2021: folds 
Uncalled bet (40) returned to NiveLStaS777
NiveLStaS777 collected 40 from pot
NiveLStaS777: doesn't show hand 
*** SUMMARY ***
Total pot 40 | Rake 0 
Seat 1: NiveLStaS777 (button) (small blind) collected (40)
Seat 3: Mahu2021 (big blind) folded before Flop



PokerStars Hand #243975613102: Tournament #3597620745, $0.92+$0.08 USD Hold'em No Limit - Level I (10/20) - 2023/05/29 17:37:59 CET [2023/05/29 11:37:59 ET]
Table '3597620745 1' 3-max Seat #3 is the button
Seat 1: NiveLStaS777 (600 in chips) 
Seat 3: Mahu2021 (900 in chips) 
Mahu2021: posts small blind 10
NiveLStaS777: posts big blind 20
*** HOLE CARDS ***
Dealt to Mahu2021 [7s 2s]
Mahu2021: folds 
Uncalled bet (10) returned to NiveLStaS777
NiveLStaS777 collected 20 from pot
NiveLStaS777: doesn't show hand 
*** SUMMARY ***
Total pot 20 | Rake 0 
Seat 1: NiveLStaS777 (big blind) collected (20)
Seat 3: Mahu2021 (button) (small blind) folded before Flop



PokerStars Hand #243975614449: Tournament #3597620745, $0.92+$0.08 USD Hold'em No Limit - Level I (10/20) - 2023/05/29 17:38:04 CET [2023/05/29 11:38:04 ET]
Table '3597620745 1' 3-max Seat #1 is the button
Seat 1: NiveLStaS777 (610 in chips) 
Seat 3: Mahu2021 (890 in chips) 
NiveLStaS777: posts small blind 10
Mahu2021: posts big blind 20
*** HOLE CARDS ***
Dealt to Mahu2021 [6s Jd]
NiveLStaS777: raises 40 to 60
Mahu2021: folds 
Uncalled bet (40) returned to NiveLStaS777
NiveLStaS777 collected 40 from pot
NiveLStaS777: doesn't show hand 
*** SUMMARY ***
Total pot 40 | Rake 0 
Seat 1: NiveLStaS777 (button) (small blind) collected (40)
Seat 3: Mahu2021 (big blind) folded before Flop



PokerStars Hand #243975618237: Tournament #3597620745, $0.92+$0.08 USD Hold'em No Limit - Level II (15/30) - 2023/05/29 17:38:18 CET [2023/05/29 11:38:18 ET]
Table '3597620745 1' 3-max Seat #3 is the button
Seat 1: NiveLStaS777 (630 in chips) 
Seat 3: Mahu2021 (870 in chips) 
Mahu2021: posts small blind 15
NiveLStaS777: posts big blind 30
*** HOLE CARDS ***
Dealt to Mahu2021 [4h 3d]
Mahu2021: calls 15
NiveLStaS777: checks 
*** FLOP *** [4s Kc As]
NiveLStaS777: bets 30
Mahu2021: calls 30
*** TURN *** [4s Kc As] [8s]
NiveLStaS777: checks 
Mahu2021: bets 90
NiveLStaS777: folds 
Uncalled bet (90) returned to Mahu2021
Mahu2021 collected 120 from pot
Mahu2021: doesn't show hand 
*** SUMMARY ***
Total pot 120 | Rake 0 
Board [4s Kc As 8s]
Seat 1: NiveLStaS777 (big blind) folded on the Turn
Seat 3: Mahu2021 (button) (small blind) collected (120)



PokerStars Hand #243975622341: Tournament #3597620745, $0.92+$0.08 USD Hold'em No Limit - Level II (15/30) - 2023/05/29 17:38:33 CET [2023/05/29 11:38:33 ET]
Table '3597620745 1' 3-max Seat #1 is the button
Seat 1: NiveLStaS777 (570 in chips) 
Seat 3: Mahu2021 (930 in chips) 
NiveLStaS777: posts small blind 15
Mahu2021: posts big blind 30
*** HOLE CARDS ***
Dealt to Mahu2021 [Qc Ah]
NiveLStaS777: raises 60 to 90
Mahu2021: calls 60
*** FLOP *** [2s 3c Kc]
Mahu2021: checks 
NiveLStaS777: bets 480 and is all-in
Mahu2021: folds 
Uncalled bet (480) returned to NiveLStaS777
NiveLStaS777 collected 180 from pot
NiveLStaS777: doesn't show hand 
*** SUMMARY ***
Total pot 180 | Rake 0 
Board [2s 3c Kc]
Seat 1: NiveLStaS777 (button) (small blind) collected (180)
Seat 3: Mahu2021 (big blind) folded on the Flop



PokerStars Hand #243975625758: Tournament #3597620745, $0.92+$0.08 USD Hold'em No Limit - Level II (15/30) - 2023/05/29 17:38:46 CET [2023/05/29 11:38:46 ET]
Table '3597620745 1' 3-max Seat #3 is the button
Seat 1: NiveLStaS777 (660 in chips) 
Seat 3: Mahu2021 (840 in chips) 
Mahu2021: posts small blind 15
NiveLStaS777: posts big blind 30
*** HOLE CARDS ***
Dealt to Mahu2021 [As Ks]
Mahu2021: raises 30 to 60
NiveLStaS777: folds 
Uncalled bet (30) returned to Mahu2021
Mahu2021 collected 60 from pot
Mahu2021: doesn't show hand 
*** SUMMARY ***
Total pot 60 | Rake 0 
Seat 1: NiveLStaS777 (big blind) folded before Flop
Seat 3: Mahu2021 (button) (small blind) collected (60)



PokerStars Hand #243975627428: Tournament #3597620745, $0.92+$0.08 USD Hold'em No Limit - Level II (15/30) - 2023/05/29 17:38:52 CET [2023/05/29 11:38:52 ET]
Table '3597620745 1' 3-max Seat #1 is the button
Seat 1: NiveLStaS777 (630 in chips) 
Seat 3: Mahu2021 (870 in chips) 
NiveLStaS777: posts small blind 15
Mahu2021: posts big blind 30
*** HOLE CARDS ***
Dealt to Mahu2021 [Ks Ac]
NiveLStaS777: folds 
Uncalled bet (15) returned to Mahu2021
Mahu2021 collected 30 from pot
Mahu2021: doesn't show hand 
*** SUMMARY ***
Total pot 30 | Rake 0 
Seat 1: NiveLStaS777 (button) (small blind) folded before Flop
Seat 3: Mahu2021 (big blind) collected (30)



PokerStars Hand #243975629066: Tournament #3597620745, $0.92+$0.08 USD Hold'em No Limit - Level II (15/30) - 2023/05/29 17:38:58 CET [2023/05/29 11:38:58 ET]
Table '3597620745 1' 3-max Seat #3 is the button
Seat 1: NiveLStaS777 (615 in chips) 
Seat 3: Mahu2021 (885 in chips) 
Mahu2021: posts small blind 15
NiveLStaS777: posts big blind 30
*** HOLE CARDS ***
Dealt to Mahu2021 [Td 2h]
Mahu2021: folds 
Uncalled bet (15) returned to NiveLStaS777
NiveLStaS777 collected 30 from pot
NiveLStaS777: doesn't show hand 
*** SUMMARY ***
Total pot 30 | Rake 0 
Seat 1: NiveLStaS777 (big blind) collected (30)
Seat 3: Mahu2021 (button) (small blind) folded before Flop



PokerStars Hand #243975630257: Tournament #3597620745, $0.92+$0.08 USD Hold'em No Limit - Level II (15/30) - 2023/05/29 17:39:02 CET [2023/05/29 11:39:02 ET]
Table '3597620745 1' 3-max Seat #1 is the button
Seat 1: NiveLStaS777 (630 in chips) 
Seat 3: Mahu2021 (870 in chips) 
NiveLStaS777: posts small blind 15
Mahu2021: posts big blind 30
*** HOLE CARDS ***
Dealt to Mahu2021 [7c 6h]
NiveLStaS777: folds 
Uncalled bet (15) returned to Mahu2021
Mahu2021 collected 30 from pot
Mahu2021: doesn't show hand 
*** SUMMARY ***
Total pot 30 | Rake 0 
Seat 1: NiveLStaS777 (button) (small blind) folded before Flop
Seat 3: Mahu2021 (big blind) collected (30)



PokerStars Hand #243975631517: Tournament #3597620745, $0.92+$0.08 USD Hold'em No Limit - Level II (15/30) - 2023/05/29 17:39:07 CET [2023/05/29 11:39:07 ET]
Table '3597620745 1' 3-max Seat #3 is the button
Seat 1: NiveLStaS777 (615 in chips) 
Seat 3: Mahu2021 (885 in chips) 
Mahu2021: posts small blind 15
NiveLStaS777: posts big blind 30
*** HOLE CARDS ***
Dealt to Mahu2021 [Jd 9h]
Mahu2021: raises 30 to 60
NiveLStaS777: raises 555 to 615 and is all-in
Mahu2021: folds 
Uncalled bet (555) returned to NiveLStaS777
NiveLStaS777 collected 120 from pot
NiveLStaS777: doesn't show hand 
*** SUMMARY ***
Total pot 120 | Rake 0 
Seat 1: NiveLStaS777 (big blind) collected (120)
Seat 3: Mahu2021 (button) (small blind) folded before Flop



PokerStars Hand #243975635173: Tournament #3597620745, $0.92+$0.08 USD Hold'em No Limit - Level II (15/30) - 2023/05/29 17:39:21 CET [2023/05/29 11:39:21 ET]
Table '3597620745 1' 3-max Seat #1 is the button
Seat 1: NiveLStaS777 (675 in chips) 
Seat 3: Mahu2021 (825 in chips) 
NiveLStaS777: posts small blind 15
Mahu2021: posts big blind 30
*** HOLE CARDS ***
Dealt to Mahu2021 [Ks Tc]
NiveLStaS777: raises 645 to 675 and is all-in
Mahu2021: folds 
Uncalled bet (645) returned to NiveLStaS777
NiveLStaS777 collected 60 from pot
NiveLStaS777: doesn't show hand 
*** SUMMARY ***
Total pot 60 | Rake 0 
Seat 1: NiveLStaS777 (button) (small blind) collected (60)
Seat 3: Mahu2021 (big blind) folded before Flop



PokerStars Hand #243975637059: Tournament #3597620745, $0.92+$0.08 USD Hold'em No Limit - Level II (15/30) - 2023/05/29 17:39:28 CET [2023/05/29 11:39:28 ET]
Table '3597620745 1' 3-max Seat #3 is the button
Seat 1: NiveLStaS777 (705 in chips) 
Seat 3: Mahu2021 (795 in chips) 
Mahu2021: posts small blind 15
NiveLStaS777: posts big blind 30
*** HOLE CARDS ***
Dealt to Mahu2021 [2s Kh]
Mahu2021: folds 
Uncalled bet (15) returned to NiveLStaS777
NiveLStaS777 collected 30 from pot
NiveLStaS777: doesn't show hand 
*** SUMMARY ***
Total pot 30 | Rake 0 
Seat 1: NiveLStaS777 (big blind) collected (30)
Seat 3: Mahu2021 (button) (small blind) folded before Flop



PokerStars Hand #243975638236: Tournament #3597620745, $0.92+$0.08 USD Hold'em No Limit - Level II (15/30) - 2023/05/29 17:39:32 CET [2023/05/29 11:39:32 ET]
Table '3597620745 1' 3-max Seat #1 is the button
Seat 1: NiveLStaS777 (720 in chips) 
Seat 3: Mahu2021 (780 in chips) 
NiveLStaS777: posts small blind 15
Mahu2021: posts big blind 30
*** HOLE CARDS ***
Dealt to Mahu2021 [4h As]
NiveLStaS777: raises 30 to 60
Mahu2021: calls 30
*** FLOP *** [3h 2h Kc]
Mahu2021: checks 
NiveLStaS777: bets 120
Mahu2021: calls 120
*** TURN *** [3h 2h Kc] [6c]
Mahu2021: checks 
NiveLStaS777: checks 
*** RIVER *** [3h 2h Kc 6c] [6h]
Mahu2021: bets 360
NiveLStaS777: folds 
Uncalled bet (360) returned to Mahu2021
Mahu2021 collected 360 from pot
Mahu2021: doesn't show hand 
*** SUMMARY ***
Total pot 360 | Rake 0 
Board [3h 2h Kc 6c 6h]
Seat 1: NiveLStaS777 (button) (small blind) folded on the River
Seat 3: Mahu2021 (big blind) collected (360)



PokerStars Hand #243975642777: Tournament #3597620745, $0.92+$0.08 USD Hold'em No Limit - Level II (15/30) - 2023/05/29 17:39:49 CET [2023/05/29 11:39:49 ET]
Table '3597620745 1' 3-max Seat #3 is the button
Seat 1: NiveLStaS777 (540 in chips) 
Seat 3: Mahu2021 (960 in chips) 
Mahu2021: posts small blind 15
NiveLStaS777: posts big blind 30
*** HOLE CARDS ***
Dealt to Mahu2021 [7h 8s]
Mahu2021: calls 15
NiveLStaS777: raises 60 to 90
Mahu2021: calls 60
*** FLOP *** [Jh 6d 5c]
NiveLStaS777: checks 
Mahu2021: bets 90
NiveLStaS777: folds 
Uncalled bet (90) returned to Mahu2021
Mahu2021 collected 180 from pot
Mahu2021: doesn't show hand 
*** SUMMARY ***
Total pot 180 | Rake 0 
Board [Jh 6d 5c]
Seat 1: NiveLStaS777 (big blind) folded on the Flop
Seat 3: Mahu2021 (button) (small blind) collected (180)



PokerStars Hand #243975646346: Tournament #3597620745, $0.92+$0.08 USD Hold'em No Limit - Level II (15/30) - 2023/05/29 17:40:02 CET [2023/05/29 11:40:02 ET]
Table '3597620745 1' 3-max Seat #1 is the button
Seat 1: NiveLStaS777 (450 in chips) 
Seat 3: Mahu2021 (1050 in chips) 
NiveLStaS777: posts small blind 15
Mahu2021: posts big blind 30
*** HOLE CARDS ***
Dealt to Mahu2021 [Ts Jd]
NiveLStaS777: raises 420 to 450 and is all-in
Mahu2021: folds 
Uncalled bet (420) returned to NiveLStaS777
NiveLStaS777 collected 60 from pot
NiveLStaS777: doesn't show hand 
*** SUMMARY ***
Total pot 60 | Rake 0 
Seat 1: NiveLStaS777 (button) (small blind) collected (60)
Seat 3: Mahu2021 (big blind) folded before Flop



PokerStars Hand #243975647953: Tournament #3597620745, $0.92+$0.08 USD Hold'em No Limit - Level II (15/30) - 2023/05/29 17:40:08 CET [2023/05/29 11:40:08 ET]
Table '3597620745 1' 3-max Seat #3 is the button
Seat 1: NiveLStaS777 (480 in chips) 
Seat 3: Mahu2021 (1020 in chips) 
Mahu2021: posts small blind 15
NiveLStaS777: posts big blind 30
*** HOLE CARDS ***
Dealt to Mahu2021 [As 6c]
Mahu2021: calls 15
NiveLStaS777: checks 
*** FLOP *** [2s 2h Qh]
NiveLStaS777: checks 
Mahu2021: bets 60
NiveLStaS777: folds 
Uncalled bet (60) returned to Mahu2021
Mahu2021 collected 60 from pot
Mahu2021: doesn't show hand 
*** SUMMARY ***
Total pot 60 | Rake 0 
Board [2s 2h Qh]
Seat 1: NiveLStaS777 (big blind) folded on the Flop
Seat 3: Mahu2021 (button) (small blind) collected (60)



PokerStars Hand #243975650579: Tournament #3597620745, $0.92+$0.08 USD Hold'em No Limit - Level II (15/30) - 2023/05/29 17:40:18 CET [2023/05/29 11:40:18 ET]
Table '3597620745 1' 3-max Seat #1 is the button
Seat 1: NiveLStaS777 (450 in chips) 
Seat 3: Mahu2021 (1050 in chips) 
NiveLStaS777: posts small blind 15
Mahu2021: posts big blind 30
*** HOLE CARDS ***
Dealt to Mahu2021 [5c Js]
NiveLStaS777: calls 15
Mahu2021: checks 
*** FLOP *** [7d 7h Td]
Mahu2021: checks 
NiveLStaS777: checks 
*** TURN *** [7d 7h Td] [2d]
Mahu2021: checks 
NiveLStaS777: checks 
*** RIVER *** [7d 7h Td 2d] [9c]
Mahu2021: checks 
NiveLStaS777: checks 
*** SHOW DOWN ***
Mahu2021: shows [5c Js] (a pair of Sevens)
NiveLStaS777: shows [4h Jh] (a pair of Sevens)
Mahu2021 collected 30 from pot
NiveLStaS777 collected 30 from pot
*** SUMMARY ***
Total pot 60 | Rake 0 
Board [7d 7h Td 2d 9c]
Seat 1: NiveLStaS777 (button) (small blind) showed [4h Jh] and won (30) with a pair of Sevens
Seat 3: Mahu2021 (big blind) showed [5c Js] and won (30) with a pair of Sevens



PokerStars Hand #243975654467: Tournament #3597620745, $0.92+$0.08 USD Hold'em No Limit - Level II (15/30) - 2023/05/29 17:40:32 CET [2023/05/29 11:40:32 ET]
Table '3597620745 1' 3-max Seat #3 is the button
Seat 1: NiveLStaS777 (450 in chips) 
Seat 3: Mahu2021 (1050 in chips) 
Mahu2021: posts small blind 15
NiveLStaS777: posts big blind 30
*** HOLE CARDS ***
Dealt to Mahu2021 [Js 8h]
Mahu2021: calls 15
NiveLStaS777: raises 60 to 90
Mahu2021: calls 60
*** FLOP *** [9h Ks Ac]
NiveLStaS777: bets 30
Mahu2021: folds 
Uncalled bet (30) returned to NiveLStaS777
NiveLStaS777 collected 180 from pot
NiveLStaS777: doesn't show hand 
*** SUMMARY ***
Total pot 180 | Rake 0 
Board [9h Ks Ac]
Seat 1: NiveLStaS777 (big blind) collected (180)
Seat 3: Mahu2021 (button) (small blind) folded on the Flop



PokerStars Hand #243975657327: Tournament #3597620745, $0.92+$0.08 USD Hold'em No Limit - Level II (15/30) - 2023/05/29 17:40:43 CET [2023/05/29 11:40:43 ET]
Table '3597620745 1' 3-max Seat #1 is the button
Seat 1: NiveLStaS777 (540 in chips) 
Seat 3: Mahu2021 (960 in chips) 
NiveLStaS777: posts small blind 15
Mahu2021: posts big blind 30
*** HOLE CARDS ***
Dealt to Mahu2021 [3d 9d]
NiveLStaS777: raises 510 to 540 and is all-in
Mahu2021: folds 
Uncalled bet (510) returned to NiveLStaS777
NiveLStaS777 collected 60 from pot
NiveLStaS777: doesn't show hand 
*** SUMMARY ***
Total pot 60 | Rake 0 
Seat 1: NiveLStaS777 (button) (small blind) collected (60)
Seat 3: Mahu2021 (big blind) folded before Flop



PokerStars Hand #243975658919: Tournament #3597620745, $0.92+$0.08 USD Hold'em No Limit - Level II (15/30) - 2023/05/29 17:40:49 CET [2023/05/29 11:40:49 ET]
Table '3597620745 1' 3-max Seat #3 is the button
Seat 1: NiveLStaS777 (570 in chips) 
Seat 3: Mahu2021 (930 in chips) 
Mahu2021: posts small blind 15
NiveLStaS777: posts big blind 30
*** HOLE CARDS ***
Dealt to Mahu2021 [5s 3c]
Mahu2021: calls 15
NiveLStaS777: checks 
*** FLOP *** [Kh 5c 4d]
NiveLStaS777: checks 
Mahu2021: bets 30
NiveLStaS777: calls 30
*** TURN *** [Kh 5c 4d] [Jh]
NiveLStaS777: checks 
Mahu2021: checks 
*** RIVER *** [Kh 5c 4d Jh] [2d]
NiveLStaS777: checks 
Mahu2021: checks 
*** SHOW DOWN ***
NiveLStaS777: shows [5d Td] (a pair of Fives)
Mahu2021: mucks hand 
NiveLStaS777 collected 120 from pot
*** SUMMARY ***
Total pot 120 | Rake 0 
Board [Kh 5c 4d Jh 2d]
Seat 1: NiveLStaS777 (big blind) showed [5d Td] and won (120) with a pair of Fives
Seat 3: Mahu2021 (button) (small blind) mucked [5s 3c]



PokerStars Hand #243975662839: Tournament #3597620745, $0.92+$0.08 USD Hold'em No Limit - Level II (15/30) - 2023/05/29 17:41:03 CET [2023/05/29 11:41:03 ET]
Table '3597620745 1' 3-max Seat #1 is the button
Seat 1: NiveLStaS777 (630 in chips) 
Seat 3: Mahu2021 (870 in chips) 
NiveLStaS777: posts small blind 15
Mahu2021: posts big blind 30
*** HOLE CARDS ***
Dealt to Mahu2021 [9h Ts]
NiveLStaS777: calls 15
Mahu2021: checks 
*** FLOP *** [7d 5c 5d]
Mahu2021: checks 
NiveLStaS777: checks 
*** TURN *** [7d 5c 5d] [5s]
Mahu2021: checks 
NiveLStaS777: checks 
*** RIVER *** [7d 5c 5d 5s] [4c]
Mahu2021: bets 30
NiveLStaS777: calls 30
*** SHOW DOWN ***
Mahu2021: shows [9h Ts] (three of a kind, Fives)
NiveLStaS777: shows [8s Kd] (three of a kind, Fives - King kicker)
NiveLStaS777 collected 120 from pot
*** SUMMARY ***
Total pot 120 | Rake 0 
Board [7d 5c 5d 5s 4c]
Seat 1: NiveLStaS777 (button) (small blind) showed [8s Kd] and won (120) with three of a kind, Fives
Seat 3: Mahu2021 (big blind) showed [9h Ts] and lost with three of a kind, Fives



PokerStars Hand #243975666839: Tournament #3597620745, $0.92+$0.08 USD Hold'em No Limit - Level III (20/40) - 2023/05/29 17:41:18 CET [2023/05/29 11:41:18 ET]
Table '3597620745 1' 3-max Seat #3 is the button
Seat 1: NiveLStaS777 (690 in chips) 
Seat 3: Mahu2021 (810 in chips) 
Mahu2021: posts small blind 20
NiveLStaS777: posts big blind 40
*** HOLE CARDS ***
Dealt to Mahu2021 [9s Td]
Mahu2021: calls 20
NiveLStaS777: checks 
*** FLOP *** [4d 5c 7h]
NiveLStaS777: bets 40
Mahu2021: folds 
Uncalled bet (40) returned to NiveLStaS777
NiveLStaS777 collected 80 from pot
NiveLStaS777: doesn't show hand 
*** SUMMARY ***
Total pot 80 | Rake 0 
Board [4d 5c 7h]
Seat 1: NiveLStaS777 (big blind) collected (80)
Seat 3: Mahu2021 (button) (small blind) folded on the Flop



PokerStars Hand #243975669703: Tournament #3597620745, $0.92+$0.08 USD Hold'em No Limit - Level III (20/40) - 2023/05/29 17:41:29 CET [2023/05/29 11:41:29 ET]
Table '3597620745 1' 3-max Seat #1 is the button
Seat 1: NiveLStaS777 (730 in chips) 
Seat 3: Mahu2021 (770 in chips) 
NiveLStaS777: posts small blind 20
Mahu2021: posts big blind 40
*** HOLE CARDS ***
Dealt to Mahu2021 [3s 7d]
NiveLStaS777: folds 
Uncalled bet (20) returned to Mahu2021
Mahu2021 collected 40 from pot
Mahu2021: doesn't show hand 
*** SUMMARY ***
Total pot 40 | Rake 0 
Seat 1: NiveLStaS777 (button) (small blind) folded before Flop
Seat 3: Mahu2021 (big blind) collected (40)



PokerStars Hand #243975670847: Tournament #3597620745, $0.92+$0.08 USD Hold'em No Limit - Level III (20/40) - 2023/05/29 17:41:33 CET [2023/05/29 11:41:33 ET]
Table '3597620745 1' 3-max Seat #3 is the button
Seat 1: NiveLStaS777 (710 in chips) 
Seat 3: Mahu2021 (790 in chips) 
Mahu2021: posts small blind 20
NiveLStaS777: posts big blind 40
*** HOLE CARDS ***
Dealt to Mahu2021 [4d 7h]
Mahu2021: folds 
Uncalled bet (20) returned to NiveLStaS777
NiveLStaS777 collected 40 from pot
NiveLStaS777: doesn't show hand 
*** SUMMARY ***
Total pot 40 | Rake 0 
Seat 1: NiveLStaS777 (big blind) collected (40)
Seat 3: Mahu2021 (button) (small blind) folded before Flop



PokerStars Hand #243975671991: Tournament #3597620745, $0.92+$0.08 USD Hold'em No Limit - Level III (20/40) - 2023/05/29 17:41:37 CET [2023/05/29 11:41:37 ET]
Table '3597620745 1' 3-max Seat #1 is the button
Seat 1: NiveLStaS777 (730 in chips) 
Seat 3: Mahu2021 (770 in chips) 
NiveLStaS777: posts small blind 20
Mahu2021: posts big blind 40
*** HOLE CARDS ***
Dealt to Mahu2021 [5h 4c]
NiveLStaS777: calls 20
Mahu2021: checks 
*** FLOP *** [2h 9h Qd]
Mahu2021: checks 
NiveLStaS777: bets 40
Mahu2021: folds 
Uncalled bet (40) returned to NiveLStaS777
NiveLStaS777 collected 80 from pot
NiveLStaS777: doesn't show hand 
*** SUMMARY ***
Total pot 80 | Rake 0 
Board [2h 9h Qd]
Seat 1: NiveLStaS777 (button) (small blind) collected (80)
Seat 3: Mahu2021 (big blind) folded on the Flop



PokerStars Hand #243975674376: Tournament #3597620745, $0.92+$0.08 USD Hold'em No Limit - Level III (20/40) - 2023/05/29 17:41:46 CET [2023/05/29 11:41:46 ET]
Table '3597620745 1' 3-max Seat #3 is the button
Seat 1: NiveLStaS777 (770 in chips) 
Seat 3: Mahu2021 (730 in chips) 
Mahu2021: posts small blind 20
NiveLStaS777: posts big blind 40
*** HOLE CARDS ***
Dealt to Mahu2021 [3d 9d]
Mahu2021: folds 
Uncalled bet (20) returned to NiveLStaS777
NiveLStaS777 collected 40 from pot
NiveLStaS777: doesn't show hand 
*** SUMMARY ***
Total pot 40 | Rake 0 
Seat 1: NiveLStaS777 (big blind) collected (40)
Seat 3: Mahu2021 (button) (small blind) folded before Flop



PokerStars Hand #243975675507: Tournament #3597620745, $0.92+$0.08 USD Hold'em No Limit - Level III (20/40) - 2023/05/29 17:41:50 CET [2023/05/29 11:41:50 ET]
Table '3597620745 1' 3-max Seat #1 is the button
Seat 1: NiveLStaS777 (790 in chips) 
Seat 3: Mahu2021 (710 in chips) 
NiveLStaS777: posts small blind 20
Mahu2021: posts big blind 40
*** HOLE CARDS ***
Dealt to Mahu2021 [Kd Jh]
NiveLStaS777: calls 20
Mahu2021: raises 80 to 120
NiveLStaS777: folds 
Uncalled bet (80) returned to Mahu2021
Mahu2021 collected 80 from pot
Mahu2021: doesn't show hand 
*** SUMMARY ***
Total pot 80 | Rake 0 
Seat 1: NiveLStaS777 (button) (small blind) folded before Flop
Seat 3: Mahu2021 (big blind) collected (80)



PokerStars Hand #243975677376: Tournament #3597620745, $0.92+$0.08 USD Hold'em No Limit - Level III (20/40) - 2023/05/29 17:41:57 CET [2023/05/29 11:41:57 ET]
Table '3597620745 1' 3-max Seat #3 is the button
Seat 1: NiveLStaS777 (750 in chips) 
Seat 3: Mahu2021 (750 in chips) 
Mahu2021: posts small blind 20
NiveLStaS777: posts big blind 40
*** HOLE CARDS ***
Dealt to Mahu2021 [9h 7h]
Mahu2021: calls 20
NiveLStaS777: checks 
*** FLOP *** [Jc Kd 6h]
NiveLStaS777: bets 40
Mahu2021: calls 40
*** TURN *** [Jc Kd 6h] [8s]
NiveLStaS777: checks 
Mahu2021: bets 160
NiveLStaS777: folds 
Uncalled bet (160) returned to Mahu2021
Mahu2021 collected 160 from pot
Mahu2021: doesn't show hand 
*** SUMMARY ***
Total pot 160 | Rake 0 
Board [Jc Kd 6h 8s]
Seat 1: NiveLStaS777 (big blind) folded on the Turn
Seat 3: Mahu2021 (button) (small blind) collected (160)



PokerStars Hand #243975681190: Tournament #3597620745, $0.92+$0.08 USD Hold'em No Limit - Level III (20/40) - 2023/05/29 17:42:12 CET [2023/05/29 11:42:12 ET]
Table '3597620745 1' 3-max Seat #1 is the button
Seat 1: NiveLStaS777 (670 in chips) 
Seat 3: Mahu2021 (830 in chips) 
NiveLStaS777: posts small blind 20
Mahu2021: posts big blind 40
*** HOLE CARDS ***
Dealt to Mahu2021 [Qc Tc]
NiveLStaS777: calls 20
Mahu2021: raises 80 to 120
NiveLStaS777: folds 
Uncalled bet (80) returned to Mahu2021
Mahu2021 collected 80 from pot
Mahu2021: doesn't show hand 
*** SUMMARY ***
Total pot 80 | Rake 0 
Seat 1: NiveLStaS777 (button) (small blind) folded before Flop
Seat 3: Mahu2021 (big blind) collected (80)



PokerStars Hand #243975683049: Tournament #3597620745, $0.92+$0.08 USD Hold'em No Limit - Level III (20/40) - 2023/05/29 17:42:19 CET [2023/05/29 11:42:19 ET]
Table '3597620745 1' 3-max Seat #3 is the button
Seat 1: NiveLStaS777 (630 in chips) 
Seat 3: Mahu2021 (870 in chips) 
Mahu2021: posts small blind 20
NiveLStaS777: posts big blind 40
*** HOLE CARDS ***
Dealt to Mahu2021 [Ac Ts]
Mahu2021: raises 40 to 80
NiveLStaS777: folds 
Uncalled bet (40) returned to Mahu2021
Mahu2021 collected 80 from pot
Mahu2021: doesn't show hand 
*** SUMMARY ***
Total pot 80 | Rake 0 
Seat 1: NiveLStaS777 (big blind) folded before Flop
Seat 3: Mahu2021 (button) (small blind) collected (80)



PokerStars Hand #243975684557: Tournament #3597620745, $0.92+$0.08 USD Hold'em No Limit - Level III (20/40) - 2023/05/29 17:42:24 CET [2023/05/29 11:42:24 ET]
Table '3597620745 1' 3-max Seat #1 is the button
Seat 1: NiveLStaS777 (590 in chips) 
Seat 3: Mahu2021 (910 in chips) 
NiveLStaS777: posts small blind 20
Mahu2021: posts big blind 40
*** HOLE CARDS ***
Dealt to Mahu2021 [Jd 9c]
NiveLStaS777: calls 20
Mahu2021: checks 
*** FLOP *** [9s 9d 8d]
Mahu2021: checks 
NiveLStaS777: bets 40
Mahu2021: calls 40
*** TURN *** [9s 9d 8d] [3s]
Mahu2021: checks 
NiveLStaS777: checks 
*** RIVER *** [9s 9d 8d 3s] [6s]
Mahu2021: bets 160
NiveLStaS777: raises 160 to 320
Mahu2021: raises 510 to 830 and is all-in
NiveLStaS777: calls 190 and is all-in
Uncalled bet (320) returned to Mahu2021
*** SHOW DOWN ***
Mahu2021: shows [Jd 9c] (three of a kind, Nines)
NiveLStaS777: shows [9h 3h] (a full house, Nines full of Threes)
NiveLStaS777 collected 1180 from pot
*** SUMMARY ***
Total pot 1180 | Rake 0 
Board [9s 9d 8d 3s 6s]
Seat 1: NiveLStaS777 (button) (small blind) showed [9h 3h] and won (1180) with a full house, Nines full of Threes
Seat 3: Mahu2021 (big blind) showed [Jd 9c] and lost with three of a kind, Nines



PokerStars Hand #243975690551: Tournament #3597620745, $0.92+$0.08 USD Hold'em No Limit - Level III (20/40) - 2023/05/29 17:42:46 CET [2023/05/29 11:42:46 ET]
Table '3597620745 1' 3-max Seat #3 is the button
Seat 1: NiveLStaS777 (1180 in chips) 
Seat 3: Mahu2021 (320 in chips) 
Mahu2021: posts small blind 20
NiveLStaS777: posts big blind 40
*** HOLE CARDS ***
Dealt to Mahu2021 [2d 5d]
Mahu2021: calls 20
NiveLStaS777: checks 
*** FLOP *** [4c 7s 2s]
NiveLStaS777: checks 
Mahu2021: bets 280 and is all-in
NiveLStaS777: folds 
Uncalled bet (280) returned to Mahu2021
Mahu2021 collected 80 from pot
Mahu2021: doesn't show hand 
*** SUMMARY ***
Total pot 80 | Rake 0 
Board [4c 7s 2s]
Seat 1: NiveLStaS777 (big blind) folded on the Flop
Seat 3: Mahu2021 (button) (small blind) collected (80)



PokerStars Hand #243975693270: Tournament #3597620745, $0.92+$0.08 USD Hold'em No Limit - Level III (20/40) - 2023/05/29 17:42:57 CET [2023/05/29 11:42:57 ET]
Table '3597620745 1' 3-max Seat #1 is the button
Seat 1: NiveLStaS777 (1140 in chips) 
Seat 3: Mahu2021 (360 in chips) 
NiveLStaS777: posts small blind 20
Mahu2021: posts big blind 40
*** HOLE CARDS ***
Dealt to Mahu2021 [Ks Js]
NiveLStaS777: raises 40 to 80
Mahu2021: raises 280 to 360 and is all-in
NiveLStaS777: calls 280
*** FLOP *** [Tc Qs 5c]
*** TURN *** [Tc Qs 5c] [7c]
*** RIVER *** [Tc Qs 5c 7c] [Ac]
*** SHOW DOWN ***
Mahu2021: shows [Ks Js] (a straight, Ten to Ace)
NiveLStaS777: shows [Ad Jd] (a pair of Aces)
Mahu2021 collected 720 from pot
*** SUMMARY ***
Total pot 720 | Rake 0 
Board [Tc Qs 5c 7c Ac]
Seat 1: NiveLStaS777 (button) (small blind) showed [Ad Jd] and lost with a pair of Aces
Seat 3: Mahu2021 (big blind) showed [Ks Js] and won (720) with a straight, Ten to Ace



PokerStars Hand #243975696685: Tournament #3597620745, $0.92+$0.08 USD Hold'em No Limit - Level III (20/40) - 2023/05/29 17:43:10 CET [2023/05/29 11:43:10 ET]
Table '3597620745 1' 3-max Seat #3 is the button
Seat 1: NiveLStaS777 (780 in chips) 
Seat 3: Mahu2021 (720 in chips) 
Mahu2021: posts small blind 20
NiveLStaS777: posts big blind 40
*** HOLE CARDS ***
Dealt to Mahu2021 [7d 2d]
Mahu2021: folds 
Uncalled bet (20) returned to NiveLStaS777
NiveLStaS777 collected 40 from pot
NiveLStaS777: doesn't show hand 
*** SUMMARY ***
Total pot 40 | Rake 0 
Seat 1: NiveLStaS777 (big blind) collected (40)
Seat 3: Mahu2021 (button) (small blind) folded before Flop



PokerStars Hand #243975697793: Tournament #3597620745, $0.92+$0.08 USD Hold'em No Limit - Level III (20/40) - 2023/05/29 17:43:14 CET [2023/05/29 11:43:14 ET]
Table '3597620745 1' 3-max Seat #1 is the button
Seat 1: NiveLStaS777 (800 in chips) 
Seat 3: Mahu2021 (700 in chips) 
NiveLStaS777: posts small blind 20
Mahu2021: posts big blind 40
*** HOLE CARDS ***
Dealt to Mahu2021 [6c Td]
NiveLStaS777: calls 20
Mahu2021: checks 
*** FLOP *** [8d 2c Qd]
Mahu2021: checks 
NiveLStaS777: bets 40
Mahu2021: folds 
Uncalled bet (40) returned to NiveLStaS777
NiveLStaS777 collected 80 from pot
NiveLStaS777: doesn't show hand 
*** SUMMARY ***
Total pot 80 | Rake 0 
Board [8d 2c Qd]
Seat 1: NiveLStaS777 (button) (small blind) collected (80)
Seat 3: Mahu2021 (big blind) folded on the Flop



PokerStars Hand #243975700274: Tournament #3597620745, $0.92+$0.08 USD Hold'em No Limit - Level III (20/40) - 2023/05/29 17:43:23 CET [2023/05/29 11:43:23 ET]
Table '3597620745 1' 3-max Seat #3 is the button
Seat 1: NiveLStaS777 (840 in chips) 
Seat 3: Mahu2021 (660 in chips) 
Mahu2021: posts small blind 20
NiveLStaS777: posts big blind 40
*** HOLE CARDS ***
Dealt to Mahu2021 [3h 8d]
Mahu2021: folds 
Uncalled bet (20) returned to NiveLStaS777
NiveLStaS777 collected 40 from pot
NiveLStaS777: doesn't show hand 
*** SUMMARY ***
Total pot 40 | Rake 0 
Seat 1: NiveLStaS777 (big blind) collected (40)
Seat 3: Mahu2021 (button) (small blind) folded before Flop



PokerStars Hand #243975701456: Tournament #3597620745, $0.92+$0.08 USD Hold'em No Limit - Level III (20/40) - 2023/05/29 17:43:27 CET [2023/05/29 11:43:27 ET]
Table '3597620745 1' 3-max Seat #1 is the button
Seat 1: NiveLStaS777 (860 in chips) 
Seat 3: Mahu2021 (640 in chips) 
NiveLStaS777: posts small blind 20
Mahu2021: posts big blind 40
*** HOLE CARDS ***
Dealt to Mahu2021 [4h Ac]
NiveLStaS777: calls 20
Mahu2021: checks 
*** FLOP *** [5s 7d Jh]
Mahu2021: checks 
NiveLStaS777: checks 
*** TURN *** [5s 7d Jh] [Qc]
Mahu2021: bets 40
NiveLStaS777: calls 40
*** RIVER *** [5s 7d Jh Qc] [9h]
Mahu2021: checks 
NiveLStaS777: checks 
*** SHOW DOWN ***
Mahu2021: shows [4h Ac] (high card Ace)
NiveLStaS777: shows [4c 5d] (a pair of Fives)
NiveLStaS777 collected 160 from pot
*** SUMMARY ***
Total pot 160 | Rake 0 
Board [5s 7d Jh Qc 9h]
Seat 1: NiveLStaS777 (button) (small blind) showed [4c 5d] and won (160) with a pair of Fives
Seat 3: Mahu2021 (big blind) showed [4h Ac] and lost with high card Ace



PokerStars Hand #243975704812: Tournament #3597620745, $0.92+$0.08 USD Hold'em No Limit - Level III (20/40) - 2023/05/29 17:43:40 CET [2023/05/29 11:43:40 ET]
Table '3597620745 1' 3-max Seat #3 is the button
Seat 1: NiveLStaS777 (940 in chips) 
Seat 3: Mahu2021 (560 in chips) 
Mahu2021: posts small blind 20
NiveLStaS777: posts big blind 40
*** HOLE CARDS ***
Dealt to Mahu2021 [5h Ks]
Mahu2021: calls 20
NiveLStaS777: checks 
*** FLOP *** [4h 6c 8h]
NiveLStaS777: checks 
Mahu2021: bets 40
NiveLStaS777: folds 
Uncalled bet (40) returned to Mahu2021
Mahu2021 collected 80 from pot
Mahu2021: doesn't show hand 
*** SUMMARY ***
Total pot 80 | Rake 0 
Board [4h 6c 8h]
Seat 1: NiveLStaS777 (big blind) folded on the Flop
Seat 3: Mahu2021 (button) (small blind) collected (80)



PokerStars Hand #243975707351: Tournament #3597620745, $0.92+$0.08 USD Hold'em No Limit - Level III (20/40) - 2023/05/29 17:43:49 CET [2023/05/29 11:43:49 ET]
Table '3597620745 1' 3-max Seat #1 is the button
Seat 1: NiveLStaS777 (900 in chips) 
Seat 3: Mahu2021 (600 in chips) 
NiveLStaS777: posts small blind 20
Mahu2021: posts big blind 40
*** HOLE CARDS ***
Dealt to Mahu2021 [Kh 8s]
NiveLStaS777: raises 860 to 900 and is all-in
Mahu2021: folds 
Uncalled bet (860) returned to NiveLStaS777
NiveLStaS777 collected 80 from pot
NiveLStaS777: doesn't show hand 
*** SUMMARY ***
Total pot 80 | Rake 0 
Seat 1: NiveLStaS777 (button) (small blind) collected (80)
Seat 3: Mahu2021 (big blind) folded before Flop



PokerStars Hand #243975709264: Tournament #3597620745, $0.92+$0.08 USD Hold'em No Limit - Level III (20/40) - 2023/05/29 17:43:57 CET [2023/05/29 11:43:57 ET]
Table '3597620745 1' 3-max Seat #3 is the button
Seat 1: NiveLStaS777 (940 in chips) 
Seat 3: Mahu2021 (560 in chips) 
Mahu2021: posts small blind 20
NiveLStaS777: posts big blind 40
*** HOLE CARDS ***
Dealt to Mahu2021 [8c As]
Mahu2021: calls 20
NiveLStaS777: checks 
*** FLOP *** [4h 7c 7h]
NiveLStaS777: checks 
Mahu2021: bets 40
NiveLStaS777: folds 
Uncalled bet (40) returned to Mahu2021
Mahu2021 collected 80 from pot
Mahu2021: doesn't show hand 
*** SUMMARY ***
Total pot 80 | Rake 0 
Board [4h 7c 7h]
Seat 1: NiveLStaS777 (big blind) folded on the Flop
Seat 3: Mahu2021 (button) (small blind) collected (80)



PokerStars Hand #243975712546: Tournament #3597620745, $0.92+$0.08 USD Hold'em No Limit - Level IV (30/60) - 2023/05/29 17:44:09 CET [2023/05/29 11:44:09 ET]
Table '3597620745 1' 3-max Seat #1 is the button
Seat 1: NiveLStaS777 (900 in chips) 
Seat 3: Mahu2021 (600 in chips) 
NiveLStaS777: posts small blind 30
Mahu2021: posts big blind 60
*** HOLE CARDS ***
Dealt to Mahu2021 [Js 2s]
NiveLStaS777: calls 30
Mahu2021: checks 
*** FLOP *** [8c 7d 5s]
Mahu2021: checks 
NiveLStaS777: bets 840 and is all-in
Mahu2021: folds 
Uncalled bet (840) returned to NiveLStaS777
NiveLStaS777 collected 120 from pot
NiveLStaS777: doesn't show hand 
*** SUMMARY ***
Total pot 120 | Rake 0 
Board [8c 7d 5s]
Seat 1: NiveLStaS777 (button) (small blind) collected (120)
Seat 3: Mahu2021 (big blind) folded on the Flop



PokerStars Hand #243975715180: Tournament #3597620745, $0.92+$0.08 USD Hold'em No Limit - Level IV (30/60) - 2023/05/29 17:44:19 CET [2023/05/29 11:44:19 ET]
Table '3597620745 1' 3-max Seat #3 is the button
Seat 1: NiveLStaS777 (960 in chips) 
Seat 3: Mahu2021 (540 in chips) 
Mahu2021: posts small blind 30
NiveLStaS777: posts big blind 60
*** HOLE CARDS ***
Dealt to Mahu2021 [9h Ah]
Mahu2021: raises 60 to 120
NiveLStaS777: calls 60
*** FLOP *** [3d Ad 6d]
NiveLStaS777: checks 
Mahu2021: bets 420 and is all-in
NiveLStaS777: calls 420
*** TURN *** [3d Ad 6d] [Ks]
*** RIVER *** [3d Ad 6d Ks] [5c]
*** SHOW DOWN ***
NiveLStaS777: shows [9d Tc] (high card Ace)
Mahu2021: shows [9h Ah] (a pair of Aces)
Mahu2021 collected 1080 from pot
*** SUMMARY ***
Total pot 1080 | Rake 0 
Board [3d Ad 6d Ks 5c]
Seat 1: NiveLStaS777 (big blind) showed [9d Tc] and lost with high card Ace
Seat 3: Mahu2021 (button) (small blind) showed [9h Ah] and won (1080) with a pair of Aces



PokerStars Hand #243975719521: Tournament #3597620745, $0.92+$0.08 USD Hold'em No Limit - Level IV (30/60) - 2023/05/29 17:44:35 CET [2023/05/29 11:44:35 ET]
Table '3597620745 1' 3-max Seat #1 is the button
Seat 1: NiveLStaS777 (420 in chips) 
Seat 3: Mahu2021 (1080 in chips) 
NiveLStaS777: posts small blind 30
Mahu2021: posts big blind 60
*** HOLE CARDS ***
Dealt to Mahu2021 [2h As]
NiveLStaS777: folds 
Uncalled bet (30) returned to Mahu2021
Mahu2021 collected 60 from pot
Mahu2021: doesn't show hand 
*** SUMMARY ***
Total pot 60 | Rake 0 
Seat 1: NiveLStaS777 (button) (small blind) folded before Flop
Seat 3: Mahu2021 (big blind) collected (60)



PokerStars Hand #243975721207: Tournament #3597620745, $0.92+$0.08 USD Hold'em No Limit - Level IV (30/60) - 2023/05/29 17:44:42 CET [2023/05/29 11:44:42 ET]
Table '3597620745 1' 3-max Seat #3 is the button
Seat 1: NiveLStaS777 (390 in chips) 
Seat 3: Mahu2021 (1110 in chips) 
Mahu2021: posts small blind 30
NiveLStaS777: posts big blind 60
*** HOLE CARDS ***
Dealt to Mahu2021 [6d 7s]
Mahu2021: calls 30
NiveLStaS777: checks 
*** FLOP *** [Qh 4d 6h]
NiveLStaS777: checks 
Mahu2021: bets 60
NiveLStaS777: folds 
Uncalled bet (60) returned to Mahu2021
Mahu2021 collected 120 from pot
Mahu2021: doesn't show hand 
*** SUMMARY ***
Total pot 120 | Rake 0 
Board [Qh 4d 6h]
Seat 1: NiveLStaS777 (big blind) folded on the Flop
Seat 3: Mahu2021 (button) (small blind) collected (120)



PokerStars Hand #243975724341: Tournament #3597620745, $0.92+$0.08 USD Hold'em No Limit - Level IV (30/60) - 2023/05/29 17:44:53 CET [2023/05/29 11:44:53 ET]
Table '3597620745 1' 3-max Seat #1 is the button
Seat 1: NiveLStaS777 (330 in chips) 
Seat 3: Mahu2021 (1170 in chips) 
NiveLStaS777: posts small blind 30
Mahu2021: posts big blind 60
*** HOLE CARDS ***
Dealt to Mahu2021 [2d 7c]
NiveLStaS777: folds 
Uncalled bet (30) returned to Mahu2021
Mahu2021 collected 60 from pot
Mahu2021: doesn't show hand 
*** SUMMARY ***
Total pot 60 | Rake 0 
Seat 1: NiveLStaS777 (button) (small blind) folded before Flop
Seat 3: Mahu2021 (big blind) collected (60)



PokerStars Hand #243975725437: Tournament #3597620745, $0.92+$0.08 USD Hold'em No Limit - Level IV (30/60) - 2023/05/29 17:44:58 CET [2023/05/29 11:44:58 ET]
Table '3597620745 1' 3-max Seat #3 is the button
Seat 1: NiveLStaS777 (300 in chips) 
Seat 3: Mahu2021 (1200 in chips) 
Mahu2021: posts small blind 30
NiveLStaS777: posts big blind 60
*** HOLE CARDS ***
Dealt to Mahu2021 [Jd 5d]
Mahu2021: calls 30
NiveLStaS777: raises 240 to 300 and is all-in
Mahu2021: calls 240
*** FLOP *** [9c 6s Qd]
*** TURN *** [9c 6s Qd] [4h]
*** RIVER *** [9c 6s Qd 4h] [4c]
*** SHOW DOWN ***
NiveLStaS777: shows [As 9s] (two pair, Nines and Fours)
Mahu2021: shows [Jd 5d] (a pair of Fours)
NiveLStaS777 collected 600 from pot
*** SUMMARY ***
Total pot 600 | Rake 0 
Board [9c 6s Qd 4h 4c]
Seat 1: NiveLStaS777 (big blind) showed [As 9s] and won (600) with two pair, Nines and Fours
Seat 3: Mahu2021 (button) (small blind) showed [Jd 5d] and lost with a pair of Fours



PokerStars Hand #243975729138: Tournament #3597620745, $0.92+$0.08 USD Hold'em No Limit - Level IV (30/60) - 2023/05/29 17:45:11 CET [2023/05/29 11:45:11 ET]
Table '3597620745 1' 3-max Seat #1 is the button
Seat 1: NiveLStaS777 (600 in chips) 
Seat 3: Mahu2021 (900 in chips) 
NiveLStaS777: posts small blind 30
Mahu2021: posts big blind 60
*** HOLE CARDS ***
Dealt to Mahu2021 [Td Ah]
NiveLStaS777: folds 
Uncalled bet (30) returned to Mahu2021
Mahu2021 collected 60 from pot
Mahu2021: doesn't show hand 
*** SUMMARY ***
Total pot 60 | Rake 0 
Seat 1: NiveLStaS777 (button) (small blind) folded before Flop
Seat 3: Mahu2021 (big blind) collected (60)



PokerStars Hand #243975730198: Tournament #3597620745, $0.92+$0.08 USD Hold'em No Limit - Level IV (30/60) - 2023/05/29 17:45:16 CET [2023/05/29 11:45:16 ET]
Table '3597620745 1' 3-max Seat #3 is the button
Seat 1: NiveLStaS777 (570 in chips) 
Seat 3: Mahu2021 (930 in chips) 
Mahu2021: posts small blind 30
NiveLStaS777: posts big blind 60
*** HOLE CARDS ***
Dealt to Mahu2021 [2d Ah]
Mahu2021: raises 60 to 120
NiveLStaS777: calls 60
*** FLOP *** [As 6h 2c]
NiveLStaS777: checks 
Mahu2021: bets 810 and is all-in
NiveLStaS777: folds 
Uncalled bet (810) returned to Mahu2021
Mahu2021 collected 240 from pot
Mahu2021: doesn't show hand 
*** SUMMARY ***
Total pot 240 | Rake 0 
Board [As 6h 2c]
Seat 1: NiveLStaS777 (big blind) folded on the Flop
Seat 3: Mahu2021 (button) (small blind) collected (240)



PokerStars Hand #243975733567: Tournament #3597620745, $0.92+$0.08 USD Hold'em No Limit - Level IV (30/60) - 2023/05/29 17:45:28 CET [2023/05/29 11:45:28 ET]
Table '3597620745 1' 3-max Seat #1 is the button
Seat 1: NiveLStaS777 (450 in chips) 
Seat 3: Mahu2021 (1050 in chips) 
NiveLStaS777: posts small blind 30
Mahu2021: posts big blind 60
*** HOLE CARDS ***
Dealt to Mahu2021 [Kc 7h]
NiveLStaS777: folds 
Uncalled bet (30) returned to Mahu2021
Mahu2021 collected 60 from pot
Mahu2021: doesn't show hand 
*** SUMMARY ***
Total pot 60 | Rake 0 
Seat 1: NiveLStaS777 (button) (small blind) folded before Flop
Seat 3: Mahu2021 (big blind) collected (60)



PokerStars Hand #243975734682: Tournament #3597620745, $0.92+$0.08 USD Hold'em No Limit - Level IV (30/60) - 2023/05/29 17:45:32 CET [2023/05/29 11:45:32 ET]
Table '3597620745 1' 3-max Seat #3 is the button
Seat 1: NiveLStaS777 (420 in chips) 
Seat 3: Mahu2021 (1080 in chips) 
Mahu2021: posts small blind 30
NiveLStaS777: posts big blind 60
*** HOLE CARDS ***
Dealt to Mahu2021 [Ah 3d]
Mahu2021: raises 1020 to 1080 and is all-in
NiveLStaS777: folds 
Uncalled bet (1020) returned to Mahu2021
Mahu2021 collected 120 from pot
Mahu2021: doesn't show hand 
*** SUMMARY ***
Total pot 120 | Rake 0 
Seat 1: NiveLStaS777 (big blind) folded before Flop
Seat 3: Mahu2021 (button) (small blind) collected (120)



PokerStars Hand #243975736427: Tournament #3597620745, $0.92+$0.08 USD Hold'em No Limit - Level IV (30/60) - 2023/05/29 17:45:39 CET [2023/05/29 11:45:39 ET]
Table '3597620745 1' 3-max Seat #1 is the button
Seat 1: NiveLStaS777 (360 in chips) 
Seat 3: Mahu2021 (1140 in chips) 
NiveLStaS777: posts small blind 30
Mahu2021: posts big blind 60
*** HOLE CARDS ***
Dealt to Mahu2021 [Ah 5c]
NiveLStaS777: raises 300 to 360 and is all-in
Mahu2021: calls 300
*** FLOP *** [Jh 7s Jc]
*** TURN *** [Jh 7s Jc] [7c]
*** RIVER *** [Jh 7s Jc 7c] [3d]
*** SHOW DOWN ***
Mahu2021: shows [Ah 5c] (two pair, Jacks and Sevens)
NiveLStaS777: shows [8s Ac] (two pair, Jacks and Sevens)
Mahu2021 collected 360 from pot
NiveLStaS777 collected 360 from pot
*** SUMMARY ***
Total pot 720 | Rake 0 
Board [Jh 7s Jc 7c 3d]
Seat 1: NiveLStaS777 (button) (small blind) showed [8s Ac] and won (360) with two pair, Jacks and Sevens
Seat 3: Mahu2021 (big blind) showed [Ah 5c] and won (360) with two pair, Jacks and Sevens



PokerStars Hand #243975739655: Tournament #3597620745, $0.92+$0.08 USD Hold'em No Limit - Level IV (30/60) - 2023/05/29 17:45:51 CET [2023/05/29 11:45:51 ET]
Table '3597620745 1' 3-max Seat #3 is the button
Seat 1: NiveLStaS777 (360 in chips) 
Seat 3: Mahu2021 (1140 in chips) 
Mahu2021: posts small blind 30
NiveLStaS777: posts big blind 60
*** HOLE CARDS ***
Dealt to Mahu2021 [6d 9s]
Mahu2021: folds 
Uncalled bet (30) returned to NiveLStaS777
NiveLStaS777 collected 60 from pot
NiveLStaS777: doesn't show hand 
*** SUMMARY ***
Total pot 60 | Rake 0 
Seat 1: NiveLStaS777 (big blind) collected (60)
Seat 3: Mahu2021 (button) (small blind) folded before Flop



PokerStars Hand #243975740886: Tournament #3597620745, $0.92+$0.08 USD Hold'em No Limit - Level IV (30/60) - 2023/05/29 17:45:55 CET [2023/05/29 11:45:55 ET]
Table '3597620745 1' 3-max Seat #1 is the button
Seat 1: NiveLStaS777 (390 in chips) 
Seat 3: Mahu2021 (1110 in chips) 
NiveLStaS777: posts small blind 30
Mahu2021: posts big blind 60
*** HOLE CARDS ***
Dealt to Mahu2021 [Qs 2c]
NiveLStaS777: folds 
Uncalled bet (30) returned to Mahu2021
Mahu2021 collected 60 from pot
Mahu2021: doesn't show hand 
*** SUMMARY ***
Total pot 60 | Rake 0 
Seat 1: NiveLStaS777 (button) (small blind) folded before Flop
Seat 3: Mahu2021 (big blind) collected (60)



PokerStars Hand #243975741995: Tournament #3597620745, $0.92+$0.08 USD Hold'em No Limit - Level IV (30/60) - 2023/05/29 17:46:00 CET [2023/05/29 11:46:00 ET]
Table '3597620745 1' 3-max Seat #3 is the button
Seat 1: NiveLStaS777 (360 in chips) 
Seat 3: Mahu2021 (1140 in chips) 
Mahu2021: posts small blind 30
NiveLStaS777: posts big blind 60
*** HOLE CARDS ***
Dealt to Mahu2021 [9h Jc]
Mahu2021: raises 60 to 120
NiveLStaS777: raises 240 to 360 and is all-in
Mahu2021: calls 240
*** FLOP *** [8d 2d 8c]
*** TURN *** [8d 2d 8c] [9c]
*** RIVER *** [8d 2d 8c 9c] [5h]
*** SHOW DOWN ***
NiveLStaS777: shows [Qd 7c] (a pair of Eights)
Mahu2021: shows [9h Jc] (two pair, Nines and Eights)
Mahu2021 collected 720 from pot
NiveLStaS777 finished the tournament in 2nd place
Mahu2021 wins the tournament and receives $3.00 - congratulations!
*** SUMMARY ***
Total pot 720 | Rake 0 
Board [8d 2d 8c 9c 5h]
Seat 1: NiveLStaS777 (big blind) showed [Qd 7c] and lost with a pair of Eights
Seat 3: Mahu2021 (button) (small blind) showed [9h Jc] and won (720) with two pair, Nines and Eights



