PokerStars Hand #248565361986: Tournament #3708395637, $1.84+$0.16 USD Hold'em No Limit - Level I (10/20) - 2024/01/29 16:27:06 CET [2024/01/29 10:27:06 ET]
Table '3708395637 1' 3-max Seat #1 is the button
Seat 1: Gutrix (500 in chips) 
Seat 2: luvvtoo44 (500 in chips) 
Seat 3: Mahu2021 (500 in chips) 
luvvtoo44: posts small blind 10
Mahu2021: posts big blind 20
*** HOLE CARDS ***
Dealt to Mahu2021 [6h 8c]
Gutrix: folds 
luvvtoo44: calls 10
Mahu2021: checks 
*** FLOP *** [Jd 3d 4s]
luvvtoo44: checks 
Mahu2021: checks 
*** TURN *** [Jd 3d 4s] [2s]
luvvtoo44: bets 40
Mahu2021: folds 
Uncalled bet (40) returned to luvvtoo44
luvvtoo44 collected 40 from pot
*** SUMMARY ***
Total pot 40 | Rake 0 
Board [Jd 3d 4s 2s]
Seat 1: Gutrix (button) folded before Flop (didn't bet)
Seat 2: luvvtoo44 (small blind) collected (40)
Seat 3: Mahu2021 (big blind) folded on the Turn



PokerStars Hand #248565366494: Tournament #3708395637, $1.84+$0.16 USD Hold'em No Limit - Level I (10/20) - 2024/01/29 16:27:25 CET [2024/01/29 10:27:25 ET]
Table '3708395637 1' 3-max Seat #2 is the button
Seat 1: Gutrix (500 in chips) 
Seat 2: luvvtoo44 (520 in chips) 
Seat 3: Mahu2021 (480 in chips) 
Mahu2021: posts small blind 10
Gutrix: posts big blind 20
*** HOLE CARDS ***
Dealt to Mahu2021 [Ts 8c]
luvvtoo44: folds 
Mahu2021: folds 
Uncalled bet (10) returned to Gutrix
Gutrix collected 20 from pot
Gutrix: doesn't show hand 
*** SUMMARY ***
Total pot 20 | Rake 0 
Seat 1: Gutrix (big blind) collected (20)
Seat 2: luvvtoo44 (button) folded before Flop (didn't bet)
Seat 3: Mahu2021 (small blind) folded before Flop



PokerStars Hand #248565368551: Tournament #3708395637, $1.84+$0.16 USD Hold'em No Limit - Level I (10/20) - 2024/01/29 16:27:34 CET [2024/01/29 10:27:34 ET]
Table '3708395637 1' 3-max Seat #3 is the button
Seat 1: Gutrix (510 in chips) 
Seat 2: luvvtoo44 (520 in chips) 
Seat 3: Mahu2021 (470 in chips) 
Gutrix: posts small blind 10
luvvtoo44: posts big blind 20
*** HOLE CARDS ***
Dealt to Mahu2021 [Jh 3h]
Mahu2021: folds 
Gutrix: folds 
Uncalled bet (10) returned to luvvtoo44
luvvtoo44 collected 20 from pot
*** SUMMARY ***
Total pot 20 | Rake 0 
Seat 1: Gutrix (small blind) folded before Flop
Seat 2: luvvtoo44 (big blind) collected (20)
Seat 3: Mahu2021 (button) folded before Flop (didn't bet)



PokerStars Hand #248565370072: Tournament #3708395637, $1.84+$0.16 USD Hold'em No Limit - Level I (10/20) - 2024/01/29 16:27:40 CET [2024/01/29 10:27:40 ET]
Table '3708395637 1' 3-max Seat #1 is the button
Seat 1: Gutrix (500 in chips) 
Seat 2: luvvtoo44 (530 in chips) 
Seat 3: Mahu2021 (470 in chips) 
luvvtoo44: posts small blind 10
Mahu2021: posts big blind 20
*** HOLE CARDS ***
Dealt to Mahu2021 [5h 8s]
Gutrix: folds 
luvvtoo44: calls 10
Mahu2021: checks 
*** FLOP *** [4c 5s 2c]
luvvtoo44: checks 
Mahu2021: bets 40
luvvtoo44: calls 40
*** TURN *** [4c 5s 2c] [Ad]
luvvtoo44: checks 
Mahu2021: checks 
*** RIVER *** [4c 5s 2c Ad] [Qs]
luvvtoo44: bets 60
Mahu2021: calls 60
*** SHOW DOWN ***
luvvtoo44: shows [4d 4s] (three of a kind, Fours)
Mahu2021: mucks hand 
luvvtoo44 collected 240 from pot
*** SUMMARY ***
Total pot 240 | Rake 0 
Board [4c 5s 2c Ad Qs]
Seat 1: Gutrix (button) folded before Flop (didn't bet)
Seat 2: luvvtoo44 (small blind) showed [4d 4s] and won (240) with three of a kind, Fours
Seat 3: Mahu2021 (big blind) mucked [5h 8s]



PokerStars Hand #248565375673: Tournament #3708395637, $1.84+$0.16 USD Hold'em No Limit - Level I (10/20) - 2024/01/29 16:28:03 CET [2024/01/29 10:28:03 ET]
Table '3708395637 1' 3-max Seat #2 is the button
Seat 1: Gutrix (500 in chips) 
Seat 2: luvvtoo44 (650 in chips) 
Seat 3: Mahu2021 (350 in chips) 
Mahu2021: posts small blind 10
Gutrix: posts big blind 20
*** HOLE CARDS ***
Dealt to Mahu2021 [3h 6s]
luvvtoo44: raises 50 to 70
Mahu2021: folds 
Gutrix: folds 
Uncalled bet (50) returned to luvvtoo44
luvvtoo44 collected 50 from pot
*** SUMMARY ***
Total pot 50 | Rake 0 
Seat 1: Gutrix (big blind) folded before Flop
Seat 2: luvvtoo44 (button) collected (50)
Seat 3: Mahu2021 (small blind) folded before Flop



PokerStars Hand #248565377898: Tournament #3708395637, $1.84+$0.16 USD Hold'em No Limit - Level I (10/20) - 2024/01/29 16:28:13 CET [2024/01/29 10:28:13 ET]
Table '3708395637 1' 3-max Seat #3 is the button
Seat 1: Gutrix (480 in chips) 
Seat 2: luvvtoo44 (680 in chips) 
Seat 3: Mahu2021 (340 in chips) 
Gutrix: posts small blind 10
luvvtoo44: posts big blind 20
*** HOLE CARDS ***
Dealt to Mahu2021 [Tc Ts]
Mahu2021: raises 320 to 340 and is all-in
Gutrix: folds 
luvvtoo44: folds 
Uncalled bet (320) returned to Mahu2021
Mahu2021 collected 50 from pot
Mahu2021: doesn't show hand 
*** SUMMARY ***
Total pot 50 | Rake 0 
Seat 1: Gutrix (small blind) folded before Flop
Seat 2: luvvtoo44 (big blind) folded before Flop
Seat 3: Mahu2021 (button) collected (50)



PokerStars Hand #248565379751: Tournament #3708395637, $1.84+$0.16 USD Hold'em No Limit - Level I (10/20) - 2024/01/29 16:28:20 CET [2024/01/29 10:28:20 ET]
Table '3708395637 1' 3-max Seat #1 is the button
Seat 1: Gutrix (470 in chips) 
Seat 2: luvvtoo44 (660 in chips) 
Seat 3: Mahu2021 (370 in chips) 
luvvtoo44: posts small blind 10
Mahu2021: posts big blind 20
*** HOLE CARDS ***
Dealt to Mahu2021 [8d 7d]
Gutrix: raises 20 to 40
luvvtoo44: calls 30
Mahu2021: calls 20
*** FLOP *** [6c 6h 3c]
luvvtoo44: checks 
Mahu2021: checks 
Gutrix: bets 40
luvvtoo44: calls 40
Mahu2021: folds 
*** TURN *** [6c 6h 3c] [Ks]
luvvtoo44: checks 
Gutrix: checks 
*** RIVER *** [6c 6h 3c Ks] [3s]
luvvtoo44: bets 580 and is all-in
Gutrix: folds 
Uncalled bet (580) returned to luvvtoo44
luvvtoo44 collected 200 from pot
*** SUMMARY ***
Total pot 200 | Rake 0 
Board [6c 6h 3c Ks 3s]
Seat 1: Gutrix (button) folded on the River
Seat 2: luvvtoo44 (small blind) collected (200)
Seat 3: Mahu2021 (big blind) folded on the Flop



PokerStars Hand #248565386557: Tournament #3708395637, $1.84+$0.16 USD Hold'em No Limit - Level I (10/20) - 2024/01/29 16:28:49 CET [2024/01/29 10:28:49 ET]
Table '3708395637 1' 3-max Seat #2 is the button
Seat 1: Gutrix (390 in chips) 
Seat 2: luvvtoo44 (780 in chips) 
Seat 3: Mahu2021 (330 in chips) 
Mahu2021: posts small blind 10
Gutrix: posts big blind 20
*** HOLE CARDS ***
Dealt to Mahu2021 [7s 8h]
luvvtoo44: folds 
Mahu2021: calls 10
Gutrix: checks 
*** FLOP *** [4s 6h 5c]
Mahu2021: checks 
Gutrix: checks 
*** TURN *** [4s 6h 5c] [6c]
Mahu2021: checks 
Gutrix: bets 20
Mahu2021: raises 40 to 60
Gutrix: calls 40
*** RIVER *** [4s 6h 5c 6c] [Ks]
Mahu2021: bets 60
Gutrix: folds 
Uncalled bet (60) returned to Mahu2021
Mahu2021 collected 160 from pot
Mahu2021: doesn't show hand 
*** SUMMARY ***
Total pot 160 | Rake 0 
Board [4s 6h 5c 6c Ks]
Seat 1: Gutrix (big blind) folded on the River
Seat 2: luvvtoo44 (button) folded before Flop (didn't bet)
Seat 3: Mahu2021 (small blind) collected (160)



PokerStars Hand #248565392430: Tournament #3708395637, $1.84+$0.16 USD Hold'em No Limit - Level I (10/20) - 2024/01/29 16:29:13 CET [2024/01/29 10:29:13 ET]
Table '3708395637 1' 3-max Seat #3 is the button
Seat 1: Gutrix (310 in chips) 
Seat 2: luvvtoo44 (780 in chips) 
Seat 3: Mahu2021 (410 in chips) 
Gutrix: posts small blind 10
luvvtoo44: posts big blind 20
*** HOLE CARDS ***
Dealt to Mahu2021 [9s 8s]
Mahu2021: calls 20
Gutrix: folds 
luvvtoo44: checks 
*** FLOP *** [4s Kc 8c]
luvvtoo44: checks 
Mahu2021: bets 20
luvvtoo44: raises 45 to 65
Mahu2021: folds 
Uncalled bet (45) returned to luvvtoo44
luvvtoo44 collected 90 from pot
*** SUMMARY ***
Total pot 90 | Rake 0 
Board [4s Kc 8c]
Seat 1: Gutrix (small blind) folded before Flop
Seat 2: luvvtoo44 (big blind) collected (90)
Seat 3: Mahu2021 (button) folded on the Flop



PokerStars Hand #248565399766: Tournament #3708395637, $1.84+$0.16 USD Hold'em No Limit - Level I (10/20) - 2024/01/29 16:29:43 CET [2024/01/29 10:29:43 ET]
Table '3708395637 1' 3-max Seat #1 is the button
Seat 1: Gutrix (300 in chips) 
Seat 2: luvvtoo44 (830 in chips) 
Seat 3: Mahu2021 (370 in chips) 
luvvtoo44: posts small blind 10
Mahu2021: posts big blind 20
*** HOLE CARDS ***
Dealt to Mahu2021 [Jc 4c]
Gutrix: raises 20 to 40
luvvtoo44: folds 
Mahu2021: calls 20
*** FLOP *** [Ac 4s Js]
Mahu2021: checks 
Gutrix: bets 30
Mahu2021: raises 300 to 330 and is all-in
Gutrix: folds 
Uncalled bet (300) returned to Mahu2021
Mahu2021 collected 150 from pot
Mahu2021: doesn't show hand 
*** SUMMARY ***
Total pot 150 | Rake 0 
Board [Ac 4s Js]
Seat 1: Gutrix (button) folded on the Flop
Seat 2: luvvtoo44 (small blind) folded before Flop
Seat 3: Mahu2021 (big blind) collected (150)



PokerStars Hand #248565404328: Tournament #3708395637, $1.84+$0.16 USD Hold'em No Limit - Level I (10/20) - 2024/01/29 16:30:02 CET [2024/01/29 10:30:02 ET]
Table '3708395637 1' 3-max Seat #2 is the button
Seat 1: Gutrix (230 in chips) 
Seat 2: luvvtoo44 (820 in chips) 
Seat 3: Mahu2021 (450 in chips) 
Mahu2021: posts small blind 10
Gutrix: posts big blind 20
*** HOLE CARDS ***
Dealt to Mahu2021 [9s Ts]
luvvtoo44: raises 20 to 40
Mahu2021: calls 30
Gutrix: calls 20
*** FLOP *** [8d 6s Jh]
Mahu2021: checks 
Gutrix: checks 
luvvtoo44: bets 120
Mahu2021: calls 120
Gutrix: folds 
*** TURN *** [8d 6s Jh] [4d]
Mahu2021: checks 
luvvtoo44: bets 660 and is all-in
Mahu2021: calls 290 and is all-in
Uncalled bet (370) returned to luvvtoo44
*** RIVER *** [8d 6s Jh 4d] [2h]
*** SHOW DOWN ***
Mahu2021: shows [9s Ts] (high card Jack)
luvvtoo44: shows [Ac Ah] (a pair of Aces)
luvvtoo44 collected 940 from pot
Mahu2021 finished the tournament in 3rd place
*** SUMMARY ***
Total pot 940 | Rake 0 
Board [8d 6s Jh 4d 2h]
Seat 1: Gutrix (big blind) folded on the Flop
Seat 2: luvvtoo44 (button) showed [Ac Ah] and won (940) with a pair of Aces
Seat 3: Mahu2021 (small blind) showed [9s Ts] and lost with high card Jack



