PokerStars Hand #253358418645: Tournament #3822479717, $4.60+$0.40 USD Hold'em No Limit - Level I (10/20) - 2024/11/11 16:47:44 CET [2024/11/11 10:47:44 ET]
Table '3822479717 1' 3-max Seat #1 is the button
Seat 1: Fuuuuuuull (500 in chips) 
Seat 2: SHARKISS82 (500 in chips) 
Seat 3: Mahu2021 (500 in chips) 
SHARKISS82: posts small blind 10
Mahu2021: posts big blind 20
*** HOLE CARDS ***
Dealt to Mahu2021 [4c 3s]
Fuuuuuuull: raises 22 to 42
SHARKISS82: calls 32
Mahu2021: folds 
*** FLOP *** [7s 5d 8d]
SHARKISS82: checks 
Fuuuuuuull: bets 130
SHARKISS82: raises 328 to 458 and is all-in
Fuuuuuuull: folds 
Uncalled bet (328) returned to SHARKISS82
SHARKISS82 collected 364 from pot
*** SUMMARY ***
Total pot 364 | Rake 0 
Board [7s 5d 8d]
Seat 1: Fuuuuuuull (button) folded on the Flop
Seat 2: SHARKISS82 (small blind) collected (364)
Seat 3: Mahu2021 (big blind) folded before Flop



PokerStars Hand #253358424524: Tournament #3822479717, $4.60+$0.40 USD Hold'em No Limit - Level I (10/20) - 2024/11/11 16:48:11 CET [2024/11/11 10:48:11 ET]
Table '3822479717 1' 3-max Seat #2 is the button
Seat 1: Fuuuuuuull (328 in chips) 
Seat 2: SHARKISS82 (692 in chips) 
Seat 3: Mahu2021 (480 in chips) 
Mahu2021: posts small blind 10
Fuuuuuuull: posts big blind 20
*** HOLE CARDS ***
Dealt to Mahu2021 [Qs 2s]
SHARKISS82: calls 20
Mahu2021: calls 10
Fuuuuuuull: raises 308 to 328 and is all-in
SHARKISS82: calls 308
Mahu2021: folds 
*** FLOP *** [Js 2h Jh]
*** TURN *** [Js 2h Jh] [8c]
*** RIVER *** [Js 2h Jh 8c] [Qc]
*** SHOW DOWN ***
Fuuuuuuull: shows [7c 5c] (a pair of Jacks)
SHARKISS82: shows [Jd Jc] (four of a kind, Jacks)
SHARKISS82 collected 676 from pot
Fuuuuuuull finished the tournament in 3rd place
*** SUMMARY ***
Total pot 676 | Rake 0 
Board [Js 2h Jh 8c Qc]
Seat 1: Fuuuuuuull (big blind) showed [7c 5c] and lost with a pair of Jacks
Seat 2: SHARKISS82 (button) showed [Jd Jc] and won (676) with four of a kind, Jacks
Seat 3: Mahu2021 (small blind) folded before Flop



PokerStars Hand #253358429943: Tournament #3822479717, $4.60+$0.40 USD Hold'em No Limit - Level I (10/20) - 2024/11/11 16:48:37 CET [2024/11/11 10:48:37 ET]
Table '3822479717 1' 3-max Seat #3 is the button
Seat 2: SHARKISS82 (1040 in chips) 
Seat 3: Mahu2021 (460 in chips) 
Mahu2021: posts small blind 10
SHARKISS82: posts big blind 20
*** HOLE CARDS ***
Dealt to Mahu2021 [Ac 3d]
Mahu2021: calls 10
SHARKISS82: checks 
*** FLOP *** [7d Qd 8c]
SHARKISS82: checks 
Mahu2021: bets 40
SHARKISS82: folds 
Uncalled bet (40) returned to Mahu2021
Mahu2021 collected 40 from pot
Mahu2021: doesn't show hand 
*** SUMMARY ***
Total pot 40 | Rake 0 
Board [7d Qd 8c]
Seat 2: SHARKISS82 (big blind) folded on the Flop
Seat 3: Mahu2021 (button) (small blind) collected (40)



PokerStars Hand #253358432620: Tournament #3822479717, $4.60+$0.40 USD Hold'em No Limit - Level I (10/20) - 2024/11/11 16:48:49 CET [2024/11/11 10:48:49 ET]
Table '3822479717 1' 3-max Seat #2 is the button
Seat 2: SHARKISS82 (1020 in chips) 
Seat 3: Mahu2021 (480 in chips) 
SHARKISS82: posts small blind 10
Mahu2021: posts big blind 20
*** HOLE CARDS ***
Dealt to Mahu2021 [7d 8h]
SHARKISS82: calls 10
Mahu2021: checks 
*** FLOP *** [As Jh 6s]
Mahu2021: checks 
SHARKISS82: bets 20
Mahu2021: folds 
Uncalled bet (20) returned to SHARKISS82
SHARKISS82 collected 40 from pot
*** SUMMARY ***
Total pot 40 | Rake 0 
Board [As Jh 6s]
Seat 2: SHARKISS82 (button) (small blind) collected (40)
Seat 3: Mahu2021 (big blind) folded on the Flop



PokerStars Hand #253358435622: Tournament #3822479717, $4.60+$0.40 USD Hold'em No Limit - Level I (10/20) - 2024/11/11 16:49:04 CET [2024/11/11 10:49:04 ET]
Table '3822479717 1' 3-max Seat #3 is the button
Seat 2: SHARKISS82 (1040 in chips) 
Seat 3: Mahu2021 (460 in chips) 
Mahu2021: posts small blind 10
SHARKISS82: posts big blind 20
*** HOLE CARDS ***
Dealt to Mahu2021 [Ah 4c]
Mahu2021: raises 20 to 40
SHARKISS82: calls 20
*** FLOP *** [Ks Tc 6s]
SHARKISS82: checks 
Mahu2021: checks 
*** TURN *** [Ks Tc 6s] [8c]
SHARKISS82: checks 
Mahu2021: checks 
*** RIVER *** [Ks Tc 6s 8c] [Jc]
SHARKISS82: checks 
Mahu2021: checks 
*** SHOW DOWN ***
SHARKISS82: shows [4d 6d] (a pair of Sixes)
Mahu2021: mucks hand 
SHARKISS82 collected 80 from pot
*** SUMMARY ***
Total pot 80 | Rake 0 
Board [Ks Tc 6s 8c Jc]
Seat 2: SHARKISS82 (big blind) showed [4d 6d] and won (80) with a pair of Sixes
Seat 3: Mahu2021 (button) (small blind) mucked [Ah 4c]



PokerStars Hand #253358438860: Tournament #3822479717, $4.60+$0.40 USD Hold'em No Limit - Level I (10/20) - 2024/11/11 16:49:19 CET [2024/11/11 10:49:19 ET]
Table '3822479717 1' 3-max Seat #2 is the button
Seat 2: SHARKISS82 (1080 in chips) 
Seat 3: Mahu2021 (420 in chips) 
SHARKISS82: posts small blind 10
Mahu2021: posts big blind 20
*** HOLE CARDS ***
Dealt to Mahu2021 [6h Ks]
SHARKISS82: raises 20 to 40
Mahu2021: calls 20
*** FLOP *** [Th Qd 2h]
Mahu2021: checks 
SHARKISS82: checks 
*** TURN *** [Th Qd 2h] [6s]
Mahu2021: bets 40
SHARKISS82: folds 
Uncalled bet (40) returned to Mahu2021
Mahu2021 collected 80 from pot
Mahu2021: doesn't show hand 
*** SUMMARY ***
Total pot 80 | Rake 0 
Board [Th Qd 2h 6s]
Seat 2: SHARKISS82 (button) (small blind) folded on the Turn
Seat 3: Mahu2021 (big blind) collected (80)



PokerStars Hand #253358441235: Tournament #3822479717, $4.60+$0.40 USD Hold'em No Limit - Level I (10/20) - 2024/11/11 16:49:30 CET [2024/11/11 10:49:30 ET]
Table '3822479717 1' 3-max Seat #3 is the button
Seat 2: SHARKISS82 (1040 in chips) 
Seat 3: Mahu2021 (460 in chips) 
Mahu2021: posts small blind 10
SHARKISS82: posts big blind 20
*** HOLE CARDS ***
Dealt to Mahu2021 [Ks Qd]
Mahu2021: raises 40 to 60
SHARKISS82: folds 
Uncalled bet (40) returned to Mahu2021
Mahu2021 collected 40 from pot
Mahu2021: doesn't show hand 
*** SUMMARY ***
Total pot 40 | Rake 0 
Seat 2: SHARKISS82 (big blind) folded before Flop
Seat 3: Mahu2021 (button) (small blind) collected (40)



PokerStars Hand #253358442903: Tournament #3822479717, $4.60+$0.40 USD Hold'em No Limit - Level I (10/20) - 2024/11/11 16:49:38 CET [2024/11/11 10:49:38 ET]
Table '3822479717 1' 3-max Seat #2 is the button
Seat 2: SHARKISS82 (1020 in chips) 
Seat 3: Mahu2021 (480 in chips) 
SHARKISS82: posts small blind 10
Mahu2021: posts big blind 20
*** HOLE CARDS ***
Dealt to Mahu2021 [Js 3s]
SHARKISS82: folds 
Uncalled bet (10) returned to Mahu2021
Mahu2021 collected 20 from pot
Mahu2021: doesn't show hand 
*** SUMMARY ***
Total pot 20 | Rake 0 
Seat 2: SHARKISS82 (button) (small blind) folded before Flop
Seat 3: Mahu2021 (big blind) collected (20)



PokerStars Hand #253358444884: Tournament #3822479717, $4.60+$0.40 USD Hold'em No Limit - Level I (10/20) - 2024/11/11 16:49:47 CET [2024/11/11 10:49:47 ET]
Table '3822479717 1' 3-max Seat #3 is the button
Seat 2: SHARKISS82 (1010 in chips) 
Seat 3: Mahu2021 (490 in chips) 
Mahu2021: posts small blind 10
SHARKISS82: posts big blind 20
*** HOLE CARDS ***
Dealt to Mahu2021 [Th As]
Mahu2021: raises 40 to 60
SHARKISS82: raises 950 to 1010 and is all-in
Mahu2021: calls 430 and is all-in
Uncalled bet (520) returned to SHARKISS82
*** FLOP *** [6c Qd 4s]
*** TURN *** [6c Qd 4s] [Kc]
*** RIVER *** [6c Qd 4s Kc] [9c]
*** SHOW DOWN ***
SHARKISS82: shows [2c 2s] (a pair of Deuces)
Mahu2021: shows [Th As] (high card Ace)
SHARKISS82 collected 980 from pot
Mahu2021 finished the tournament in 2nd place
SHARKISS82 wins the tournament and receives $20.00 - congratulations!
*** SUMMARY ***
Total pot 980 | Rake 0 
Board [6c Qd 4s Kc 9c]
Seat 2: SHARKISS82 (big blind) showed [2c 2s] and won (980) with a pair of Deuces
Seat 3: Mahu2021 (button) (small blind) showed [Th As] and lost with high card Ace



