PokerStars Hand #245771444345: Tournament #3640434393, $0.92+$0.08 USD Hold'em No Limit - Level I (10/20) - 2023/09/04 19:32:48 CET [2023/09/04 13:32:48 ET]
Table '3640434393 1' 3-max Seat #1 is the button
Seat 1: supersun3611 (500 in chips) 
Seat 2: Allonautilus (500 in chips) 
Seat 3: Mahu2021 (500 in chips) 
Allonautilus: posts small blind 10
Mahu2021: posts big blind 20
*** HOLE CARDS ***
Dealt to Mahu2021 [3s Kc]
supersun3611: raises 480 to 500 and is all-in
Allonautilus: folds 
Mahu2021: folds 
Uncalled bet (480) returned to supersun3611
supersun3611 collected 50 from pot
supersun3611: doesn't show hand 
*** SUMMARY ***
Total pot 50 | Rake 0 
Seat 1: supersun3611 (button) collected (50)
Seat 2: Allonautilus (small blind) folded before Flop
Seat 3: Mahu2021 (big blind) folded before Flop



PokerStars Hand #245771446780: Tournament #3640434393, $0.92+$0.08 USD Hold'em No Limit - Level I (10/20) - 2023/09/04 19:32:55 CET [2023/09/04 13:32:55 ET]
Table '3640434393 1' 3-max Seat #2 is the button
Seat 1: supersun3611 (530 in chips) 
Seat 2: Allonautilus (490 in chips) 
Seat 3: Mahu2021 (480 in chips) 
Mahu2021: posts small blind 10
supersun3611: posts big blind 20
*** HOLE CARDS ***
Dealt to Mahu2021 [Qs Kc]
Allonautilus: folds 
Mahu2021: calls 10
supersun3611: checks 
*** FLOP *** [9c Kd 7c]
Mahu2021: checks 
supersun3611: checks 
*** TURN *** [9c Kd 7c] [Jd]
Mahu2021: checks 
supersun3611: checks 
*** RIVER *** [9c Kd 7c Jd] [3h]
Mahu2021: bets 20
supersun3611: folds 
Uncalled bet (20) returned to Mahu2021
Mahu2021 collected 40 from pot
Mahu2021: doesn't show hand 
*** SUMMARY ***
Total pot 40 | Rake 0 
Board [9c Kd 7c Jd 3h]
Seat 1: supersun3611 (big blind) folded on the River
Seat 2: Allonautilus (button) folded before Flop (didn't bet)
Seat 3: Mahu2021 (small blind) collected (40)



PokerStars Hand #245771454633: Tournament #3640434393, $0.92+$0.08 USD Hold'em No Limit - Level I (10/20) - 2023/09/04 19:33:20 CET [2023/09/04 13:33:20 ET]
Table '3640434393 1' 3-max Seat #3 is the button
Seat 1: supersun3611 (510 in chips) 
Seat 2: Allonautilus (490 in chips) 
Seat 3: Mahu2021 (500 in chips) 
supersun3611: posts small blind 10
Allonautilus: posts big blind 20
*** HOLE CARDS ***
Dealt to Mahu2021 [8h Ad]
Mahu2021: calls 20
supersun3611: folds 
Allonautilus: checks 
*** FLOP *** [9d 7s 6s]
Allonautilus: checks 
Mahu2021: bets 40
Allonautilus: folds 
Uncalled bet (40) returned to Mahu2021
Mahu2021 collected 50 from pot
Mahu2021: doesn't show hand 
*** SUMMARY ***
Total pot 50 | Rake 0 
Board [9d 7s 6s]
Seat 1: supersun3611 (small blind) folded before Flop
Seat 2: Allonautilus (big blind) folded on the Flop
Seat 3: Mahu2021 (button) collected (50)



PokerStars Hand #245771460976: Tournament #3640434393, $0.92+$0.08 USD Hold'em No Limit - Level I (10/20) - 2023/09/04 19:33:40 CET [2023/09/04 13:33:40 ET]
Table '3640434393 1' 3-max Seat #1 is the button
Seat 1: supersun3611 (500 in chips) 
Seat 2: Allonautilus (470 in chips) 
Seat 3: Mahu2021 (530 in chips) 
Allonautilus: posts small blind 10
Mahu2021: posts big blind 20
*** HOLE CARDS ***
Dealt to Mahu2021 [9d 6d]
supersun3611: folds 
Allonautilus: calls 10
Mahu2021: checks 
*** FLOP *** [5c 7d Jh]
Allonautilus: bets 27
Mahu2021: calls 27
*** TURN *** [5c 7d Jh] [8d]
Allonautilus: bets 31
Mahu2021: raises 31 to 62
Allonautilus: calls 31
*** RIVER *** [5c 7d Jh 8d] [3s]
Allonautilus: checks 
Mahu2021: bets 40
Allonautilus: raises 321 to 361 and is all-in
Mahu2021: calls 321
*** SHOW DOWN ***
Allonautilus: shows [Jc 5s] (two pair, Jacks and Fives)
Mahu2021: shows [9d 6d] (a straight, Five to Nine)
Mahu2021 collected 940 from pot
Allonautilus finished the tournament in 3rd place
*** SUMMARY ***
Total pot 940 | Rake 0 
Board [5c 7d Jh 8d 3s]
Seat 1: supersun3611 (button) folded before Flop (didn't bet)
Seat 2: Allonautilus (small blind) showed [Jc 5s] and lost with two pair, Jacks and Fives
Seat 3: Mahu2021 (big blind) showed [9d 6d] and won (940) with a straight, Five to Nine



PokerStars Hand #245771479571: Tournament #3640434393, $0.92+$0.08 USD Hold'em No Limit - Level I (10/20) - 2023/09/04 19:34:37 CET [2023/09/04 13:34:37 ET]
Table '3640434393 1' 3-max Seat #3 is the button
Seat 1: supersun3611 (500 in chips) 
Seat 3: Mahu2021 (1000 in chips) 
Mahu2021: posts small blind 10
supersun3611: posts big blind 20
*** HOLE CARDS ***
Dealt to Mahu2021 [Qs 5d]
Mahu2021: folds 
Uncalled bet (10) returned to supersun3611
supersun3611 collected 20 from pot
supersun3611: doesn't show hand 
*** SUMMARY ***
Total pot 20 | Rake 0 
Seat 1: supersun3611 (big blind) collected (20)
Seat 3: Mahu2021 (button) (small blind) folded before Flop



PokerStars Hand #245771481099: Tournament #3640434393, $0.92+$0.08 USD Hold'em No Limit - Level I (10/20) - 2023/09/04 19:34:42 CET [2023/09/04 13:34:42 ET]
Table '3640434393 1' 3-max Seat #1 is the button
Seat 1: supersun3611 (510 in chips) 
Seat 3: Mahu2021 (990 in chips) 
supersun3611: posts small blind 10
Mahu2021: posts big blind 20
*** HOLE CARDS ***
Dealt to Mahu2021 [8s 7c]
supersun3611: calls 10
Mahu2021: checks 
*** FLOP *** [3s 2d Tc]
Mahu2021: checks 
supersun3611: bets 20
Mahu2021: folds 
Uncalled bet (20) returned to supersun3611
supersun3611 collected 40 from pot
supersun3611: doesn't show hand 
*** SUMMARY ***
Total pot 40 | Rake 0 
Board [3s 2d Tc]
Seat 1: supersun3611 (button) (small blind) collected (40)
Seat 3: Mahu2021 (big blind) folded on the Flop



PokerStars Hand #245771486087: Tournament #3640434393, $0.92+$0.08 USD Hold'em No Limit - Level II (15/30) - 2023/09/04 19:34:58 CET [2023/09/04 13:34:58 ET]
Table '3640434393 1' 3-max Seat #3 is the button
Seat 1: supersun3611 (530 in chips) 
Seat 3: Mahu2021 (970 in chips) 
Mahu2021: posts small blind 15
supersun3611: posts big blind 30
*** HOLE CARDS ***
Dealt to Mahu2021 [Kh 3d]
Mahu2021: calls 15
supersun3611: raises 45 to 75
Mahu2021: folds 
Uncalled bet (45) returned to supersun3611
supersun3611 collected 60 from pot
supersun3611: doesn't show hand 
*** SUMMARY ***
Total pot 60 | Rake 0 
Seat 1: supersun3611 (big blind) collected (60)
Seat 3: Mahu2021 (button) (small blind) folded before Flop



PokerStars Hand #245771490182: Tournament #3640434393, $0.92+$0.08 USD Hold'em No Limit - Level II (15/30) - 2023/09/04 19:35:10 CET [2023/09/04 13:35:10 ET]
Table '3640434393 1' 3-max Seat #1 is the button
Seat 1: supersun3611 (560 in chips) 
Seat 3: Mahu2021 (940 in chips) 
supersun3611: posts small blind 15
Mahu2021: posts big blind 30
*** HOLE CARDS ***
Dealt to Mahu2021 [8d 7d]
supersun3611: calls 15
Mahu2021: checks 
*** FLOP *** [4s 5d Ks]
Mahu2021: checks 
supersun3611: bets 30
Mahu2021: calls 30
*** TURN *** [4s 5d Ks] [4c]
Mahu2021: checks 
supersun3611: bets 36
Mahu2021: raises 54 to 90
supersun3611: calls 54
*** RIVER *** [4s 5d Ks 4c] [8c]
Mahu2021: bets 60
supersun3611: raises 126 to 186
Mahu2021: calls 126
*** SHOW DOWN ***
supersun3611: shows [4d 6s] (three of a kind, Fours)
Mahu2021: mucks hand 
supersun3611 collected 672 from pot
*** SUMMARY ***
Total pot 672 | Rake 0 
Board [4s 5d Ks 4c 8c]
Seat 1: supersun3611 (button) (small blind) showed [4d 6s] and won (672) with three of a kind, Fours
Seat 3: Mahu2021 (big blind) mucked [8d 7d]



PokerStars Hand #245771501836: Tournament #3640434393, $0.92+$0.08 USD Hold'em No Limit - Level II (15/30) - 2023/09/04 19:35:46 CET [2023/09/04 13:35:46 ET]
Table '3640434393 1' 3-max Seat #3 is the button
Seat 1: supersun3611 (896 in chips) 
Seat 3: Mahu2021 (604 in chips) 
Mahu2021: posts small blind 15
supersun3611: posts big blind 30
*** HOLE CARDS ***
Dealt to Mahu2021 [9d Ah]
Mahu2021: raises 574 to 604 and is all-in
supersun3611: folds 
Uncalled bet (574) returned to Mahu2021
Mahu2021 collected 60 from pot
Mahu2021: doesn't show hand 
*** SUMMARY ***
Total pot 60 | Rake 0 
Seat 1: supersun3611 (big blind) folded before Flop
Seat 3: Mahu2021 (button) (small blind) collected (60)



PokerStars Hand #245771503960: Tournament #3640434393, $0.92+$0.08 USD Hold'em No Limit - Level II (15/30) - 2023/09/04 19:35:53 CET [2023/09/04 13:35:53 ET]
Table '3640434393 1' 3-max Seat #1 is the button
Seat 1: supersun3611 (866 in chips) 
Seat 3: Mahu2021 (634 in chips) 
supersun3611: posts small blind 15
Mahu2021: posts big blind 30
*** HOLE CARDS ***
Dealt to Mahu2021 [4c 8s]
supersun3611: calls 15
Mahu2021: checks 
*** FLOP *** [7c 5h 8h]
Mahu2021: bets 30
supersun3611: raises 806 to 836 and is all-in
Mahu2021: calls 574 and is all-in
Uncalled bet (232) returned to supersun3611
*** TURN *** [7c 5h 8h] [Jh]
*** RIVER *** [7c 5h 8h Jh] [6h]
*** SHOW DOWN ***
Mahu2021: shows [4c 8s] (a straight, Four to Eight)
supersun3611: shows [3c 8c] (a pair of Eights)
Mahu2021 collected 1268 from pot
*** SUMMARY ***
Total pot 1268 | Rake 0 
Board [7c 5h 8h Jh 6h]
Seat 1: supersun3611 (button) (small blind) showed [3c 8c] and lost with a pair of Eights
Seat 3: Mahu2021 (big blind) showed [4c 8s] and won (1268) with a straight, Four to Eight



PokerStars Hand #245771509077: Tournament #3640434393, $0.92+$0.08 USD Hold'em No Limit - Level II (15/30) - 2023/09/04 19:36:08 CET [2023/09/04 13:36:08 ET]
Table '3640434393 1' 3-max Seat #3 is the button
Seat 1: supersun3611 (232 in chips) 
Seat 3: Mahu2021 (1268 in chips) 
Mahu2021: posts small blind 15
supersun3611: posts big blind 30
*** HOLE CARDS ***
Dealt to Mahu2021 [Jd 2c]
Mahu2021: folds 
Uncalled bet (15) returned to supersun3611
supersun3611 collected 30 from pot
supersun3611: doesn't show hand 
*** SUMMARY ***
Total pot 30 | Rake 0 
Seat 1: supersun3611 (big blind) collected (30)
Seat 3: Mahu2021 (button) (small blind) folded before Flop



PokerStars Hand #245771510555: Tournament #3640434393, $0.92+$0.08 USD Hold'em No Limit - Level II (15/30) - 2023/09/04 19:36:13 CET [2023/09/04 13:36:13 ET]
Table '3640434393 1' 3-max Seat #1 is the button
Seat 1: supersun3611 (247 in chips) 
Seat 3: Mahu2021 (1253 in chips) 
supersun3611: posts small blind 15
Mahu2021: posts big blind 30
*** HOLE CARDS ***
Dealt to Mahu2021 [Ad 5d]
supersun3611: raises 217 to 247 and is all-in
Mahu2021: calls 217
*** FLOP *** [2c 9h 6s]
*** TURN *** [2c 9h 6s] [Kc]
*** RIVER *** [2c 9h 6s Kc] [9s]
*** SHOW DOWN ***
Mahu2021: shows [Ad 5d] (a pair of Nines)
supersun3611: shows [4d Kd] (two pair, Kings and Nines)
supersun3611 collected 494 from pot
*** SUMMARY ***
Total pot 494 | Rake 0 
Board [2c 9h 6s Kc 9s]
Seat 1: supersun3611 (button) (small blind) showed [4d Kd] and won (494) with two pair, Kings and Nines
Seat 3: Mahu2021 (big blind) showed [Ad 5d] and lost with a pair of Nines



PokerStars Hand #245771514466: Tournament #3640434393, $0.92+$0.08 USD Hold'em No Limit - Level II (15/30) - 2023/09/04 19:36:25 CET [2023/09/04 13:36:25 ET]
Table '3640434393 1' 3-max Seat #3 is the button
Seat 1: supersun3611 (494 in chips) 
Seat 3: Mahu2021 (1006 in chips) 
Mahu2021: posts small blind 15
supersun3611: posts big blind 30
*** HOLE CARDS ***
Dealt to Mahu2021 [6d 5h]
Mahu2021: calls 15
supersun3611: raises 464 to 494 and is all-in
Mahu2021: folds 
Uncalled bet (464) returned to supersun3611
supersun3611 collected 60 from pot
supersun3611: doesn't show hand 
*** SUMMARY ***
Total pot 60 | Rake 0 
Seat 1: supersun3611 (big blind) collected (60)
Seat 3: Mahu2021 (button) (small blind) folded before Flop



PokerStars Hand #245771517151: Tournament #3640434393, $0.92+$0.08 USD Hold'em No Limit - Level II (15/30) - 2023/09/04 19:36:33 CET [2023/09/04 13:36:33 ET]
Table '3640434393 1' 3-max Seat #1 is the button
Seat 1: supersun3611 (524 in chips) 
Seat 3: Mahu2021 (976 in chips) 
supersun3611: posts small blind 15
Mahu2021: posts big blind 30
*** HOLE CARDS ***
Dealt to Mahu2021 [8d 7s]
supersun3611: calls 15
Mahu2021: checks 
*** FLOP *** [7h 9s 2c]
Mahu2021: bets 30
supersun3611: folds 
Uncalled bet (30) returned to Mahu2021
Mahu2021 collected 60 from pot
Mahu2021: doesn't show hand 
*** SUMMARY ***
Total pot 60 | Rake 0 
Board [7h 9s 2c]
Seat 1: supersun3611 (button) (small blind) folded on the Flop
Seat 3: Mahu2021 (big blind) collected (60)



PokerStars Hand #245771523306: Tournament #3640434393, $0.92+$0.08 USD Hold'em No Limit - Level III (20/40) - 2023/09/04 19:36:52 CET [2023/09/04 13:36:52 ET]
Table '3640434393 1' 3-max Seat #3 is the button
Seat 1: supersun3611 (494 in chips) 
Seat 3: Mahu2021 (1006 in chips) 
Mahu2021: posts small blind 20
supersun3611: posts big blind 40
*** HOLE CARDS ***
Dealt to Mahu2021 [Qs Qh]
Mahu2021: calls 20
supersun3611: checks 
*** FLOP *** [Ts 4s 2h]
supersun3611: checks 
Mahu2021: bets 80
supersun3611: folds 
Uncalled bet (80) returned to Mahu2021
Mahu2021 collected 80 from pot
Mahu2021: doesn't show hand 
*** SUMMARY ***
Total pot 80 | Rake 0 
Board [Ts 4s 2h]
Seat 1: supersun3611 (big blind) folded on the Flop
Seat 3: Mahu2021 (button) (small blind) collected (80)



PokerStars Hand #245771529488: Tournament #3640434393, $0.92+$0.08 USD Hold'em No Limit - Level III (20/40) - 2023/09/04 19:37:11 CET [2023/09/04 13:37:11 ET]
Table '3640434393 1' 3-max Seat #1 is the button
Seat 1: supersun3611 (454 in chips) 
Seat 3: Mahu2021 (1046 in chips) 
supersun3611: posts small blind 20
Mahu2021: posts big blind 40
*** HOLE CARDS ***
Dealt to Mahu2021 [Th Ks]
supersun3611: calls 20
Mahu2021: raises 80 to 120
supersun3611: folds 
Uncalled bet (80) returned to Mahu2021
Mahu2021 collected 80 from pot
Mahu2021: doesn't show hand 
*** SUMMARY ***
Total pot 80 | Rake 0 
Seat 1: supersun3611 (button) (small blind) folded before Flop
Seat 3: Mahu2021 (big blind) collected (80)



PokerStars Hand #245771533060: Tournament #3640434393, $0.92+$0.08 USD Hold'em No Limit - Level III (20/40) - 2023/09/04 19:37:22 CET [2023/09/04 13:37:22 ET]
Table '3640434393 1' 3-max Seat #3 is the button
Seat 1: supersun3611 (414 in chips) 
Seat 3: Mahu2021 (1086 in chips) 
Mahu2021: posts small blind 20
supersun3611: posts big blind 40
*** HOLE CARDS ***
Dealt to Mahu2021 [3c Jh]
Mahu2021: folds 
Uncalled bet (20) returned to supersun3611
supersun3611 collected 40 from pot
supersun3611: doesn't show hand 
*** SUMMARY ***
Total pot 40 | Rake 0 
Seat 1: supersun3611 (big blind) collected (40)
Seat 3: Mahu2021 (button) (small blind) folded before Flop



PokerStars Hand #245771534528: Tournament #3640434393, $0.92+$0.08 USD Hold'em No Limit - Level III (20/40) - 2023/09/04 19:37:27 CET [2023/09/04 13:37:27 ET]
Table '3640434393 1' 3-max Seat #1 is the button
Seat 1: supersun3611 (434 in chips) 
Seat 3: Mahu2021 (1066 in chips) 
supersun3611: posts small blind 20
Mahu2021: posts big blind 40
*** HOLE CARDS ***
Dealt to Mahu2021 [6s 2s]
supersun3611: raises 394 to 434 and is all-in
Mahu2021: folds 
Uncalled bet (394) returned to supersun3611
supersun3611 collected 80 from pot
supersun3611: doesn't show hand 
*** SUMMARY ***
Total pot 80 | Rake 0 
Seat 1: supersun3611 (button) (small blind) collected (80)
Seat 3: Mahu2021 (big blind) folded before Flop



PokerStars Hand #245771536618: Tournament #3640434393, $0.92+$0.08 USD Hold'em No Limit - Level III (20/40) - 2023/09/04 19:37:33 CET [2023/09/04 13:37:33 ET]
Table '3640434393 1' 3-max Seat #3 is the button
Seat 1: supersun3611 (474 in chips) 
Seat 3: Mahu2021 (1026 in chips) 
Mahu2021: posts small blind 20
supersun3611: posts big blind 40
*** HOLE CARDS ***
Dealt to Mahu2021 [4c Ac]
Mahu2021: raises 986 to 1026 and is all-in
supersun3611: calls 434 and is all-in
Uncalled bet (552) returned to Mahu2021
*** FLOP *** [8c Qs 3d]
*** TURN *** [8c Qs 3d] [Ts]
*** RIVER *** [8c Qs 3d Ts] [3c]
*** SHOW DOWN ***
supersun3611: shows [Ad Jd] (a pair of Threes)
Mahu2021: shows [4c Ac] (a pair of Threes - lower kicker)
supersun3611 collected 948 from pot
*** SUMMARY ***
Total pot 948 | Rake 0 
Board [8c Qs 3d Ts 3c]
Seat 1: supersun3611 (big blind) showed [Ad Jd] and won (948) with a pair of Threes
Seat 3: Mahu2021 (button) (small blind) showed [4c Ac] and lost with a pair of Threes



PokerStars Hand #245771541430: Tournament #3640434393, $0.92+$0.08 USD Hold'em No Limit - Level III (20/40) - 2023/09/04 19:37:47 CET [2023/09/04 13:37:47 ET]
Table '3640434393 1' 3-max Seat #1 is the button
Seat 1: supersun3611 (948 in chips) 
Seat 3: Mahu2021 (552 in chips) 
supersun3611: posts small blind 20
Mahu2021: posts big blind 40
*** HOLE CARDS ***
Dealt to Mahu2021 [Kh As]
supersun3611: folds 
Uncalled bet (20) returned to Mahu2021
Mahu2021 collected 40 from pot
Mahu2021: doesn't show hand 
*** SUMMARY ***
Total pot 40 | Rake 0 
Seat 1: supersun3611 (button) (small blind) folded before Flop
Seat 3: Mahu2021 (big blind) collected (40)



PokerStars Hand #245771542459: Tournament #3640434393, $0.92+$0.08 USD Hold'em No Limit - Level III (20/40) - 2023/09/04 19:37:51 CET [2023/09/04 13:37:51 ET]
Table '3640434393 1' 3-max Seat #3 is the button
Seat 1: supersun3611 (928 in chips) 
Seat 3: Mahu2021 (572 in chips) 
Mahu2021: posts small blind 20
supersun3611: posts big blind 40
*** HOLE CARDS ***
Dealt to Mahu2021 [7c 3s]
Mahu2021: folds 
Uncalled bet (20) returned to supersun3611
supersun3611 collected 40 from pot
supersun3611: doesn't show hand 
*** SUMMARY ***
Total pot 40 | Rake 0 
Seat 1: supersun3611 (big blind) collected (40)
Seat 3: Mahu2021 (button) (small blind) folded before Flop



PokerStars Hand #245771543916: Tournament #3640434393, $0.92+$0.08 USD Hold'em No Limit - Level III (20/40) - 2023/09/04 19:37:55 CET [2023/09/04 13:37:55 ET]
Table '3640434393 1' 3-max Seat #1 is the button
Seat 1: supersun3611 (948 in chips) 
Seat 3: Mahu2021 (552 in chips) 
supersun3611: posts small blind 20
Mahu2021: posts big blind 40
*** HOLE CARDS ***
Dealt to Mahu2021 [3s 5c]
supersun3611: calls 20
Mahu2021: checks 
*** FLOP *** [Qd Kh 6c]
Mahu2021: checks 
supersun3611: checks 
*** TURN *** [Qd Kh 6c] [Ad]
Mahu2021: checks 
supersun3611: bets 40
Mahu2021: folds 
Uncalled bet (40) returned to supersun3611
supersun3611 collected 80 from pot
supersun3611: doesn't show hand 
*** SUMMARY ***
Total pot 80 | Rake 0 
Board [Qd Kh 6c Ad]
Seat 1: supersun3611 (button) (small blind) collected (80)
Seat 3: Mahu2021 (big blind) folded on the Turn



PokerStars Hand #245771548070: Tournament #3640434393, $0.92+$0.08 USD Hold'em No Limit - Level III (20/40) - 2023/09/04 19:38:08 CET [2023/09/04 13:38:08 ET]
Table '3640434393 1' 3-max Seat #3 is the button
Seat 1: supersun3611 (988 in chips) 
Seat 3: Mahu2021 (512 in chips) 
Mahu2021: posts small blind 20
supersun3611: posts big blind 40
*** HOLE CARDS ***
Dealt to Mahu2021 [8d 4h]
Mahu2021: folds 
Uncalled bet (20) returned to supersun3611
supersun3611 collected 40 from pot
supersun3611: doesn't show hand 
*** SUMMARY ***
Total pot 40 | Rake 0 
Seat 1: supersun3611 (big blind) collected (40)
Seat 3: Mahu2021 (button) (small blind) folded before Flop



PokerStars Hand #245771549596: Tournament #3640434393, $0.92+$0.08 USD Hold'em No Limit - Level III (20/40) - 2023/09/04 19:38:12 CET [2023/09/04 13:38:12 ET]
Table '3640434393 1' 3-max Seat #1 is the button
Seat 1: supersun3611 (1008 in chips) 
Seat 3: Mahu2021 (492 in chips) 
supersun3611: posts small blind 20
Mahu2021: posts big blind 40
*** HOLE CARDS ***
Dealt to Mahu2021 [5c Td]
supersun3611: calls 20
Mahu2021: checks 
*** FLOP *** [8s Ad 8c]
Mahu2021: checks 
supersun3611: checks 
*** TURN *** [8s Ad 8c] [6c]
Mahu2021: checks 
supersun3611: checks 
*** RIVER *** [8s Ad 8c 6c] [2s]
Mahu2021: checks 
supersun3611: checks 
*** SHOW DOWN ***
Mahu2021: shows [5c Td] (a pair of Eights)
supersun3611: shows [Kc 3d] (a pair of Eights - Ace+King kicker)
supersun3611 collected 80 from pot
*** SUMMARY ***
Total pot 80 | Rake 0 
Board [8s Ad 8c 6c 2s]
Seat 1: supersun3611 (button) (small blind) showed [Kc 3d] and won (80) with a pair of Eights
Seat 3: Mahu2021 (big blind) showed [5c Td] and lost with a pair of Eights



PokerStars Hand #245771555617: Tournament #3640434393, $0.92+$0.08 USD Hold'em No Limit - Level III (20/40) - 2023/09/04 19:38:31 CET [2023/09/04 13:38:31 ET]
Table '3640434393 1' 3-max Seat #3 is the button
Seat 1: supersun3611 (1048 in chips) 
Seat 3: Mahu2021 (452 in chips) 
Mahu2021: posts small blind 20
supersun3611: posts big blind 40
*** HOLE CARDS ***
Dealt to Mahu2021 [6d 7d]
Mahu2021: raises 412 to 452 and is all-in
supersun3611: folds 
Uncalled bet (412) returned to Mahu2021
Mahu2021 collected 80 from pot
Mahu2021: doesn't show hand 
*** SUMMARY ***
Total pot 80 | Rake 0 
Seat 1: supersun3611 (big blind) folded before Flop
Seat 3: Mahu2021 (button) (small blind) collected (80)



PokerStars Hand #245771558520: Tournament #3640434393, $0.92+$0.08 USD Hold'em No Limit - Level III (20/40) - 2023/09/04 19:38:40 CET [2023/09/04 13:38:40 ET]
Table '3640434393 1' 3-max Seat #1 is the button
Seat 1: supersun3611 (1008 in chips) 
Seat 3: Mahu2021 (492 in chips) 
supersun3611: posts small blind 20
Mahu2021: posts big blind 40
*** HOLE CARDS ***
Dealt to Mahu2021 [4h 2d]
supersun3611: calls 20
Mahu2021: checks 
*** FLOP *** [8s 5d Ad]
Mahu2021: checks 
supersun3611: checks 
*** TURN *** [8s 5d Ad] [Jd]
Mahu2021: bets 40
supersun3611: calls 40
*** RIVER *** [8s 5d Ad Jd] [Kc]
Mahu2021: checks 
supersun3611: checks 
*** SHOW DOWN ***
Mahu2021: shows [4h 2d] (high card Ace)
supersun3611: shows [4d Js] (a pair of Jacks)
supersun3611 collected 160 from pot
*** SUMMARY ***
Total pot 160 | Rake 0 
Board [8s 5d Ad Jd Kc]
Seat 1: supersun3611 (button) (small blind) showed [4d Js] and won (160) with a pair of Jacks
Seat 3: Mahu2021 (big blind) showed [4h 2d] and lost with high card Ace



PokerStars Hand #245771568080: Tournament #3640434393, $0.92+$0.08 USD Hold'em No Limit - Level IV (30/60) - 2023/09/04 19:39:09 CET [2023/09/04 13:39:09 ET]
Table '3640434393 1' 3-max Seat #3 is the button
Seat 1: supersun3611 (1088 in chips) 
Seat 3: Mahu2021 (412 in chips) 
Mahu2021: posts small blind 30
supersun3611: posts big blind 60
*** HOLE CARDS ***
Dealt to Mahu2021 [Jh Ac]
Mahu2021: raises 352 to 412 and is all-in
supersun3611: folds 
Uncalled bet (352) returned to Mahu2021
Mahu2021 collected 120 from pot
Mahu2021: doesn't show hand 
*** SUMMARY ***
Total pot 120 | Rake 0 
Seat 1: supersun3611 (big blind) folded before Flop
Seat 3: Mahu2021 (button) (small blind) collected (120)



PokerStars Hand #245771570580: Tournament #3640434393, $0.92+$0.08 USD Hold'em No Limit - Level IV (30/60) - 2023/09/04 19:39:16 CET [2023/09/04 13:39:16 ET]
Table '3640434393 1' 3-max Seat #1 is the button
Seat 1: supersun3611 (1028 in chips) 
Seat 3: Mahu2021 (472 in chips) 
supersun3611: posts small blind 30
Mahu2021: posts big blind 60
*** HOLE CARDS ***
Dealt to Mahu2021 [Qd 3d]
supersun3611: calls 30
Mahu2021: raises 412 to 472 and is all-in
supersun3611: folds 
Uncalled bet (412) returned to Mahu2021
Mahu2021 collected 120 from pot
Mahu2021: doesn't show hand 
*** SUMMARY ***
Total pot 120 | Rake 0 
Seat 1: supersun3611 (button) (small blind) folded before Flop
Seat 3: Mahu2021 (big blind) collected (120)



PokerStars Hand #245771573171: Tournament #3640434393, $0.92+$0.08 USD Hold'em No Limit - Level IV (30/60) - 2023/09/04 19:39:24 CET [2023/09/04 13:39:24 ET]
Table '3640434393 1' 3-max Seat #3 is the button
Seat 1: supersun3611 (968 in chips) 
Seat 3: Mahu2021 (532 in chips) 
Mahu2021: posts small blind 30
supersun3611: posts big blind 60
*** HOLE CARDS ***
Dealt to Mahu2021 [7d 9s]
Mahu2021: calls 30
supersun3611: checks 
*** FLOP *** [8d 6h Ah]
supersun3611: checks 
Mahu2021: bets 472 and is all-in
supersun3611: folds 
Uncalled bet (472) returned to Mahu2021
Mahu2021 collected 120 from pot
Mahu2021: doesn't show hand 
*** SUMMARY ***
Total pot 120 | Rake 0 
Board [8d 6h Ah]
Seat 1: supersun3611 (big blind) folded on the Flop
Seat 3: Mahu2021 (button) (small blind) collected (120)



PokerStars Hand #245771577324: Tournament #3640434393, $0.92+$0.08 USD Hold'em No Limit - Level IV (30/60) - 2023/09/04 19:39:37 CET [2023/09/04 13:39:37 ET]
Table '3640434393 1' 3-max Seat #1 is the button
Seat 1: supersun3611 (908 in chips) 
Seat 3: Mahu2021 (592 in chips) 
supersun3611: posts small blind 30
Mahu2021: posts big blind 60
*** HOLE CARDS ***
Dealt to Mahu2021 [5s Qc]
supersun3611: calls 30
Mahu2021: checks 
*** FLOP *** [Qd 9c 5h]
Mahu2021: checks 
supersun3611: checks 
*** TURN *** [Qd 9c 5h] [2d]
Mahu2021: checks 
supersun3611: checks 
*** RIVER *** [Qd 9c 5h 2d] [Ad]
Mahu2021: bets 120
supersun3611: folds 
Uncalled bet (120) returned to Mahu2021
Mahu2021 collected 120 from pot
Mahu2021: doesn't show hand 
*** SUMMARY ***
Total pot 120 | Rake 0 
Board [Qd 9c 5h 2d Ad]
Seat 1: supersun3611 (button) (small blind) folded on the River
Seat 3: Mahu2021 (big blind) collected (120)



PokerStars Hand #245771585432: Tournament #3640434393, $0.92+$0.08 USD Hold'em No Limit - Level IV (30/60) - 2023/09/04 19:40:02 CET [2023/09/04 13:40:02 ET]
Table '3640434393 1' 3-max Seat #3 is the button
Seat 1: supersun3611 (848 in chips) 
Seat 3: Mahu2021 (652 in chips) 
Mahu2021: posts small blind 30
supersun3611: posts big blind 60
*** HOLE CARDS ***
Dealt to Mahu2021 [Qs 6c]
Mahu2021: calls 30
supersun3611: checks 
*** FLOP *** [Qc 5d 4d]
supersun3611: bets 60
Mahu2021: raises 532 to 592 and is all-in
supersun3611: folds 
Uncalled bet (532) returned to Mahu2021
Mahu2021 collected 240 from pot
Mahu2021: doesn't show hand 
*** SUMMARY ***
Total pot 240 | Rake 0 
Board [Qc 5d 4d]
Seat 1: supersun3611 (big blind) folded on the Flop
Seat 3: Mahu2021 (button) (small blind) collected (240)



PokerStars Hand #245771594811: Tournament #3640434393, $0.92+$0.08 USD Hold'em No Limit - Level IV (30/60) - 2023/09/04 19:40:31 CET [2023/09/04 13:40:31 ET]
Table '3640434393 1' 3-max Seat #1 is the button
Seat 1: supersun3611 (728 in chips) 
Seat 3: Mahu2021 (772 in chips) 
supersun3611: posts small blind 30
Mahu2021: posts big blind 60
*** HOLE CARDS ***
Dealt to Mahu2021 [7h 5c]
supersun3611: raises 668 to 728 and is all-in
Mahu2021: folds 
Uncalled bet (668) returned to supersun3611
supersun3611 collected 120 from pot
supersun3611: doesn't show hand 
*** SUMMARY ***
Total pot 120 | Rake 0 
Seat 1: supersun3611 (button) (small blind) collected (120)
Seat 3: Mahu2021 (big blind) folded before Flop



PokerStars Hand #245771597142: Tournament #3640434393, $0.92+$0.08 USD Hold'em No Limit - Level IV (30/60) - 2023/09/04 19:40:38 CET [2023/09/04 13:40:38 ET]
Table '3640434393 1' 3-max Seat #3 is the button
Seat 1: supersun3611 (788 in chips) 
Seat 3: Mahu2021 (712 in chips) 
Mahu2021: posts small blind 30
supersun3611: posts big blind 60
*** HOLE CARDS ***
Dealt to Mahu2021 [8d As]
Mahu2021: calls 30
supersun3611: checks 
*** FLOP *** [7s Qh Ah]
supersun3611: checks 
Mahu2021: bets 60
supersun3611: folds 
Uncalled bet (60) returned to Mahu2021
Mahu2021 collected 120 from pot
Mahu2021: doesn't show hand 
*** SUMMARY ***
Total pot 120 | Rake 0 
Board [7s Qh Ah]
Seat 1: supersun3611 (big blind) folded on the Flop
Seat 3: Mahu2021 (button) (small blind) collected (120)



PokerStars Hand #245771605246: Tournament #3640434393, $0.92+$0.08 USD Hold'em No Limit - Level V (40/80) - 2023/09/04 19:41:03 CET [2023/09/04 13:41:03 ET]
Table '3640434393 1' 3-max Seat #1 is the button
Seat 1: supersun3611 (728 in chips) 
Seat 3: Mahu2021 (772 in chips) 
supersun3611: posts small blind 40
Mahu2021: posts big blind 80
*** HOLE CARDS ***
Dealt to Mahu2021 [Ks Ts]
supersun3611: folds 
Uncalled bet (40) returned to Mahu2021
Mahu2021 collected 80 from pot
Mahu2021: doesn't show hand 
*** SUMMARY ***
Total pot 80 | Rake 0 
Seat 1: supersun3611 (button) (small blind) folded before Flop
Seat 3: Mahu2021 (big blind) collected (80)



PokerStars Hand #245771606265: Tournament #3640434393, $0.92+$0.08 USD Hold'em No Limit - Level V (40/80) - 2023/09/04 19:41:06 CET [2023/09/04 13:41:06 ET]
Table '3640434393 1' 3-max Seat #3 is the button
Seat 1: supersun3611 (688 in chips) 
Seat 3: Mahu2021 (812 in chips) 
Mahu2021: posts small blind 40
supersun3611: posts big blind 80
*** HOLE CARDS ***
Dealt to Mahu2021 [6s Qc]
Mahu2021: calls 40
supersun3611: raises 80 to 160
Mahu2021: calls 80
*** FLOP *** [9d 6d 5d]
supersun3611: bets 528 and is all-in
Mahu2021: calls 528
*** TURN *** [9d 6d 5d] [Tc]
*** RIVER *** [9d 6d 5d Tc] [9s]
*** SHOW DOWN ***
supersun3611: shows [Jh Jc] (two pair, Jacks and Nines)
Mahu2021: shows [6s Qc] (two pair, Nines and Sixes)
supersun3611 collected 1376 from pot
*** SUMMARY ***
Total pot 1376 | Rake 0 
Board [9d 6d 5d Tc 9s]
Seat 1: supersun3611 (big blind) showed [Jh Jc] and won (1376) with two pair, Jacks and Nines
Seat 3: Mahu2021 (button) (small blind) showed [6s Qc] and lost with two pair, Nines and Sixes



PokerStars Hand #245771612327: Tournament #3640434393, $0.92+$0.08 USD Hold'em No Limit - Level V (40/80) - 2023/09/04 19:41:25 CET [2023/09/04 13:41:25 ET]
Table '3640434393 1' 3-max Seat #1 is the button
Seat 1: supersun3611 (1376 in chips) 
Seat 3: Mahu2021 (124 in chips) 
supersun3611: posts small blind 40
Mahu2021: posts big blind 80
*** HOLE CARDS ***
Dealt to Mahu2021 [Qs 8c]
supersun3611: raises 80 to 160
Mahu2021: calls 44 and is all-in
Uncalled bet (36) returned to supersun3611
*** FLOP *** [Kd 8h 8d]
*** TURN *** [Kd 8h 8d] [2c]
*** RIVER *** [Kd 8h 8d 2c] [6c]
*** SHOW DOWN ***
Mahu2021: shows [Qs 8c] (three of a kind, Eights)
supersun3611: shows [Qh 5s] (a pair of Eights)
Mahu2021 collected 248 from pot
*** SUMMARY ***
Total pot 248 | Rake 0 
Board [Kd 8h 8d 2c 6c]
Seat 1: supersun3611 (button) (small blind) showed [Qh 5s] and lost with a pair of Eights
Seat 3: Mahu2021 (big blind) showed [Qs 8c] and won (248) with three of a kind, Eights



PokerStars Hand #245771616317: Tournament #3640434393, $0.92+$0.08 USD Hold'em No Limit - Level V (40/80) - 2023/09/04 19:41:37 CET [2023/09/04 13:41:37 ET]
Table '3640434393 1' 3-max Seat #3 is the button
Seat 1: supersun3611 (1252 in chips) 
Seat 3: Mahu2021 (248 in chips) 
Mahu2021: posts small blind 40
supersun3611: posts big blind 80
*** HOLE CARDS ***
Dealt to Mahu2021 [2s 7s]
Mahu2021: folds 
Uncalled bet (40) returned to supersun3611
supersun3611 collected 80 from pot
supersun3611: doesn't show hand 
*** SUMMARY ***
Total pot 80 | Rake 0 
Seat 1: supersun3611 (big blind) collected (80)
Seat 3: Mahu2021 (button) (small blind) folded before Flop



PokerStars Hand #245771617792: Tournament #3640434393, $0.92+$0.08 USD Hold'em No Limit - Level V (40/80) - 2023/09/04 19:41:41 CET [2023/09/04 13:41:41 ET]
Table '3640434393 1' 3-max Seat #1 is the button
Seat 1: supersun3611 (1292 in chips) 
Seat 3: Mahu2021 (208 in chips) 
supersun3611: posts small blind 40
Mahu2021: posts big blind 80
*** HOLE CARDS ***
Dealt to Mahu2021 [Qh Jh]
supersun3611: raises 240 to 320
Mahu2021: calls 128 and is all-in
Uncalled bet (112) returned to supersun3611
*** FLOP *** [Qs 6c 6d]
*** TURN *** [Qs 6c 6d] [6s]
*** RIVER *** [Qs 6c 6d 6s] [Js]
*** SHOW DOWN ***
Mahu2021: shows [Qh Jh] (a full house, Sixes full of Queens)
supersun3611: shows [7h 9c] (three of a kind, Sixes)
Mahu2021 collected 416 from pot
*** SUMMARY ***
Total pot 416 | Rake 0 
Board [Qs 6c 6d 6s Js]
Seat 1: supersun3611 (button) (small blind) showed [7h 9c] and lost with three of a kind, Sixes
Seat 3: Mahu2021 (big blind) showed [Qh Jh] and won (416) with a full house, Sixes full of Queens



PokerStars Hand #245771622375: Tournament #3640434393, $0.92+$0.08 USD Hold'em No Limit - Level V (40/80) - 2023/09/04 19:41:55 CET [2023/09/04 13:41:55 ET]
Table '3640434393 1' 3-max Seat #3 is the button
Seat 1: supersun3611 (1084 in chips) 
Seat 3: Mahu2021 (416 in chips) 
Mahu2021: posts small blind 40
supersun3611: posts big blind 80
*** HOLE CARDS ***
Dealt to Mahu2021 [4s Qs]
Mahu2021: raises 336 to 416 and is all-in
supersun3611: calls 336
*** FLOP *** [6c Ad Kh]
*** TURN *** [6c Ad Kh] [Th]
*** RIVER *** [6c Ad Kh Th] [3d]
*** SHOW DOWN ***
supersun3611: shows [Jc Tc] (a pair of Tens)
Mahu2021: shows [4s Qs] (high card Ace)
supersun3611 collected 832 from pot
Mahu2021 finished the tournament in 2nd place
supersun3611 wins the tournament and receives $2.00 - congratulations!
*** SUMMARY ***
Total pot 832 | Rake 0 
Board [6c Ad Kh Th 3d]
Seat 1: supersun3611 (big blind) showed [Jc Tc] and won (832) with a pair of Tens
Seat 3: Mahu2021 (button) (small blind) showed [4s Qs] and lost with high card Ace



