PokerStars Hand #253338854696: Tournament #3822035247, $1.84+$0.16 USD Hold'em No Limit - Level I (10/20) - 2024/11/10 9:24:25 CET [2024/11/10 3:24:25 ET]
Table '3822035247 1' 3-max Seat #1 is the button
Seat 1: bleaky2201 (500 in chips) 
Seat 2: kapara35 (500 in chips) 
Seat 3: Mahu2021 (500 in chips) 
kapara35: posts small blind 10
Mahu2021: posts big blind 20
*** HOLE CARDS ***
Dealt to Mahu2021 [9s 2d]
bleaky2201: raises 20 to 40
kapara35: folds 
Mahu2021: folds 
Uncalled bet (20) returned to bleaky2201
bleaky2201 collected 50 from pot
bleaky2201: doesn't show hand 
*** SUMMARY ***
Total pot 50 | Rake 0 
Seat 1: bleaky2201 (button) collected (50)
Seat 2: kapara35 (small blind) folded before Flop
Seat 3: Mahu2021 (big blind) folded before Flop



PokerStars Hand #253338855889: Tournament #3822035247, $1.84+$0.16 USD Hold'em No Limit - Level I (10/20) - 2024/11/10 9:24:39 CET [2024/11/10 3:24:39 ET]
Table '3822035247 1' 3-max Seat #2 is the button
Seat 1: bleaky2201 (530 in chips) 
Seat 2: kapara35 (490 in chips) 
Seat 3: Mahu2021 (480 in chips) 
Mahu2021: posts small blind 10
bleaky2201: posts big blind 20
*** HOLE CARDS ***
Dealt to Mahu2021 [6s 3h]
kapara35: raises 20 to 40
Mahu2021: folds 
bleaky2201: calls 20
*** FLOP *** [5s Js 9s]
bleaky2201: checks 
kapara35: bets 72
bleaky2201: folds 
Uncalled bet (72) returned to kapara35
kapara35 collected 90 from pot
kapara35: doesn't show hand 
*** SUMMARY ***
Total pot 90 | Rake 0 
Board [5s Js 9s]
Seat 1: bleaky2201 (big blind) folded on the Flop
Seat 2: kapara35 (button) collected (90)
Seat 3: Mahu2021 (small blind) folded before Flop



PokerStars Hand #253338858211: Tournament #3822035247, $1.84+$0.16 USD Hold'em No Limit - Level I (10/20) - 2024/11/10 9:25:06 CET [2024/11/10 3:25:06 ET]
Table '3822035247 1' 3-max Seat #3 is the button
Seat 1: bleaky2201 (490 in chips) 
Seat 2: kapara35 (540 in chips) 
Seat 3: Mahu2021 (470 in chips) 
bleaky2201: posts small blind 10
kapara35: posts big blind 20
*** HOLE CARDS ***
Dealt to Mahu2021 [Tc 4c]
Mahu2021: folds 
bleaky2201: raises 20 to 40
kapara35: raises 500 to 540 and is all-in
bleaky2201: folds 
Uncalled bet (500) returned to kapara35
kapara35 collected 80 from pot
kapara35: doesn't show hand 
*** SUMMARY ***
Total pot 80 | Rake 0 
Seat 1: bleaky2201 (small blind) folded before Flop
Seat 2: kapara35 (big blind) collected (80)
Seat 3: Mahu2021 (button) folded before Flop (didn't bet)



PokerStars Hand #253338859319: Tournament #3822035247, $1.84+$0.16 USD Hold'em No Limit - Level I (10/20) - 2024/11/10 9:25:19 CET [2024/11/10 3:25:19 ET]
Table '3822035247 1' 3-max Seat #1 is the button
Seat 1: bleaky2201 (450 in chips) 
Seat 2: kapara35 (580 in chips) 
Seat 3: Mahu2021 (470 in chips) 
kapara35: posts small blind 10
Mahu2021: posts big blind 20
*** HOLE CARDS ***
Dealt to Mahu2021 [Kh 9d]
bleaky2201: folds 
kapara35: calls 10
Mahu2021: checks 
*** FLOP *** [5s Th 3s]
kapara35: bets 20
Mahu2021: folds 
Uncalled bet (20) returned to kapara35
kapara35 collected 40 from pot
kapara35: doesn't show hand 
*** SUMMARY ***
Total pot 40 | Rake 0 
Board [5s Th 3s]
Seat 1: bleaky2201 (button) folded before Flop (didn't bet)
Seat 2: kapara35 (small blind) collected (40)
Seat 3: Mahu2021 (big blind) folded on the Flop



PokerStars Hand #253338860120: Tournament #3822035247, $1.84+$0.16 USD Hold'em No Limit - Level I (10/20) - 2024/11/10 9:25:28 CET [2024/11/10 3:25:28 ET]
Table '3822035247 1' 3-max Seat #2 is the button
Seat 1: bleaky2201 (450 in chips) 
Seat 2: kapara35 (600 in chips) 
Seat 3: Mahu2021 (450 in chips) 
Mahu2021: posts small blind 10
bleaky2201: posts big blind 20
*** HOLE CARDS ***
Dealt to Mahu2021 [Jc 7d]
kapara35: folds 
Mahu2021: raises 20 to 40
bleaky2201: calls 20
*** FLOP *** [6s Jh Ad]
Mahu2021: bets 40
bleaky2201: folds 
Uncalled bet (40) returned to Mahu2021
Mahu2021 collected 80 from pot
Mahu2021: doesn't show hand 
*** SUMMARY ***
Total pot 80 | Rake 0 
Board [6s Jh Ad]
Seat 1: bleaky2201 (big blind) folded on the Flop
Seat 2: kapara35 (button) folded before Flop (didn't bet)
Seat 3: Mahu2021 (small blind) collected (80)



PokerStars Hand #253338862492: Tournament #3822035247, $1.84+$0.16 USD Hold'em No Limit - Level I (10/20) - 2024/11/10 9:25:56 CET [2024/11/10 3:25:56 ET]
Table '3822035247 1' 3-max Seat #3 is the button
Seat 1: bleaky2201 (410 in chips) 
Seat 2: kapara35 (600 in chips) 
Seat 3: Mahu2021 (490 in chips) 
bleaky2201: posts small blind 10
kapara35: posts big blind 20
*** HOLE CARDS ***
Dealt to Mahu2021 [Qs Td]
Mahu2021: raises 20 to 40
bleaky2201: folds 
kapara35: folds 
Uncalled bet (20) returned to Mahu2021
Mahu2021 collected 50 from pot
Mahu2021: doesn't show hand 
*** SUMMARY ***
Total pot 50 | Rake 0 
Seat 1: bleaky2201 (small blind) folded before Flop
Seat 2: kapara35 (big blind) folded before Flop
Seat 3: Mahu2021 (button) collected (50)



PokerStars Hand #253338863179: Tournament #3822035247, $1.84+$0.16 USD Hold'em No Limit - Level I (10/20) - 2024/11/10 9:26:03 CET [2024/11/10 3:26:03 ET]
Table '3822035247 1' 3-max Seat #1 is the button
Seat 1: bleaky2201 (400 in chips) 
Seat 2: kapara35 (580 in chips) 
Seat 3: Mahu2021 (520 in chips) 
kapara35: posts small blind 10
Mahu2021: posts big blind 20
*** HOLE CARDS ***
Dealt to Mahu2021 [Jc 2s]
bleaky2201: folds 
kapara35: calls 10
Mahu2021: checks 
*** FLOP *** [Js Qs Ac]
kapara35: checks 
Mahu2021: checks 
*** TURN *** [Js Qs Ac] [4s]
kapara35: checks 
Mahu2021: checks 
*** RIVER *** [Js Qs Ac 4s] [Kd]
kapara35: checks 
Mahu2021: bets 20
kapara35: folds 
Uncalled bet (20) returned to Mahu2021
Mahu2021 collected 40 from pot
Mahu2021: doesn't show hand 
*** SUMMARY ***
Total pot 40 | Rake 0 
Board [Js Qs Ac 4s Kd]
Seat 1: bleaky2201 (button) folded before Flop (didn't bet)
Seat 2: kapara35 (small blind) folded on the River
Seat 3: Mahu2021 (big blind) collected (40)



PokerStars Hand #253338864742: Tournament #3822035247, $1.84+$0.16 USD Hold'em No Limit - Level I (10/20) - 2024/11/10 9:26:21 CET [2024/11/10 3:26:21 ET]
Table '3822035247 1' 3-max Seat #2 is the button
Seat 1: bleaky2201 (400 in chips) 
Seat 2: kapara35 (560 in chips) 
Seat 3: Mahu2021 (540 in chips) 
Mahu2021: posts small blind 10
bleaky2201: posts big blind 20
*** HOLE CARDS ***
Dealt to Mahu2021 [2s Ts]
kapara35: folds 
Mahu2021: folds 
Uncalled bet (10) returned to bleaky2201
bleaky2201 collected 20 from pot
bleaky2201: doesn't show hand 
*** SUMMARY ***
Total pot 20 | Rake 0 
Seat 1: bleaky2201 (big blind) collected (20)
Seat 2: kapara35 (button) folded before Flop (didn't bet)
Seat 3: Mahu2021 (small blind) folded before Flop



PokerStars Hand #253338865144: Tournament #3822035247, $1.84+$0.16 USD Hold'em No Limit - Level I (10/20) - 2024/11/10 9:26:27 CET [2024/11/10 3:26:27 ET]
Table '3822035247 1' 3-max Seat #3 is the button
Seat 1: bleaky2201 (410 in chips) 
Seat 2: kapara35 (560 in chips) 
Seat 3: Mahu2021 (530 in chips) 
bleaky2201: posts small blind 10
kapara35: posts big blind 20
*** HOLE CARDS ***
Dealt to Mahu2021 [Qs Ad]
Mahu2021: raises 20 to 40
bleaky2201: folds 
kapara35: calls 20
*** FLOP *** [5h Jc Qh]
kapara35: checks 
Mahu2021: bets 40
kapara35: calls 40
*** TURN *** [5h Jc Qh] [8d]
kapara35: checks 
Mahu2021: bets 40
kapara35: calls 40
*** RIVER *** [5h Jc Qh 8d] [7h]
kapara35: checks 
Mahu2021: checks 
*** SHOW DOWN ***
kapara35: shows [Td Jh] (a pair of Jacks)
Mahu2021: shows [Qs Ad] (a pair of Queens)
Mahu2021 collected 250 from pot
*** SUMMARY ***
Total pot 250 | Rake 0 
Board [5h Jc Qh 8d 7h]
Seat 1: bleaky2201 (small blind) folded before Flop
Seat 2: kapara35 (big blind) showed [Td Jh] and lost with a pair of Jacks
Seat 3: Mahu2021 (button) showed [Qs Ad] and won (250) with a pair of Queens



PokerStars Hand #253338866673: Tournament #3822035247, $1.84+$0.16 USD Hold'em No Limit - Level I (10/20) - 2024/11/10 9:26:44 CET [2024/11/10 3:26:44 ET]
Table '3822035247 1' 3-max Seat #1 is the button
Seat 1: bleaky2201 (400 in chips) 
Seat 2: kapara35 (440 in chips) 
Seat 3: Mahu2021 (660 in chips) 
kapara35: posts small blind 10
Mahu2021: posts big blind 20
*** HOLE CARDS ***
Dealt to Mahu2021 [4h Jc]
bleaky2201: raises 20 to 40
kapara35: raises 400 to 440 and is all-in
Mahu2021: folds 
bleaky2201: folds 
Uncalled bet (400) returned to kapara35
kapara35 collected 100 from pot
kapara35: doesn't show hand 
*** SUMMARY ***
Total pot 100 | Rake 0 
Seat 1: bleaky2201 (button) folded before Flop
Seat 2: kapara35 (small blind) collected (100)
Seat 3: Mahu2021 (big blind) folded before Flop



PokerStars Hand #253338867635: Tournament #3822035247, $1.84+$0.16 USD Hold'em No Limit - Level I (10/20) - 2024/11/10 9:26:55 CET [2024/11/10 3:26:55 ET]
Table '3822035247 1' 3-max Seat #2 is the button
Seat 1: bleaky2201 (360 in chips) 
Seat 2: kapara35 (500 in chips) 
Seat 3: Mahu2021 (640 in chips) 
Mahu2021: posts small blind 10
bleaky2201: posts big blind 20
*** HOLE CARDS ***
Dealt to Mahu2021 [9s Th]
kapara35: folds 
Mahu2021: raises 20 to 40
bleaky2201: calls 20
*** FLOP *** [8h 3s 9h]
Mahu2021: bets 40
bleaky2201: folds 
Uncalled bet (40) returned to Mahu2021
Mahu2021 collected 80 from pot
Mahu2021: doesn't show hand 
*** SUMMARY ***
Total pot 80 | Rake 0 
Board [8h 3s 9h]
Seat 1: bleaky2201 (big blind) folded on the Flop
Seat 2: kapara35 (button) folded before Flop (didn't bet)
Seat 3: Mahu2021 (small blind) collected (80)



PokerStars Hand #253338869059: Tournament #3822035247, $1.84+$0.16 USD Hold'em No Limit - Level I (10/20) - 2024/11/10 9:27:12 CET [2024/11/10 3:27:12 ET]
Table '3822035247 1' 3-max Seat #3 is the button
Seat 1: bleaky2201 (320 in chips) 
Seat 2: kapara35 (500 in chips) 
Seat 3: Mahu2021 (680 in chips) 
bleaky2201: posts small blind 10
kapara35: posts big blind 20
*** HOLE CARDS ***
Dealt to Mahu2021 [Jc 2s]
Mahu2021: folds 
bleaky2201: calls 10
kapara35: checks 
*** FLOP *** [4c 8c 7d]
bleaky2201: checks 
kapara35: bets 20
bleaky2201: folds 
Uncalled bet (20) returned to kapara35
kapara35 collected 40 from pot
kapara35: doesn't show hand 
*** SUMMARY ***
Total pot 40 | Rake 0 
Board [4c 8c 7d]
Seat 1: bleaky2201 (small blind) folded on the Flop
Seat 2: kapara35 (big blind) collected (40)
Seat 3: Mahu2021 (button) folded before Flop (didn't bet)



PokerStars Hand #253338870994: Tournament #3822035247, $1.84+$0.16 USD Hold'em No Limit - Level II (15/30) - 2024/11/10 9:27:34 CET [2024/11/10 3:27:34 ET]
Table '3822035247 1' 3-max Seat #1 is the button
Seat 1: bleaky2201 (300 in chips) 
Seat 2: kapara35 (520 in chips) 
Seat 3: Mahu2021 (680 in chips) 
kapara35: posts small blind 15
Mahu2021: posts big blind 30
*** HOLE CARDS ***
Dealt to Mahu2021 [9h 4d]
bleaky2201: folds 
kapara35: calls 15
Mahu2021: checks 
*** FLOP *** [Ah 4c Kd]
kapara35: bets 30
Mahu2021: raises 60 to 90
kapara35: folds 
Uncalled bet (60) returned to Mahu2021
Mahu2021 collected 120 from pot
Mahu2021: doesn't show hand 
*** SUMMARY ***
Total pot 120 | Rake 0 
Board [Ah 4c Kd]
Seat 1: bleaky2201 (button) folded before Flop (didn't bet)
Seat 2: kapara35 (small blind) folded on the Flop
Seat 3: Mahu2021 (big blind) collected (120)



PokerStars Hand #253338872599: Tournament #3822035247, $1.84+$0.16 USD Hold'em No Limit - Level II (15/30) - 2024/11/10 9:27:53 CET [2024/11/10 3:27:53 ET]
Table '3822035247 1' 3-max Seat #2 is the button
Seat 1: bleaky2201 (300 in chips) 
Seat 2: kapara35 (460 in chips) 
Seat 3: Mahu2021 (740 in chips) 
Mahu2021: posts small blind 15
bleaky2201: posts big blind 30
*** HOLE CARDS ***
Dealt to Mahu2021 [Js Ts]
kapara35: raises 30 to 60
Mahu2021: calls 45
bleaky2201: folds 
*** FLOP *** [Td Qc 8h]
Mahu2021: checks 
kapara35: bets 60
Mahu2021: calls 60
*** TURN *** [Td Qc 8h] [7s]
Mahu2021: checks 
kapara35: bets 89
Mahu2021: calls 89
*** RIVER *** [Td Qc 8h 7s] [5s]
Mahu2021: checks 
kapara35: checks 
*** SHOW DOWN ***
Mahu2021: shows [Js Ts] (a pair of Tens)
kapara35: mucks hand 
Mahu2021 collected 448 from pot
*** SUMMARY ***
Total pot 448 | Rake 0 
Board [Td Qc 8h 7s 5s]
Seat 1: bleaky2201 (big blind) folded before Flop
Seat 2: kapara35 (button) mucked [Kd 8d]
Seat 3: Mahu2021 (small blind) showed [Js Ts] and won (448) with a pair of Tens



PokerStars Hand #253338874070: Tournament #3822035247, $1.84+$0.16 USD Hold'em No Limit - Level II (15/30) - 2024/11/10 9:28:10 CET [2024/11/10 3:28:10 ET]
Table '3822035247 1' 3-max Seat #3 is the button
Seat 1: bleaky2201 (270 in chips) 
Seat 2: kapara35 (251 in chips) 
Seat 3: Mahu2021 (979 in chips) 
bleaky2201: posts small blind 15
kapara35: posts big blind 30
*** HOLE CARDS ***
Dealt to Mahu2021 [8h 5s]
Mahu2021: folds 
bleaky2201: calls 15
kapara35: checks 
*** FLOP *** [6d 6s Tc]
bleaky2201: checks 
kapara35: checks 
*** TURN *** [6d 6s Tc] [9d]
bleaky2201: bets 30
kapara35: folds 
Uncalled bet (30) returned to bleaky2201
bleaky2201 collected 60 from pot
bleaky2201: doesn't show hand 
*** SUMMARY ***
Total pot 60 | Rake 0 
Board [6d 6s Tc 9d]
Seat 1: bleaky2201 (small blind) collected (60)
Seat 2: kapara35 (big blind) folded on the Turn
Seat 3: Mahu2021 (button) folded before Flop (didn't bet)



PokerStars Hand #253338875928: Tournament #3822035247, $1.84+$0.16 USD Hold'em No Limit - Level II (15/30) - 2024/11/10 9:28:32 CET [2024/11/10 3:28:32 ET]
Table '3822035247 1' 3-max Seat #1 is the button
Seat 1: bleaky2201 (300 in chips) 
Seat 2: kapara35 (221 in chips) 
Seat 3: Mahu2021 (979 in chips) 
kapara35: posts small blind 15
Mahu2021: posts big blind 30
*** HOLE CARDS ***
Dealt to Mahu2021 [3h 2d]
bleaky2201: folds 
kapara35: folds 
Uncalled bet (15) returned to Mahu2021
Mahu2021 collected 30 from pot
Mahu2021: doesn't show hand 
*** SUMMARY ***
Total pot 30 | Rake 0 
Seat 1: bleaky2201 (button) folded before Flop (didn't bet)
Seat 2: kapara35 (small blind) folded before Flop
Seat 3: Mahu2021 (big blind) collected (30)



PokerStars Hand #253338876453: Tournament #3822035247, $1.84+$0.16 USD Hold'em No Limit - Level II (15/30) - 2024/11/10 9:28:38 CET [2024/11/10 3:28:38 ET]
Table '3822035247 1' 3-max Seat #2 is the button
Seat 1: bleaky2201 (300 in chips) 
Seat 2: kapara35 (206 in chips) 
Seat 3: Mahu2021 (994 in chips) 
Mahu2021: posts small blind 15
bleaky2201: posts big blind 30
*** HOLE CARDS ***
Dealt to Mahu2021 [As 4c]
kapara35: raises 176 to 206 and is all-in
Mahu2021: folds 
bleaky2201: folds 
Uncalled bet (176) returned to kapara35
kapara35 collected 75 from pot
kapara35: doesn't show hand 
*** SUMMARY ***
Total pot 75 | Rake 0 
Seat 1: bleaky2201 (big blind) folded before Flop
Seat 2: kapara35 (button) collected (75)
Seat 3: Mahu2021 (small blind) folded before Flop



PokerStars Hand #253338877803: Tournament #3822035247, $1.84+$0.16 USD Hold'em No Limit - Level II (15/30) - 2024/11/10 9:28:54 CET [2024/11/10 3:28:54 ET]
Table '3822035247 1' 3-max Seat #3 is the button
Seat 1: bleaky2201 (270 in chips) 
Seat 2: kapara35 (251 in chips) 
Seat 3: Mahu2021 (979 in chips) 
bleaky2201: posts small blind 15
kapara35: posts big blind 30
*** HOLE CARDS ***
Dealt to Mahu2021 [As 9d]
Mahu2021: raises 30 to 60
bleaky2201: folds 
kapara35: calls 30
*** FLOP *** [4c 2c 6c]
kapara35: bets 191 and is all-in
Mahu2021: folds 
Uncalled bet (191) returned to kapara35
kapara35 collected 135 from pot
kapara35: doesn't show hand 
*** SUMMARY ***
Total pot 135 | Rake 0 
Board [4c 2c 6c]
Seat 1: bleaky2201 (small blind) folded before Flop
Seat 2: kapara35 (big blind) collected (135)
Seat 3: Mahu2021 (button) folded on the Flop



PokerStars Hand #253338878861: Tournament #3822035247, $1.84+$0.16 USD Hold'em No Limit - Level II (15/30) - 2024/11/10 9:29:06 CET [2024/11/10 3:29:06 ET]
Table '3822035247 1' 3-max Seat #1 is the button
Seat 1: bleaky2201 (255 in chips) 
Seat 2: kapara35 (326 in chips) 
Seat 3: Mahu2021 (919 in chips) 
kapara35: posts small blind 15
Mahu2021: posts big blind 30
*** HOLE CARDS ***
Dealt to Mahu2021 [4c 6c]
bleaky2201: folds 
kapara35: calls 15
Mahu2021: checks 
*** FLOP *** [6h 7c 8h]
kapara35: checks 
Mahu2021: bets 30
kapara35: calls 30
*** TURN *** [6h 7c 8h] [5h]
kapara35: checks 
Mahu2021: bets 30
kapara35: calls 30
*** RIVER *** [6h 7c 8h 5h] [Qc]
kapara35: checks 
Mahu2021: bets 60
kapara35: calls 60
*** SHOW DOWN ***
Mahu2021: shows [4c 6c] (a straight, Four to Eight)
kapara35: mucks hand 
Mahu2021 collected 300 from pot
*** SUMMARY ***
Total pot 300 | Rake 0 
Board [6h 7c 8h 5h Qc]
Seat 1: bleaky2201 (button) folded before Flop (didn't bet)
Seat 2: kapara35 (small blind) mucked [Qh 5s]
Seat 3: Mahu2021 (big blind) showed [4c 6c] and won (300) with a straight, Four to Eight



PokerStars Hand #253338880353: Tournament #3822035247, $1.84+$0.16 USD Hold'em No Limit - Level II (15/30) - 2024/11/10 9:29:23 CET [2024/11/10 3:29:23 ET]
Table '3822035247 1' 3-max Seat #2 is the button
Seat 1: bleaky2201 (255 in chips) 
Seat 2: kapara35 (176 in chips) 
Seat 3: Mahu2021 (1069 in chips) 
Mahu2021: posts small blind 15
bleaky2201: posts big blind 30
*** HOLE CARDS ***
Dealt to Mahu2021 [6s 7c]
kapara35: folds 
Mahu2021: folds 
Uncalled bet (15) returned to bleaky2201
bleaky2201 collected 30 from pot
bleaky2201: doesn't show hand 
*** SUMMARY ***
Total pot 30 | Rake 0 
Seat 1: bleaky2201 (big blind) collected (30)
Seat 2: kapara35 (button) folded before Flop (didn't bet)
Seat 3: Mahu2021 (small blind) folded before Flop



PokerStars Hand #253338880701: Tournament #3822035247, $1.84+$0.16 USD Hold'em No Limit - Level II (15/30) - 2024/11/10 9:29:27 CET [2024/11/10 3:29:27 ET]
Table '3822035247 1' 3-max Seat #3 is the button
Seat 1: bleaky2201 (270 in chips) 
Seat 2: kapara35 (176 in chips) 
Seat 3: Mahu2021 (1054 in chips) 
bleaky2201: posts small blind 15
kapara35: posts big blind 30
*** HOLE CARDS ***
Dealt to Mahu2021 [2d 3h]
Mahu2021: folds 
bleaky2201: raises 240 to 270 and is all-in
kapara35: calls 146 and is all-in
Uncalled bet (94) returned to bleaky2201
*** FLOP *** [Ac 8d 5d]
*** TURN *** [Ac 8d 5d] [6c]
*** RIVER *** [Ac 8d 5d 6c] [Td]
*** SHOW DOWN ***
bleaky2201: shows [Th Kc] (a pair of Tens)
kapara35: shows [Qs 8h] (a pair of Eights)
bleaky2201 collected 352 from pot
kapara35 finished the tournament in 3rd place
*** SUMMARY ***
Total pot 352 | Rake 0 
Board [Ac 8d 5d 6c Td]
Seat 1: bleaky2201 (small blind) showed [Th Kc] and won (352) with a pair of Tens
Seat 2: kapara35 (big blind) showed [Qs 8h] and lost with a pair of Eights
Seat 3: Mahu2021 (button) folded before Flop (didn't bet)



PokerStars Hand #253338882289: Tournament #3822035247, $1.84+$0.16 USD Hold'em No Limit - Level II (15/30) - 2024/11/10 9:29:46 CET [2024/11/10 3:29:46 ET]
Table '3822035247 1' 3-max Seat #1 is the button
Seat 1: bleaky2201 (446 in chips) 
Seat 3: Mahu2021 (1054 in chips) 
bleaky2201: posts small blind 15
Mahu2021: posts big blind 30
*** HOLE CARDS ***
Dealt to Mahu2021 [7d 3h]
bleaky2201: raises 30 to 60
Mahu2021: folds 
Uncalled bet (30) returned to bleaky2201
bleaky2201 collected 60 from pot
bleaky2201: doesn't show hand 
*** SUMMARY ***
Total pot 60 | Rake 0 
Seat 1: bleaky2201 (button) (small blind) collected (60)
Seat 3: Mahu2021 (big blind) folded before Flop



PokerStars Hand #253338882827: Tournament #3822035247, $1.84+$0.16 USD Hold'em No Limit - Level II (15/30) - 2024/11/10 9:29:52 CET [2024/11/10 3:29:52 ET]
Table '3822035247 1' 3-max Seat #3 is the button
Seat 1: bleaky2201 (476 in chips) 
Seat 3: Mahu2021 (1024 in chips) 
Mahu2021: posts small blind 15
bleaky2201: posts big blind 30
*** HOLE CARDS ***
Dealt to Mahu2021 [6h Ks]
Mahu2021: raises 30 to 60
bleaky2201: calls 30
*** FLOP *** [2h Qc 2d]
bleaky2201: checks 
Mahu2021: bets 60
bleaky2201: calls 60
*** TURN *** [2h Qc 2d] [5d]
bleaky2201: checks 
Mahu2021: checks 
*** RIVER *** [2h Qc 2d 5d] [8d]
bleaky2201: checks 
Mahu2021: checks 
*** SHOW DOWN ***
bleaky2201: shows [6c Qd] (two pair, Queens and Deuces)
Mahu2021: mucks hand 
bleaky2201 collected 240 from pot
*** SUMMARY ***
Total pot 240 | Rake 0 
Board [2h Qc 2d 5d 8d]
Seat 1: bleaky2201 (big blind) showed [6c Qd] and won (240) with two pair, Queens and Deuces
Seat 3: Mahu2021 (button) (small blind) mucked [6h Ks]



PokerStars Hand #253338886380: Tournament #3822035247, $1.84+$0.16 USD Hold'em No Limit - Level III (20/40) - 2024/11/10 9:30:33 CET [2024/11/10 3:30:33 ET]
Table '3822035247 1' 3-max Seat #1 is the button
Seat 1: bleaky2201 (596 in chips) 
Seat 3: Mahu2021 (904 in chips) 
bleaky2201: posts small blind 20
Mahu2021: posts big blind 40
*** HOLE CARDS ***
Dealt to Mahu2021 [Jd 7s]
bleaky2201: raises 40 to 80
Mahu2021: calls 40
*** FLOP *** [9h 6d 9d]
Mahu2021: checks 
bleaky2201: bets 42
Mahu2021: folds 
Uncalled bet (42) returned to bleaky2201
bleaky2201 collected 160 from pot
bleaky2201: doesn't show hand 
*** SUMMARY ***
Total pot 160 | Rake 0 
Board [9h 6d 9d]
Seat 1: bleaky2201 (button) (small blind) collected (160)
Seat 3: Mahu2021 (big blind) folded on the Flop



PokerStars Hand #253338887309: Tournament #3822035247, $1.84+$0.16 USD Hold'em No Limit - Level III (20/40) - 2024/11/10 9:30:44 CET [2024/11/10 3:30:44 ET]
Table '3822035247 1' 3-max Seat #3 is the button
Seat 1: bleaky2201 (676 in chips) 
Seat 3: Mahu2021 (824 in chips) 
Mahu2021: posts small blind 20
bleaky2201: posts big blind 40
*** HOLE CARDS ***
Dealt to Mahu2021 [Js Ad]
Mahu2021: raises 80 to 120
bleaky2201: raises 556 to 676 and is all-in
Mahu2021: calls 556
*** FLOP *** [Th 9h 6s]
*** TURN *** [Th 9h 6s] [As]
*** RIVER *** [Th 9h 6s As] [Qh]
*** SHOW DOWN ***
bleaky2201: shows [Ah 4d] (a pair of Aces)
Mahu2021: shows [Js Ad] (a pair of Aces - Queen+Jack kicker)
Mahu2021 collected 1352 from pot
bleaky2201 finished the tournament in 2nd place
Mahu2021 wins the tournament and receives $6.00 - congratulations!
*** SUMMARY ***
Total pot 1352 | Rake 0 
Board [Th 9h 6s As Qh]
Seat 1: bleaky2201 (big blind) showed [Ah 4d] and lost with a pair of Aces
Seat 3: Mahu2021 (button) (small blind) showed [Js Ad] and won (1352) with a pair of Aces



