PokerStars Hand #242987735384: Tournament #3570122658, $9.80+$1.20 USD Hold'em No Limit - Level I (25/50) - 2023/04/09 20:02:15 CET [2023/04/09 14:02:15 ET]
Table '3570122658 337' 8-max Seat #1 is the button
Seat 1: SigbjørnH (10000 in chips) 
Seat 2: Vinote Vayo (10000 in chips) 
Seat 3: Dav1dson (10000 in chips) 
Seat 4: Bulliet_dk (10000 in chips) 
Seat 5: Mahu2021 (10000 in chips) 
Seat 6: waip777 (10000 in chips) 
Seat 7: sherhen (10000 in chips) 
Seat 8: vvDRACULAvv (10000 in chips) 
SigbjørnH: posts the ante 6
Vinote Vayo: posts the ante 6
Dav1dson: posts the ante 6
Bulliet_dk: posts the ante 6
Mahu2021: posts the ante 6
waip777: posts the ante 6
sherhen: posts the ante 6
vvDRACULAvv: posts the ante 6
Vinote Vayo: posts small blind 25
Dav1dson: posts big blind 50
*** HOLE CARDS ***
Dealt to Mahu2021 [6d 7h]
Dav1dson is disconnected 
Bulliet_dk: raises 50 to 100
Mahu2021: folds 
waip777: folds 
sherhen: folds 
vvDRACULAvv: folds 
SigbjørnH: calls 100
Vinote Vayo: calls 75
Dav1dson: calls 50
*** FLOP *** [8s 5h 9d]
Vinote Vayo: checks 
Dav1dson: checks 
Bulliet_dk: bets 224
SigbjørnH: folds 
Vinote Vayo: folds 
Dav1dson: calls 224
*** TURN *** [8s 5h 9d] [6c]
Dav1dson: checks 
Bulliet_dk: bets 448
Dav1dson: folds 
Uncalled bet (448) returned to Bulliet_dk
Bulliet_dk collected 896 from pot
Bulliet_dk: doesn't show hand 
*** SUMMARY ***
Total pot 896 | Rake 0 
Board [8s 5h 9d 6c]
Seat 1: SigbjørnH (button) folded on the Flop
Seat 2: Vinote Vayo (small blind) folded on the Flop
Seat 3: Dav1dson (big blind) folded on the Turn
Seat 4: Bulliet_dk collected (896)
Seat 5: Mahu2021 folded before Flop (didn't bet)
Seat 6: waip777 folded before Flop (didn't bet)
Seat 7: sherhen folded before Flop (didn't bet)
Seat 8: vvDRACULAvv folded before Flop (didn't bet)



PokerStars Hand #242987773144: Tournament #3570122658, $9.80+$1.20 USD Hold'em No Limit - Level I (25/50) - 2023/04/09 20:03:45 CET [2023/04/09 14:03:45 ET]
Table '3570122658 337' 8-max Seat #2 is the button
Seat 1: SigbjørnH (9894 in chips) 
Seat 2: Vinote Vayo (9894 in chips) 
Seat 3: Dav1dson (9670 in chips) 
Seat 4: Bulliet_dk (10566 in chips) 
Seat 5: Mahu2021 (9994 in chips) 
Seat 6: waip777 (9994 in chips) 
Seat 7: sherhen (9994 in chips) 
Seat 8: vvDRACULAvv (9994 in chips) 
SigbjørnH: posts the ante 6
Vinote Vayo: posts the ante 6
Dav1dson: posts the ante 6
Bulliet_dk: posts the ante 6
Mahu2021: posts the ante 6
waip777: posts the ante 6
sherhen: posts the ante 6
vvDRACULAvv: posts the ante 6
Dav1dson: posts small blind 25
Bulliet_dk: posts big blind 50
*** HOLE CARDS ***
Dealt to Mahu2021 [Ks Tc]
Mahu2021: folds 
waip777: folds 
sherhen: raises 100 to 150
vvDRACULAvv: calls 150
SigbjørnH: folds 
Vinote Vayo: folds 
Dav1dson: folds 
Bulliet_dk: calls 100
*** FLOP *** [5s 8c 8d]
Bulliet_dk: checks 
sherhen: checks 
vvDRACULAvv: bets 300
Bulliet_dk: calls 300
sherhen: folds 
*** TURN *** [5s 8c 8d] [Qs]
Bulliet_dk: checks 
vvDRACULAvv: checks 
*** RIVER *** [5s 8c 8d Qs] [7h]
Bulliet_dk: bets 1123
vvDRACULAvv: calls 1123
*** SHOW DOWN ***
Bulliet_dk: shows [6d 9d] (a straight, Five to Nine)
vvDRACULAvv: mucks hand 
Bulliet_dk collected 3369 from pot
*** SUMMARY ***
Total pot 3369 | Rake 0 
Board [5s 8c 8d Qs 7h]
Seat 1: SigbjørnH folded before Flop (didn't bet)
Seat 2: Vinote Vayo (button) folded before Flop (didn't bet)
Seat 3: Dav1dson (small blind) folded before Flop
Seat 4: Bulliet_dk (big blind) showed [6d 9d] and won (3369) with a straight, Five to Nine
Seat 5: Mahu2021 folded before Flop (didn't bet)
Seat 6: waip777 folded before Flop (didn't bet)
Seat 7: sherhen folded on the Flop
Seat 8: vvDRACULAvv mucked [Td Ts]



PokerStars Hand #242987799331: Tournament #3570122658, $9.80+$1.20 USD Hold'em No Limit - Level I (25/50) - 2023/04/09 20:04:48 CET [2023/04/09 14:04:48 ET]
Table '3570122658 337' 8-max Seat #3 is the button
Seat 1: SigbjørnH (9888 in chips) 
Seat 2: Vinote Vayo (9888 in chips) 
Seat 3: Dav1dson (9639 in chips) 
Seat 4: Bulliet_dk (12356 in chips) 
Seat 5: Mahu2021 (9988 in chips) 
Seat 6: waip777 (9988 in chips) 
Seat 7: sherhen (9838 in chips) 
Seat 8: vvDRACULAvv (8415 in chips) 
SigbjørnH: posts the ante 6
Vinote Vayo: posts the ante 6
Dav1dson: posts the ante 6
Bulliet_dk: posts the ante 6
Mahu2021: posts the ante 6
waip777: posts the ante 6
sherhen: posts the ante 6
vvDRACULAvv: posts the ante 6
Bulliet_dk: posts small blind 25
Mahu2021: posts big blind 50
*** HOLE CARDS ***
Dealt to Mahu2021 [Kc 5h]
waip777: raises 50 to 100
sherhen: folds 
vvDRACULAvv: folds 
SigbjørnH: folds 
Vinote Vayo: folds 
Dav1dson: calls 100
Bulliet_dk: calls 75
Mahu2021: folds 
*** FLOP *** [4c Qd 5c]
Bulliet_dk: checks 
waip777: bets 125
Dav1dson: raises 175 to 300
Bulliet_dk: folds 
waip777: calls 175
*** TURN *** [4c Qd 5c] [7c]
waip777: checks 
Dav1dson: bets 499
waip777: folds 
Uncalled bet (499) returned to Dav1dson
Dav1dson collected 998 from pot
*** SUMMARY ***
Total pot 998 | Rake 0 
Board [4c Qd 5c 7c]
Seat 1: SigbjørnH folded before Flop (didn't bet)
Seat 2: Vinote Vayo folded before Flop (didn't bet)
Seat 3: Dav1dson (button) collected (998)
Seat 4: Bulliet_dk (small blind) folded on the Flop
Seat 5: Mahu2021 (big blind) folded before Flop
Seat 6: waip777 folded on the Turn
Seat 7: sherhen folded before Flop (didn't bet)
Seat 8: vvDRACULAvv folded before Flop (didn't bet)



PokerStars Hand #242987834606: Tournament #3570122658, $9.80+$1.20 USD Hold'em No Limit - Level I (25/50) - 2023/04/09 20:06:10 CET [2023/04/09 14:06:10 ET]
Table '3570122658 337' 8-max Seat #4 is the button
Seat 1: SigbjørnH (9882 in chips) 
Seat 2: Vinote Vayo (9882 in chips) 
Seat 3: Dav1dson (10231 in chips) 
Seat 4: Bulliet_dk (12250 in chips) 
Seat 5: Mahu2021 (9932 in chips) 
Seat 6: waip777 (9582 in chips) 
Seat 7: sherhen (9832 in chips) 
Seat 8: vvDRACULAvv (8409 in chips) 
SigbjørnH: posts the ante 6
Vinote Vayo: posts the ante 6
Dav1dson: posts the ante 6
Bulliet_dk: posts the ante 6
Mahu2021: posts the ante 6
waip777: posts the ante 6
sherhen: posts the ante 6
vvDRACULAvv: posts the ante 6
Mahu2021: posts small blind 25
waip777: posts big blind 50
*** HOLE CARDS ***
Dealt to Mahu2021 [Qh Td]
sherhen: raises 150 to 200
vvDRACULAvv: folds 
SigbjørnH: folds 
Vinote Vayo: folds 
Dav1dson: calls 200
Bulliet_dk: raises 200 to 400
Mahu2021: folds 
waip777: folds 
sherhen: raises 825 to 1225
Dav1dson: folds 
Bulliet_dk: calls 825
*** FLOP *** [Ah 9c 4c]
sherhen: checks 
Bulliet_dk: bets 11019 and is all-in
sherhen: folds 
Uncalled bet (11019) returned to Bulliet_dk
Bulliet_dk collected 2773 from pot
Bulliet_dk: doesn't show hand 
*** SUMMARY ***
Total pot 2773 | Rake 0 
Board [Ah 9c 4c]
Seat 1: SigbjørnH folded before Flop (didn't bet)
Seat 2: Vinote Vayo folded before Flop (didn't bet)
Seat 3: Dav1dson folded before Flop
Seat 4: Bulliet_dk (button) collected (2773)
Seat 5: Mahu2021 (small blind) folded before Flop
Seat 6: waip777 (big blind) folded before Flop
Seat 7: sherhen folded on the Flop
Seat 8: vvDRACULAvv folded before Flop (didn't bet)



PokerStars Hand #242987876560: Tournament #3570122658, $9.80+$1.20 USD Hold'em No Limit - Level I (25/50) - 2023/04/09 20:07:48 CET [2023/04/09 14:07:48 ET]
Table '3570122658 337' 8-max Seat #5 is the button
Seat 1: SigbjørnH (9876 in chips) 
Seat 2: Vinote Vayo (9876 in chips) 
Seat 3: Dav1dson (10025 in chips) 
Seat 4: Bulliet_dk (13792 in chips) 
Seat 5: Mahu2021 (9901 in chips) 
Seat 6: waip777 (9526 in chips) 
Seat 7: sherhen (8601 in chips) 
Seat 8: vvDRACULAvv (8403 in chips) 
SigbjørnH: posts the ante 6
Vinote Vayo: posts the ante 6
Dav1dson: posts the ante 6
Bulliet_dk: posts the ante 6
Mahu2021: posts the ante 6
waip777: posts the ante 6
sherhen: posts the ante 6
vvDRACULAvv: posts the ante 6
waip777: posts small blind 25
sherhen: posts big blind 50
*** HOLE CARDS ***
Dealt to Mahu2021 [7h Kd]
vvDRACULAvv: calls 50
SigbjørnH: raises 175 to 225
Vinote Vayo: folds 
Dav1dson: folds 
Bulliet_dk: folds 
Mahu2021: folds 
waip777: folds 
sherhen: calls 175
vvDRACULAvv: calls 175
*** FLOP *** [5h Kc Jd]
sherhen: checks 
vvDRACULAvv: checks 
SigbjørnH: bets 374
sherhen: folds 
vvDRACULAvv: folds 
Uncalled bet (374) returned to SigbjørnH
SigbjørnH collected 748 from pot
SigbjørnH: doesn't show hand 
*** SUMMARY ***
Total pot 748 | Rake 0 
Board [5h Kc Jd]
Seat 1: SigbjørnH collected (748)
Seat 2: Vinote Vayo folded before Flop (didn't bet)
Seat 3: Dav1dson folded before Flop (didn't bet)
Seat 4: Bulliet_dk folded before Flop (didn't bet)
Seat 5: Mahu2021 (button) folded before Flop (didn't bet)
Seat 6: waip777 (small blind) folded before Flop
Seat 7: sherhen (big blind) folded on the Flop
Seat 8: vvDRACULAvv folded on the Flop



PokerStars Hand #242987912071: Tournament #3570122658, $9.80+$1.20 USD Hold'em No Limit - Level I (25/50) - 2023/04/09 20:09:12 CET [2023/04/09 14:09:12 ET]
Table '3570122658 337' 8-max Seat #6 is the button
Seat 1: SigbjørnH (10393 in chips) 
Seat 2: Vinote Vayo (9870 in chips) 
Seat 3: Dav1dson (10019 in chips) 
Seat 4: Bulliet_dk (13786 in chips) 
Seat 5: Mahu2021 (9895 in chips) 
Seat 6: waip777 (9495 in chips) 
Seat 7: sherhen (8370 in chips) 
Seat 8: vvDRACULAvv (8172 in chips) 
SigbjørnH: posts the ante 6
Vinote Vayo: posts the ante 6
Dav1dson: posts the ante 6
Bulliet_dk: posts the ante 6
Mahu2021: posts the ante 6
waip777: posts the ante 6
sherhen: posts the ante 6
vvDRACULAvv: posts the ante 6
sherhen: posts small blind 25
vvDRACULAvv: posts big blind 50
*** HOLE CARDS ***
Dealt to Mahu2021 [Qh Jd]
SigbjørnH: folds 
Vinote Vayo: folds 
Dav1dson: folds 
Bulliet_dk: calls 50
Mahu2021: calls 50
waip777: raises 250 to 300
sherhen: folds 
vvDRACULAvv: folds 
Bulliet_dk: folds 
Mahu2021: folds 
Uncalled bet (250) returned to waip777
waip777 collected 273 from pot
waip777: doesn't show hand 
*** SUMMARY ***
Total pot 273 | Rake 0 
Seat 1: SigbjørnH folded before Flop (didn't bet)
Seat 2: Vinote Vayo folded before Flop (didn't bet)
Seat 3: Dav1dson folded before Flop (didn't bet)
Seat 4: Bulliet_dk folded before Flop
Seat 5: Mahu2021 folded before Flop
Seat 6: waip777 (button) collected (273)
Seat 7: sherhen (small blind) folded before Flop
Seat 8: vvDRACULAvv (big blind) folded before Flop



PokerStars Hand #242987928301: Tournament #3570122658, $9.80+$1.20 USD Hold'em No Limit - Level I (25/50) - 2023/04/09 20:09:50 CET [2023/04/09 14:09:50 ET]
Table '3570122658 337' 8-max Seat #7 is the button
Seat 1: SigbjørnH (10387 in chips) 
Seat 2: Vinote Vayo (9864 in chips) 
Seat 3: Dav1dson (10013 in chips) 
Seat 4: Bulliet_dk (13730 in chips) 
Seat 5: Mahu2021 (9839 in chips) 
Seat 6: waip777 (9712 in chips) 
Seat 7: sherhen (8339 in chips) 
Seat 8: vvDRACULAvv (8116 in chips) 
SigbjørnH: posts the ante 6
Vinote Vayo: posts the ante 6
Dav1dson: posts the ante 6
Bulliet_dk: posts the ante 6
Mahu2021: posts the ante 6
waip777: posts the ante 6
sherhen: posts the ante 6
vvDRACULAvv: posts the ante 6
vvDRACULAvv: posts small blind 25
SigbjørnH: posts big blind 50
*** HOLE CARDS ***
Dealt to Mahu2021 [3h Qs]
Vinote Vayo: raises 50 to 100
Dav1dson: folds 
Bulliet_dk: folds 
Mahu2021: folds 
waip777: folds 
sherhen: folds 
vvDRACULAvv: folds 
SigbjørnH: folds 
Uncalled bet (50) returned to Vinote Vayo
Vinote Vayo collected 173 from pot
Vinote Vayo: doesn't show hand 
*** SUMMARY ***
Total pot 173 | Rake 0 
Seat 1: SigbjørnH (big blind) folded before Flop
Seat 2: Vinote Vayo collected (173)
Seat 3: Dav1dson folded before Flop (didn't bet)
Seat 4: Bulliet_dk folded before Flop (didn't bet)
Seat 5: Mahu2021 folded before Flop (didn't bet)
Seat 6: waip777 folded before Flop (didn't bet)
Seat 7: sherhen (button) folded before Flop (didn't bet)
Seat 8: vvDRACULAvv (small blind) folded before Flop



PokerStars Hand #242987935902: Tournament #3570122658, $9.80+$1.20 USD Hold'em No Limit - Level I (25/50) - 2023/04/09 20:10:08 CET [2023/04/09 14:10:08 ET]
Table '3570122658 337' 8-max Seat #8 is the button
Seat 1: SigbjørnH (10331 in chips) 
Seat 2: Vinote Vayo (9981 in chips) 
Seat 3: Dav1dson (10007 in chips) 
Seat 4: Bulliet_dk (13724 in chips) 
Seat 5: Mahu2021 (9833 in chips) 
Seat 6: waip777 (9706 in chips) 
Seat 7: sherhen (8333 in chips) 
Seat 8: vvDRACULAvv (8085 in chips) 
SigbjørnH: posts the ante 6
Vinote Vayo: posts the ante 6
Dav1dson: posts the ante 6
Bulliet_dk: posts the ante 6
Mahu2021: posts the ante 6
waip777: posts the ante 6
sherhen: posts the ante 6
vvDRACULAvv: posts the ante 6
SigbjørnH: posts small blind 25
Vinote Vayo: posts big blind 50
*** HOLE CARDS ***
Dealt to Mahu2021 [4h 6d]
Dav1dson: folds 
Bulliet_dk: raises 100 to 150
Mahu2021: folds 
waip777: folds 
sherhen: folds 
vvDRACULAvv: folds 
SigbjørnH: calls 125
Vinote Vayo: calls 100
*** FLOP *** [2d 4s 8h]
SigbjørnH: checks 
Vinote Vayo: checks 
Bulliet_dk: bets 550
SigbjørnH: folds 
Vinote Vayo: calls 550
*** TURN *** [2d 4s 8h] [2h]
Vinote Vayo: checks 
Bulliet_dk: bets 1598
Vinote Vayo: calls 1598
*** RIVER *** [2d 4s 8h 2h] [8d]
Vinote Vayo: checks 
Bulliet_dk: checks 
*** SHOW DOWN ***
Vinote Vayo: shows [8s Qh] (a full house, Eights full of Deuces)
Bulliet_dk: mucks hand 
Vinote Vayo collected 4794 from pot
*** SUMMARY ***
Total pot 4794 | Rake 0 
Board [2d 4s 8h 2h 8d]
Seat 1: SigbjørnH (small blind) folded on the Flop
Seat 2: Vinote Vayo (big blind) showed [8s Qh] and won (4794) with a full house, Eights full of Deuces
Seat 3: Dav1dson folded before Flop (didn't bet)
Seat 4: Bulliet_dk mucked [Kd Ks]
Seat 5: Mahu2021 folded before Flop (didn't bet)
Seat 6: waip777 folded before Flop (didn't bet)
Seat 7: sherhen folded before Flop (didn't bet)
Seat 8: vvDRACULAvv (button) folded before Flop (didn't bet)



PokerStars Hand #242987965952: Tournament #3570122658, $9.80+$1.20 USD Hold'em No Limit - Level I (25/50) - 2023/04/09 20:11:19 CET [2023/04/09 14:11:19 ET]
Table '3570122658 337' 8-max Seat #1 is the button
Seat 1: SigbjørnH (10175 in chips) 
Seat 2: Vinote Vayo (12471 in chips) 
Seat 3: Dav1dson (10001 in chips) 
Seat 4: Bulliet_dk (11420 in chips) 
Seat 5: Mahu2021 (9827 in chips) 
Seat 6: waip777 (9700 in chips) 
Seat 7: sherhen (8327 in chips) 
Seat 8: vvDRACULAvv (8079 in chips) 
SigbjørnH: posts the ante 6
Vinote Vayo: posts the ante 6
Dav1dson: posts the ante 6
Bulliet_dk: posts the ante 6
Mahu2021: posts the ante 6
waip777: posts the ante 6
sherhen: posts the ante 6
vvDRACULAvv: posts the ante 6
Vinote Vayo: posts small blind 25
Dav1dson: posts big blind 50
*** HOLE CARDS ***
Dealt to Mahu2021 [Qh Tc]
Bulliet_dk: calls 50
Mahu2021: calls 50
waip777: folds 
sherhen: folds 
vvDRACULAvv: folds 
SigbjørnH: calls 50
Vinote Vayo: calls 25
Dav1dson: checks 
*** FLOP *** [Ac Ad Kh]
Vinote Vayo: checks 
Dav1dson: checks 
Bulliet_dk: checks 
Mahu2021: bets 100
SigbjørnH: folds 
Vinote Vayo: folds 
Dav1dson: folds 
Bulliet_dk: folds 
Uncalled bet (100) returned to Mahu2021
Mahu2021 collected 298 from pot
Mahu2021: doesn't show hand 
*** SUMMARY ***
Total pot 298 | Rake 0 
Board [Ac Ad Kh]
Seat 1: SigbjørnH (button) folded on the Flop
Seat 2: Vinote Vayo (small blind) folded on the Flop
Seat 3: Dav1dson (big blind) folded on the Flop
Seat 4: Bulliet_dk folded on the Flop
Seat 5: Mahu2021 collected (298)
Seat 6: waip777 folded before Flop (didn't bet)
Seat 7: sherhen folded before Flop (didn't bet)
Seat 8: vvDRACULAvv folded before Flop (didn't bet)



PokerStars Hand #242987987541: Tournament #3570122658, $9.80+$1.20 USD Hold'em No Limit - Level I (25/50) - 2023/04/09 20:12:09 CET [2023/04/09 14:12:09 ET]
Table '3570122658 337' 8-max Seat #2 is the button
Seat 1: SigbjørnH (10119 in chips) 
Seat 2: Vinote Vayo (12415 in chips) 
Seat 3: Dav1dson (9945 in chips) 
Seat 4: Bulliet_dk (11364 in chips) 
Seat 5: Mahu2021 (10069 in chips) 
Seat 6: waip777 (9694 in chips) 
Seat 7: sherhen (8321 in chips) 
Seat 8: vvDRACULAvv (8073 in chips) 
SigbjørnH: posts the ante 6
Vinote Vayo: posts the ante 6
Dav1dson: posts the ante 6
Bulliet_dk: posts the ante 6
Mahu2021: posts the ante 6
waip777: posts the ante 6
sherhen: posts the ante 6
vvDRACULAvv: posts the ante 6
Dav1dson: posts small blind 25
Bulliet_dk: posts big blind 50
*** HOLE CARDS ***
Dealt to Mahu2021 [Ac Jc]
Mahu2021: calls 50
waip777: folds 
sherhen: folds 
vvDRACULAvv: folds 
SigbjørnH: folds 
Vinote Vayo: folds 
Dav1dson: folds 
Bulliet_dk: checks 
*** FLOP *** [Ah 9s Kd]
Bulliet_dk: checks 
Mahu2021: bets 100
Bulliet_dk: folds 
Uncalled bet (100) returned to Mahu2021
Mahu2021 collected 173 from pot
Mahu2021: doesn't show hand 
*** SUMMARY ***
Total pot 173 | Rake 0 
Board [Ah 9s Kd]
Seat 1: SigbjørnH folded before Flop (didn't bet)
Seat 2: Vinote Vayo (button) folded before Flop (didn't bet)
Seat 3: Dav1dson (small blind) folded before Flop
Seat 4: Bulliet_dk (big blind) folded on the Flop
Seat 5: Mahu2021 collected (173)
Seat 6: waip777 folded before Flop (didn't bet)
Seat 7: sherhen folded before Flop (didn't bet)
Seat 8: vvDRACULAvv folded before Flop (didn't bet)



PokerStars Hand #242988000987: Tournament #3570122658, $9.80+$1.20 USD Hold'em No Limit - Level II (30/60) - 2023/04/09 20:12:41 CET [2023/04/09 14:12:41 ET]
Table '3570122658 337' 8-max Seat #3 is the button
Seat 1: SigbjørnH (10113 in chips) 
Seat 2: Vinote Vayo (12409 in chips) 
Seat 3: Dav1dson (9914 in chips) 
Seat 4: Bulliet_dk (11308 in chips) 
Seat 5: Mahu2021 (10186 in chips) 
Seat 6: waip777 (9688 in chips) 
Seat 7: sherhen (8315 in chips) 
Seat 8: vvDRACULAvv (8067 in chips) 
SigbjørnH: posts the ante 8
Vinote Vayo: posts the ante 8
Dav1dson: posts the ante 8
Bulliet_dk: posts the ante 8
Mahu2021: posts the ante 8
waip777: posts the ante 8
sherhen: posts the ante 8
vvDRACULAvv: posts the ante 8
Bulliet_dk: posts small blind 30
Mahu2021: posts big blind 60
*** HOLE CARDS ***
Dealt to Mahu2021 [Tc 4s]
waip777: folds 
sherhen: folds 
vvDRACULAvv: folds 
SigbjørnH: raises 90 to 150
Vinote Vayo: folds 
Dav1dson: folds 
Bulliet_dk: folds 
Mahu2021: folds 
Uncalled bet (90) returned to SigbjørnH
SigbjørnH collected 214 from pot
SigbjørnH: doesn't show hand 
*** SUMMARY ***
Total pot 214 | Rake 0 
Seat 1: SigbjørnH collected (214)
Seat 2: Vinote Vayo folded before Flop (didn't bet)
Seat 3: Dav1dson (button) folded before Flop (didn't bet)
Seat 4: Bulliet_dk (small blind) folded before Flop
Seat 5: Mahu2021 (big blind) folded before Flop
Seat 6: waip777 folded before Flop (didn't bet)
Seat 7: sherhen folded before Flop (didn't bet)
Seat 8: vvDRACULAvv folded before Flop (didn't bet)



PokerStars Hand #242988024326: Tournament #3570122658, $9.80+$1.20 USD Hold'em No Limit - Level II (30/60) - 2023/04/09 20:13:36 CET [2023/04/09 14:13:36 ET]
Table '3570122658 337' 8-max Seat #4 is the button
Seat 1: SigbjørnH (10259 in chips) 
Seat 2: Vinote Vayo (12401 in chips) 
Seat 3: Dav1dson (9906 in chips) 
Seat 4: Bulliet_dk (11270 in chips) 
Seat 5: Mahu2021 (10118 in chips) 
Seat 6: waip777 (9680 in chips) 
Seat 7: sherhen (8307 in chips) 
Seat 8: vvDRACULAvv (8059 in chips) 
SigbjørnH: posts the ante 8
Vinote Vayo: posts the ante 8
Dav1dson: posts the ante 8
Bulliet_dk: posts the ante 8
Mahu2021: posts the ante 8
waip777: posts the ante 8
sherhen: posts the ante 8
vvDRACULAvv: posts the ante 8
Mahu2021: posts small blind 30
waip777: posts big blind 60
*** HOLE CARDS ***
Dealt to Mahu2021 [Qc Ad]
sherhen: folds 
vvDRACULAvv: folds 
SigbjørnH: folds 
Vinote Vayo: folds 
Dav1dson: folds 
Bulliet_dk: calls 60
Mahu2021: raises 180 to 240
waip777: folds 
Bulliet_dk: calls 180
*** FLOP *** [2d Ts 6d]
Mahu2021: bets 240
Bulliet_dk: calls 240
*** TURN *** [2d Ts 6d] [3c]
Mahu2021: checks 
Bulliet_dk: checks 
*** RIVER *** [2d Ts 6d 3c] [6s]
Mahu2021: bets 240
Bulliet_dk: calls 240
*** SHOW DOWN ***
Mahu2021: shows [Qc Ad] (a pair of Sixes)
Bulliet_dk: shows [Tc Jd] (two pair, Tens and Sixes)
Bulliet_dk collected 1564 from pot
*** SUMMARY ***
Total pot 1564 | Rake 0 
Board [2d Ts 6d 3c 6s]
Seat 1: SigbjørnH folded before Flop (didn't bet)
Seat 2: Vinote Vayo folded before Flop (didn't bet)
Seat 3: Dav1dson folded before Flop (didn't bet)
Seat 4: Bulliet_dk (button) showed [Tc Jd] and won (1564) with two pair, Tens and Sixes
Seat 5: Mahu2021 (small blind) showed [Qc Ad] and lost with a pair of Sixes
Seat 6: waip777 (big blind) folded before Flop
Seat 7: sherhen folded before Flop (didn't bet)
Seat 8: vvDRACULAvv folded before Flop (didn't bet)



PokerStars Hand #242988042382: Tournament #3570122658, $9.80+$1.20 USD Hold'em No Limit - Level II (30/60) - 2023/04/09 20:14:18 CET [2023/04/09 14:14:18 ET]
Table '3570122658 337' 8-max Seat #5 is the button
Seat 1: SigbjørnH (10251 in chips) 
Seat 2: Vinote Vayo (12393 in chips) 
Seat 3: Dav1dson (9898 in chips) 
Seat 4: Bulliet_dk (12106 in chips) 
Seat 5: Mahu2021 (9390 in chips) 
Seat 6: waip777 (9612 in chips) 
Seat 7: sherhen (8299 in chips) 
Seat 8: vvDRACULAvv (8051 in chips) 
SigbjørnH: posts the ante 8
Vinote Vayo: posts the ante 8
Dav1dson: posts the ante 8
Bulliet_dk: posts the ante 8
Mahu2021: posts the ante 8
waip777: posts the ante 8
sherhen: posts the ante 8
vvDRACULAvv: posts the ante 8
waip777: posts small blind 30
sherhen: posts big blind 60
*** HOLE CARDS ***
Dealt to Mahu2021 [9h 2h]
vvDRACULAvv: folds 
SigbjørnH: folds 
Vinote Vayo: folds 
Dav1dson: raises 66 to 126
Bulliet_dk: calls 126
Mahu2021: folds 
waip777: folds 
sherhen: calls 66
*** FLOP *** [Jc 5d 7h]
sherhen: checks 
Dav1dson: bets 176
Bulliet_dk: folds 
sherhen: folds 
Uncalled bet (176) returned to Dav1dson
Dav1dson collected 472 from pot
*** SUMMARY ***
Total pot 472 | Rake 0 
Board [Jc 5d 7h]
Seat 1: SigbjørnH folded before Flop (didn't bet)
Seat 2: Vinote Vayo folded before Flop (didn't bet)
Seat 3: Dav1dson collected (472)
Seat 4: Bulliet_dk folded on the Flop
Seat 5: Mahu2021 (button) folded before Flop (didn't bet)
Seat 6: waip777 (small blind) folded before Flop
Seat 7: sherhen (big blind) folded on the Flop
Seat 8: vvDRACULAvv folded before Flop (didn't bet)



PokerStars Hand #242988066261: Tournament #3570122658, $9.80+$1.20 USD Hold'em No Limit - Level II (30/60) - 2023/04/09 20:15:14 CET [2023/04/09 14:15:14 ET]
Table '3570122658 337' 8-max Seat #6 is the button
Seat 1: SigbjørnH (10243 in chips) 
Seat 2: Vinote Vayo (12385 in chips) 
Seat 3: Dav1dson (10236 in chips) 
Seat 4: Bulliet_dk (11972 in chips) 
Seat 5: Mahu2021 (9382 in chips) 
Seat 6: waip777 (9574 in chips) 
Seat 7: sherhen (8165 in chips) 
Seat 8: vvDRACULAvv (8043 in chips) 
SigbjørnH: posts the ante 8
Vinote Vayo: posts the ante 8
Dav1dson: posts the ante 8
Bulliet_dk: posts the ante 8
Mahu2021: posts the ante 8
waip777: posts the ante 8
sherhen: posts the ante 8
vvDRACULAvv: posts the ante 8
sherhen: posts small blind 30
vvDRACULAvv: posts big blind 60
*** HOLE CARDS ***
Dealt to Mahu2021 [4c 6c]
SigbjørnH: folds 
Vinote Vayo: folds 
Dav1dson: calls 60
Bulliet_dk: folds 
Mahu2021: calls 60
waip777: raises 300 to 360
sherhen: folds 
vvDRACULAvv: folds 
Dav1dson: calls 300
Mahu2021: calls 300
*** FLOP *** [3s 4s As]
Dav1dson: checks 
Mahu2021: checks 
waip777: bets 370
Dav1dson: folds 
Mahu2021: folds 
Uncalled bet (370) returned to waip777
waip777 collected 1234 from pot
waip777: doesn't show hand 
*** SUMMARY ***
Total pot 1234 | Rake 0 
Board [3s 4s As]
Seat 1: SigbjørnH folded before Flop (didn't bet)
Seat 2: Vinote Vayo folded before Flop (didn't bet)
Seat 3: Dav1dson folded on the Flop
Seat 4: Bulliet_dk folded before Flop (didn't bet)
Seat 5: Mahu2021 folded on the Flop
Seat 6: waip777 (button) collected (1234)
Seat 7: sherhen (small blind) folded before Flop
Seat 8: vvDRACULAvv (big blind) folded before Flop



PokerStars Hand #242988098075: Tournament #3570122658, $9.80+$1.20 USD Hold'em No Limit - Level II (30/60) - 2023/04/09 20:16:28 CET [2023/04/09 14:16:28 ET]
Table '3570122658 337' 8-max Seat #7 is the button
Seat 1: SigbjørnH (10235 in chips) 
Seat 2: Vinote Vayo (12377 in chips) 
Seat 3: Dav1dson (9868 in chips) 
Seat 4: Bulliet_dk (11964 in chips) 
Seat 5: Mahu2021 (9014 in chips) 
Seat 6: waip777 (10440 in chips) 
Seat 7: sherhen (8127 in chips) 
Seat 8: vvDRACULAvv (7975 in chips) 
SigbjørnH: posts the ante 8
Vinote Vayo: posts the ante 8
Dav1dson: posts the ante 8
Bulliet_dk: posts the ante 8
Mahu2021: posts the ante 8
waip777: posts the ante 8
sherhen: posts the ante 8
vvDRACULAvv: posts the ante 8
vvDRACULAvv: posts small blind 30
SigbjørnH: posts big blind 60
*** HOLE CARDS ***
Dealt to Mahu2021 [2h Qs]
Vinote Vayo: folds 
Dav1dson: folds 
Bulliet_dk: raises 60 to 120
Mahu2021: folds 
waip777: folds 
sherhen: folds 
vvDRACULAvv: calls 90
SigbjørnH: calls 60
*** FLOP *** [2s Kd 8c]
vvDRACULAvv: checks 
SigbjørnH: checks 
Bulliet_dk: bets 360
vvDRACULAvv: folds 
SigbjørnH: calls 360
*** TURN *** [2s Kd 8c] [Kh]
SigbjørnH: checks 
Bulliet_dk: checks 
*** RIVER *** [2s Kd 8c Kh] [5c]
SigbjørnH: bets 755
Bulliet_dk: folds 
Uncalled bet (755) returned to SigbjørnH
SigbjørnH collected 1144 from pot
SigbjørnH: doesn't show hand 
*** SUMMARY ***
Total pot 1144 | Rake 0 
Board [2s Kd 8c Kh 5c]
Seat 1: SigbjørnH (big blind) collected (1144)
Seat 2: Vinote Vayo folded before Flop (didn't bet)
Seat 3: Dav1dson folded before Flop (didn't bet)
Seat 4: Bulliet_dk folded on the River
Seat 5: Mahu2021 folded before Flop (didn't bet)
Seat 6: waip777 folded before Flop (didn't bet)
Seat 7: sherhen (button) folded before Flop (didn't bet)
Seat 8: vvDRACULAvv (small blind) folded on the Flop



PokerStars Hand #242988126909: Tournament #3570122658, $9.80+$1.20 USD Hold'em No Limit - Level II (30/60) - 2023/04/09 20:17:36 CET [2023/04/09 14:17:36 ET]
Table '3570122658 337' 8-max Seat #8 is the button
Seat 1: SigbjørnH (10891 in chips) 
Seat 2: Vinote Vayo (12369 in chips) 
Seat 3: Dav1dson (9860 in chips) 
Seat 4: Bulliet_dk (11476 in chips) 
Seat 5: Mahu2021 (9006 in chips) 
Seat 6: waip777 (10432 in chips) 
Seat 7: sherhen (8119 in chips) 
Seat 8: vvDRACULAvv (7847 in chips) 
SigbjørnH: posts the ante 8
Vinote Vayo: posts the ante 8
Dav1dson: posts the ante 8
Bulliet_dk: posts the ante 8
Mahu2021: posts the ante 8
waip777: posts the ante 8
sherhen: posts the ante 8
vvDRACULAvv: posts the ante 8
SigbjørnH: posts small blind 30
Vinote Vayo: posts big blind 60
*** HOLE CARDS ***
Dealt to Mahu2021 [Kd 5c]
Dav1dson: folds 
Bulliet_dk: folds 
Mahu2021: folds 
waip777: raises 90 to 150
sherhen: folds 
vvDRACULAvv: folds 
SigbjørnH: folds 
Vinote Vayo: calls 90
*** FLOP *** [9c 3h 9h]
Vinote Vayo: checks 
waip777: bets 120
Vinote Vayo: folds 
Uncalled bet (120) returned to waip777
waip777 collected 394 from pot
waip777: doesn't show hand 
*** SUMMARY ***
Total pot 394 | Rake 0 
Board [9c 3h 9h]
Seat 1: SigbjørnH (small blind) folded before Flop
Seat 2: Vinote Vayo (big blind) folded on the Flop
Seat 3: Dav1dson folded before Flop (didn't bet)
Seat 4: Bulliet_dk folded before Flop (didn't bet)
Seat 5: Mahu2021 folded before Flop (didn't bet)
Seat 6: waip777 collected (394)
Seat 7: sherhen folded before Flop (didn't bet)
Seat 8: vvDRACULAvv (button) folded before Flop (didn't bet)



PokerStars Hand #242988142607: Tournament #3570122658, $9.80+$1.20 USD Hold'em No Limit - Level II (30/60) - 2023/04/09 20:18:13 CET [2023/04/09 14:18:13 ET]
Table '3570122658 337' 8-max Seat #1 is the button
Seat 1: SigbjørnH (10853 in chips) 
Seat 2: Vinote Vayo (12211 in chips) 
Seat 3: Dav1dson (9852 in chips) 
Seat 4: Bulliet_dk (11468 in chips) 
Seat 5: Mahu2021 (8998 in chips) 
Seat 6: waip777 (10668 in chips) 
Seat 7: sherhen (8111 in chips) 
Seat 8: vvDRACULAvv (7839 in chips) 
SigbjørnH: posts the ante 8
Vinote Vayo: posts the ante 8
Dav1dson: posts the ante 8
Bulliet_dk: posts the ante 8
Mahu2021: posts the ante 8
waip777: posts the ante 8
sherhen: posts the ante 8
vvDRACULAvv: posts the ante 8
Vinote Vayo: posts small blind 30
Dav1dson: posts big blind 60
*** HOLE CARDS ***
Dealt to Mahu2021 [6c 5h]
Bulliet_dk: raises 60 to 120
Mahu2021: folds 
waip777: folds 
sherhen: folds 
vvDRACULAvv: folds 
SigbjørnH: calls 120
Vinote Vayo: folds 
Dav1dson: folds 
*** FLOP *** [Ks Jc 8s]
Bulliet_dk: bets 60
SigbjørnH: calls 60
*** TURN *** [Ks Jc 8s] [7d]
Bulliet_dk: bets 514
SigbjørnH: folds 
Uncalled bet (514) returned to Bulliet_dk
Bulliet_dk collected 514 from pot
Bulliet_dk: doesn't show hand 
*** SUMMARY ***
Total pot 514 | Rake 0 
Board [Ks Jc 8s 7d]
Seat 1: SigbjørnH (button) folded on the Turn
Seat 2: Vinote Vayo (small blind) folded before Flop
Seat 3: Dav1dson (big blind) folded before Flop
Seat 4: Bulliet_dk collected (514)
Seat 5: Mahu2021 folded before Flop (didn't bet)
Seat 6: waip777 folded before Flop (didn't bet)
Seat 7: sherhen folded before Flop (didn't bet)
Seat 8: vvDRACULAvv folded before Flop (didn't bet)



PokerStars Hand #242988165721: Tournament #3570122658, $9.80+$1.20 USD Hold'em No Limit - Level II (30/60) - 2023/04/09 20:19:07 CET [2023/04/09 14:19:07 ET]
Table '3570122658 337' 8-max Seat #2 is the button
Seat 1: SigbjørnH (10665 in chips) 
Seat 2: Vinote Vayo (12173 in chips) 
Seat 3: Dav1dson (9784 in chips) 
Seat 4: Bulliet_dk (11794 in chips) 
Seat 5: Mahu2021 (8990 in chips) 
Seat 6: waip777 (10660 in chips) 
Seat 7: sherhen (8103 in chips) 
Seat 8: vvDRACULAvv (7831 in chips) 
SigbjørnH: posts the ante 8
Vinote Vayo: posts the ante 8
Dav1dson: posts the ante 8
Bulliet_dk: posts the ante 8
Mahu2021: posts the ante 8
waip777: posts the ante 8
sherhen: posts the ante 8
vvDRACULAvv: posts the ante 8
Dav1dson: posts small blind 30
Bulliet_dk: posts big blind 60
*** HOLE CARDS ***
Dealt to Mahu2021 [6s Ac]
Mahu2021: folds 
waip777: folds 
sherhen: folds 
vvDRACULAvv: folds 
SigbjørnH: raises 90 to 150
Vinote Vayo: folds 
Dav1dson: calls 120
Bulliet_dk: folds 
*** FLOP *** [9d As 3d]
Dav1dson: checks 
SigbjørnH: bets 212
Dav1dson: folds 
Uncalled bet (212) returned to SigbjørnH
SigbjørnH collected 424 from pot
SigbjørnH: doesn't show hand 
*** SUMMARY ***
Total pot 424 | Rake 0 
Board [9d As 3d]
Seat 1: SigbjørnH collected (424)
Seat 2: Vinote Vayo (button) folded before Flop (didn't bet)
Seat 3: Dav1dson (small blind) folded on the Flop
Seat 4: Bulliet_dk (big blind) folded before Flop
Seat 5: Mahu2021 folded before Flop (didn't bet)
Seat 6: waip777 folded before Flop (didn't bet)
Seat 7: sherhen folded before Flop (didn't bet)
Seat 8: vvDRACULAvv folded before Flop (didn't bet)



PokerStars Hand #242988187384: Tournament #3570122658, $9.80+$1.20 USD Hold'em No Limit - Level II (30/60) - 2023/04/09 20:19:57 CET [2023/04/09 14:19:57 ET]
Table '3570122658 337' 8-max Seat #3 is the button
Seat 1: SigbjørnH (10931 in chips) 
Seat 2: Vinote Vayo (12165 in chips) 
Seat 3: Dav1dson (9626 in chips) 
Seat 4: Bulliet_dk (11726 in chips) 
Seat 5: Mahu2021 (8982 in chips) 
Seat 6: waip777 (10652 in chips) 
Seat 7: sherhen (8095 in chips) 
Seat 8: vvDRACULAvv (7823 in chips) 
SigbjørnH: posts the ante 8
Vinote Vayo: posts the ante 8
Dav1dson: posts the ante 8
Bulliet_dk: posts the ante 8
Mahu2021: posts the ante 8
waip777: posts the ante 8
sherhen: posts the ante 8
vvDRACULAvv: posts the ante 8
Bulliet_dk: posts small blind 30
Mahu2021: posts big blind 60
*** HOLE CARDS ***
Dealt to Mahu2021 [7h Kc]
waip777: folds 
sherhen: folds 
vvDRACULAvv: folds 
SigbjørnH: folds 
Vinote Vayo: folds 
Dav1dson: folds 
Bulliet_dk: folds 
Uncalled bet (30) returned to Mahu2021
Mahu2021 collected 124 from pot
Mahu2021: doesn't show hand 
*** SUMMARY ***
Total pot 124 | Rake 0 
Seat 1: SigbjørnH folded before Flop (didn't bet)
Seat 2: Vinote Vayo folded before Flop (didn't bet)
Seat 3: Dav1dson (button) folded before Flop (didn't bet)
Seat 4: Bulliet_dk (small blind) folded before Flop
Seat 5: Mahu2021 (big blind) collected (124)
Seat 6: waip777 folded before Flop (didn't bet)
Seat 7: sherhen folded before Flop (didn't bet)
Seat 8: vvDRACULAvv folded before Flop (didn't bet)



PokerStars Hand #242988195372: Tournament #3570122658, $9.80+$1.20 USD Hold'em No Limit - Level II (30/60) - 2023/04/09 20:20:16 CET [2023/04/09 14:20:16 ET]
Table '3570122658 337' 8-max Seat #4 is the button
Seat 1: SigbjørnH (10923 in chips) 
Seat 2: Vinote Vayo (12157 in chips) 
Seat 3: Dav1dson (9618 in chips) 
Seat 4: Bulliet_dk (11688 in chips) 
Seat 5: Mahu2021 (9068 in chips) 
Seat 6: waip777 (10644 in chips) 
Seat 7: sherhen (8087 in chips) 
Seat 8: vvDRACULAvv (7815 in chips) 
SigbjørnH: posts the ante 8
Vinote Vayo: posts the ante 8
Dav1dson: posts the ante 8
Bulliet_dk: posts the ante 8
Mahu2021: posts the ante 8
waip777: posts the ante 8
sherhen: posts the ante 8
vvDRACULAvv: posts the ante 8
Mahu2021: posts small blind 30
waip777: posts big blind 60
*** HOLE CARDS ***
Dealt to Mahu2021 [5h 9s]
sherhen: folds 
vvDRACULAvv: folds 
SigbjørnH: raises 90 to 150
Vinote Vayo: folds 
Dav1dson: folds 
Bulliet_dk: folds 
Mahu2021: folds 
waip777: calls 90
*** FLOP *** [Qs Qh 7h]
waip777: checks 
SigbjørnH: bets 197
waip777: calls 197
*** TURN *** [Qs Qh 7h] [Ac]
waip777: checks 
SigbjørnH: bets 520
waip777: folds 
Uncalled bet (520) returned to SigbjørnH
SigbjørnH collected 788 from pot
SigbjørnH: doesn't show hand 
*** SUMMARY ***
Total pot 788 | Rake 0 
Board [Qs Qh 7h Ac]
Seat 1: SigbjørnH collected (788)
Seat 2: Vinote Vayo folded before Flop (didn't bet)
Seat 3: Dav1dson folded before Flop (didn't bet)
Seat 4: Bulliet_dk (button) folded before Flop (didn't bet)
Seat 5: Mahu2021 (small blind) folded before Flop
Seat 6: waip777 (big blind) folded on the Turn
Seat 7: sherhen folded before Flop (didn't bet)
Seat 8: vvDRACULAvv folded before Flop (didn't bet)



PokerStars Hand #242988218133: Tournament #3570122658, $9.80+$1.20 USD Hold'em No Limit - Level II (30/60) - 2023/04/09 20:21:09 CET [2023/04/09 14:21:09 ET]
Table '3570122658 337' 8-max Seat #5 is the button
Seat 1: SigbjørnH (11356 in chips) 
Seat 2: Vinote Vayo (12149 in chips) 
Seat 3: Dav1dson (9610 in chips) 
Seat 4: Bulliet_dk (11680 in chips) 
Seat 5: Mahu2021 (9030 in chips) 
Seat 6: waip777 (10289 in chips) 
Seat 7: sherhen (8079 in chips) 
Seat 8: vvDRACULAvv (7807 in chips) 
SigbjørnH: posts the ante 8
Vinote Vayo: posts the ante 8
Dav1dson: posts the ante 8
Bulliet_dk: posts the ante 8
Mahu2021: posts the ante 8
waip777: posts the ante 8
sherhen: posts the ante 8
vvDRACULAvv: posts the ante 8
waip777: posts small blind 30
sherhen: posts big blind 60
*** HOLE CARDS ***
Dealt to Mahu2021 [Ah 5d]
vvDRACULAvv: folds 
SigbjørnH: folds 
Vinote Vayo: folds 
Dav1dson: folds 
Bulliet_dk: folds 
Mahu2021: raises 60 to 120
waip777: folds 
sherhen: calls 60
*** FLOP *** [5c 9s Kh]
sherhen: checks 
Mahu2021: bets 120
sherhen: folds 
Uncalled bet (120) returned to Mahu2021
Mahu2021 collected 334 from pot
Mahu2021: doesn't show hand 
*** SUMMARY ***
Total pot 334 | Rake 0 
Board [5c 9s Kh]
Seat 1: SigbjørnH folded before Flop (didn't bet)
Seat 2: Vinote Vayo folded before Flop (didn't bet)
Seat 3: Dav1dson folded before Flop (didn't bet)
Seat 4: Bulliet_dk folded before Flop (didn't bet)
Seat 5: Mahu2021 (button) collected (334)
Seat 6: waip777 (small blind) folded before Flop
Seat 7: sherhen (big blind) folded on the Flop
Seat 8: vvDRACULAvv folded before Flop (didn't bet)



PokerStars Hand #242988242194: Tournament #3570122658, $9.80+$1.20 USD Hold'em No Limit - Level II (30/60) - 2023/04/09 20:22:05 CET [2023/04/09 14:22:05 ET]
Table '3570122658 337' 8-max Seat #6 is the button
Seat 1: SigbjørnH (11348 in chips) 
Seat 2: Vinote Vayo (12141 in chips) 
Seat 3: Dav1dson (9602 in chips) 
Seat 4: Bulliet_dk (11672 in chips) 
Seat 5: Mahu2021 (9236 in chips) 
Seat 6: waip777 (10251 in chips) 
Seat 7: sherhen (7951 in chips) 
Seat 8: vvDRACULAvv (7799 in chips) 
SigbjørnH: posts the ante 8
Vinote Vayo: posts the ante 8
Dav1dson: posts the ante 8
Bulliet_dk: posts the ante 8
Mahu2021: posts the ante 8
waip777: posts the ante 8
sherhen: posts the ante 8
vvDRACULAvv: posts the ante 8
sherhen: posts small blind 30
vvDRACULAvv: posts big blind 60
*** HOLE CARDS ***
Dealt to Mahu2021 [Tc Qs]
SigbjørnH: folds 
Vinote Vayo: raises 60 to 120
Dav1dson: calls 120
Bulliet_dk: calls 120
Mahu2021: calls 120
waip777: raises 780 to 900
sherhen: folds 
vvDRACULAvv: folds 
Vinote Vayo: folds 
Dav1dson: folds 
Bulliet_dk: calls 780
Mahu2021: folds 
*** FLOP *** [Kd Ad 9s]
Bulliet_dk: checks 
waip777: bets 1500
Bulliet_dk: folds 
Uncalled bet (1500) returned to waip777
waip777 collected 2314 from pot
waip777: doesn't show hand 
*** SUMMARY ***
Total pot 2314 | Rake 0 
Board [Kd Ad 9s]
Seat 1: SigbjørnH folded before Flop (didn't bet)
Seat 2: Vinote Vayo folded before Flop
Seat 3: Dav1dson folded before Flop
Seat 4: Bulliet_dk folded on the Flop
Seat 5: Mahu2021 folded before Flop
Seat 6: waip777 (button) collected (2314)
Seat 7: sherhen (small blind) folded before Flop
Seat 8: vvDRACULAvv (big blind) folded before Flop



PokerStars Hand #242988269506: Tournament #3570122658, $9.80+$1.20 USD Hold'em No Limit - Level III (40/80) - 2023/04/09 20:23:08 CET [2023/04/09 14:23:08 ET]
Table '3570122658 337' 8-max Seat #7 is the button
Seat 1: SigbjørnH (11340 in chips) 
Seat 2: Vinote Vayo (12013 in chips) 
Seat 3: Dav1dson (9474 in chips) 
Seat 4: Bulliet_dk (10764 in chips) 
Seat 5: Mahu2021 (9108 in chips) 
Seat 6: waip777 (11657 in chips) 
Seat 7: sherhen (7913 in chips) 
Seat 8: vvDRACULAvv (7731 in chips) 
SigbjørnH: posts the ante 10
Vinote Vayo: posts the ante 10
Dav1dson: posts the ante 10
Bulliet_dk: posts the ante 10
Mahu2021: posts the ante 10
waip777: posts the ante 10
sherhen: posts the ante 10
vvDRACULAvv: posts the ante 10
vvDRACULAvv: posts small blind 40
SigbjørnH: posts big blind 80
*** HOLE CARDS ***
Dealt to Mahu2021 [7c Th]
Vinote Vayo: folds 
Dav1dson: folds 
Bulliet_dk: folds 
Mahu2021: folds 
waip777: raises 80 to 160
sherhen: folds 
vvDRACULAvv: calls 120
SigbjørnH: calls 80
*** FLOP *** [9c Kh 3c]
vvDRACULAvv: checks 
SigbjørnH: checks 
waip777: checks 
*** TURN *** [9c Kh 3c] [Tc]
vvDRACULAvv: checks 
SigbjørnH: checks 
waip777: bets 360
vvDRACULAvv: folds 
SigbjørnH: folds 
Uncalled bet (360) returned to waip777
waip777 collected 560 from pot
waip777: doesn't show hand 
*** SUMMARY ***
Total pot 560 | Rake 0 
Board [9c Kh 3c Tc]
Seat 1: SigbjørnH (big blind) folded on the Turn
Seat 2: Vinote Vayo folded before Flop (didn't bet)
Seat 3: Dav1dson folded before Flop (didn't bet)
Seat 4: Bulliet_dk folded before Flop (didn't bet)
Seat 5: Mahu2021 folded before Flop (didn't bet)
Seat 6: waip777 collected (560)
Seat 7: sherhen (button) folded before Flop (didn't bet)
Seat 8: vvDRACULAvv (small blind) folded on the Turn



PokerStars Hand #242988303112: Tournament #3570122658, $9.80+$1.20 USD Hold'em No Limit - Level III (40/80) - 2023/04/09 20:24:27 CET [2023/04/09 14:24:27 ET]
Table '3570122658 337' 8-max Seat #8 is the button
Seat 1: SigbjørnH (11170 in chips) 
Seat 2: Vinote Vayo (12003 in chips) 
Seat 3: Dav1dson (9464 in chips) 
Seat 4: Bulliet_dk (10754 in chips) 
Seat 5: Mahu2021 (9098 in chips) 
Seat 6: waip777 (12047 in chips) 
Seat 7: sherhen (7903 in chips) 
Seat 8: vvDRACULAvv (7561 in chips) 
SigbjørnH: posts the ante 10
Vinote Vayo: posts the ante 10
Dav1dson: posts the ante 10
Bulliet_dk: posts the ante 10
Mahu2021: posts the ante 10
waip777: posts the ante 10
sherhen: posts the ante 10
vvDRACULAvv: posts the ante 10
SigbjørnH: posts small blind 40
Vinote Vayo: posts big blind 80
*** HOLE CARDS ***
Dealt to Mahu2021 [8d 4c]
Dav1dson: folds 
Bulliet_dk: folds 
Mahu2021: folds 
waip777: folds 
sherhen: raises 200 to 280
vvDRACULAvv: folds 
SigbjørnH: raises 800 to 1080
Vinote Vayo: folds 
sherhen: raises 2040 to 3120
SigbjørnH: folds 
Uncalled bet (2040) returned to sherhen
sherhen collected 2320 from pot
*** SUMMARY ***
Total pot 2320 | Rake 0 
Seat 1: SigbjørnH (small blind) folded before Flop
Seat 2: Vinote Vayo (big blind) folded before Flop
Seat 3: Dav1dson folded before Flop (didn't bet)
Seat 4: Bulliet_dk folded before Flop (didn't bet)
Seat 5: Mahu2021 folded before Flop (didn't bet)
Seat 6: waip777 folded before Flop (didn't bet)
Seat 7: sherhen collected (2320)
Seat 8: vvDRACULAvv (button) folded before Flop (didn't bet)



PokerStars Hand #242988333668: Tournament #3570122658, $9.80+$1.20 USD Hold'em No Limit - Level III (40/80) - 2023/04/09 20:25:39 CET [2023/04/09 14:25:39 ET]
Table '3570122658 337' 8-max Seat #1 is the button
Seat 1: SigbjørnH (10080 in chips) 
Seat 2: Vinote Vayo (11913 in chips) 
Seat 3: Dav1dson (9454 in chips) 
Seat 4: Bulliet_dk (10744 in chips) 
Seat 5: Mahu2021 (9088 in chips) 
Seat 6: waip777 (12037 in chips) 
Seat 7: sherhen (9133 in chips) 
Seat 8: vvDRACULAvv (7551 in chips) 
SigbjørnH: posts the ante 10
Vinote Vayo: posts the ante 10
Dav1dson: posts the ante 10
Bulliet_dk: posts the ante 10
Mahu2021: posts the ante 10
waip777: posts the ante 10
sherhen: posts the ante 10
vvDRACULAvv: posts the ante 10
Vinote Vayo: posts small blind 40
Dav1dson: posts big blind 80
*** HOLE CARDS ***
Dealt to Mahu2021 [9h Jd]
Bulliet_dk: folds 
Mahu2021: folds 
waip777: raises 160 to 240
sherhen: calls 240
vvDRACULAvv: folds 
SigbjørnH: folds 
Vinote Vayo: calls 200
Dav1dson: folds 
*** FLOP *** [2d 3h 6c]
Vinote Vayo: checks 
waip777: bets 560
sherhen: calls 560
Vinote Vayo: folds 
*** TURN *** [2d 3h 6c] [Td]
waip777: bets 1160
sherhen: folds 
Uncalled bet (1160) returned to waip777
waip777 collected 2000 from pot
waip777: doesn't show hand 
*** SUMMARY ***
Total pot 2000 | Rake 0 
Board [2d 3h 6c Td]
Seat 1: SigbjørnH (button) folded before Flop (didn't bet)
Seat 2: Vinote Vayo (small blind) folded on the Flop
Seat 3: Dav1dson (big blind) folded before Flop
Seat 4: Bulliet_dk folded before Flop (didn't bet)
Seat 5: Mahu2021 folded before Flop (didn't bet)
Seat 6: waip777 collected (2000)
Seat 7: sherhen folded on the Turn
Seat 8: vvDRACULAvv folded before Flop (didn't bet)



PokerStars Hand #242988368524: Tournament #3570122658, $9.80+$1.20 USD Hold'em No Limit - Level III (40/80) - 2023/04/09 20:27:01 CET [2023/04/09 14:27:01 ET]
Table '3570122658 337' 8-max Seat #2 is the button
Seat 1: SigbjørnH (10070 in chips) 
Seat 2: Vinote Vayo (11663 in chips) 
Seat 3: Dav1dson (9364 in chips) 
Seat 4: Bulliet_dk (10734 in chips) 
Seat 5: Mahu2021 (9078 in chips) 
Seat 6: waip777 (13227 in chips) 
Seat 7: sherhen (8323 in chips) 
Seat 8: vvDRACULAvv (7541 in chips) 
SigbjørnH: posts the ante 10
Vinote Vayo: posts the ante 10
Dav1dson: posts the ante 10
Bulliet_dk: posts the ante 10
Mahu2021: posts the ante 10
waip777: posts the ante 10
sherhen: posts the ante 10
vvDRACULAvv: posts the ante 10
Dav1dson: posts small blind 40
Bulliet_dk: posts big blind 80
*** HOLE CARDS ***
Dealt to Mahu2021 [Ts 7s]
Mahu2021: folds 
waip777: folds 
sherhen: folds 
vvDRACULAvv: folds 
SigbjørnH: folds 
Vinote Vayo: raises 80 to 160
Dav1dson: folds 
Bulliet_dk: folds 
Uncalled bet (80) returned to Vinote Vayo
Vinote Vayo collected 280 from pot
Vinote Vayo: doesn't show hand 
*** SUMMARY ***
Total pot 280 | Rake 0 
Seat 1: SigbjørnH folded before Flop (didn't bet)
Seat 2: Vinote Vayo (button) collected (280)
Seat 3: Dav1dson (small blind) folded before Flop
Seat 4: Bulliet_dk (big blind) folded before Flop
Seat 5: Mahu2021 folded before Flop (didn't bet)
Seat 6: waip777 folded before Flop (didn't bet)
Seat 7: sherhen folded before Flop (didn't bet)
Seat 8: vvDRACULAvv folded before Flop (didn't bet)



PokerStars Hand #242988378938: Tournament #3570122658, $9.80+$1.20 USD Hold'em No Limit - Level III (40/80) - 2023/04/09 20:27:26 CET [2023/04/09 14:27:26 ET]
Table '3570122658 337' 8-max Seat #3 is the button
Seat 1: SigbjørnH (10060 in chips) 
Seat 2: Vinote Vayo (11853 in chips) 
Seat 3: Dav1dson (9314 in chips) 
Seat 4: Bulliet_dk (10644 in chips) 
Seat 5: Mahu2021 (9068 in chips) 
Seat 6: waip777 (13217 in chips) 
Seat 7: sherhen (8313 in chips) 
Seat 8: vvDRACULAvv (7531 in chips) 
SigbjørnH: posts the ante 10
Vinote Vayo: posts the ante 10
Dav1dson: posts the ante 10
Bulliet_dk: posts the ante 10
Mahu2021: posts the ante 10
waip777: posts the ante 10
sherhen: posts the ante 10
vvDRACULAvv: posts the ante 10
Bulliet_dk: posts small blind 40
Mahu2021: posts big blind 80
*** HOLE CARDS ***
Dealt to Mahu2021 [Kc Ts]
waip777: folds 
sherhen: folds 
vvDRACULAvv: folds 
SigbjørnH: folds 
Vinote Vayo: folds 
Dav1dson: folds 
Bulliet_dk: folds 
Uncalled bet (40) returned to Mahu2021
Mahu2021 collected 160 from pot
Mahu2021: doesn't show hand 
*** SUMMARY ***
Total pot 160 | Rake 0 
Seat 1: SigbjørnH folded before Flop (didn't bet)
Seat 2: Vinote Vayo folded before Flop (didn't bet)
Seat 3: Dav1dson (button) folded before Flop (didn't bet)
Seat 4: Bulliet_dk (small blind) folded before Flop
Seat 5: Mahu2021 (big blind) collected (160)
Seat 6: waip777 folded before Flop (didn't bet)
Seat 7: sherhen folded before Flop (didn't bet)
Seat 8: vvDRACULAvv folded before Flop (didn't bet)



PokerStars Hand #242988388704: Tournament #3570122658, $9.80+$1.20 USD Hold'em No Limit - Level III (40/80) - 2023/04/09 20:27:49 CET [2023/04/09 14:27:49 ET]
Table '3570122658 337' 8-max Seat #4 is the button
Seat 1: SigbjørnH (10050 in chips) 
Seat 2: Vinote Vayo (11843 in chips) 
Seat 3: Dav1dson (9304 in chips) 
Seat 4: Bulliet_dk (10594 in chips) 
Seat 5: Mahu2021 (9178 in chips) 
Seat 6: waip777 (13207 in chips) 
Seat 7: sherhen (8303 in chips) 
Seat 8: vvDRACULAvv (7521 in chips) 
SigbjørnH: posts the ante 10
Vinote Vayo: posts the ante 10
Dav1dson: posts the ante 10
Bulliet_dk: posts the ante 10
Mahu2021: posts the ante 10
waip777: posts the ante 10
sherhen: posts the ante 10
vvDRACULAvv: posts the ante 10
Mahu2021: posts small blind 40
waip777: posts big blind 80
*** HOLE CARDS ***
Dealt to Mahu2021 [8h 2h]
sherhen: folds 
vvDRACULAvv: folds 
SigbjørnH: raises 120 to 200
Vinote Vayo: calls 200
Dav1dson: folds 
Bulliet_dk: folds 
Mahu2021: folds 
waip777: folds 
*** FLOP *** [6c 3h Jh]
SigbjørnH: checks 
Vinote Vayo: bets 198
SigbjørnH: calls 198
*** TURN *** [6c 3h Jh] [Qd]
SigbjørnH: checks 
Vinote Vayo: bets 329
SigbjørnH: calls 329
*** RIVER *** [6c 3h Jh Qd] [7h]
SigbjørnH: checks 
Vinote Vayo: checks 
*** SHOW DOWN ***
SigbjørnH: shows [Ts Ah] (high card Ace)
Vinote Vayo: shows [Kd Qs] (a pair of Queens)
Vinote Vayo collected 1654 from pot
*** SUMMARY ***
Total pot 1654 | Rake 0 
Board [6c 3h Jh Qd 7h]
Seat 1: SigbjørnH showed [Ts Ah] and lost with high card Ace
Seat 2: Vinote Vayo showed [Kd Qs] and won (1654) with a pair of Queens
Seat 3: Dav1dson folded before Flop (didn't bet)
Seat 4: Bulliet_dk (button) folded before Flop (didn't bet)
Seat 5: Mahu2021 (small blind) folded before Flop
Seat 6: waip777 (big blind) folded before Flop
Seat 7: sherhen folded before Flop (didn't bet)
Seat 8: vvDRACULAvv folded before Flop (didn't bet)



PokerStars Hand #242988428977: Tournament #3570122658, $9.80+$1.20 USD Hold'em No Limit - Level III (40/80) - 2023/04/09 20:29:23 CET [2023/04/09 14:29:23 ET]
Table '3570122658 337' 8-max Seat #5 is the button
Seat 1: SigbjørnH (9313 in chips) 
Seat 2: Vinote Vayo (12760 in chips) 
Seat 3: Dav1dson (9294 in chips) 
Seat 4: Bulliet_dk (10584 in chips) 
Seat 5: Mahu2021 (9128 in chips) 
Seat 6: waip777 (13117 in chips) 
Seat 7: sherhen (8293 in chips) 
Seat 8: vvDRACULAvv (7511 in chips) 
SigbjørnH: posts the ante 10
Vinote Vayo: posts the ante 10
Dav1dson: posts the ante 10
Bulliet_dk: posts the ante 10
Mahu2021: posts the ante 10
waip777: posts the ante 10
sherhen: posts the ante 10
vvDRACULAvv: posts the ante 10
waip777: posts small blind 40
sherhen: posts big blind 80
*** HOLE CARDS ***
Dealt to Mahu2021 [6h Kd]
vvDRACULAvv: folds 
SigbjørnH: folds 
Vinote Vayo: folds 
Dav1dson is disconnected 
Dav1dson is connected 
Dav1dson: folds 
Bulliet_dk: calls 80
Mahu2021: calls 80
waip777: calls 40
sherhen: checks 
*** FLOP *** [3d 8s 5d]
waip777: checks 
sherhen: checks 
Bulliet_dk: checks 
Mahu2021: bets 160
waip777: folds 
sherhen: calls 160
Bulliet_dk: folds 
*** TURN *** [3d 8s 5d] [2d]
sherhen: checks 
Mahu2021: bets 720
sherhen: folds 
Uncalled bet (720) returned to Mahu2021
Mahu2021 collected 720 from pot
Mahu2021: doesn't show hand 
*** SUMMARY ***
Total pot 720 | Rake 0 
Board [3d 8s 5d 2d]
Seat 1: SigbjørnH folded before Flop (didn't bet)
Seat 2: Vinote Vayo folded before Flop (didn't bet)
Seat 3: Dav1dson folded before Flop (didn't bet)
Seat 4: Bulliet_dk folded on the Flop
Seat 5: Mahu2021 (button) collected (720)
Seat 6: waip777 (small blind) folded on the Flop
Seat 7: sherhen (big blind) folded on the Turn
Seat 8: vvDRACULAvv folded before Flop (didn't bet)



PokerStars Hand #242988467332: Tournament #3570122658, $9.80+$1.20 USD Hold'em No Limit - Level III (40/80) - 2023/04/09 20:30:51 CET [2023/04/09 14:30:51 ET]
Table '3570122658 337' 8-max Seat #6 is the button
Seat 1: SigbjørnH (9303 in chips) 
Seat 2: Vinote Vayo (12750 in chips) 
Seat 3: Dav1dson (9284 in chips) 
Seat 4: Bulliet_dk (10494 in chips) 
Seat 5: Mahu2021 (9598 in chips) 
Seat 6: waip777 (13027 in chips) 
Seat 7: sherhen (8043 in chips) 
Seat 8: vvDRACULAvv (7501 in chips) 
SigbjørnH: posts the ante 10
Vinote Vayo: posts the ante 10
Dav1dson: posts the ante 10
Bulliet_dk: posts the ante 10
Mahu2021: posts the ante 10
waip777: posts the ante 10
sherhen: posts the ante 10
vvDRACULAvv: posts the ante 10
sherhen: posts small blind 40
vvDRACULAvv: posts big blind 80
*** HOLE CARDS ***
Dealt to Mahu2021 [3h 8h]
SigbjørnH: raises 80 to 160
Vinote Vayo: folds 
Dav1dson: folds 
Bulliet_dk: folds 
Mahu2021: folds 
waip777: folds 
sherhen: folds 
vvDRACULAvv: raises 440 to 600
SigbjørnH: calls 440
*** FLOP *** [7d As Ts]
vvDRACULAvv: checks 
SigbjørnH: checks 
*** TURN *** [7d As Ts] [Js]
vvDRACULAvv: checks 
SigbjørnH: bets 660
vvDRACULAvv: calls 660
*** RIVER *** [7d As Ts Js] [6c]
vvDRACULAvv: checks 
SigbjørnH: checks 
*** SHOW DOWN ***
vvDRACULAvv: shows [Kh Kc] (a pair of Kings)
SigbjørnH: shows [4c Ac] (a pair of Aces)
SigbjørnH collected 2640 from pot
*** SUMMARY ***
Total pot 2640 | Rake 0 
Board [7d As Ts Js 6c]
Seat 1: SigbjørnH showed [4c Ac] and won (2640) with a pair of Aces
Seat 2: Vinote Vayo folded before Flop (didn't bet)
Seat 3: Dav1dson folded before Flop (didn't bet)
Seat 4: Bulliet_dk folded before Flop (didn't bet)
Seat 5: Mahu2021 folded before Flop (didn't bet)
Seat 6: waip777 (button) folded before Flop (didn't bet)
Seat 7: sherhen (small blind) folded before Flop
Seat 8: vvDRACULAvv (big blind) showed [Kh Kc] and lost with a pair of Kings



PokerStars Hand #242988502679: Tournament #3570122658, $9.80+$1.20 USD Hold'em No Limit - Level III (40/80) - 2023/04/09 20:32:09 CET [2023/04/09 14:32:09 ET]
Table '3570122658 337' 8-max Seat #7 is the button
Seat 1: SigbjørnH (10673 in chips) 
Seat 2: Vinote Vayo (12740 in chips) 
Seat 3: Dav1dson (9274 in chips) 
Seat 4: Bulliet_dk (10484 in chips) 
Seat 5: Mahu2021 (9588 in chips) 
Seat 6: waip777 (13017 in chips) 
Seat 7: sherhen (7993 in chips) 
Seat 8: vvDRACULAvv (6231 in chips) 
SigbjørnH: posts the ante 10
Vinote Vayo: posts the ante 10
Dav1dson: posts the ante 10
Bulliet_dk: posts the ante 10
Mahu2021: posts the ante 10
waip777: posts the ante 10
sherhen: posts the ante 10
vvDRACULAvv: posts the ante 10
vvDRACULAvv: posts small blind 40
SigbjørnH: posts big blind 80
*** HOLE CARDS ***
Dealt to Mahu2021 [As Jd]
Vinote Vayo: folds 
Dav1dson: folds 
Bulliet_dk: raises 80 to 160
Mahu2021: calls 160
waip777: folds 
sherhen: folds 
vvDRACULAvv: folds 
SigbjørnH: folds 
*** FLOP *** [6d 2c 6s]
Bulliet_dk: checks 
Mahu2021: bets 160
Bulliet_dk: folds 
Uncalled bet (160) returned to Mahu2021
Mahu2021 collected 520 from pot
Mahu2021: doesn't show hand 
*** SUMMARY ***
Total pot 520 | Rake 0 
Board [6d 2c 6s]
Seat 1: SigbjørnH (big blind) folded before Flop
Seat 2: Vinote Vayo folded before Flop (didn't bet)
Seat 3: Dav1dson folded before Flop (didn't bet)
Seat 4: Bulliet_dk folded on the Flop
Seat 5: Mahu2021 collected (520)
Seat 6: waip777 folded before Flop (didn't bet)
Seat 7: sherhen (button) folded before Flop (didn't bet)
Seat 8: vvDRACULAvv (small blind) folded before Flop



PokerStars Hand #242988528809: Tournament #3570122658, $9.80+$1.20 USD Hold'em No Limit - Level IV (50/100) - 2023/04/09 20:33:07 CET [2023/04/09 14:33:07 ET]
Table '3570122658 337' 8-max Seat #8 is the button
Seat 1: SigbjørnH (10583 in chips) 
Seat 2: Vinote Vayo (12730 in chips) 
Seat 3: Dav1dson (9264 in chips) 
Seat 4: Bulliet_dk (10314 in chips) 
Seat 5: Mahu2021 (9938 in chips) 
Seat 6: waip777 (13007 in chips) 
Seat 7: sherhen (7983 in chips) 
Seat 8: vvDRACULAvv (6181 in chips) 
SigbjørnH: posts the ante 12
Vinote Vayo: posts the ante 12
Dav1dson: posts the ante 12
Bulliet_dk: posts the ante 12
Mahu2021: posts the ante 12
waip777: posts the ante 12
sherhen: posts the ante 12
vvDRACULAvv: posts the ante 12
SigbjørnH: posts small blind 50
Vinote Vayo: posts big blind 100
*** HOLE CARDS ***
Dealt to Mahu2021 [2h 3d]
Dav1dson: folds 
Bulliet_dk: calls 100
Mahu2021: folds 
waip777: folds 
sherhen: raises 200 to 300
vvDRACULAvv: folds 
SigbjørnH has timed out
SigbjørnH: folds 
SigbjørnH is sitting out
Vinote Vayo: folds 
Bulliet_dk: calls 200
*** FLOP *** [Qh Jc 3h]
SigbjørnH has returned
Bulliet_dk: checks 
sherhen: bets 423
Bulliet_dk: folds 
Uncalled bet (423) returned to sherhen
sherhen collected 846 from pot
*** SUMMARY ***
Total pot 846 | Rake 0 
Board [Qh Jc 3h]
Seat 1: SigbjørnH (small blind) folded before Flop
Seat 2: Vinote Vayo (big blind) folded before Flop
Seat 3: Dav1dson folded before Flop (didn't bet)
Seat 4: Bulliet_dk folded on the Flop
Seat 5: Mahu2021 folded before Flop (didn't bet)
Seat 6: waip777 folded before Flop (didn't bet)
Seat 7: sherhen collected (846)
Seat 8: vvDRACULAvv (button) folded before Flop (didn't bet)



PokerStars Hand #242988554655: Tournament #3570122658, $9.80+$1.20 USD Hold'em No Limit - Level IV (50/100) - 2023/04/09 20:34:05 CET [2023/04/09 14:34:05 ET]
Table '3570122658 337' 8-max Seat #1 is the button
Seat 1: SigbjørnH (10521 in chips) 
Seat 2: Vinote Vayo (12618 in chips) 
Seat 3: Dav1dson (9252 in chips) 
Seat 4: Bulliet_dk (10002 in chips) 
Seat 5: Mahu2021 (9926 in chips) 
Seat 6: waip777 (12995 in chips) 
Seat 7: sherhen (8517 in chips) 
Seat 8: vvDRACULAvv (6169 in chips) 
SigbjørnH: posts the ante 12
Vinote Vayo: posts the ante 12
Dav1dson: posts the ante 12
Bulliet_dk: posts the ante 12
Mahu2021: posts the ante 12
waip777: posts the ante 12
sherhen: posts the ante 12
vvDRACULAvv: posts the ante 12
Vinote Vayo: posts small blind 50
Dav1dson: posts big blind 100
*** HOLE CARDS ***
Dealt to Mahu2021 [8s Jc]
Bulliet_dk: folds 
Mahu2021: folds 
waip777: folds 
sherhen: folds 
vvDRACULAvv: raises 150 to 250
SigbjørnH: folds 
Vinote Vayo: folds 
Dav1dson: calls 150
*** FLOP *** [5c Td 3c]
Dav1dson: checks 
vvDRACULAvv: bets 400
Dav1dson: folds 
Uncalled bet (400) returned to vvDRACULAvv
vvDRACULAvv collected 646 from pot
*** SUMMARY ***
Total pot 646 | Rake 0 
Board [5c Td 3c]
Seat 1: SigbjørnH (button) folded before Flop (didn't bet)
Seat 2: Vinote Vayo (small blind) folded before Flop
Seat 3: Dav1dson (big blind) folded on the Flop
Seat 4: Bulliet_dk folded before Flop (didn't bet)
Seat 5: Mahu2021 folded before Flop (didn't bet)
Seat 6: waip777 folded before Flop (didn't bet)
Seat 7: sherhen folded before Flop (didn't bet)
Seat 8: vvDRACULAvv collected (646)



PokerStars Hand #242988580281: Tournament #3570122658, $9.80+$1.20 USD Hold'em No Limit - Level IV (50/100) - 2023/04/09 20:35:02 CET [2023/04/09 14:35:02 ET]
Table '3570122658 337' 8-max Seat #2 is the button
Seat 1: SigbjørnH (10509 in chips) 
Seat 2: Vinote Vayo (12556 in chips) 
Seat 3: Dav1dson (8990 in chips) 
Seat 4: Bulliet_dk (9990 in chips) 
Seat 5: Mahu2021 (9914 in chips) 
Seat 6: waip777 (12983 in chips) 
Seat 7: sherhen (8505 in chips) 
Seat 8: vvDRACULAvv (6553 in chips) 
SigbjørnH: posts the ante 12
Vinote Vayo: posts the ante 12
Dav1dson: posts the ante 12
Bulliet_dk: posts the ante 12
Mahu2021: posts the ante 12
waip777: posts the ante 12
sherhen: posts the ante 12
vvDRACULAvv: posts the ante 12
Dav1dson: posts small blind 50
Bulliet_dk: posts big blind 100
*** HOLE CARDS ***
Dealt to Mahu2021 [9c 2h]
Mahu2021: folds 
waip777: raises 100 to 200
sherhen: folds 
vvDRACULAvv: folds 
SigbjørnH: folds 
Vinote Vayo: calls 200
Dav1dson: folds 
Bulliet_dk: folds 
*** FLOP *** [Js 7d 7c]
waip777: checks 
Vinote Vayo: checks 
*** TURN *** [Js 7d 7c] [8s]
waip777: bets 350
Vinote Vayo: raises 700 to 1050
waip777: folds 
Uncalled bet (700) returned to Vinote Vayo
Vinote Vayo collected 1346 from pot
Vinote Vayo: doesn't show hand 
*** SUMMARY ***
Total pot 1346 | Rake 0 
Board [Js 7d 7c 8s]
Seat 1: SigbjørnH folded before Flop (didn't bet)
Seat 2: Vinote Vayo (button) collected (1346)
Seat 3: Dav1dson (small blind) folded before Flop
Seat 4: Bulliet_dk (big blind) folded before Flop
Seat 5: Mahu2021 folded before Flop (didn't bet)
Seat 6: waip777 folded on the Turn
Seat 7: sherhen folded before Flop (didn't bet)
Seat 8: vvDRACULAvv folded before Flop (didn't bet)



PokerStars Hand #242988616602: Tournament #3570122658, $9.80+$1.20 USD Hold'em No Limit - Level IV (50/100) - 2023/04/09 20:36:23 CET [2023/04/09 14:36:23 ET]
Table '3570122658 337' 8-max Seat #3 is the button
Seat 1: SigbjørnH (10497 in chips) 
Seat 2: Vinote Vayo (13340 in chips) 
Seat 3: Dav1dson (8928 in chips) 
Seat 4: Bulliet_dk (9878 in chips) 
Seat 5: Mahu2021 (9902 in chips) 
Seat 6: waip777 (12421 in chips) 
Seat 7: sherhen (8493 in chips) 
Seat 8: vvDRACULAvv (6541 in chips) 
SigbjørnH: posts the ante 12
Vinote Vayo: posts the ante 12
Dav1dson: posts the ante 12
Bulliet_dk: posts the ante 12
Mahu2021: posts the ante 12
waip777: posts the ante 12
sherhen: posts the ante 12
vvDRACULAvv: posts the ante 12
Bulliet_dk: posts small blind 50
Mahu2021: posts big blind 100
*** HOLE CARDS ***
Dealt to Mahu2021 [Js 7h]
waip777: folds 
sherhen: raises 200 to 300
vvDRACULAvv: folds 
SigbjørnH: folds 
Vinote Vayo: folds 
Dav1dson: folds 
Bulliet_dk: folds 
Mahu2021: folds 
Uncalled bet (200) returned to sherhen
sherhen collected 346 from pot
*** SUMMARY ***
Total pot 346 | Rake 0 
Seat 1: SigbjørnH folded before Flop (didn't bet)
Seat 2: Vinote Vayo folded before Flop (didn't bet)
Seat 3: Dav1dson (button) folded before Flop (didn't bet)
Seat 4: Bulliet_dk (small blind) folded before Flop
Seat 5: Mahu2021 (big blind) folded before Flop
Seat 6: waip777 folded before Flop (didn't bet)
Seat 7: sherhen collected (346)
Seat 8: vvDRACULAvv folded before Flop (didn't bet)



PokerStars Hand #242988641400: Tournament #3570122658, $9.80+$1.20 USD Hold'em No Limit - Level IV (50/100) - 2023/04/09 20:37:18 CET [2023/04/09 14:37:18 ET]
Table '3570122658 337' 8-max Seat #4 is the button
Seat 1: SigbjørnH (10485 in chips) 
Seat 2: Vinote Vayo (13328 in chips) 
Seat 3: Dav1dson (8916 in chips) 
Seat 4: Bulliet_dk (9816 in chips) 
Seat 5: Mahu2021 (9790 in chips) 
Seat 6: waip777 (12409 in chips) 
Seat 7: sherhen (8727 in chips) 
Seat 8: vvDRACULAvv (6529 in chips) 
SigbjørnH: posts the ante 12
Vinote Vayo: posts the ante 12
Dav1dson: posts the ante 12
Bulliet_dk: posts the ante 12
Mahu2021: posts the ante 12
waip777: posts the ante 12
sherhen: posts the ante 12
vvDRACULAvv: posts the ante 12
Mahu2021: posts small blind 50
waip777: posts big blind 100
*** HOLE CARDS ***
Dealt to Mahu2021 [5d Jd]
sherhen: folds 
vvDRACULAvv: calls 100
SigbjørnH: folds 
Vinote Vayo: folds 
Dav1dson: folds 
Bulliet_dk: folds 
Mahu2021: calls 50
waip777: checks 
*** FLOP *** [6c 9h 4c]
Mahu2021: checks 
waip777: checks 
vvDRACULAvv: checks 
*** TURN *** [6c 9h 4c] [3s]
Mahu2021: bets 200
waip777: calls 200
vvDRACULAvv: calls 200
*** RIVER *** [6c 9h 4c 3s] [7s]
Mahu2021: bets 996
waip777: folds 
vvDRACULAvv: folds 
Uncalled bet (996) returned to Mahu2021
Mahu2021 collected 996 from pot
Mahu2021: doesn't show hand 
*** SUMMARY ***
Total pot 996 | Rake 0 
Board [6c 9h 4c 3s 7s]
Seat 1: SigbjørnH folded before Flop (didn't bet)
Seat 2: Vinote Vayo folded before Flop (didn't bet)
Seat 3: Dav1dson folded before Flop (didn't bet)
Seat 4: Bulliet_dk (button) folded before Flop (didn't bet)
Seat 5: Mahu2021 (small blind) collected (996)
Seat 6: waip777 (big blind) folded on the River
Seat 7: sherhen folded before Flop (didn't bet)
Seat 8: vvDRACULAvv folded on the River



PokerStars Hand #242988671238: Tournament #3570122658, $9.80+$1.20 USD Hold'em No Limit - Level IV (50/100) - 2023/04/09 20:38:25 CET [2023/04/09 14:38:25 ET]
Table '3570122658 337' 8-max Seat #5 is the button
Seat 1: SigbjørnH (10473 in chips) 
Seat 2: Vinote Vayo (13316 in chips) 
Seat 3: Dav1dson (8904 in chips) 
Seat 4: Bulliet_dk (9804 in chips) 
Seat 5: Mahu2021 (10474 in chips) 
Seat 6: waip777 (12097 in chips) 
Seat 7: sherhen (8715 in chips) 
Seat 8: vvDRACULAvv (6217 in chips) 
SigbjørnH: posts the ante 12
Vinote Vayo: posts the ante 12
Dav1dson: posts the ante 12
Bulliet_dk: posts the ante 12
Mahu2021: posts the ante 12
waip777: posts the ante 12
sherhen: posts the ante 12
vvDRACULAvv: posts the ante 12
waip777: posts small blind 50
sherhen: posts big blind 100
*** HOLE CARDS ***
Dealt to Mahu2021 [8s 2d]
vvDRACULAvv: folds 
SigbjørnH: folds 
Vinote Vayo: folds 
Dav1dson: folds 
Bulliet_dk: folds 
Mahu2021: folds 
waip777: raises 200 to 300
sherhen: folds 
Uncalled bet (200) returned to waip777
waip777 collected 296 from pot
waip777: doesn't show hand 
*** SUMMARY ***
Total pot 296 | Rake 0 
Seat 1: SigbjørnH folded before Flop (didn't bet)
Seat 2: Vinote Vayo folded before Flop (didn't bet)
Seat 3: Dav1dson folded before Flop (didn't bet)
Seat 4: Bulliet_dk folded before Flop (didn't bet)
Seat 5: Mahu2021 (button) folded before Flop (didn't bet)
Seat 6: waip777 (small blind) collected (296)
Seat 7: sherhen (big blind) folded before Flop
Seat 8: vvDRACULAvv folded before Flop (didn't bet)



PokerStars Hand #242988686461: Tournament #3570122658, $9.80+$1.20 USD Hold'em No Limit - Level IV (50/100) - 2023/04/09 20:38:59 CET [2023/04/09 14:38:59 ET]
Table '3570122658 337' 8-max Seat #6 is the button
Seat 1: SigbjørnH (10461 in chips) 
Seat 2: Vinote Vayo (13304 in chips) 
Seat 3: Dav1dson (8892 in chips) 
Seat 4: Bulliet_dk (9792 in chips) 
Seat 5: Mahu2021 (10462 in chips) 
Seat 6: waip777 (12281 in chips) 
Seat 7: sherhen (8603 in chips) 
Seat 8: vvDRACULAvv (6205 in chips) 
SigbjørnH: posts the ante 12
Vinote Vayo: posts the ante 12
Dav1dson: posts the ante 12
Bulliet_dk: posts the ante 12
Mahu2021: posts the ante 12
waip777: posts the ante 12
sherhen: posts the ante 12
vvDRACULAvv: posts the ante 12
sherhen: posts small blind 50
vvDRACULAvv: posts big blind 100
*** HOLE CARDS ***
Dealt to Mahu2021 [Tc 5h]
SigbjørnH: folds 
Vinote Vayo: folds 
Dav1dson: folds 
Bulliet_dk: calls 100
Mahu2021: folds 
waip777: raises 350 to 450
sherhen: folds 
vvDRACULAvv: calls 350
Bulliet_dk: calls 350
*** FLOP *** [3h 9d Ac]
vvDRACULAvv: checks 
Bulliet_dk: checks 
waip777: bets 449
vvDRACULAvv: calls 449
Bulliet_dk: folds 
*** TURN *** [3h 9d Ac] [2s]
vvDRACULAvv: checks 
waip777: checks 
*** RIVER *** [3h 9d Ac 2s] [7h]
vvDRACULAvv: checks 
waip777: checks 
*** SHOW DOWN ***
vvDRACULAvv: shows [2h 4h] (a pair of Deuces)
waip777: shows [9h 8s] (a pair of Nines)
waip777 collected 2394 from pot
*** SUMMARY ***
Total pot 2394 | Rake 0 
Board [3h 9d Ac 2s 7h]
Seat 1: SigbjørnH folded before Flop (didn't bet)
Seat 2: Vinote Vayo folded before Flop (didn't bet)
Seat 3: Dav1dson folded before Flop (didn't bet)
Seat 4: Bulliet_dk folded on the Flop
Seat 5: Mahu2021 folded before Flop (didn't bet)
Seat 6: waip777 (button) showed [9h 8s] and won (2394) with a pair of Nines
Seat 7: sherhen (small blind) folded before Flop
Seat 8: vvDRACULAvv (big blind) showed [2h 4h] and lost with a pair of Deuces



PokerStars Hand #242988734618: Tournament #3570122658, $9.80+$1.20 USD Hold'em No Limit - Level IV (50/100) - 2023/04/09 20:40:46 CET [2023/04/09 14:40:46 ET]
Table '3570122658 337' 8-max Seat #7 is the button
Seat 1: SigbjørnH (10449 in chips) 
Seat 2: Vinote Vayo (13292 in chips) 
Seat 3: Dav1dson (8880 in chips) 
Seat 4: Bulliet_dk (9330 in chips) 
Seat 5: Mahu2021 (10450 in chips) 
Seat 6: waip777 (13764 in chips) 
Seat 7: sherhen (8541 in chips) 
Seat 8: vvDRACULAvv (5294 in chips) 
SigbjørnH: posts the ante 12
Vinote Vayo: posts the ante 12
Dav1dson: posts the ante 12
Bulliet_dk: posts the ante 12
Mahu2021: posts the ante 12
waip777: posts the ante 12
sherhen: posts the ante 12
vvDRACULAvv: posts the ante 12
vvDRACULAvv: posts small blind 50
SigbjørnH: posts big blind 100
*** HOLE CARDS ***
Dealt to Mahu2021 [Qc Jc]
Vinote Vayo: folds 
Dav1dson: folds 
Bulliet_dk: raises 346 to 446
Mahu2021: folds 
waip777: folds 
sherhen: folds 
vvDRACULAvv: folds 
SigbjørnH: folds 
Uncalled bet (346) returned to Bulliet_dk
Bulliet_dk collected 346 from pot
Bulliet_dk: doesn't show hand 
*** SUMMARY ***
Total pot 346 | Rake 0 
Seat 1: SigbjørnH (big blind) folded before Flop
Seat 2: Vinote Vayo folded before Flop (didn't bet)
Seat 3: Dav1dson folded before Flop (didn't bet)
Seat 4: Bulliet_dk collected (346)
Seat 5: Mahu2021 folded before Flop (didn't bet)
Seat 6: waip777 folded before Flop (didn't bet)
Seat 7: sherhen (button) folded before Flop (didn't bet)
Seat 8: vvDRACULAvv (small blind) folded before Flop



PokerStars Hand #242988759781: Tournament #3570122658, $9.80+$1.20 USD Hold'em No Limit - Level IV (50/100) - 2023/04/09 20:41:42 CET [2023/04/09 14:41:42 ET]
Table '3570122658 337' 8-max Seat #8 is the button
Seat 1: SigbjørnH (10337 in chips) 
Seat 2: Vinote Vayo (13280 in chips) 
Seat 3: Dav1dson (8868 in chips) 
Seat 4: Bulliet_dk (9564 in chips) 
Seat 5: Mahu2021 (10438 in chips) 
Seat 6: waip777 (13752 in chips) 
Seat 7: sherhen (8529 in chips) 
Seat 8: vvDRACULAvv (5232 in chips) 
SigbjørnH: posts the ante 12
Vinote Vayo: posts the ante 12
Dav1dson: posts the ante 12
Bulliet_dk: posts the ante 12
Mahu2021: posts the ante 12
waip777: posts the ante 12
sherhen: posts the ante 12
vvDRACULAvv: posts the ante 12
SigbjørnH: posts small blind 50
Vinote Vayo: posts big blind 100
*** HOLE CARDS ***
Dealt to Mahu2021 [9h 3d]
Dav1dson: folds 
Bulliet_dk: folds 
Mahu2021: folds 
waip777: folds 
sherhen: raises 100 to 200
vvDRACULAvv: folds 
SigbjørnH: folds 
Vinote Vayo: calls 100
*** FLOP *** [4s Js 9s]
Vinote Vayo: checks 
sherhen: bets 175
Vinote Vayo: calls 175
*** TURN *** [4s Js 9s] [Qs]
Vinote Vayo: checks 
sherhen: checks 
*** RIVER *** [4s Js 9s Qs] [8s]
Vinote Vayo: checks 
sherhen: checks 
*** SHOW DOWN ***
Vinote Vayo: shows [As 7h] (a flush, Ace high)
sherhen: mucks hand 
Vinote Vayo collected 896 from pot
*** SUMMARY ***
Total pot 896 | Rake 0 
Board [4s Js 9s Qs 8s]
Seat 1: SigbjørnH (small blind) folded before Flop
Seat 2: Vinote Vayo (big blind) showed [As 7h] and won (896) with a flush, Ace high
Seat 3: Dav1dson folded before Flop (didn't bet)
Seat 4: Bulliet_dk folded before Flop (didn't bet)
Seat 5: Mahu2021 folded before Flop (didn't bet)
Seat 6: waip777 folded before Flop (didn't bet)
Seat 7: sherhen mucked [8h Qc]
Seat 8: vvDRACULAvv (button) folded before Flop (didn't bet)



PokerStars Hand #242988801216: Tournament #3570122658, $9.80+$1.20 USD Hold'em No Limit - Level V (60/120) - 2023/04/09 20:43:13 CET [2023/04/09 14:43:13 ET]
Table '3570122658 337' 8-max Seat #1 is the button
Seat 1: SigbjørnH (10275 in chips) 
Seat 2: Vinote Vayo (13789 in chips) 
Seat 3: Dav1dson (8856 in chips) 
Seat 4: Bulliet_dk (9552 in chips) 
Seat 5: Mahu2021 (10426 in chips) 
Seat 6: waip777 (13740 in chips) 
Seat 7: sherhen (8142 in chips) 
Seat 8: vvDRACULAvv (5220 in chips) 
SigbjørnH: posts the ante 16
Vinote Vayo: posts the ante 16
Dav1dson: posts the ante 16
Bulliet_dk: posts the ante 16
Mahu2021: posts the ante 16
waip777: posts the ante 16
sherhen: posts the ante 16
vvDRACULAvv: posts the ante 16
Vinote Vayo: posts small blind 60
Dav1dson: posts big blind 120
*** HOLE CARDS ***
Dealt to Mahu2021 [Kd Ks]
Bulliet_dk: folds 
Mahu2021: raises 10290 to 10410 and is all-in
waip777: folds 
sherhen: folds 
vvDRACULAvv: folds 
SigbjørnH: folds 
Vinote Vayo: folds 
Dav1dson: folds 
Uncalled bet (10290) returned to Mahu2021
Mahu2021 collected 428 from pot
Mahu2021: doesn't show hand 
*** SUMMARY ***
Total pot 428 | Rake 0 
Seat 1: SigbjørnH (button) folded before Flop (didn't bet)
Seat 2: Vinote Vayo (small blind) folded before Flop
Seat 3: Dav1dson (big blind) folded before Flop
Seat 4: Bulliet_dk folded before Flop (didn't bet)
Seat 5: Mahu2021 collected (428)
Seat 6: waip777 folded before Flop (didn't bet)
Seat 7: sherhen folded before Flop (didn't bet)
Seat 8: vvDRACULAvv folded before Flop (didn't bet)



PokerStars Hand #242988813449: Tournament #3570122658, $9.80+$1.20 USD Hold'em No Limit - Level V (60/120) - 2023/04/09 20:43:40 CET [2023/04/09 14:43:40 ET]
Table '3570122658 337' 8-max Seat #2 is the button
Seat 1: SigbjørnH (10259 in chips) 
Seat 2: Vinote Vayo (13713 in chips) 
Seat 3: Dav1dson (8720 in chips) 
Seat 4: Bulliet_dk (9536 in chips) 
Seat 5: Mahu2021 (10718 in chips) 
Seat 6: waip777 (13724 in chips) 
Seat 7: sherhen (8126 in chips) 
Seat 8: vvDRACULAvv (5204 in chips) 
SigbjørnH: posts the ante 16
Vinote Vayo: posts the ante 16
Dav1dson: posts the ante 16
Bulliet_dk: posts the ante 16
Mahu2021: posts the ante 16
waip777: posts the ante 16
sherhen: posts the ante 16
vvDRACULAvv: posts the ante 16
Dav1dson: posts small blind 60
Bulliet_dk: posts big blind 120
*** HOLE CARDS ***
Dealt to Mahu2021 [Jh 4s]
Mahu2021: folds 
waip777: folds 
sherhen: folds 
vvDRACULAvv: folds 
SigbjørnH: folds 
Vinote Vayo: folds 
Dav1dson: raises 120 to 240
Bulliet_dk: calls 120
*** FLOP *** [Kd 6c 7h]
Dav1dson: bets 240
Bulliet_dk: folds 
Uncalled bet (240) returned to Dav1dson
Dav1dson collected 608 from pot
*** SUMMARY ***
Total pot 608 | Rake 0 
Board [Kd 6c 7h]
Seat 1: SigbjørnH folded before Flop (didn't bet)
Seat 2: Vinote Vayo (button) folded before Flop (didn't bet)
Seat 3: Dav1dson (small blind) collected (608)
Seat 4: Bulliet_dk (big blind) folded on the Flop
Seat 5: Mahu2021 folded before Flop (didn't bet)
Seat 6: waip777 folded before Flop (didn't bet)
Seat 7: sherhen folded before Flop (didn't bet)
Seat 8: vvDRACULAvv folded before Flop (didn't bet)



PokerStars Hand #242988831609: Tournament #3570122658, $9.80+$1.20 USD Hold'em No Limit - Level V (60/120) - 2023/04/09 20:44:21 CET [2023/04/09 14:44:21 ET]
Table '3570122658 337' 8-max Seat #3 is the button
Seat 1: SigbjørnH (10243 in chips) 
Seat 2: Vinote Vayo (13697 in chips) 
Seat 3: Dav1dson (9072 in chips) 
Seat 4: Bulliet_dk (9280 in chips) 
Seat 5: Mahu2021 (10702 in chips) 
Seat 6: waip777 (13708 in chips) 
Seat 7: sherhen (8110 in chips) 
Seat 8: vvDRACULAvv (5188 in chips) 
SigbjørnH: posts the ante 16
Vinote Vayo: posts the ante 16
Dav1dson: posts the ante 16
Bulliet_dk: posts the ante 16
Mahu2021: posts the ante 16
waip777: posts the ante 16
sherhen: posts the ante 16
vvDRACULAvv: posts the ante 16
Bulliet_dk: posts small blind 60
Mahu2021: posts big blind 120
*** HOLE CARDS ***
Dealt to Mahu2021 [7d Th]
waip777: folds 
sherhen: folds 
vvDRACULAvv: folds 
SigbjørnH: raises 180 to 300
Vinote Vayo: folds 
Dav1dson: folds 
Bulliet_dk: folds 
Mahu2021: calls 180
*** FLOP *** [As 7c 8c]
Mahu2021: checks 
SigbjørnH: bets 394
Mahu2021: folds 
Uncalled bet (394) returned to SigbjørnH
SigbjørnH collected 788 from pot
SigbjørnH: doesn't show hand 
*** SUMMARY ***
Total pot 788 | Rake 0 
Board [As 7c 8c]
Seat 1: SigbjørnH collected (788)
Seat 2: Vinote Vayo folded before Flop (didn't bet)
Seat 3: Dav1dson (button) folded before Flop (didn't bet)
Seat 4: Bulliet_dk (small blind) folded before Flop
Seat 5: Mahu2021 (big blind) folded on the Flop
Seat 6: waip777 folded before Flop (didn't bet)
Seat 7: sherhen folded before Flop (didn't bet)
Seat 8: vvDRACULAvv folded before Flop (didn't bet)



PokerStars Hand #242988847801: Tournament #3570122658, $9.80+$1.20 USD Hold'em No Limit - Level V (60/120) - 2023/04/09 20:44:57 CET [2023/04/09 14:44:57 ET]
Table '3570122658 337' 8-max Seat #4 is the button
Seat 1: SigbjørnH (10715 in chips) 
Seat 2: Vinote Vayo (13681 in chips) 
Seat 3: Dav1dson (9056 in chips) 
Seat 4: Bulliet_dk (9204 in chips) 
Seat 5: Mahu2021 (10386 in chips) 
Seat 6: waip777 (13692 in chips) 
Seat 7: sherhen (8094 in chips) 
Seat 8: vvDRACULAvv (5172 in chips) 
SigbjørnH: posts the ante 16
Vinote Vayo: posts the ante 16
Dav1dson: posts the ante 16
Bulliet_dk: posts the ante 16
Mahu2021: posts the ante 16
waip777: posts the ante 16
sherhen: posts the ante 16
vvDRACULAvv: posts the ante 16
Mahu2021: posts small blind 60
waip777: posts big blind 120
*** HOLE CARDS ***
Dealt to Mahu2021 [2h 7d]
sherhen: raises 120 to 240
vvDRACULAvv: folds 
SigbjørnH: calls 240
Vinote Vayo: folds 
Dav1dson: folds 
Bulliet_dk: calls 240
Mahu2021: folds 
waip777: folds 
*** FLOP *** [8s 3s Kc]
sherhen: bets 329
SigbjørnH: folds 
Bulliet_dk: raises 391 to 720
sherhen: calls 391
*** TURN *** [8s 3s Kc] [9c]
sherhen: checks 
Bulliet_dk: bets 480
sherhen: calls 480
*** RIVER *** [8s 3s Kc 9c] [8h]
sherhen: checks 
Bulliet_dk: checks 
*** SHOW DOWN ***
sherhen: shows [Jd Jh] (two pair, Jacks and Eights)
Bulliet_dk: shows [Ks Jc] (two pair, Kings and Eights)
Bulliet_dk collected 3428 from pot
*** SUMMARY ***
Total pot 3428 | Rake 0 
Board [8s 3s Kc 9c 8h]
Seat 1: SigbjørnH folded on the Flop
Seat 2: Vinote Vayo folded before Flop (didn't bet)
Seat 3: Dav1dson folded before Flop (didn't bet)
Seat 4: Bulliet_dk (button) showed [Ks Jc] and won (3428) with two pair, Kings and Eights
Seat 5: Mahu2021 (small blind) folded before Flop
Seat 6: waip777 (big blind) folded before Flop
Seat 7: sherhen showed [Jd Jh] and lost with two pair, Jacks and Eights
Seat 8: vvDRACULAvv folded before Flop (didn't bet)



PokerStars Hand #242988885463: Tournament #3570122658, $9.80+$1.20 USD Hold'em No Limit - Level V (60/120) - 2023/04/09 20:46:21 CET [2023/04/09 14:46:21 ET]
Table '3570122658 337' 8-max Seat #5 is the button
Seat 1: SigbjørnH (10459 in chips) 
Seat 2: Vinote Vayo (13665 in chips) 
Seat 3: Dav1dson (9040 in chips) 
Seat 4: Bulliet_dk (11176 in chips) 
Seat 5: Mahu2021 (10310 in chips) 
Seat 6: waip777 (13556 in chips) 
Seat 7: sherhen (6638 in chips) 
Seat 8: vvDRACULAvv (5156 in chips) 
SigbjørnH: posts the ante 16
Vinote Vayo: posts the ante 16
Dav1dson: posts the ante 16
Bulliet_dk: posts the ante 16
Mahu2021: posts the ante 16
waip777: posts the ante 16
sherhen: posts the ante 16
vvDRACULAvv: posts the ante 16
waip777: posts small blind 60
sherhen: posts big blind 120
*** HOLE CARDS ***
Dealt to Mahu2021 [6h 4d]
vvDRACULAvv: folds 
SigbjørnH: raises 180 to 300
Vinote Vayo: folds 
Dav1dson: folds 
Bulliet_dk: calls 300
Mahu2021: folds 
waip777: folds 
sherhen: calls 180
*** FLOP *** [7c Th Ad]
sherhen: checks 
SigbjørnH: checks 
Bulliet_dk: checks 
*** TURN *** [7c Th Ad] [3d]
sherhen: checks 
SigbjørnH: bets 544
Bulliet_dk: calls 544
sherhen: folds 
*** RIVER *** [7c Th Ad 3d] [Kd]
SigbjørnH: checks 
Bulliet_dk: checks 
*** SHOW DOWN ***
SigbjørnH: shows [Kc Qh] (a pair of Kings)
Bulliet_dk: shows [9s As] (a pair of Aces)
Bulliet_dk collected 2176 from pot
*** SUMMARY ***
Total pot 2176 | Rake 0 
Board [7c Th Ad 3d Kd]
Seat 1: SigbjørnH showed [Kc Qh] and lost with a pair of Kings
Seat 2: Vinote Vayo folded before Flop (didn't bet)
Seat 3: Dav1dson folded before Flop (didn't bet)
Seat 4: Bulliet_dk showed [9s As] and won (2176) with a pair of Aces
Seat 5: Mahu2021 (button) folded before Flop (didn't bet)
Seat 6: waip777 (small blind) folded before Flop
Seat 7: sherhen (big blind) folded on the Turn
Seat 8: vvDRACULAvv folded before Flop (didn't bet)



PokerStars Hand #242988931511: Tournament #3570122658, $9.80+$1.20 USD Hold'em No Limit - Level V (60/120) - 2023/04/09 20:48:03 CET [2023/04/09 14:48:03 ET]
Table '3570122658 337' 8-max Seat #6 is the button
Seat 1: SigbjørnH (9599 in chips) 
Seat 2: Vinote Vayo (13649 in chips) 
Seat 3: Dav1dson (9024 in chips) 
Seat 4: Bulliet_dk (12492 in chips) 
Seat 5: Mahu2021 (10294 in chips) 
Seat 6: waip777 (13480 in chips) 
Seat 7: sherhen (6322 in chips) 
Seat 8: vvDRACULAvv (5140 in chips) 
SigbjørnH: posts the ante 16
Vinote Vayo: posts the ante 16
Dav1dson: posts the ante 16
Bulliet_dk: posts the ante 16
Mahu2021: posts the ante 16
waip777: posts the ante 16
sherhen: posts the ante 16
vvDRACULAvv: posts the ante 16
sherhen: posts small blind 60
vvDRACULAvv: posts big blind 120
*** HOLE CARDS ***
Dealt to Mahu2021 [2d Kc]
SigbjørnH: folds 
Vinote Vayo: folds 
Dav1dson: calls 120
Bulliet_dk: raises 120 to 240
Mahu2021: folds 
waip777: raises 720 to 960
sherhen: folds 
vvDRACULAvv: folds 
Dav1dson: folds 
Bulliet_dk: calls 720
*** FLOP *** [Qs 3h 4c]
Bulliet_dk: checks 
waip777: bets 840
Bulliet_dk: folds 
Uncalled bet (840) returned to waip777
waip777 collected 2348 from pot
waip777: doesn't show hand 
*** SUMMARY ***
Total pot 2348 | Rake 0 
Board [Qs 3h 4c]
Seat 1: SigbjørnH folded before Flop (didn't bet)
Seat 2: Vinote Vayo folded before Flop (didn't bet)
Seat 3: Dav1dson folded before Flop
Seat 4: Bulliet_dk folded on the Flop
Seat 5: Mahu2021 folded before Flop (didn't bet)
Seat 6: waip777 (button) collected (2348)
Seat 7: sherhen (small blind) folded before Flop
Seat 8: vvDRACULAvv (big blind) folded before Flop



PokerStars Hand #242988963564: Tournament #3570122658, $9.80+$1.20 USD Hold'em No Limit - Level V (60/120) - 2023/04/09 20:49:15 CET [2023/04/09 14:49:15 ET]
Table '3570122658 337' 8-max Seat #7 is the button
Seat 1: SigbjørnH (9583 in chips) 
Seat 2: Vinote Vayo (13633 in chips) 
Seat 3: Dav1dson (8888 in chips) 
Seat 4: Bulliet_dk (11516 in chips) 
Seat 5: Mahu2021 (10278 in chips) 
Seat 6: waip777 (14852 in chips) 
Seat 7: sherhen (6246 in chips) 
Seat 8: vvDRACULAvv (5004 in chips) 
SigbjørnH: posts the ante 16
Vinote Vayo: posts the ante 16
Dav1dson: posts the ante 16
Bulliet_dk: posts the ante 16
Mahu2021: posts the ante 16
waip777: posts the ante 16
sherhen: posts the ante 16
vvDRACULAvv: posts the ante 16
vvDRACULAvv: posts small blind 60
SigbjørnH: posts big blind 120
*** HOLE CARDS ***
Dealt to Mahu2021 [7s 4h]
Vinote Vayo: folds 
Dav1dson: folds 
Bulliet_dk: folds 
Mahu2021: folds 
waip777: raises 180 to 300
sherhen: folds 
vvDRACULAvv: raises 660 to 960
SigbjørnH: folds 
waip777: raises 5580 to 6540
vvDRACULAvv: calls 4028 and is all-in
Uncalled bet (1552) returned to waip777
*** FLOP *** [3h 3s Kc]
*** TURN *** [3h 3s Kc] [8h]
*** RIVER *** [3h 3s Kc 8h] [Kh]
*** SHOW DOWN ***
vvDRACULAvv: shows [Ts Tc] (two pair, Kings and Tens)
waip777: shows [Qc Qs] (two pair, Kings and Queens)
waip777 collected 10224 from pot
vvDRACULAvv finished the tournament
*** SUMMARY ***
Total pot 10224 | Rake 0 
Board [3h 3s Kc 8h Kh]
Seat 1: SigbjørnH (big blind) folded before Flop
Seat 2: Vinote Vayo folded before Flop (didn't bet)
Seat 3: Dav1dson folded before Flop (didn't bet)
Seat 4: Bulliet_dk folded before Flop (didn't bet)
Seat 5: Mahu2021 folded before Flop (didn't bet)
Seat 6: waip777 showed [Qc Qs] and won (10224) with two pair, Kings and Queens
Seat 7: sherhen (button) folded before Flop (didn't bet)
Seat 8: vvDRACULAvv (small blind) showed [Ts Tc] and lost with two pair, Kings and Tens



PokerStars Hand #242988986068: Tournament #3570122658, $9.80+$1.20 USD Hold'em No Limit - Level V (60/120) - 2023/04/09 20:50:06 CET [2023/04/09 14:50:06 ET]
Table '3570122658 337' 8-max Seat #1 is the button
Seat 1: SigbjørnH (9447 in chips) 
Seat 2: Vinote Vayo (13617 in chips) 
Seat 3: Dav1dson (8872 in chips) 
Seat 4: Bulliet_dk (11500 in chips) 
Seat 5: Mahu2021 (10262 in chips) 
Seat 6: waip777 (20072 in chips) 
Seat 7: sherhen (6230 in chips) 
SigbjørnH: posts the ante 16
Vinote Vayo: posts the ante 16
Dav1dson: posts the ante 16
Bulliet_dk: posts the ante 16
Mahu2021: posts the ante 16
waip777: posts the ante 16
sherhen: posts the ante 16
Vinote Vayo: posts small blind 60
Dav1dson: posts big blind 120
*** HOLE CARDS ***
Dealt to Mahu2021 [5s 7h]
Bulliet_dk: folds 
Mahu2021: folds 
waip777: raises 120 to 240
sherhen: calls 240
SigbjørnH: calls 240
Vinote Vayo: folds 
Dav1dson: calls 120
*** FLOP *** [4s 5d 3c]
Dav1dson: checks 
waip777: checks 
sherhen: bets 600
SigbjørnH: folds 
Dav1dson: calls 600
waip777: folds 
*** TURN *** [4s 5d 3c] [Kc]
Dav1dson: checks 
sherhen: bets 1166
Dav1dson: folds 
Uncalled bet (1166) returned to sherhen
sherhen collected 2332 from pot
*** SUMMARY ***
Total pot 2332 | Rake 0 
Board [4s 5d 3c Kc]
Seat 1: SigbjørnH (button) folded on the Flop
Seat 2: Vinote Vayo (small blind) folded before Flop
Seat 3: Dav1dson (big blind) folded on the Turn
Seat 4: Bulliet_dk folded before Flop (didn't bet)
Seat 5: Mahu2021 folded before Flop (didn't bet)
Seat 6: waip777 folded on the Flop
Seat 7: sherhen collected (2332)



PokerStars Hand #242989024093: Tournament #3570122658, $9.80+$1.20 USD Hold'em No Limit - Level V (60/120) - 2023/04/09 20:51:32 CET [2023/04/09 14:51:32 ET]
Table '3570122658 337' 8-max Seat #2 is the button
Seat 1: SigbjørnH (9191 in chips) 
Seat 2: Vinote Vayo (13541 in chips) 
Seat 3: Dav1dson (8016 in chips) 
Seat 4: Bulliet_dk (11484 in chips) 
Seat 5: Mahu2021 (10246 in chips) 
Seat 6: waip777 (19816 in chips) 
Seat 7: sherhen (7706 in chips) 
Seat 8: cheekycharlie (10000 in chips) 
SigbjørnH: posts the ante 16
Vinote Vayo: posts the ante 16
Dav1dson: posts the ante 16
Bulliet_dk: posts the ante 16
Mahu2021: posts the ante 16
waip777: posts the ante 16
sherhen: posts the ante 16
cheekycharlie: posts the ante 16
Dav1dson: posts small blind 60
Bulliet_dk: posts big blind 120
*** HOLE CARDS ***
Dealt to Mahu2021 [3c Th]
Mahu2021: folds 
waip777: folds 
sherhen: folds 
cheekycharlie: raises 180 to 300
SigbjørnH: folds 
Vinote Vayo: calls 300
Dav1dson: folds 
Bulliet_dk: folds 
*** FLOP *** [6s 6h 6c]
cheekycharlie: bets 360
Vinote Vayo: calls 360
*** TURN *** [6s 6h 6c] [As]
cheekycharlie: bets 960
Vinote Vayo: folds 
Uncalled bet (960) returned to cheekycharlie
cheekycharlie collected 1628 from pot
*** SUMMARY ***
Total pot 1628 | Rake 0 
Board [6s 6h 6c As]
Seat 1: SigbjørnH folded before Flop (didn't bet)
Seat 2: Vinote Vayo (button) folded on the Turn
Seat 3: Dav1dson (small blind) folded before Flop
Seat 4: Bulliet_dk (big blind) folded before Flop
Seat 5: Mahu2021 folded before Flop (didn't bet)
Seat 6: waip777 folded before Flop (didn't bet)
Seat 7: sherhen folded before Flop (didn't bet)
Seat 8: cheekycharlie collected (1628)



PokerStars Hand #242989045583: Tournament #3570122658, $9.80+$1.20 USD Hold'em No Limit - Level VI (80/160) - 2023/04/09 20:52:20 CET [2023/04/09 14:52:20 ET]
Table '3570122658 337' 8-max Seat #3 is the button
Seat 1: SigbjørnH (9175 in chips) 
Seat 2: Vinote Vayo (12865 in chips) 
Seat 3: Dav1dson (7940 in chips) 
Seat 4: Bulliet_dk (11348 in chips) 
Seat 5: Mahu2021 (10230 in chips) 
Seat 6: waip777 (19800 in chips) 
Seat 7: sherhen (7690 in chips) 
Seat 8: cheekycharlie (10952 in chips) 
SigbjørnH: posts the ante 20
Vinote Vayo: posts the ante 20
Dav1dson: posts the ante 20
Bulliet_dk: posts the ante 20
Mahu2021: posts the ante 20
waip777: posts the ante 20
sherhen: posts the ante 20
cheekycharlie: posts the ante 20
Bulliet_dk: posts small blind 80
Mahu2021: posts big blind 160
*** HOLE CARDS ***
Dealt to Mahu2021 [7s 6d]
waip777: folds 
sherhen: folds 
cheekycharlie: folds 
SigbjørnH: raises 240 to 400
Vinote Vayo: raises 800 to 1200
Dav1dson: raises 6720 to 7920 and is all-in
Bulliet_dk: folds 
Mahu2021: folds 
SigbjørnH: folds 
Vinote Vayo: folds 
Uncalled bet (6720) returned to Dav1dson
Dav1dson collected 3200 from pot
*** SUMMARY ***
Total pot 3200 | Rake 0 
Seat 1: SigbjørnH folded before Flop
Seat 2: Vinote Vayo folded before Flop
Seat 3: Dav1dson (button) collected (3200)
Seat 4: Bulliet_dk (small blind) folded before Flop
Seat 5: Mahu2021 (big blind) folded before Flop
Seat 6: waip777 folded before Flop (didn't bet)
Seat 7: sherhen folded before Flop (didn't bet)
Seat 8: cheekycharlie folded before Flop (didn't bet)



PokerStars Hand #242989069185: Tournament #3570122658, $9.80+$1.20 USD Hold'em No Limit - Level VI (80/160) - 2023/04/09 20:53:12 CET [2023/04/09 14:53:12 ET]
Table '3570122658 337' 8-max Seat #4 is the button
Seat 1: SigbjørnH (8755 in chips) 
Seat 2: Vinote Vayo (11645 in chips) 
Seat 3: Dav1dson (9920 in chips) 
Seat 4: Bulliet_dk (11248 in chips) 
Seat 5: Mahu2021 (10050 in chips) 
Seat 6: waip777 (19780 in chips) 
Seat 7: sherhen (7670 in chips) 
Seat 8: cheekycharlie (10932 in chips) 
SigbjørnH: posts the ante 20
Vinote Vayo: posts the ante 20
Dav1dson: posts the ante 20
Bulliet_dk: posts the ante 20
Mahu2021: posts the ante 20
waip777: posts the ante 20
sherhen: posts the ante 20
cheekycharlie: posts the ante 20
Mahu2021: posts small blind 80
waip777: posts big blind 160
*** HOLE CARDS ***
Dealt to Mahu2021 [6h Kc]
sherhen: folds 
cheekycharlie: folds 
SigbjørnH: raises 240 to 400
Vinote Vayo: calls 400
Dav1dson: folds 
Bulliet_dk: folds 
Mahu2021: folds 
waip777: calls 240
*** FLOP *** [Jd 2d Ad]
waip777: checks 
SigbjørnH: checks 
Vinote Vayo: bets 475
waip777: folds 
SigbjørnH: calls 475
*** TURN *** [Jd 2d Ad] [Jh]
SigbjørnH: checks 
Vinote Vayo: bets 789
SigbjørnH: raises 1984 to 2773
Vinote Vayo: folds 
Uncalled bet (1984) returned to SigbjørnH
SigbjørnH collected 3968 from pot
SigbjørnH: doesn't show hand 
*** SUMMARY ***
Total pot 3968 | Rake 0 
Board [Jd 2d Ad Jh]
Seat 1: SigbjørnH collected (3968)
Seat 2: Vinote Vayo folded on the Turn
Seat 3: Dav1dson folded before Flop (didn't bet)
Seat 4: Bulliet_dk (button) folded before Flop (didn't bet)
Seat 5: Mahu2021 (small blind) folded before Flop
Seat 6: waip777 (big blind) folded on the Flop
Seat 7: sherhen folded before Flop (didn't bet)
Seat 8: cheekycharlie folded before Flop (didn't bet)



PokerStars Hand #242989113789: Tournament #3570122658, $9.80+$1.20 USD Hold'em No Limit - Level VI (80/160) - 2023/04/09 20:54:53 CET [2023/04/09 14:54:53 ET]
Table '3570122658 337' 8-max Seat #5 is the button
Seat 1: SigbjørnH (11039 in chips) 
Seat 2: Vinote Vayo (9961 in chips) 
Seat 3: Dav1dson (9900 in chips) 
Seat 4: Bulliet_dk (11228 in chips) 
Seat 5: Mahu2021 (9950 in chips) 
Seat 6: waip777 (19360 in chips) 
Seat 7: sherhen (7650 in chips) 
Seat 8: cheekycharlie (10912 in chips) 
SigbjørnH: posts the ante 20
Vinote Vayo: posts the ante 20
Dav1dson: posts the ante 20
Bulliet_dk: posts the ante 20
Mahu2021: posts the ante 20
waip777: posts the ante 20
sherhen: posts the ante 20
cheekycharlie: posts the ante 20
waip777: posts small blind 80
sherhen: posts big blind 160
*** HOLE CARDS ***
Dealt to Mahu2021 [Th 9d]
cheekycharlie: folds 
SigbjørnH: raises 240 to 400
Vinote Vayo: folds 
Dav1dson: raises 720 to 1120
Bulliet_dk: folds 
Mahu2021: folds 
waip777: folds 
sherhen: folds 
SigbjørnH: calls 720
*** FLOP *** [Jh Kh 5d]
SigbjørnH: checks 
Dav1dson: bets 480
SigbjørnH: calls 480
*** TURN *** [Jh Kh 5d] [6s]
SigbjørnH: checks 
Dav1dson: bets 1160
SigbjørnH: folds 
Uncalled bet (1160) returned to Dav1dson
Dav1dson collected 3600 from pot
*** SUMMARY ***
Total pot 3600 | Rake 0 
Board [Jh Kh 5d 6s]
Seat 1: SigbjørnH folded on the Turn
Seat 2: Vinote Vayo folded before Flop (didn't bet)
Seat 3: Dav1dson collected (3600)
Seat 4: Bulliet_dk folded before Flop (didn't bet)
Seat 5: Mahu2021 (button) folded before Flop (didn't bet)
Seat 6: waip777 (small blind) folded before Flop
Seat 7: sherhen (big blind) folded before Flop
Seat 8: cheekycharlie folded before Flop (didn't bet)



PokerStars Hand #242989260027: Tournament #3570122658, $9.80+$1.20 USD Hold'em No Limit - Level VI (80/160) - 2023/04/09 21:03:09 CET [2023/04/09 15:03:09 ET]
Table '3570122658 337' 8-max Seat #6 is the button
Seat 1: SigbjørnH (9419 in chips) 
Seat 2: lenrod2015 (10000 in chips) 
Seat 3: Dav1dson (11880 in chips) 
Seat 4: Bulliet_dk (11208 in chips) 
Seat 5: Mahu2021 (9930 in chips) 
Seat 6: waip777 (19260 in chips) 
Seat 7: sherhen (7470 in chips) 
Seat 8: cheekycharlie (10892 in chips) 
SigbjørnH: posts the ante 20
lenrod2015: posts the ante 20
Dav1dson: posts the ante 20
Bulliet_dk: posts the ante 20
Mahu2021: posts the ante 20
waip777: posts the ante 20
sherhen: posts the ante 20
cheekycharlie: posts the ante 20
sherhen: posts small blind 80
cheekycharlie: posts big blind 160
*** HOLE CARDS ***
Dealt to Mahu2021 [Js 7c]
SigbjørnH: folds 
lenrod2015: folds 
Dav1dson: folds 
Bulliet_dk: folds 
Mahu2021: raises 160 to 320
waip777: folds 
sherhen: folds 
cheekycharlie: calls 160
*** FLOP *** [9s 5c Qh]
cheekycharlie: checks 
Mahu2021: checks 
*** TURN *** [9s 5c Qh] [2s]
cheekycharlie: bets 640
Mahu2021: folds 
Uncalled bet (640) returned to cheekycharlie
cheekycharlie collected 880 from pot
cheekycharlie: doesn't show hand 
*** SUMMARY ***
Total pot 880 | Rake 0 
Board [9s 5c Qh 2s]
Seat 1: SigbjørnH folded before Flop (didn't bet)
Seat 2: lenrod2015 folded before Flop (didn't bet)
Seat 3: Dav1dson folded before Flop (didn't bet)
Seat 4: Bulliet_dk folded before Flop (didn't bet)
Seat 5: Mahu2021 folded on the Turn
Seat 6: waip777 (button) folded before Flop (didn't bet)
Seat 7: sherhen (small blind) folded before Flop
Seat 8: cheekycharlie (big blind) collected (880)



PokerStars Hand #242989288648: Tournament #3570122658, $9.80+$1.20 USD Hold'em No Limit - Level VI (80/160) - 2023/04/09 21:04:15 CET [2023/04/09 15:04:15 ET]
Table '3570122658 337' 8-max Seat #7 is the button
Seat 1: SigbjørnH (9399 in chips) 
Seat 2: lenrod2015 (9980 in chips) 
Seat 3: Dav1dson (11860 in chips) 
Seat 4: Bulliet_dk (11188 in chips) 
Seat 5: Mahu2021 (9590 in chips) 
Seat 6: waip777 (19240 in chips) 
Seat 7: sherhen (7370 in chips) 
Seat 8: cheekycharlie (11432 in chips) 
SigbjørnH: posts the ante 20
lenrod2015: posts the ante 20
Dav1dson: posts the ante 20
Bulliet_dk: posts the ante 20
Mahu2021: posts the ante 20
waip777: posts the ante 20
sherhen: posts the ante 20
cheekycharlie: posts the ante 20
cheekycharlie: posts small blind 80
SigbjørnH: posts big blind 160
*** HOLE CARDS ***
Dealt to Mahu2021 [7c Jh]
lenrod2015: folds 
Dav1dson: folds 
Bulliet_dk: raises 160 to 320
Mahu2021: folds 
waip777: folds 
sherhen: folds 
cheekycharlie: folds 
SigbjørnH: calls 160
*** FLOP *** [5c Qd 4s]
SigbjørnH: checks 
Bulliet_dk: checks 
*** TURN *** [5c Qd 4s] [6d]
SigbjørnH: checks 
Bulliet_dk: bets 640
SigbjørnH: calls 640
*** RIVER *** [5c Qd 4s 6d] [2d]
SigbjørnH: checks 
Bulliet_dk: checks 
*** SHOW DOWN ***
SigbjørnH: shows [Jd Ac] (high card Ace)
Bulliet_dk: mucks hand 
SigbjørnH collected 2160 from pot
*** SUMMARY ***
Total pot 2160 | Rake 0 
Board [5c Qd 4s 6d 2d]
Seat 1: SigbjørnH (big blind) showed [Jd Ac] and won (2160) with high card Ace
Seat 2: lenrod2015 folded before Flop (didn't bet)
Seat 3: Dav1dson folded before Flop (didn't bet)
Seat 4: Bulliet_dk mucked [9s 8c]
Seat 5: Mahu2021 folded before Flop (didn't bet)
Seat 6: waip777 folded before Flop (didn't bet)
Seat 7: sherhen (button) folded before Flop (didn't bet)
Seat 8: cheekycharlie (small blind) folded before Flop



PokerStars Hand #242989320724: Tournament #3570122658, $9.80+$1.20 USD Hold'em No Limit - Level VI (80/160) - 2023/04/09 21:05:25 CET [2023/04/09 15:05:25 ET]
Table '3570122658 337' 8-max Seat #8 is the button
Seat 1: SigbjørnH (10579 in chips) 
Seat 2: lenrod2015 (9960 in chips) 
Seat 3: Dav1dson (11840 in chips) 
Seat 4: Bulliet_dk (10208 in chips) 
Seat 5: Mahu2021 (9570 in chips) 
Seat 6: waip777 (19220 in chips) 
Seat 7: sherhen (7350 in chips) 
Seat 8: cheekycharlie (11332 in chips) 
SigbjørnH: posts the ante 20
lenrod2015: posts the ante 20
Dav1dson: posts the ante 20
Bulliet_dk: posts the ante 20
Mahu2021: posts the ante 20
waip777: posts the ante 20
sherhen: posts the ante 20
cheekycharlie: posts the ante 20
SigbjørnH: posts small blind 80
lenrod2015: posts big blind 160
*** HOLE CARDS ***
Dealt to Mahu2021 [3d 2h]
Dav1dson: folds 
Bulliet_dk: folds 
Mahu2021: folds 
waip777: raises 160 to 320
sherhen: folds 
cheekycharlie: folds 
SigbjørnH: folds 
lenrod2015: folds 
Uncalled bet (160) returned to waip777
waip777 collected 560 from pot
waip777: doesn't show hand 
*** SUMMARY ***
Total pot 560 | Rake 0 
Seat 1: SigbjørnH (small blind) folded before Flop
Seat 2: lenrod2015 (big blind) folded before Flop
Seat 3: Dav1dson folded before Flop (didn't bet)
Seat 4: Bulliet_dk folded before Flop (didn't bet)
Seat 5: Mahu2021 folded before Flop (didn't bet)
Seat 6: waip777 collected (560)
Seat 7: sherhen folded before Flop (didn't bet)
Seat 8: cheekycharlie (button) folded before Flop (didn't bet)



PokerStars Hand #242989345653: Tournament #3570122658, $9.80+$1.20 USD Hold'em No Limit - Level VI (80/160) - 2023/04/09 21:06:18 CET [2023/04/09 15:06:18 ET]
Table '3570122658 337' 8-max Seat #1 is the button
Seat 1: SigbjørnH (10479 in chips) 
Seat 2: lenrod2015 (9780 in chips) 
Seat 4: Bulliet_dk (10188 in chips) 
Seat 5: Mahu2021 (9550 in chips) 
Seat 6: waip777 (19600 in chips) 
Seat 7: sherhen (7330 in chips) 
Seat 8: cheekycharlie (11312 in chips) 
SigbjørnH: posts the ante 20
lenrod2015: posts the ante 20
Bulliet_dk: posts the ante 20
Mahu2021: posts the ante 20
waip777: posts the ante 20
sherhen: posts the ante 20
cheekycharlie: posts the ante 20
lenrod2015: posts small blind 80
Bulliet_dk: posts big blind 160
*** HOLE CARDS ***
Dealt to Mahu2021 [6h Kd]
Mahu2021: folds 
waip777: folds 
sherhen: folds 
cheekycharlie: raises 320 to 480
SigbjørnH has timed out
SigbjørnH: folds 
SigbjørnH is sitting out
lenrod2015: folds 
Bulliet_dk: folds 
Uncalled bet (320) returned to cheekycharlie
cheekycharlie collected 540 from pot
*** SUMMARY ***
Total pot 540 | Rake 0 
Seat 1: SigbjørnH (button) folded before Flop (didn't bet)
Seat 2: lenrod2015 (small blind) folded before Flop
Seat 4: Bulliet_dk (big blind) folded before Flop
Seat 5: Mahu2021 folded before Flop (didn't bet)
Seat 6: waip777 folded before Flop (didn't bet)
Seat 7: sherhen folded before Flop (didn't bet)
Seat 8: cheekycharlie collected (540)



PokerStars Hand #242989360766: Tournament #3570122658, $9.80+$1.20 USD Hold'em No Limit - Level VI (80/160) - 2023/04/09 21:06:49 CET [2023/04/09 15:06:49 ET]
Table '3570122658 337' 8-max Seat #2 is the button
Seat 1: SigbjørnH (10459 in chips) is sitting out
Seat 2: lenrod2015 (9680 in chips) 
Seat 3: Leiteboss1989 (10000 in chips) out of hand (moved from another table into small blind)
Seat 4: Bulliet_dk (10008 in chips) 
Seat 5: Mahu2021 (9530 in chips) 
Seat 6: waip777 (19580 in chips) 
Seat 7: sherhen (7310 in chips) 
Seat 8: cheekycharlie (11672 in chips) 
Leiteboss1989 will be allowed to play after the button
SigbjørnH: posts the ante 20
lenrod2015: posts the ante 20
Bulliet_dk: posts the ante 20
Mahu2021: posts the ante 20
waip777: posts the ante 20
sherhen: posts the ante 20
cheekycharlie: posts the ante 20
Bulliet_dk: posts small blind 80
Mahu2021: posts big blind 160
*** HOLE CARDS ***
Dealt to Mahu2021 [Kd 3c]
SigbjørnH has returned
waip777: folds 
sherhen: folds 
cheekycharlie: folds 
SigbjørnH: folds 
lenrod2015: raises 160 to 320
Bulliet_dk: calls 240
Mahu2021: calls 160
*** FLOP *** [9d 5c Ad]
Bulliet_dk: checks 
Mahu2021: checks 
lenrod2015: checks 
*** TURN *** [9d 5c Ad] [8s]
Bulliet_dk: checks 
Mahu2021: bets 320
lenrod2015: folds 
Bulliet_dk: calls 320
*** RIVER *** [9d 5c Ad 8s] [4h]
Bulliet_dk: checks 
Mahu2021: checks 
*** SHOW DOWN ***
Bulliet_dk: shows [Jc Qs] (high card Ace)
Mahu2021: shows [Kd 3c] (high card Ace - King kicker)
Mahu2021 collected 1740 from pot
*** SUMMARY ***
Total pot 1740 | Rake 0 
Board [9d 5c Ad 8s 4h]
Seat 1: SigbjørnH folded before Flop (didn't bet)
Seat 2: lenrod2015 (button) folded on the Turn
Seat 4: Bulliet_dk (small blind) showed [Jc Qs] and lost with high card Ace
Seat 5: Mahu2021 (big blind) showed [Kd 3c] and won (1740) with high card Ace
Seat 6: waip777 folded before Flop (didn't bet)
Seat 7: sherhen folded before Flop (didn't bet)
Seat 8: cheekycharlie folded before Flop (didn't bet)



PokerStars Hand #242989382967: Tournament #3570122658, $9.80+$1.20 USD Hold'em No Limit - Level VI (80/160) - 2023/04/09 21:07:36 CET [2023/04/09 15:07:36 ET]
Table '3570122658 337' 8-max Seat #4 is the button
Seat 1: SigbjørnH (10439 in chips) 
Seat 2: lenrod2015 (9340 in chips) 
Seat 3: Leiteboss1989 (10000 in chips) 
Seat 4: Bulliet_dk (9348 in chips) 
Seat 5: Mahu2021 (10610 in chips) 
Seat 6: waip777 (19560 in chips) 
Seat 7: sherhen (7290 in chips) 
Seat 8: cheekycharlie (11652 in chips) 
SigbjørnH: posts the ante 20
lenrod2015: posts the ante 20
Leiteboss1989: posts the ante 20
Bulliet_dk: posts the ante 20
Mahu2021: posts the ante 20
waip777: posts the ante 20
sherhen: posts the ante 20
cheekycharlie: posts the ante 20
Mahu2021: posts small blind 80
waip777: posts big blind 160
*** HOLE CARDS ***
Dealt to Mahu2021 [9c 5c]
sherhen: folds 
cheekycharlie: folds 
SigbjørnH: raises 240 to 400
lenrod2015: folds 
Leiteboss1989: folds 
Bulliet_dk: folds 
Mahu2021: folds 
waip777: folds 
Uncalled bet (240) returned to SigbjørnH
SigbjørnH collected 560 from pot
SigbjørnH: doesn't show hand 
*** SUMMARY ***
Total pot 560 | Rake 0 
Seat 1: SigbjørnH collected (560)
Seat 2: lenrod2015 folded before Flop (didn't bet)
Seat 3: Leiteboss1989 folded before Flop (didn't bet)
Seat 4: Bulliet_dk (button) folded before Flop (didn't bet)
Seat 5: Mahu2021 (small blind) folded before Flop
Seat 6: waip777 (big blind) folded before Flop
Seat 7: sherhen folded before Flop (didn't bet)
Seat 8: cheekycharlie folded before Flop (didn't bet)



PokerStars Hand #242989399312: Tournament #3570122658, $9.80+$1.20 USD Hold'em No Limit - Level VI (80/160) - 2023/04/09 21:08:10 CET [2023/04/09 15:08:10 ET]
Table '3570122658 337' 8-max Seat #5 is the button
Seat 1: SigbjørnH (10819 in chips) 
Seat 2: lenrod2015 (9320 in chips) 
Seat 3: Leiteboss1989 (9980 in chips) 
Seat 4: Bulliet_dk (9328 in chips) 
Seat 5: Mahu2021 (10510 in chips) 
Seat 6: waip777 (19380 in chips) 
Seat 7: sherhen (7270 in chips) 
Seat 8: cheekycharlie (11632 in chips) 
SigbjørnH: posts the ante 20
lenrod2015: posts the ante 20
Leiteboss1989: posts the ante 20
Bulliet_dk: posts the ante 20
Mahu2021: posts the ante 20
waip777: posts the ante 20
sherhen: posts the ante 20
cheekycharlie: posts the ante 20
waip777: posts small blind 80
sherhen: posts big blind 160
*** HOLE CARDS ***
Dealt to Mahu2021 [7d 2c]
cheekycharlie: folds 
SigbjørnH: folds 
lenrod2015: folds 
Leiteboss1989: folds 
Bulliet_dk: folds 
Mahu2021: folds 
waip777: raises 320 to 480
sherhen: calls 320
*** FLOP *** [Td 4h 6s]
waip777: checks 
sherhen: bets 358
waip777: calls 358
*** TURN *** [Td 4h 6s] [7s]
waip777: checks 
sherhen: bets 1200
waip777: calls 1200
*** RIVER *** [Td 4h 6s 7s] [Th]
waip777: checks 
sherhen: bets 2160
waip777: folds 
Uncalled bet (2160) returned to sherhen
sherhen collected 4236 from pot
*** SUMMARY ***
Total pot 4236 | Rake 0 
Board [Td 4h 6s 7s Th]
Seat 1: SigbjørnH folded before Flop (didn't bet)
Seat 2: lenrod2015 folded before Flop (didn't bet)
Seat 3: Leiteboss1989 folded before Flop (didn't bet)
Seat 4: Bulliet_dk folded before Flop (didn't bet)
Seat 5: Mahu2021 (button) folded before Flop (didn't bet)
Seat 6: waip777 (small blind) folded on the River
Seat 7: sherhen (big blind) collected (4236)
Seat 8: cheekycharlie folded before Flop (didn't bet)



PokerStars Hand #242989442891: Tournament #3570122658, $9.80+$1.20 USD Hold'em No Limit - Level VI (80/160) - 2023/04/09 21:09:41 CET [2023/04/09 15:09:41 ET]
Table '3570122658 337' 8-max Seat #6 is the button
Seat 1: SigbjørnH (10799 in chips) 
Seat 2: lenrod2015 (9300 in chips) 
Seat 3: Leiteboss1989 (9960 in chips) 
Seat 4: Bulliet_dk (9308 in chips) 
Seat 5: Mahu2021 (10490 in chips) 
Seat 6: waip777 (17322 in chips) 
Seat 7: sherhen (9448 in chips) 
Seat 8: cheekycharlie (11612 in chips) 
SigbjørnH: posts the ante 20
lenrod2015: posts the ante 20
Leiteboss1989: posts the ante 20
Bulliet_dk: posts the ante 20
Mahu2021: posts the ante 20
waip777: posts the ante 20
sherhen: posts the ante 20
cheekycharlie: posts the ante 20
sherhen: posts small blind 80
cheekycharlie: posts big blind 160
*** HOLE CARDS ***
Dealt to Mahu2021 [3s 8h]
SigbjørnH: folds 
lenrod2015: raises 160 to 320
Leiteboss1989: calls 320
Bulliet_dk: folds 
Mahu2021: folds 
waip777: folds 
sherhen: folds 
cheekycharlie: calls 160
*** FLOP *** [Tc 3c Js]
cheekycharlie: checks 
lenrod2015: bets 160
Leiteboss1989: raises 460 to 620
cheekycharlie: folds 
lenrod2015: calls 460
*** TURN *** [Tc 3c Js] [5d]
lenrod2015: checks 
Leiteboss1989: bets 2000
lenrod2015: folds 
Uncalled bet (2000) returned to Leiteboss1989
Leiteboss1989 collected 2440 from pot
*** SUMMARY ***
Total pot 2440 | Rake 0 
Board [Tc 3c Js 5d]
Seat 1: SigbjørnH folded before Flop (didn't bet)
Seat 2: lenrod2015 folded on the Turn
Seat 3: Leiteboss1989 collected (2440)
Seat 4: Bulliet_dk folded before Flop (didn't bet)
Seat 5: Mahu2021 folded before Flop (didn't bet)
Seat 6: waip777 (button) folded before Flop (didn't bet)
Seat 7: sherhen (small blind) folded before Flop
Seat 8: cheekycharlie (big blind) folded on the Flop



PokerStars Hand #242989468914: Tournament #3570122658, $9.80+$1.20 USD Hold'em No Limit - Level VII (100/200) - 2023/04/09 21:10:35 CET [2023/04/09 15:10:35 ET]
Table '3570122658 337' 8-max Seat #7 is the button
Seat 1: SigbjørnH (10779 in chips) 
Seat 2: lenrod2015 (8340 in chips) 
Seat 3: Leiteboss1989 (11440 in chips) 
Seat 4: Bulliet_dk (9288 in chips) 
Seat 5: Mahu2021 (10470 in chips) 
Seat 6: waip777 (17302 in chips) 
Seat 7: sherhen (9348 in chips) 
Seat 8: cheekycharlie (11272 in chips) 
SigbjørnH: posts the ante 25
lenrod2015: posts the ante 25
Leiteboss1989: posts the ante 25
Bulliet_dk: posts the ante 25
Mahu2021: posts the ante 25
waip777: posts the ante 25
sherhen: posts the ante 25
cheekycharlie: posts the ante 25
cheekycharlie: posts small blind 100
SigbjørnH: posts big blind 200
*** HOLE CARDS ***
Dealt to Mahu2021 [2c 9c]
lenrod2015: raises 200 to 400
Leiteboss1989: folds 
Bulliet_dk: raises 800 to 1200
Mahu2021: folds 
waip777: folds 
sherhen: folds 
cheekycharlie: folds 
SigbjørnH: folds 
lenrod2015: raises 7115 to 8315 and is all-in
Bulliet_dk: calls 7115
*** FLOP *** [6d 5d 7h]
*** TURN *** [6d 5d 7h] [8d]
*** RIVER *** [6d 5d 7h 8d] [2d]
*** SHOW DOWN ***
lenrod2015: shows [7c 7d] (a flush, Eight high)
Bulliet_dk: shows [Kc As] (high card Ace)
lenrod2015 collected 17130 from pot
*** SUMMARY ***
Total pot 17130 | Rake 0 
Board [6d 5d 7h 8d 2d]
Seat 1: SigbjørnH (big blind) folded before Flop
Seat 2: lenrod2015 showed [7c 7d] and won (17130) with a flush, Eight high
Seat 3: Leiteboss1989 folded before Flop (didn't bet)
Seat 4: Bulliet_dk showed [Kc As] and lost with high card Ace
Seat 5: Mahu2021 folded before Flop (didn't bet)
Seat 6: waip777 folded before Flop (didn't bet)
Seat 7: sherhen (button) folded before Flop (didn't bet)
Seat 8: cheekycharlie (small blind) folded before Flop



PokerStars Hand #242989491663: Tournament #3570122658, $9.80+$1.20 USD Hold'em No Limit - Level VII (100/200) - 2023/04/09 21:11:22 CET [2023/04/09 15:11:22 ET]
Table '3570122658 337' 8-max Seat #8 is the button
Seat 1: SigbjørnH (10554 in chips) 
Seat 2: lenrod2015 (17130 in chips) 
Seat 3: Leiteboss1989 (11415 in chips) 
Seat 4: Bulliet_dk (948 in chips) 
Seat 5: Mahu2021 (10445 in chips) 
Seat 6: waip777 (17277 in chips) 
Seat 7: sherhen (9323 in chips) 
Seat 8: cheekycharlie (11147 in chips) 
SigbjørnH: posts the ante 25
lenrod2015: posts the ante 25
Leiteboss1989: posts the ante 25
Bulliet_dk: posts the ante 25
Mahu2021: posts the ante 25
waip777: posts the ante 25
sherhen: posts the ante 25
cheekycharlie: posts the ante 25
SigbjørnH: posts small blind 100
lenrod2015: posts big blind 200
*** HOLE CARDS ***
Dealt to Mahu2021 [6h Qh]
Leiteboss1989: raises 200 to 400
Bulliet_dk: folds 
Mahu2021: folds 
waip777: folds 
sherhen: raises 800 to 1200
cheekycharlie: folds 
SigbjørnH: folds 
lenrod2015: folds 
Leiteboss1989: calls 800
*** FLOP *** [Th 4h 4s]
Leiteboss1989: checks 
sherhen: bets 928
Leiteboss1989: calls 928
*** TURN *** [Th 4h 4s] [8h]
Leiteboss1989: checks 
sherhen: bets 2378
Leiteboss1989: calls 2378
*** RIVER *** [Th 4h 4s 8h] [Kd]
Leiteboss1989: checks 
sherhen: bets 4792 and is all-in
Leiteboss1989: folds 
Uncalled bet (4792) returned to sherhen
sherhen collected 9512 from pot
*** SUMMARY ***
Total pot 9512 | Rake 0 
Board [Th 4h 4s 8h Kd]
Seat 1: SigbjørnH (small blind) folded before Flop
Seat 2: lenrod2015 (big blind) folded before Flop
Seat 3: Leiteboss1989 folded on the River
Seat 4: Bulliet_dk folded before Flop (didn't bet)
Seat 5: Mahu2021 folded before Flop (didn't bet)
Seat 6: waip777 folded before Flop (didn't bet)
Seat 7: sherhen collected (9512)
Seat 8: cheekycharlie (button) folded before Flop (didn't bet)



PokerStars Hand #242989524745: Tournament #3570122658, $9.80+$1.20 USD Hold'em No Limit - Level VII (100/200) - 2023/04/09 21:12:31 CET [2023/04/09 15:12:31 ET]
Table '3570122658 337' 8-max Seat #1 is the button
Seat 1: SigbjørnH (10429 in chips) 
Seat 2: lenrod2015 (16905 in chips) 
Seat 3: Leiteboss1989 (6884 in chips) 
Seat 4: Bulliet_dk (923 in chips) 
Seat 5: Mahu2021 (10420 in chips) 
Seat 6: waip777 (17252 in chips) 
Seat 7: sherhen (14304 in chips) 
Seat 8: cheekycharlie (11122 in chips) 
SigbjørnH: posts the ante 25
lenrod2015: posts the ante 25
Leiteboss1989: posts the ante 25
Bulliet_dk: posts the ante 25
Mahu2021: posts the ante 25
waip777: posts the ante 25
sherhen: posts the ante 25
cheekycharlie: posts the ante 25
lenrod2015: posts small blind 100
Leiteboss1989: posts big blind 200
*** HOLE CARDS ***
Dealt to Mahu2021 [2h 5s]
Bulliet_dk: folds 
Mahu2021: folds 
waip777: folds 
sherhen: folds 
cheekycharlie: raises 300 to 500
SigbjørnH: folds 
lenrod2015: folds 
Leiteboss1989: calls 300
*** FLOP *** [8c Qs 9c]
Leiteboss1989: checks 
cheekycharlie: bets 650
Leiteboss1989: raises 1209 to 1859
cheekycharlie: calls 1209
*** TURN *** [8c Qs 9c] [Ah]
Leiteboss1989: bets 4500 and is all-in
cheekycharlie: calls 4500
*** RIVER *** [8c Qs 9c Ah] [Ks]
*** SHOW DOWN ***
Leiteboss1989: shows [Qc 5c] (a pair of Queens)
cheekycharlie: shows [Qd Kd] (two pair, Kings and Queens)
cheekycharlie collected 14018 from pot
Leiteboss1989 finished the tournament
*** SUMMARY ***
Total pot 14018 | Rake 0 
Board [8c Qs 9c Ah Ks]
Seat 1: SigbjørnH (button) folded before Flop (didn't bet)
Seat 2: lenrod2015 (small blind) folded before Flop
Seat 3: Leiteboss1989 (big blind) showed [Qc 5c] and lost with a pair of Queens
Seat 4: Bulliet_dk folded before Flop (didn't bet)
Seat 5: Mahu2021 folded before Flop (didn't bet)
Seat 6: waip777 folded before Flop (didn't bet)
Seat 7: sherhen folded before Flop (didn't bet)
Seat 8: cheekycharlie showed [Qd Kd] and won (14018) with two pair, Kings and Queens



PokerStars Hand #242989587444: Tournament #3570122658, $9.80+$1.20 USD Hold'em No Limit - Level VII (100/200) - 2023/04/09 21:14:41 CET [2023/04/09 15:14:41 ET]
Table '3570122658 337' 8-max Seat #2 is the button
Seat 1: SigbjørnH (10404 in chips) 
Seat 2: lenrod2015 (16780 in chips) 
Seat 4: Bulliet_dk (898 in chips) 
Seat 5: Mahu2021 (10395 in chips) 
Seat 6: waip777 (17227 in chips) 
Seat 7: sherhen (14279 in chips) 
Seat 8: cheekycharlie (18256 in chips) 
SigbjørnH: posts the ante 25
lenrod2015: posts the ante 25
Bulliet_dk: posts the ante 25
Mahu2021: posts the ante 25
waip777: posts the ante 25
sherhen: posts the ante 25
cheekycharlie: posts the ante 25
Bulliet_dk: posts small blind 100
Mahu2021: posts big blind 200
*** HOLE CARDS ***
Dealt to Mahu2021 [Ad Td]
waip777: folds 
sherhen: folds 
cheekycharlie: folds 
SigbjørnH: folds 
lenrod2015: folds 
Bulliet_dk: calls 100
Mahu2021: raises 10170 to 10370 and is all-in
Bulliet_dk: calls 673 and is all-in
Uncalled bet (9497) returned to Mahu2021
*** FLOP *** [Qh 7h 3c]
*** TURN *** [Qh 7h 3c] [4c]
*** RIVER *** [Qh 7h 3c 4c] [Jh]
*** SHOW DOWN ***
Bulliet_dk: shows [Kd 2h] (high card King)
Mahu2021: shows [Ad Td] (high card Ace)
Mahu2021 collected 1921 from pot
Bulliet_dk finished the tournament
*** SUMMARY ***
Total pot 1921 | Rake 0 
Board [Qh 7h 3c 4c Jh]
Seat 1: SigbjørnH folded before Flop (didn't bet)
Seat 2: lenrod2015 (button) folded before Flop (didn't bet)
Seat 4: Bulliet_dk (small blind) showed [Kd 2h] and lost with high card King
Seat 5: Mahu2021 (big blind) showed [Ad Td] and won (1921) with high card Ace
Seat 6: waip777 folded before Flop (didn't bet)
Seat 7: sherhen folded before Flop (didn't bet)
Seat 8: cheekycharlie folded before Flop (didn't bet)



PokerStars Hand #242989600787: Tournament #3570122658, $9.80+$1.20 USD Hold'em No Limit - Level VII (100/200) - 2023/04/09 21:15:09 CET [2023/04/09 15:15:09 ET]
Table '3570122658 337' 8-max Seat #5 is the button
Seat 1: SigbjørnH (10379 in chips) 
Seat 2: lenrod2015 (16755 in chips) 
Seat 3: hot4711 (10000 in chips) 
Seat 5: Mahu2021 (11418 in chips) 
Seat 6: waip777 (17202 in chips) 
Seat 7: sherhen (14254 in chips) 
Seat 8: cheekycharlie (18231 in chips) 
SigbjørnH: posts the ante 25
lenrod2015: posts the ante 25
hot4711: posts the ante 25
Mahu2021: posts the ante 25
waip777: posts the ante 25
sherhen: posts the ante 25
cheekycharlie: posts the ante 25
waip777: posts small blind 100
sherhen: posts big blind 200
*** HOLE CARDS ***
Dealt to Mahu2021 [Ac 4s]
cheekycharlie: folds 
SigbjørnH: folds 
lenrod2015: folds 
0ndrej is disconnected 
hot4711: calls 200
Mahu2021: calls 200
waip777: folds 
sherhen: checks 
*** FLOP *** [2d 5h Js]
sherhen: checks 
hot4711: checks 
Mahu2021: bets 200
sherhen: calls 200
hot4711: folds 
*** TURN *** [2d 5h Js] [Ks]
sherhen: checks 
Mahu2021: checks 
*** RIVER *** [2d 5h Js Ks] [9c]
sherhen: bets 408
Mahu2021: folds 
Uncalled bet (408) returned to sherhen
sherhen collected 1275 from pot
*** SUMMARY ***
Total pot 1275 | Rake 0 
Board [2d 5h Js Ks 9c]
Seat 1: SigbjørnH folded before Flop (didn't bet)
Seat 2: lenrod2015 folded before Flop (didn't bet)
Seat 3: hot4711 folded on the Flop
Seat 5: Mahu2021 (button) folded on the River
Seat 6: waip777 (small blind) folded before Flop
Seat 7: sherhen (big blind) collected (1275)
Seat 8: cheekycharlie folded before Flop (didn't bet)



PokerStars Hand #242989639769: Tournament #3570122658, $9.80+$1.20 USD Hold'em No Limit - Level VII (100/200) - 2023/04/09 21:16:30 CET [2023/04/09 15:16:30 ET]
Table '3570122658 337' 8-max Seat #6 is the button
Seat 1: SigbjørnH (10354 in chips) 
Seat 2: lenrod2015 (16730 in chips) 
Seat 3: hot4711 (9775 in chips) 
Seat 4: 0ndrej (10000 in chips) 
Seat 5: Mahu2021 (10993 in chips) 
Seat 6: waip777 (17077 in chips) 
Seat 7: sherhen (15104 in chips) 
Seat 8: cheekycharlie (18206 in chips) 
SigbjørnH: posts the ante 25
lenrod2015: posts the ante 25
hot4711: posts the ante 25
0ndrej: posts the ante 25
Mahu2021: posts the ante 25
waip777: posts the ante 25
sherhen: posts the ante 25
cheekycharlie: posts the ante 25
sherhen: posts small blind 100
cheekycharlie: posts big blind 200
*** HOLE CARDS ***
Dealt to Mahu2021 [Kd 8s]
SigbjørnH: folds 
lenrod2015: folds 
hot4711: folds 
0ndrej: raises 250 to 450
Mahu2021: folds 
waip777: folds 
sherhen: folds 
cheekycharlie: folds 
Uncalled bet (250) returned to 0ndrej
0ndrej collected 700 from pot
0ndrej: doesn't show hand 
*** SUMMARY ***
Total pot 700 | Rake 0 
Seat 1: SigbjørnH folded before Flop (didn't bet)
Seat 2: lenrod2015 folded before Flop (didn't bet)
Seat 3: hot4711 folded before Flop (didn't bet)
Seat 4: 0ndrej collected (700)
Seat 5: Mahu2021 folded before Flop (didn't bet)
Seat 6: waip777 (button) folded before Flop (didn't bet)
Seat 7: sherhen (small blind) folded before Flop
Seat 8: cheekycharlie (big blind) folded before Flop



PokerStars Hand #242989652571: Tournament #3570122658, $9.80+$1.20 USD Hold'em No Limit - Level VII (100/200) - 2023/04/09 21:16:57 CET [2023/04/09 15:16:57 ET]
Table '3570122658 337' 8-max Seat #7 is the button
Seat 1: SigbjørnH (10329 in chips) 
Seat 2: lenrod2015 (16705 in chips) 
Seat 3: hot4711 (9750 in chips) 
Seat 4: 0ndrej (10475 in chips) 
Seat 5: Mahu2021 (10968 in chips) 
Seat 6: waip777 (17052 in chips) 
Seat 7: sherhen (14979 in chips) 
Seat 8: cheekycharlie (17981 in chips) 
SigbjørnH: posts the ante 25
lenrod2015: posts the ante 25
hot4711: posts the ante 25
0ndrej: posts the ante 25
Mahu2021: posts the ante 25
waip777: posts the ante 25
sherhen: posts the ante 25
cheekycharlie: posts the ante 25
cheekycharlie: posts small blind 100
SigbjørnH: posts big blind 200
*** HOLE CARDS ***
Dealt to Mahu2021 [9s Kd]
lenrod2015: folds 
hot4711: folds 
0ndrej: raises 400 to 600
Mahu2021: folds 
waip777: folds 
sherhen: folds 
cheekycharlie: folds 
SigbjørnH: folds 
Uncalled bet (400) returned to 0ndrej
0ndrej collected 700 from pot
0ndrej: doesn't show hand 
*** SUMMARY ***
Total pot 700 | Rake 0 
Seat 1: SigbjørnH (big blind) folded before Flop
Seat 2: lenrod2015 folded before Flop (didn't bet)
Seat 3: hot4711 folded before Flop (didn't bet)
Seat 4: 0ndrej collected (700)
Seat 5: Mahu2021 folded before Flop (didn't bet)
Seat 6: waip777 folded before Flop (didn't bet)
Seat 7: sherhen (button) folded before Flop (didn't bet)
Seat 8: cheekycharlie (small blind) folded before Flop



PokerStars Hand #242989669233: Tournament #3570122658, $9.80+$1.20 USD Hold'em No Limit - Level VII (100/200) - 2023/04/09 21:17:31 CET [2023/04/09 15:17:31 ET]
Table '3570122658 337' 8-max Seat #8 is the button
Seat 1: SigbjørnH (10104 in chips) 
Seat 2: lenrod2015 (16680 in chips) 
Seat 3: hot4711 (9725 in chips) 
Seat 4: 0ndrej (10950 in chips) 
Seat 5: Mahu2021 (10943 in chips) 
Seat 6: waip777 (17027 in chips) 
Seat 7: sherhen (14954 in chips) 
Seat 8: cheekycharlie (17856 in chips) 
SigbjørnH: posts the ante 25
lenrod2015: posts the ante 25
hot4711: posts the ante 25
0ndrej: posts the ante 25
Mahu2021: posts the ante 25
waip777: posts the ante 25
sherhen: posts the ante 25
cheekycharlie: posts the ante 25
SigbjørnH: posts small blind 100
lenrod2015: posts big blind 200
*** HOLE CARDS ***
Dealt to Mahu2021 [5h 8h]
hot4711: calls 200
0ndrej: folds 
Mahu2021: folds 
waip777: folds 
sherhen: folds 
cheekycharlie: raises 600 to 800
SigbjørnH: folds 
lenrod2015: folds 
hot4711: calls 600
*** FLOP *** [Td Js 2s]
hot4711: bets 1050
cheekycharlie: calls 1050
*** TURN *** [Td Js 2s] [2d]
hot4711: bets 7850 and is all-in
cheekycharlie: folds 
Uncalled bet (7850) returned to hot4711
hot4711 collected 4200 from pot
*** SUMMARY ***
Total pot 4200 | Rake 0 
Board [Td Js 2s 2d]
Seat 1: SigbjørnH (small blind) folded before Flop
Seat 2: lenrod2015 (big blind) folded before Flop
Seat 3: hot4711 collected (4200)
Seat 4: 0ndrej folded before Flop (didn't bet)
Seat 5: Mahu2021 folded before Flop (didn't bet)
Seat 6: waip777 folded before Flop (didn't bet)
Seat 7: sherhen folded before Flop (didn't bet)
Seat 8: cheekycharlie (button) folded on the Turn



PokerStars Hand #242989702130: Tournament #3570122658, $9.80+$1.20 USD Hold'em No Limit - Level VII (100/200) - 2023/04/09 21:18:40 CET [2023/04/09 15:18:40 ET]
Table '3570122658 337' 8-max Seat #1 is the button
Seat 1: SigbjørnH (9979 in chips) 
Seat 2: lenrod2015 (16455 in chips) 
Seat 3: hot4711 (12050 in chips) 
Seat 4: 0ndrej (10925 in chips) 
Seat 5: Mahu2021 (10918 in chips) 
Seat 6: waip777 (17002 in chips) 
Seat 7: sherhen (14929 in chips) 
Seat 8: cheekycharlie (15981 in chips) 
SigbjørnH: posts the ante 25
lenrod2015: posts the ante 25
hot4711: posts the ante 25
0ndrej: posts the ante 25
Mahu2021: posts the ante 25
waip777: posts the ante 25
sherhen: posts the ante 25
cheekycharlie: posts the ante 25
lenrod2015: posts small blind 100
hot4711: posts big blind 200
*** HOLE CARDS ***
Dealt to Mahu2021 [5h 4d]
0ndrej: folds 
Mahu2021: folds 
waip777: folds 
sherhen: folds 
cheekycharlie: raises 300 to 500
SigbjørnH: raises 1200 to 1700
lenrod2015: folds 
hot4711: folds 
cheekycharlie: folds 
Uncalled bet (1200) returned to SigbjørnH
SigbjørnH collected 1500 from pot
SigbjørnH: doesn't show hand 
*** SUMMARY ***
Total pot 1500 | Rake 0 
Seat 1: SigbjørnH (button) collected (1500)
Seat 2: lenrod2015 (small blind) folded before Flop
Seat 3: hot4711 (big blind) folded before Flop
Seat 4: 0ndrej folded before Flop (didn't bet)
Seat 5: Mahu2021 folded before Flop (didn't bet)
Seat 6: waip777 folded before Flop (didn't bet)
Seat 7: sherhen folded before Flop (didn't bet)
Seat 8: cheekycharlie folded before Flop



PokerStars Hand #242989716513: Tournament #3570122658, $9.80+$1.20 USD Hold'em No Limit - Level VII (100/200) - 2023/04/09 21:19:10 CET [2023/04/09 15:19:10 ET]
Table '3570122658 337' 8-max Seat #2 is the button
Seat 1: SigbjørnH (10954 in chips) 
Seat 2: lenrod2015 (16330 in chips) 
Seat 3: hot4711 (11825 in chips) 
Seat 4: 0ndrej (10900 in chips) 
Seat 5: Mahu2021 (10893 in chips) 
Seat 6: waip777 (16977 in chips) 
Seat 7: sherhen (14904 in chips) 
Seat 8: cheekycharlie (15456 in chips) 
SigbjørnH: posts the ante 25
lenrod2015: posts the ante 25
hot4711: posts the ante 25
0ndrej: posts the ante 25
Mahu2021: posts the ante 25
waip777: posts the ante 25
sherhen: posts the ante 25
cheekycharlie: posts the ante 25
hot4711: posts small blind 100
0ndrej: posts big blind 200
*** HOLE CARDS ***
Dealt to Mahu2021 [Kh Js]
Mahu2021: folds 
waip777: folds 
sherhen: folds 
cheekycharlie: folds 
SigbjørnH: folds 
lenrod2015: folds 
hot4711: folds 
Uncalled bet (100) returned to 0ndrej
0ndrej collected 400 from pot
0ndrej: doesn't show hand 
*** SUMMARY ***
Total pot 400 | Rake 0 
Seat 1: SigbjørnH folded before Flop (didn't bet)
Seat 2: lenrod2015 (button) folded before Flop (didn't bet)
Seat 3: hot4711 (small blind) folded before Flop
Seat 4: 0ndrej (big blind) collected (400)
Seat 5: Mahu2021 folded before Flop (didn't bet)
Seat 6: waip777 folded before Flop (didn't bet)
Seat 7: sherhen folded before Flop (didn't bet)
Seat 8: cheekycharlie folded before Flop (didn't bet)



PokerStars Hand #242989726840: Tournament #3570122658, $9.80+$1.20 USD Hold'em No Limit - Level VII (100/200) - 2023/04/09 21:19:32 CET [2023/04/09 15:19:32 ET]
Table '3570122658 337' 8-max Seat #3 is the button
Seat 1: SigbjørnH (10929 in chips) 
Seat 2: lenrod2015 (16305 in chips) 
Seat 3: hot4711 (11700 in chips) 
Seat 4: 0ndrej (11175 in chips) 
Seat 5: Mahu2021 (10868 in chips) 
Seat 6: waip777 (16952 in chips) 
Seat 7: sherhen (14879 in chips) 
Seat 8: cheekycharlie (15431 in chips) 
SigbjørnH: posts the ante 25
lenrod2015: posts the ante 25
hot4711: posts the ante 25
0ndrej: posts the ante 25
Mahu2021: posts the ante 25
waip777: posts the ante 25
sherhen: posts the ante 25
cheekycharlie: posts the ante 25
0ndrej: posts small blind 100
Mahu2021: posts big blind 200
*** HOLE CARDS ***
Dealt to Mahu2021 [6c Ts]
waip777: folds 
sherhen: folds 
cheekycharlie: folds 
SigbjørnH: folds 
lenrod2015: folds 
hot4711: calls 200
0ndrej: calls 100
Mahu2021: checks 
*** FLOP *** [6h 8d Jd]
0ndrej: checks 
Mahu2021: bets 200
hot4711: calls 200
0ndrej: folds 
*** TURN *** [6h 8d Jd] [Th]
Mahu2021: bets 400
hot4711: calls 400
*** RIVER *** [6h 8d Jd Th] [Qc]
Mahu2021: checks 
hot4711: bets 1000
Mahu2021: calls 1000
*** SHOW DOWN ***
hot4711: shows [9h Kh] (a straight, Nine to King)
Mahu2021: mucks hand 
hot4711 collected 4000 from pot
*** SUMMARY ***
Total pot 4000 | Rake 0 
Board [6h 8d Jd Th Qc]
Seat 1: SigbjørnH folded before Flop (didn't bet)
Seat 2: lenrod2015 folded before Flop (didn't bet)
Seat 3: hot4711 (button) showed [9h Kh] and won (4000) with a straight, Nine to King
Seat 4: 0ndrej (small blind) folded on the Flop
Seat 5: Mahu2021 (big blind) mucked [6c Ts]
Seat 6: waip777 folded before Flop (didn't bet)
Seat 7: sherhen folded before Flop (didn't bet)
Seat 8: cheekycharlie folded before Flop (didn't bet)



PokerStars Hand #242989761893: Tournament #3570122658, $9.80+$1.20 USD Hold'em No Limit - Level VIII (125/250) - 2023/04/09 21:20:45 CET [2023/04/09 15:20:45 ET]
Table '3570122658 337' 8-max Seat #4 is the button
Seat 1: SigbjørnH (10904 in chips) 
Seat 2: lenrod2015 (16280 in chips) 
Seat 3: hot4711 (13875 in chips) 
Seat 4: 0ndrej (10950 in chips) 
Seat 5: Mahu2021 (9043 in chips) 
Seat 6: waip777 (16927 in chips) 
Seat 7: sherhen (14854 in chips) 
Seat 8: cheekycharlie (15406 in chips) 
SigbjørnH: posts the ante 30
lenrod2015: posts the ante 30
hot4711: posts the ante 30
0ndrej: posts the ante 30
Mahu2021: posts the ante 30
waip777: posts the ante 30
sherhen: posts the ante 30
cheekycharlie: posts the ante 30
Mahu2021: posts small blind 125
waip777: posts big blind 250
*** HOLE CARDS ***
Dealt to Mahu2021 [6c Ac]
sherhen: folds 
cheekycharlie: folds 
SigbjørnH: folds 
lenrod2015: calls 250
hot4711: calls 250
0ndrej: folds 
Mahu2021: calls 125
waip777: raises 16647 to 16897 and is all-in
lenrod2015: folds 
hot4711: folds 
Mahu2021: folds 
Uncalled bet (16647) returned to waip777
waip777 collected 1240 from pot
waip777: doesn't show hand 
*** SUMMARY ***
Total pot 1240 | Rake 0 
Seat 1: SigbjørnH folded before Flop (didn't bet)
Seat 2: lenrod2015 folded before Flop
Seat 3: hot4711 folded before Flop
Seat 4: 0ndrej (button) folded before Flop (didn't bet)
Seat 5: Mahu2021 (small blind) folded before Flop
Seat 6: waip777 (big blind) collected (1240)
Seat 7: sherhen folded before Flop (didn't bet)
Seat 8: cheekycharlie folded before Flop (didn't bet)



PokerStars Hand #242989782850: Tournament #3570122658, $9.80+$1.20 USD Hold'em No Limit - Level VIII (125/250) - 2023/04/09 21:21:29 CET [2023/04/09 15:21:29 ET]
Table '3570122658 337' 8-max Seat #5 is the button
Seat 1: SigbjørnH (10874 in chips) 
Seat 2: lenrod2015 (16000 in chips) 
Seat 3: hot4711 (13595 in chips) 
Seat 4: 0ndrej (10920 in chips) 
Seat 5: Mahu2021 (8763 in chips) 
Seat 6: waip777 (17887 in chips) 
Seat 7: sherhen (14824 in chips) 
Seat 8: cheekycharlie (15376 in chips) 
SigbjørnH: posts the ante 30
lenrod2015: posts the ante 30
hot4711: posts the ante 30
0ndrej: posts the ante 30
Mahu2021: posts the ante 30
waip777: posts the ante 30
sherhen: posts the ante 30
cheekycharlie: posts the ante 30
waip777: posts small blind 125
sherhen: posts big blind 250
*** HOLE CARDS ***
Dealt to Mahu2021 [Ad 9c]
cheekycharlie: raises 375 to 625
SigbjørnH: folds 
lenrod2015: folds 
hot4711: folds 
0ndrej: calls 625
Mahu2021: folds 
waip777: folds 
sherhen: calls 375
*** FLOP *** [Qh 9h 4s]
sherhen: checks 
cheekycharlie: checks 
0ndrej: checks 
*** TURN *** [Qh 9h 4s] [8c]
sherhen: checks 
cheekycharlie: bets 1000
0ndrej: folds 
sherhen: folds 
Uncalled bet (1000) returned to cheekycharlie
cheekycharlie collected 2240 from pot
*** SUMMARY ***
Total pot 2240 | Rake 0 
Board [Qh 9h 4s 8c]
Seat 1: SigbjørnH folded before Flop (didn't bet)
Seat 2: lenrod2015 folded before Flop (didn't bet)
Seat 3: hot4711 folded before Flop (didn't bet)
Seat 4: 0ndrej folded on the Turn
Seat 5: Mahu2021 (button) folded before Flop (didn't bet)
Seat 6: waip777 (small blind) folded before Flop
Seat 7: sherhen (big blind) folded on the Turn
Seat 8: cheekycharlie collected (2240)



PokerStars Hand #242989816814: Tournament #3570122658, $9.80+$1.20 USD Hold'em No Limit - Level VIII (125/250) - 2023/04/09 21:22:39 CET [2023/04/09 15:22:39 ET]
Table '3570122658 337' 8-max Seat #6 is the button
Seat 1: SigbjørnH (10844 in chips) 
Seat 2: lenrod2015 (15970 in chips) 
Seat 3: hot4711 (13565 in chips) 
Seat 4: 0ndrej (10265 in chips) 
Seat 5: Mahu2021 (8733 in chips) 
Seat 6: waip777 (17732 in chips) 
Seat 7: sherhen (14169 in chips) 
Seat 8: cheekycharlie (16961 in chips) 
SigbjørnH: posts the ante 30
lenrod2015: posts the ante 30
hot4711: posts the ante 30
0ndrej: posts the ante 30
Mahu2021: posts the ante 30
waip777: posts the ante 30
sherhen: posts the ante 30
cheekycharlie: posts the ante 30
sherhen: posts small blind 125
cheekycharlie: posts big blind 250
*** HOLE CARDS ***
Dealt to Mahu2021 [Kc 4d]
SigbjørnH: raises 250 to 500
lenrod2015: folds 
hot4711: folds 
0ndrej: folds 
Mahu2021: calls 500
waip777: calls 500
sherhen: folds 
cheekycharlie: raises 2250 to 2750
SigbjørnH: raises 8064 to 10814 and is all-in
Mahu2021: folds 
waip777: folds 
cheekycharlie: calls 8064
*** FLOP *** [6c 3s As]
*** TURN *** [6c 3s As] [Kh]
*** RIVER *** [6c 3s As Kh] [Jh]
*** SHOW DOWN ***
cheekycharlie: shows [Ac Qd] (a pair of Aces)
SigbjørnH: shows [Ad Ah] (three of a kind, Aces)
SigbjørnH collected 22993 from pot
*** SUMMARY ***
Total pot 22993 | Rake 0 
Board [6c 3s As Kh Jh]
Seat 1: SigbjørnH showed [Ad Ah] and won (22993) with three of a kind, Aces
Seat 2: lenrod2015 folded before Flop (didn't bet)
Seat 3: hot4711 folded before Flop (didn't bet)
Seat 4: 0ndrej folded before Flop (didn't bet)
Seat 5: Mahu2021 folded before Flop
Seat 6: waip777 (button) folded before Flop
Seat 7: sherhen (small blind) folded before Flop
Seat 8: cheekycharlie (big blind) showed [Ac Qd] and lost with a pair of Aces



PokerStars Hand #242989847419: Tournament #3570122658, $9.80+$1.20 USD Hold'em No Limit - Level VIII (125/250) - 2023/04/09 21:23:42 CET [2023/04/09 15:23:42 ET]
Table '3570122658 337' 8-max Seat #7 is the button
Seat 1: SigbjørnH (22993 in chips) 
Seat 2: lenrod2015 (15940 in chips) 
Seat 3: hot4711 (13535 in chips) 
Seat 4: 0ndrej (10235 in chips) 
Seat 5: Mahu2021 (8203 in chips) 
Seat 6: waip777 (17202 in chips) 
Seat 7: sherhen (14014 in chips) 
Seat 8: cheekycharlie (6117 in chips) 
SigbjørnH: posts the ante 30
lenrod2015: posts the ante 30
hot4711: posts the ante 30
0ndrej: posts the ante 30
Mahu2021: posts the ante 30
waip777: posts the ante 30
sherhen: posts the ante 30
cheekycharlie: posts the ante 30
cheekycharlie: posts small blind 125
SigbjørnH: posts big blind 250
*** HOLE CARDS ***
Dealt to Mahu2021 [9s Js]
lenrod2015: folds 
hot4711: folds 
0ndrej: folds 
Mahu2021: raises 250 to 500
waip777: folds 
sherhen: raises 1000 to 1500
cheekycharlie: folds 
SigbjørnH: folds 
Mahu2021: calls 1000
*** FLOP *** [9h Ah Td]
Mahu2021: checks 
sherhen: bets 1157
Mahu2021: folds 
Uncalled bet (1157) returned to sherhen
sherhen collected 3615 from pot
*** SUMMARY ***
Total pot 3615 | Rake 0 
Board [9h Ah Td]
Seat 1: SigbjørnH (big blind) folded before Flop
Seat 2: lenrod2015 folded before Flop (didn't bet)
Seat 3: hot4711 folded before Flop (didn't bet)
Seat 4: 0ndrej folded before Flop (didn't bet)
Seat 5: Mahu2021 folded on the Flop
Seat 6: waip777 folded before Flop (didn't bet)
Seat 7: sherhen (button) collected (3615)
Seat 8: cheekycharlie (small blind) folded before Flop



PokerStars Hand #242989863842: Tournament #3570122658, $9.80+$1.20 USD Hold'em No Limit - Level VIII (125/250) - 2023/04/09 21:24:17 CET [2023/04/09 15:24:17 ET]
Table '3570122658 337' 8-max Seat #8 is the button
Seat 1: SigbjørnH (22713 in chips) 
Seat 2: lenrod2015 (15910 in chips) 
Seat 3: hot4711 (13505 in chips) 
Seat 4: 0ndrej (10205 in chips) 
Seat 5: Mahu2021 (6673 in chips) 
Seat 6: waip777 (17172 in chips) 
Seat 7: sherhen (16099 in chips) 
Seat 8: cheekycharlie (5962 in chips) 
SigbjørnH: posts the ante 30
lenrod2015: posts the ante 30
hot4711: posts the ante 30
0ndrej: posts the ante 30
Mahu2021: posts the ante 30
waip777: posts the ante 30
sherhen: posts the ante 30
cheekycharlie: posts the ante 30
SigbjørnH: posts small blind 125
lenrod2015: posts big blind 250
*** HOLE CARDS ***
Dealt to Mahu2021 [Jc Js]
hot4711: folds 
0ndrej: raises 300 to 550
Mahu2021: raises 6093 to 6643 and is all-in
waip777: folds 
sherhen: folds 
cheekycharlie: folds 
SigbjørnH: folds 
lenrod2015: folds 
0ndrej: folds 
Uncalled bet (6093) returned to Mahu2021
Mahu2021 collected 1715 from pot
Mahu2021: doesn't show hand 
*** SUMMARY ***
Total pot 1715 | Rake 0 
Seat 1: SigbjørnH (small blind) folded before Flop
Seat 2: lenrod2015 (big blind) folded before Flop
Seat 3: hot4711 folded before Flop (didn't bet)
Seat 4: 0ndrej folded before Flop
Seat 5: Mahu2021 collected (1715)
Seat 6: waip777 folded before Flop (didn't bet)
Seat 7: sherhen folded before Flop (didn't bet)
Seat 8: cheekycharlie (button) folded before Flop (didn't bet)



PokerStars Hand #242989884452: Tournament #3570122658, $9.80+$1.20 USD Hold'em No Limit - Level VIII (125/250) - 2023/04/09 21:25:00 CET [2023/04/09 15:25:00 ET]
Table '3570122658 337' 8-max Seat #1 is the button
Seat 1: SigbjørnH (22558 in chips) 
Seat 2: lenrod2015 (15630 in chips) 
Seat 3: hot4711 (13475 in chips) 
Seat 4: 0ndrej (9625 in chips) 
Seat 5: Mahu2021 (7808 in chips) 
Seat 6: waip777 (17142 in chips) 
Seat 7: sherhen (16069 in chips) 
Seat 8: cheekycharlie (5932 in chips) 
SigbjørnH: posts the ante 30
lenrod2015: posts the ante 30
hot4711: posts the ante 30
0ndrej: posts the ante 30
Mahu2021: posts the ante 30
waip777: posts the ante 30
sherhen: posts the ante 30
cheekycharlie: posts the ante 30
lenrod2015: posts small blind 125
hot4711: posts big blind 250
*** HOLE CARDS ***
Dealt to Mahu2021 [Th 2s]
0ndrej: raises 275 to 525
Mahu2021: folds 
waip777: folds 
sherhen: folds 
cheekycharlie: folds 
SigbjørnH: folds 
lenrod2015: folds 
hot4711: calls 275
*** FLOP *** [3h Ks 3d]
hot4711: checks 
0ndrej: bets 283
hot4711: folds 
Uncalled bet (283) returned to 0ndrej
0ndrej collected 1415 from pot
0ndrej: doesn't show hand 
*** SUMMARY ***
Total pot 1415 | Rake 0 
Board [3h Ks 3d]
Seat 1: SigbjørnH (button) folded before Flop (didn't bet)
Seat 2: lenrod2015 (small blind) folded before Flop
Seat 3: hot4711 (big blind) folded on the Flop
Seat 4: 0ndrej collected (1415)
Seat 5: Mahu2021 folded before Flop (didn't bet)
Seat 6: waip777 folded before Flop (didn't bet)
Seat 7: sherhen folded before Flop (didn't bet)
Seat 8: cheekycharlie folded before Flop (didn't bet)



PokerStars Hand #242989907349: Tournament #3570122658, $9.80+$1.20 USD Hold'em No Limit - Level VIII (125/250) - 2023/04/09 21:25:47 CET [2023/04/09 15:25:47 ET]
Table '3570122658 337' 8-max Seat #2 is the button
Seat 1: SigbjørnH (22528 in chips) 
Seat 2: lenrod2015 (15475 in chips) 
Seat 3: hot4711 (12920 in chips) 
Seat 4: 0ndrej (10485 in chips) 
Seat 5: Mahu2021 (7778 in chips) 
Seat 6: waip777 (17112 in chips) 
Seat 7: sherhen (16039 in chips) 
Seat 8: cheekycharlie (5902 in chips) 
SigbjørnH: posts the ante 30
lenrod2015: posts the ante 30
hot4711: posts the ante 30
0ndrej: posts the ante 30
Mahu2021: posts the ante 30
waip777: posts the ante 30
sherhen: posts the ante 30
cheekycharlie: posts the ante 30
hot4711: posts small blind 125
0ndrej: posts big blind 250
*** HOLE CARDS ***
Dealt to Mahu2021 [9s 6h]
Mahu2021: folds 
waip777: raises 250 to 500
sherhen: folds 
cheekycharlie: folds 
SigbjørnH: folds 
lenrod2015: folds 
hot4711: calls 375
0ndrej: calls 250
*** FLOP *** [3h 7d 7s]
hot4711: checks 
0ndrej: checks 
waip777: checks 
*** TURN *** [3h 7d 7s] [Jd]
hot4711: checks 
0ndrej: checks 
waip777: checks 
*** RIVER *** [3h 7d 7s Jd] [Js]
hot4711: checks 
0ndrej: bets 1250
waip777: calls 1250
hot4711: folds 
*** SHOW DOWN ***
0ndrej: shows [8d 7h] (a full house, Sevens full of Jacks)
waip777: mucks hand 
0ndrej collected 4240 from pot
*** SUMMARY ***
Total pot 4240 | Rake 0 
Board [3h 7d 7s Jd Js]
Seat 1: SigbjørnH folded before Flop (didn't bet)
Seat 2: lenrod2015 (button) folded before Flop (didn't bet)
Seat 3: hot4711 (small blind) folded on the River
Seat 4: 0ndrej (big blind) showed [8d 7h] and won (4240) with a full house, Sevens full of Jacks
Seat 5: Mahu2021 folded before Flop (didn't bet)
Seat 6: waip777 mucked [8h Ah]
Seat 7: sherhen folded before Flop (didn't bet)
Seat 8: cheekycharlie folded before Flop (didn't bet)



PokerStars Hand #242989949290: Tournament #3570122658, $9.80+$1.20 USD Hold'em No Limit - Level VIII (125/250) - 2023/04/09 21:27:14 CET [2023/04/09 15:27:14 ET]
Table '3570122658 337' 8-max Seat #3 is the button
Seat 1: SigbjørnH (22498 in chips) 
Seat 2: lenrod2015 (15445 in chips) 
Seat 3: hot4711 (12390 in chips) 
Seat 4: 0ndrej (12945 in chips) 
Seat 5: Mahu2021 (7748 in chips) 
Seat 6: waip777 (15332 in chips) 
Seat 7: sherhen (16009 in chips) 
Seat 8: cheekycharlie (5872 in chips) 
SigbjørnH: posts the ante 30
lenrod2015: posts the ante 30
hot4711: posts the ante 30
0ndrej: posts the ante 30
Mahu2021: posts the ante 30
waip777: posts the ante 30
sherhen: posts the ante 30
cheekycharlie: posts the ante 30
0ndrej: posts small blind 125
Mahu2021: posts big blind 250
*** HOLE CARDS ***
Dealt to Mahu2021 [6c Ac]
waip777: folds 
sherhen: folds 
cheekycharlie: folds 
SigbjørnH: folds 
lenrod2015: folds 
hot4711: folds 
0ndrej: calls 125
Mahu2021: raises 750 to 1000
0ndrej: raises 11915 to 12915 and is all-in
Mahu2021: calls 6718 and is all-in
Uncalled bet (5197) returned to 0ndrej
*** FLOP *** [2d Td 2h]
*** TURN *** [2d Td 2h] [5h]
*** RIVER *** [2d Td 2h 5h] [Js]
*** SHOW DOWN ***
0ndrej: shows [As 5d] (two pair, Fives and Deuces)
Mahu2021: shows [6c Ac] (a pair of Deuces)
0ndrej collected 15676 from pot
Mahu2021 finished the tournament
*** SUMMARY ***
Total pot 15676 | Rake 0 
Board [2d Td 2h 5h Js]
Seat 1: SigbjørnH folded before Flop (didn't bet)
Seat 2: lenrod2015 folded before Flop (didn't bet)
Seat 3: hot4711 (button) folded before Flop (didn't bet)
Seat 4: 0ndrej (small blind) showed [As 5d] and won (15676) with two pair, Fives and Deuces
Seat 5: Mahu2021 (big blind) showed [6c Ac] and lost with a pair of Deuces
Seat 6: waip777 folded before Flop (didn't bet)
Seat 7: sherhen folded before Flop (didn't bet)
Seat 8: cheekycharlie folded before Flop (didn't bet)



