PokerStars Hand #247996302390: Tournament #3694559214, $1.84+$0.16 USD Hold'em No Limit - Level I (10/20) - 2024/01/01 15:15:11 CET [2024/01/01 9:15:11 ET]
Table '3694559214 1' 3-max Seat #1 is the button
Seat 1: Mahu2021 (500 in chips) 
Seat 2: samo1232 (500 in chips) 
Seat 3: ngf007 (500 in chips) 
samo1232: posts small blind 10
ngf007: posts big blind 20
*** HOLE CARDS ***
Dealt to Mahu2021 [Qd 3c]
Mahu2021: folds 
samo1232: calls 10
ngf007: checks 
*** FLOP *** [4d 4s Kh]
samo1232: checks 
ngf007: bets 28
samo1232: folds 
Uncalled bet (28) returned to ngf007
ngf007 collected 40 from pot
ngf007: doesn't show hand 
*** SUMMARY ***
Total pot 40 | Rake 0 
Board [4d 4s Kh]
Seat 1: Mahu2021 (button) folded before Flop (didn't bet)
Seat 2: samo1232 (small blind) folded on the Flop
Seat 3: ngf007 (big blind) collected (40)



PokerStars Hand #247996305825: Tournament #3694559214, $1.84+$0.16 USD Hold'em No Limit - Level I (10/20) - 2024/01/01 15:15:27 CET [2024/01/01 9:15:27 ET]
Table '3694559214 1' 3-max Seat #2 is the button
Seat 1: Mahu2021 (500 in chips) 
Seat 2: samo1232 (480 in chips) 
Seat 3: ngf007 (520 in chips) 
ngf007: posts small blind 10
Mahu2021: posts big blind 20
*** HOLE CARDS ***
Dealt to Mahu2021 [5c 6s]
samo1232: raises 20 to 40
ngf007: calls 30
Mahu2021: calls 20
*** FLOP *** [8d Ah 6h]
ngf007: checks 
Mahu2021: checks 
samo1232: bets 60
ngf007: folds 
Mahu2021: calls 60
*** TURN *** [8d Ah 6h] [5h]
Mahu2021: checks 
samo1232: bets 60
Mahu2021: calls 60
*** RIVER *** [8d Ah 6h 5h] [9s]
Mahu2021: checks 
samo1232: checks 
*** SHOW DOWN ***
Mahu2021: shows [5c 6s] (two pair, Sixes and Fives)
samo1232: mucks hand 
Mahu2021 collected 360 from pot
*** SUMMARY ***
Total pot 360 | Rake 0 
Board [8d Ah 6h 5h 9s]
Seat 1: Mahu2021 (big blind) showed [5c 6s] and won (360) with two pair, Sixes and Fives
Seat 2: samo1232 (button) mucked [Td Ad]
Seat 3: ngf007 (small blind) folded on the Flop



PokerStars Hand #247996313612: Tournament #3694559214, $1.84+$0.16 USD Hold'em No Limit - Level I (10/20) - 2024/01/01 15:16:03 CET [2024/01/01 9:16:03 ET]
Table '3694559214 1' 3-max Seat #3 is the button
Seat 1: Mahu2021 (700 in chips) 
Seat 2: samo1232 (320 in chips) 
Seat 3: ngf007 (480 in chips) 
Mahu2021: posts small blind 10
samo1232: posts big blind 20
*** HOLE CARDS ***
Dealt to Mahu2021 [7s 5d]
ngf007: raises 20 to 40
Mahu2021: folds 
samo1232: folds 
Uncalled bet (20) returned to ngf007
ngf007 collected 50 from pot
ngf007: doesn't show hand 
*** SUMMARY ***
Total pot 50 | Rake 0 
Seat 1: Mahu2021 (small blind) folded before Flop
Seat 2: samo1232 (big blind) folded before Flop
Seat 3: ngf007 (button) collected (50)



PokerStars Hand #247996317182: Tournament #3694559214, $1.84+$0.16 USD Hold'em No Limit - Level I (10/20) - 2024/01/01 15:16:19 CET [2024/01/01 9:16:19 ET]
Table '3694559214 1' 3-max Seat #1 is the button
Seat 1: Mahu2021 (690 in chips) 
Seat 2: samo1232 (300 in chips) 
Seat 3: ngf007 (510 in chips) 
samo1232: posts small blind 10
ngf007: posts big blind 20
*** HOLE CARDS ***
Dealt to Mahu2021 [2d 9h]
Mahu2021: folds 
samo1232: folds 
Uncalled bet (10) returned to ngf007
ngf007 collected 20 from pot
ngf007: doesn't show hand 
*** SUMMARY ***
Total pot 20 | Rake 0 
Seat 1: Mahu2021 (button) folded before Flop (didn't bet)
Seat 2: samo1232 (small blind) folded before Flop
Seat 3: ngf007 (big blind) collected (20)



PokerStars Hand #247996318624: Tournament #3694559214, $1.84+$0.16 USD Hold'em No Limit - Level I (10/20) - 2024/01/01 15:16:25 CET [2024/01/01 9:16:25 ET]
Table '3694559214 1' 3-max Seat #2 is the button
Seat 1: Mahu2021 (690 in chips) 
Seat 2: samo1232 (290 in chips) 
Seat 3: ngf007 (520 in chips) 
ngf007: posts small blind 10
Mahu2021: posts big blind 20
*** HOLE CARDS ***
Dealt to Mahu2021 [6s 2c]
samo1232: raises 40 to 60
ngf007: folds 
Mahu2021: folds 
Uncalled bet (40) returned to samo1232
samo1232 collected 50 from pot
samo1232: doesn't show hand 
*** SUMMARY ***
Total pot 50 | Rake 0 
Seat 1: Mahu2021 (big blind) folded before Flop
Seat 2: samo1232 (button) collected (50)
Seat 3: ngf007 (small blind) folded before Flop



PokerStars Hand #247996320813: Tournament #3694559214, $1.84+$0.16 USD Hold'em No Limit - Level I (10/20) - 2024/01/01 15:16:35 CET [2024/01/01 9:16:35 ET]
Table '3694559214 1' 3-max Seat #3 is the button
Seat 1: Mahu2021 (670 in chips) 
Seat 2: samo1232 (320 in chips) 
Seat 3: ngf007 (510 in chips) 
Mahu2021: posts small blind 10
samo1232: posts big blind 20
*** HOLE CARDS ***
Dealt to Mahu2021 [Jd Kc]
ngf007: folds 
Mahu2021: raises 20 to 40
samo1232: calls 20
*** FLOP *** [Ah 2s 5h]
Mahu2021: checks 
samo1232: checks 
*** TURN *** [Ah 2s 5h] [Qh]
Mahu2021: checks 
samo1232: bets 20
Mahu2021: folds 
Uncalled bet (20) returned to samo1232
samo1232 collected 80 from pot
samo1232: doesn't show hand 
*** SUMMARY ***
Total pot 80 | Rake 0 
Board [Ah 2s 5h Qh]
Seat 1: Mahu2021 (small blind) folded on the Turn
Seat 2: samo1232 (big blind) collected (80)
Seat 3: ngf007 (button) folded before Flop (didn't bet)



PokerStars Hand #247996325201: Tournament #3694559214, $1.84+$0.16 USD Hold'em No Limit - Level I (10/20) - 2024/01/01 15:16:56 CET [2024/01/01 9:16:56 ET]
Table '3694559214 1' 3-max Seat #1 is the button
Seat 1: Mahu2021 (630 in chips) 
Seat 2: samo1232 (360 in chips) 
Seat 3: ngf007 (510 in chips) 
samo1232: posts small blind 10
ngf007: posts big blind 20
*** HOLE CARDS ***
Dealt to Mahu2021 [5s 9c]
Mahu2021: folds 
samo1232: calls 10
ngf007: checks 
*** FLOP *** [3h 6d 3c]
samo1232: checks 
ngf007: bets 28
samo1232: folds 
Uncalled bet (28) returned to ngf007
ngf007 collected 40 from pot
ngf007: doesn't show hand 
*** SUMMARY ***
Total pot 40 | Rake 0 
Board [3h 6d 3c]
Seat 1: Mahu2021 (button) folded before Flop (didn't bet)
Seat 2: samo1232 (small blind) folded on the Flop
Seat 3: ngf007 (big blind) collected (40)



PokerStars Hand #247996328826: Tournament #3694559214, $1.84+$0.16 USD Hold'em No Limit - Level I (10/20) - 2024/01/01 15:17:12 CET [2024/01/01 9:17:12 ET]
Table '3694559214 1' 3-max Seat #2 is the button
Seat 1: Mahu2021 (630 in chips) 
Seat 2: samo1232 (340 in chips) 
Seat 3: ngf007 (530 in chips) 
ngf007: posts small blind 10
Mahu2021: posts big blind 20
*** HOLE CARDS ***
Dealt to Mahu2021 [4s 8s]
samo1232: folds 
ngf007: raises 20 to 40
Mahu2021: calls 20
*** FLOP *** [Ks 9c Jh]
ngf007: bets 24
Mahu2021: folds 
Uncalled bet (24) returned to ngf007
ngf007 collected 80 from pot
ngf007: doesn't show hand 
*** SUMMARY ***
Total pot 80 | Rake 0 
Board [Ks 9c Jh]
Seat 1: Mahu2021 (big blind) folded on the Flop
Seat 2: samo1232 (button) folded before Flop (didn't bet)
Seat 3: ngf007 (small blind) collected (80)



PokerStars Hand #247996331941: Tournament #3694559214, $1.84+$0.16 USD Hold'em No Limit - Level I (10/20) - 2024/01/01 15:17:27 CET [2024/01/01 9:17:27 ET]
Table '3694559214 1' 3-max Seat #3 is the button
Seat 1: Mahu2021 (590 in chips) 
Seat 2: samo1232 (340 in chips) 
Seat 3: ngf007 (570 in chips) 
Mahu2021: posts small blind 10
samo1232: posts big blind 20
*** HOLE CARDS ***
Dealt to Mahu2021 [Ad 2s]
ngf007: folds 
Mahu2021: calls 10
samo1232: checks 
*** FLOP *** [Jh 2c 6s]
Mahu2021: checks 
samo1232: bets 20
Mahu2021: calls 20
*** TURN *** [Jh 2c 6s] [4h]
Mahu2021: checks 
samo1232: bets 40
Mahu2021: folds 
Uncalled bet (40) returned to samo1232
samo1232 collected 80 from pot
samo1232: doesn't show hand 
*** SUMMARY ***
Total pot 80 | Rake 0 
Board [Jh 2c 6s 4h]
Seat 1: Mahu2021 (small blind) folded on the Turn
Seat 2: samo1232 (big blind) collected (80)
Seat 3: ngf007 (button) folded before Flop (didn't bet)



PokerStars Hand #247996336868: Tournament #3694559214, $1.84+$0.16 USD Hold'em No Limit - Level I (10/20) - 2024/01/01 15:17:49 CET [2024/01/01 9:17:49 ET]
Table '3694559214 1' 3-max Seat #1 is the button
Seat 1: Mahu2021 (550 in chips) 
Seat 2: samo1232 (380 in chips) 
Seat 3: ngf007 (570 in chips) 
samo1232: posts small blind 10
ngf007: posts big blind 20
*** HOLE CARDS ***
Dealt to Mahu2021 [Qd 7c]
Mahu2021: folds 
samo1232: raises 60 to 80
ngf007: folds 
Uncalled bet (60) returned to samo1232
samo1232 collected 40 from pot
samo1232: doesn't show hand 
*** SUMMARY ***
Total pot 40 | Rake 0 
Seat 1: Mahu2021 (button) folded before Flop (didn't bet)
Seat 2: samo1232 (small blind) collected (40)
Seat 3: ngf007 (big blind) folded before Flop



PokerStars Hand #247996339115: Tournament #3694559214, $1.84+$0.16 USD Hold'em No Limit - Level I (10/20) - 2024/01/01 15:18:00 CET [2024/01/01 9:18:00 ET]
Table '3694559214 1' 3-max Seat #2 is the button
Seat 1: Mahu2021 (550 in chips) 
Seat 2: samo1232 (400 in chips) 
Seat 3: ngf007 (550 in chips) 
ngf007: posts small blind 10
Mahu2021: posts big blind 20
*** HOLE CARDS ***
Dealt to Mahu2021 [Qc Jd]
samo1232: calls 20
ngf007: folds 
Mahu2021: checks 
*** FLOP *** [3h Jh 7h]
Mahu2021: bets 20
samo1232: folds 
Uncalled bet (20) returned to Mahu2021
Mahu2021 collected 50 from pot
Mahu2021: doesn't show hand 
*** SUMMARY ***
Total pot 50 | Rake 0 
Board [3h Jh 7h]
Seat 1: Mahu2021 (big blind) collected (50)
Seat 2: samo1232 (button) folded on the Flop
Seat 3: ngf007 (small blind) folded before Flop



PokerStars Hand #247996342601: Tournament #3694559214, $1.84+$0.16 USD Hold'em No Limit - Level II (15/30) - 2024/01/01 15:18:16 CET [2024/01/01 9:18:16 ET]
Table '3694559214 1' 3-max Seat #3 is the button
Seat 1: Mahu2021 (580 in chips) 
Seat 2: samo1232 (380 in chips) 
Seat 3: ngf007 (540 in chips) 
Mahu2021: posts small blind 15
samo1232: posts big blind 30
*** HOLE CARDS ***
Dealt to Mahu2021 [3c 8d]
ngf007: raises 30 to 60
Mahu2021: folds 
samo1232: calls 30
*** FLOP *** [9c 3d 9d]
samo1232: checks 
ngf007: checks 
*** TURN *** [9c 3d 9d] [4c]
samo1232: bets 60
ngf007: calls 60
*** RIVER *** [9c 3d 9d 4c] [6d]
samo1232: bets 150
ngf007: calls 150
*** SHOW DOWN ***
samo1232: shows [6c Qc] (two pair, Nines and Sixes)
ngf007: shows [As 9h] (three of a kind, Nines)
ngf007 collected 555 from pot
*** SUMMARY ***
Total pot 555 | Rake 0 
Board [9c 3d 9d 4c 6d]
Seat 1: Mahu2021 (small blind) folded before Flop
Seat 2: samo1232 (big blind) showed [6c Qc] and lost with two pair, Nines and Sixes
Seat 3: ngf007 (button) showed [As 9h] and won (555) with three of a kind, Nines



PokerStars Hand #247996348905: Tournament #3694559214, $1.84+$0.16 USD Hold'em No Limit - Level II (15/30) - 2024/01/01 15:18:45 CET [2024/01/01 9:18:45 ET]
Table '3694559214 1' 3-max Seat #1 is the button
Seat 1: Mahu2021 (565 in chips) 
Seat 2: samo1232 (110 in chips) 
Seat 3: ngf007 (825 in chips) 
samo1232: posts small blind 15
ngf007: posts big blind 30
*** HOLE CARDS ***
Dealt to Mahu2021 [9s 3s]
Mahu2021: folds 
samo1232: folds 
Uncalled bet (15) returned to ngf007
ngf007 collected 30 from pot
ngf007: doesn't show hand 
*** SUMMARY ***
Total pot 30 | Rake 0 
Seat 1: Mahu2021 (button) folded before Flop (didn't bet)
Seat 2: samo1232 (small blind) folded before Flop
Seat 3: ngf007 (big blind) collected (30)



PokerStars Hand #247996350086: Tournament #3694559214, $1.84+$0.16 USD Hold'em No Limit - Level II (15/30) - 2024/01/01 15:18:50 CET [2024/01/01 9:18:50 ET]
Table '3694559214 1' 3-max Seat #2 is the button
Seat 1: Mahu2021 (565 in chips) 
Seat 2: samo1232 (95 in chips) 
Seat 3: ngf007 (840 in chips) 
ngf007: posts small blind 15
Mahu2021: posts big blind 30
*** HOLE CARDS ***
Dealt to Mahu2021 [6c 5d]
samo1232: raises 65 to 95 and is all-in
ngf007: folds 
Mahu2021: calls 65
*** FLOP *** [Qh 4s 5c]
*** TURN *** [Qh 4s 5c] [Qc]
*** RIVER *** [Qh 4s 5c Qc] [9h]
*** SHOW DOWN ***
Mahu2021: shows [6c 5d] (two pair, Queens and Fives)
samo1232: shows [Ts Kc] (a pair of Queens)
Mahu2021 collected 205 from pot
samo1232 finished the tournament in 3rd place
*** SUMMARY ***
Total pot 205 | Rake 0 
Board [Qh 4s 5c Qc 9h]
Seat 1: Mahu2021 (big blind) showed [6c 5d] and won (205) with two pair, Queens and Fives
Seat 2: samo1232 (button) showed [Ts Kc] and lost with a pair of Queens
Seat 3: ngf007 (small blind) folded before Flop



PokerStars Hand #247996355211: Tournament #3694559214, $1.84+$0.16 USD Hold'em No Limit - Level II (15/30) - 2024/01/01 15:19:14 CET [2024/01/01 9:19:14 ET]
Table '3694559214 1' 3-max Seat #1 is the button
Seat 1: Mahu2021 (675 in chips) 
Seat 3: ngf007 (825 in chips) 
Mahu2021: posts small blind 15
ngf007: posts big blind 30
*** HOLE CARDS ***
Dealt to Mahu2021 [8d Kd]
Mahu2021: calls 15
ngf007: checks 
*** FLOP *** [5h 9d Ks]
ngf007: bets 42
Mahu2021: calls 42
*** TURN *** [5h 9d Ks] [7c]
ngf007: checks 
Mahu2021: bets 60
ngf007: folds 
Uncalled bet (60) returned to Mahu2021
Mahu2021 collected 144 from pot
Mahu2021: doesn't show hand 
*** SUMMARY ***
Total pot 144 | Rake 0 
Board [5h 9d Ks 7c]
Seat 1: Mahu2021 (button) (small blind) collected (144)
Seat 3: ngf007 (big blind) folded on the Turn



PokerStars Hand #247996358766: Tournament #3694559214, $1.84+$0.16 USD Hold'em No Limit - Level II (15/30) - 2024/01/01 15:19:30 CET [2024/01/01 9:19:30 ET]
Table '3694559214 1' 3-max Seat #3 is the button
Seat 1: Mahu2021 (747 in chips) 
Seat 3: ngf007 (753 in chips) 
ngf007: posts small blind 15
Mahu2021: posts big blind 30
*** HOLE CARDS ***
Dealt to Mahu2021 [3s As]
ngf007: raises 30 to 60
Mahu2021: calls 30
*** FLOP *** [2c 4s Ah]
Mahu2021: checks 
ngf007: bets 36
Mahu2021: calls 36
*** TURN *** [2c 4s Ah] [6d]
Mahu2021: checks 
ngf007: bets 58
Mahu2021: calls 58
*** RIVER *** [2c 4s Ah 6d] [7c]
Mahu2021: checks 
ngf007: bets 599 and is all-in
Mahu2021: folds 
Uncalled bet (599) returned to ngf007
ngf007 collected 308 from pot
ngf007: doesn't show hand 
*** SUMMARY ***
Total pot 308 | Rake 0 
Board [2c 4s Ah 6d 7c]
Seat 1: Mahu2021 (big blind) folded on the River
Seat 3: ngf007 (button) (small blind) collected (308)



PokerStars Hand #247996364350: Tournament #3694559214, $1.84+$0.16 USD Hold'em No Limit - Level II (15/30) - 2024/01/01 15:19:55 CET [2024/01/01 9:19:55 ET]
Table '3694559214 1' 3-max Seat #1 is the button
Seat 1: Mahu2021 (593 in chips) 
Seat 3: ngf007 (907 in chips) 
Mahu2021: posts small blind 15
ngf007: posts big blind 30
*** HOLE CARDS ***
Dealt to Mahu2021 [8d Qc]
Mahu2021: calls 15
ngf007: raises 30 to 60
Mahu2021: calls 30
*** FLOP *** [8c Kd Th]
ngf007: bets 36
Mahu2021: calls 36
*** TURN *** [8c Kd Th] [4h]
ngf007: bets 30
Mahu2021: raises 467 to 497 and is all-in
ngf007: folds 
Uncalled bet (467) returned to Mahu2021
Mahu2021 collected 252 from pot
Mahu2021: doesn't show hand 
*** SUMMARY ***
Total pot 252 | Rake 0 
Board [8c Kd Th 4h]
Seat 1: Mahu2021 (button) (small blind) collected (252)
Seat 3: ngf007 (big blind) folded on the Turn



PokerStars Hand #247996368476: Tournament #3694559214, $1.84+$0.16 USD Hold'em No Limit - Level II (15/30) - 2024/01/01 15:20:15 CET [2024/01/01 9:20:15 ET]
Table '3694559214 1' 3-max Seat #3 is the button
Seat 1: Mahu2021 (719 in chips) 
Seat 3: ngf007 (781 in chips) 
ngf007: posts small blind 15
Mahu2021: posts big blind 30
*** HOLE CARDS ***
Dealt to Mahu2021 [Ts 6s]
ngf007: raises 751 to 781 and is all-in
Mahu2021: folds 
Uncalled bet (751) returned to ngf007
ngf007 collected 60 from pot
ngf007: doesn't show hand 
*** SUMMARY ***
Total pot 60 | Rake 0 
Seat 1: Mahu2021 (big blind) folded before Flop
Seat 3: ngf007 (button) (small blind) collected (60)



PokerStars Hand #247996370021: Tournament #3694559214, $1.84+$0.16 USD Hold'em No Limit - Level II (15/30) - 2024/01/01 15:20:22 CET [2024/01/01 9:20:22 ET]
Table '3694559214 1' 3-max Seat #1 is the button
Seat 1: Mahu2021 (689 in chips) 
Seat 3: ngf007 (811 in chips) 
Mahu2021: posts small blind 15
ngf007: posts big blind 30
*** HOLE CARDS ***
Dealt to Mahu2021 [5d 9c]
Mahu2021: folds 
Uncalled bet (15) returned to ngf007
ngf007 collected 30 from pot
ngf007: doesn't show hand 
*** SUMMARY ***
Total pot 30 | Rake 0 
Seat 1: Mahu2021 (button) (small blind) folded before Flop
Seat 3: ngf007 (big blind) collected (30)



PokerStars Hand #247996370950: Tournament #3694559214, $1.84+$0.16 USD Hold'em No Limit - Level II (15/30) - 2024/01/01 15:20:26 CET [2024/01/01 9:20:26 ET]
Table '3694559214 1' 3-max Seat #3 is the button
Seat 1: Mahu2021 (674 in chips) 
Seat 3: ngf007 (826 in chips) 
ngf007: posts small blind 15
Mahu2021: posts big blind 30
*** HOLE CARDS ***
Dealt to Mahu2021 [7s Ts]
ngf007: raises 30 to 60
Mahu2021: calls 30
*** FLOP *** [Kc 5c 4c]
Mahu2021: checks 
ngf007: bets 36
Mahu2021: folds 
Uncalled bet (36) returned to ngf007
ngf007 collected 120 from pot
ngf007: doesn't show hand 
*** SUMMARY ***
Total pot 120 | Rake 0 
Board [Kc 5c 4c]
Seat 1: Mahu2021 (big blind) folded on the Flop
Seat 3: ngf007 (button) (small blind) collected (120)



PokerStars Hand #247996374200: Tournament #3694559214, $1.84+$0.16 USD Hold'em No Limit - Level II (15/30) - 2024/01/01 15:20:41 CET [2024/01/01 9:20:41 ET]
Table '3694559214 1' 3-max Seat #1 is the button
Seat 1: Mahu2021 (614 in chips) 
Seat 3: ngf007 (886 in chips) 
Mahu2021: posts small blind 15
ngf007: posts big blind 30
*** HOLE CARDS ***
Dealt to Mahu2021 [Js 9s]
Mahu2021: raises 30 to 60
ngf007: calls 30
*** FLOP *** [5h 9c Ad]
ngf007: checks 
Mahu2021: bets 60
ngf007: calls 60
*** TURN *** [5h 9c Ad] [Td]
ngf007: checks 
Mahu2021: checks 
*** RIVER *** [5h 9c Ad Td] [Jh]
ngf007: bets 168
Mahu2021: calls 168
*** SHOW DOWN ***
ngf007: shows [5s Ac] (two pair, Aces and Fives)
Mahu2021: mucks hand 
ngf007 collected 576 from pot
*** SUMMARY ***
Total pot 576 | Rake 0 
Board [5h 9c Ad Td Jh]
Seat 1: Mahu2021 (button) (small blind) mucked [Js 9s]
Seat 3: ngf007 (big blind) showed [5s Ac] and won (576) with two pair, Aces and Fives



PokerStars Hand #247996379359: Tournament #3694559214, $1.84+$0.16 USD Hold'em No Limit - Level II (15/30) - 2024/01/01 15:21:04 CET [2024/01/01 9:21:04 ET]
Table '3694559214 1' 3-max Seat #3 is the button
Seat 1: Mahu2021 (326 in chips) 
Seat 3: ngf007 (1174 in chips) 
ngf007: posts small blind 15
Mahu2021: posts big blind 30
*** HOLE CARDS ***
Dealt to Mahu2021 [5d 6h]
ngf007: calls 15
Mahu2021: checks 
*** FLOP *** [8s Ad 2h]
Mahu2021: checks 
ngf007: checks 
*** TURN *** [8s Ad 2h] [Kh]
Mahu2021: checks 
ngf007: bets 42
Mahu2021: folds 
Uncalled bet (42) returned to ngf007
ngf007 collected 60 from pot
ngf007: doesn't show hand 
*** SUMMARY ***
Total pot 60 | Rake 0 
Board [8s Ad 2h Kh]
Seat 1: Mahu2021 (big blind) folded on the Turn
Seat 3: ngf007 (button) (small blind) collected (60)



PokerStars Hand #247996382950: Tournament #3694559214, $1.84+$0.16 USD Hold'em No Limit - Level III (20/40) - 2024/01/01 15:21:21 CET [2024/01/01 9:21:21 ET]
Table '3694559214 1' 3-max Seat #1 is the button
Seat 1: Mahu2021 (296 in chips) 
Seat 3: ngf007 (1204 in chips) 
Mahu2021: posts small blind 20
ngf007: posts big blind 40
*** HOLE CARDS ***
Dealt to Mahu2021 [Ts 2s]
Mahu2021: folds 
Uncalled bet (20) returned to ngf007
ngf007 collected 40 from pot
ngf007: doesn't show hand 
*** SUMMARY ***
Total pot 40 | Rake 0 
Seat 1: Mahu2021 (button) (small blind) folded before Flop
Seat 3: ngf007 (big blind) collected (40)



PokerStars Hand #247996383868: Tournament #3694559214, $1.84+$0.16 USD Hold'em No Limit - Level III (20/40) - 2024/01/01 15:21:25 CET [2024/01/01 9:21:25 ET]
Table '3694559214 1' 3-max Seat #3 is the button
Seat 1: Mahu2021 (276 in chips) 
Seat 3: ngf007 (1224 in chips) 
ngf007: posts small blind 20
Mahu2021: posts big blind 40
*** HOLE CARDS ***
Dealt to Mahu2021 [8c 6c]
ngf007: calls 20
Mahu2021: checks 
*** FLOP *** [Kc 6d Js]
Mahu2021: checks 
ngf007: bets 40
Mahu2021: calls 40
*** TURN *** [Kc 6d Js] [3d]
Mahu2021: checks 
ngf007: checks 
*** RIVER *** [Kc 6d Js 3d] [2d]
Mahu2021: bets 196 and is all-in
ngf007: folds 
Uncalled bet (196) returned to Mahu2021
Mahu2021 collected 160 from pot
Mahu2021: doesn't show hand 
*** SUMMARY ***
Total pot 160 | Rake 0 
Board [Kc 6d Js 3d 2d]
Seat 1: Mahu2021 (big blind) collected (160)
Seat 3: ngf007 (button) (small blind) folded on the River



PokerStars Hand #247996388437: Tournament #3694559214, $1.84+$0.16 USD Hold'em No Limit - Level III (20/40) - 2024/01/01 15:21:45 CET [2024/01/01 9:21:45 ET]
Table '3694559214 1' 3-max Seat #1 is the button
Seat 1: Mahu2021 (356 in chips) 
Seat 3: ngf007 (1144 in chips) 
Mahu2021: posts small blind 20
ngf007: posts big blind 40
*** HOLE CARDS ***
Dealt to Mahu2021 [Ks 9d]
Mahu2021: raises 40 to 80
ngf007: calls 40
*** FLOP *** [Jc Kc Qh]
ngf007: checks 
Mahu2021: bets 80
ngf007: calls 80
*** TURN *** [Jc Kc Qh] [3d]
ngf007: checks 
Mahu2021: bets 196 and is all-in
ngf007: calls 196
*** RIVER *** [Jc Kc Qh 3d] [3s]
*** SHOW DOWN ***
ngf007: shows [6d Jh] (two pair, Jacks and Threes)
Mahu2021: shows [Ks 9d] (two pair, Kings and Threes)
Mahu2021 collected 712 from pot
*** SUMMARY ***
Total pot 712 | Rake 0 
Board [Jc Kc Qh 3d 3s]
Seat 1: Mahu2021 (button) (small blind) showed [Ks 9d] and won (712) with two pair, Kings and Threes
Seat 3: ngf007 (big blind) showed [6d Jh] and lost with two pair, Jacks and Threes



PokerStars Hand #247996393691: Tournament #3694559214, $1.84+$0.16 USD Hold'em No Limit - Level III (20/40) - 2024/01/01 15:22:09 CET [2024/01/01 9:22:09 ET]
Table '3694559214 1' 3-max Seat #3 is the button
Seat 1: Mahu2021 (712 in chips) 
Seat 3: ngf007 (788 in chips) 
ngf007: posts small blind 20
Mahu2021: posts big blind 40
*** HOLE CARDS ***
Dealt to Mahu2021 [9d Qd]
ngf007: raises 40 to 80
Mahu2021: calls 40
*** FLOP *** [5d 4c 6h]
Mahu2021: checks 
ngf007: bets 72
Mahu2021: folds 
Uncalled bet (72) returned to ngf007
ngf007 collected 160 from pot
ngf007: doesn't show hand 
*** SUMMARY ***
Total pot 160 | Rake 0 
Board [5d 4c 6h]
Seat 1: Mahu2021 (big blind) folded on the Flop
Seat 3: ngf007 (button) (small blind) collected (160)



PokerStars Hand #247996396835: Tournament #3694559214, $1.84+$0.16 USD Hold'em No Limit - Level III (20/40) - 2024/01/01 15:22:23 CET [2024/01/01 9:22:23 ET]
Table '3694559214 1' 3-max Seat #1 is the button
Seat 1: Mahu2021 (632 in chips) 
Seat 3: ngf007 (868 in chips) 
Mahu2021: posts small blind 20
ngf007: posts big blind 40
*** HOLE CARDS ***
Dealt to Mahu2021 [7d 3s]
Mahu2021: folds 
Uncalled bet (20) returned to ngf007
ngf007 collected 40 from pot
ngf007: doesn't show hand 
*** SUMMARY ***
Total pot 40 | Rake 0 
Seat 1: Mahu2021 (button) (small blind) folded before Flop
Seat 3: ngf007 (big blind) collected (40)



PokerStars Hand #247996397707: Tournament #3694559214, $1.84+$0.16 USD Hold'em No Limit - Level III (20/40) - 2024/01/01 15:22:28 CET [2024/01/01 9:22:28 ET]
Table '3694559214 1' 3-max Seat #3 is the button
Seat 1: Mahu2021 (612 in chips) 
Seat 3: ngf007 (888 in chips) 
ngf007: posts small blind 20
Mahu2021: posts big blind 40
*** HOLE CARDS ***
Dealt to Mahu2021 [Ad 9s]
ngf007: raises 40 to 80
Mahu2021: raises 532 to 612 and is all-in
ngf007: folds 
Uncalled bet (532) returned to Mahu2021
Mahu2021 collected 160 from pot
Mahu2021: doesn't show hand 
*** SUMMARY ***
Total pot 160 | Rake 0 
Seat 1: Mahu2021 (big blind) collected (160)
Seat 3: ngf007 (button) (small blind) folded before Flop



PokerStars Hand #247996400263: Tournament #3694559214, $1.84+$0.16 USD Hold'em No Limit - Level III (20/40) - 2024/01/01 15:22:39 CET [2024/01/01 9:22:39 ET]
Table '3694559214 1' 3-max Seat #1 is the button
Seat 1: Mahu2021 (692 in chips) 
Seat 3: ngf007 (808 in chips) 
Mahu2021: posts small blind 20
ngf007: posts big blind 40
*** HOLE CARDS ***
Dealt to Mahu2021 [Ah 9s]
Mahu2021: calls 20
ngf007: checks 
*** FLOP *** [3d As 7d]
ngf007: bets 40
Mahu2021: raises 80 to 120
ngf007: folds 
Uncalled bet (80) returned to Mahu2021
Mahu2021 collected 160 from pot
Mahu2021: doesn't show hand 
*** SUMMARY ***
Total pot 160 | Rake 0 
Board [3d As 7d]
Seat 1: Mahu2021 (button) (small blind) collected (160)
Seat 3: ngf007 (big blind) folded on the Flop



PokerStars Hand #247996402602: Tournament #3694559214, $1.84+$0.16 USD Hold'em No Limit - Level III (20/40) - 2024/01/01 15:22:49 CET [2024/01/01 9:22:49 ET]
Table '3694559214 1' 3-max Seat #3 is the button
Seat 1: Mahu2021 (772 in chips) 
Seat 3: ngf007 (728 in chips) 
ngf007: posts small blind 20
Mahu2021: posts big blind 40
*** HOLE CARDS ***
Dealt to Mahu2021 [Qs 4h]
ngf007: raises 688 to 728 and is all-in
Mahu2021: folds 
Uncalled bet (688) returned to ngf007
ngf007 collected 80 from pot
ngf007: doesn't show hand 
*** SUMMARY ***
Total pot 80 | Rake 0 
Seat 1: Mahu2021 (big blind) folded before Flop
Seat 3: ngf007 (button) (small blind) collected (80)



PokerStars Hand #247996403958: Tournament #3694559214, $1.84+$0.16 USD Hold'em No Limit - Level III (20/40) - 2024/01/01 15:22:55 CET [2024/01/01 9:22:55 ET]
Table '3694559214 1' 3-max Seat #1 is the button
Seat 1: Mahu2021 (732 in chips) 
Seat 3: ngf007 (768 in chips) 
Mahu2021: posts small blind 20
ngf007: posts big blind 40
*** HOLE CARDS ***
Dealt to Mahu2021 [Qs 8h]
Mahu2021: calls 20
ngf007: checks 
*** FLOP *** [4d 7s Kh]
ngf007: bets 40
Mahu2021: folds 
Uncalled bet (40) returned to ngf007
ngf007 collected 80 from pot
ngf007: doesn't show hand 
*** SUMMARY ***
Total pot 80 | Rake 0 
Board [4d 7s Kh]
Seat 1: Mahu2021 (button) (small blind) folded on the Flop
Seat 3: ngf007 (big blind) collected (80)



PokerStars Hand #247996407045: Tournament #3694559214, $1.84+$0.16 USD Hold'em No Limit - Level III (20/40) - 2024/01/01 15:23:09 CET [2024/01/01 9:23:09 ET]
Table '3694559214 1' 3-max Seat #3 is the button
Seat 1: Mahu2021 (692 in chips) 
Seat 3: ngf007 (808 in chips) 
ngf007: posts small blind 20
Mahu2021: posts big blind 40
*** HOLE CARDS ***
Dealt to Mahu2021 [4h Qh]
ngf007: calls 20
Mahu2021: checks 
*** FLOP *** [4c Ah 3d]
Mahu2021: checks 
ngf007: bets 40
Mahu2021: calls 40
*** TURN *** [4c Ah 3d] [3s]
Mahu2021: checks 
ngf007: checks 
*** RIVER *** [4c Ah 3d 3s] [4d]
Mahu2021: bets 160
ngf007: folds 
Uncalled bet (160) returned to Mahu2021
Mahu2021 collected 160 from pot
Mahu2021: doesn't show hand 
*** SUMMARY ***
Total pot 160 | Rake 0 
Board [4c Ah 3d 3s 4d]
Seat 1: Mahu2021 (big blind) collected (160)
Seat 3: ngf007 (button) (small blind) folded on the River



PokerStars Hand #247996411316: Tournament #3694559214, $1.84+$0.16 USD Hold'em No Limit - Level III (20/40) - 2024/01/01 15:23:28 CET [2024/01/01 9:23:28 ET]
Table '3694559214 1' 3-max Seat #1 is the button
Seat 1: Mahu2021 (772 in chips) 
Seat 3: ngf007 (728 in chips) 
Mahu2021: posts small blind 20
ngf007: posts big blind 40
*** HOLE CARDS ***
Dealt to Mahu2021 [8d 4s]
Mahu2021: folds 
Uncalled bet (20) returned to ngf007
ngf007 collected 40 from pot
ngf007: doesn't show hand 
*** SUMMARY ***
Total pot 40 | Rake 0 
Seat 1: Mahu2021 (button) (small blind) folded before Flop
Seat 3: ngf007 (big blind) collected (40)



PokerStars Hand #247996412246: Tournament #3694559214, $1.84+$0.16 USD Hold'em No Limit - Level III (20/40) - 2024/01/01 15:23:33 CET [2024/01/01 9:23:33 ET]
Table '3694559214 1' 3-max Seat #3 is the button
Seat 1: Mahu2021 (752 in chips) 
Seat 3: ngf007 (748 in chips) 
ngf007: posts small blind 20
Mahu2021: posts big blind 40
*** HOLE CARDS ***
Dealt to Mahu2021 [7s 9h]
ngf007: calls 20
Mahu2021: checks 
*** FLOP *** [Jd 6c Ts]
Mahu2021: checks 
ngf007: bets 40
Mahu2021: calls 40
*** TURN *** [Jd 6c Ts] [Qd]
Mahu2021: checks 
ngf007: checks 
*** RIVER *** [Jd 6c Ts Qd] [9d]
Mahu2021: bets 80
ngf007: folds 
Uncalled bet (80) returned to Mahu2021
Mahu2021 collected 160 from pot
Mahu2021: doesn't show hand 
*** SUMMARY ***
Total pot 160 | Rake 0 
Board [Jd 6c Ts Qd 9d]
Seat 1: Mahu2021 (big blind) collected (160)
Seat 3: ngf007 (button) (small blind) folded on the River



PokerStars Hand #247996415988: Tournament #3694559214, $1.84+$0.16 USD Hold'em No Limit - Level III (20/40) - 2024/01/01 15:23:49 CET [2024/01/01 9:23:49 ET]
Table '3694559214 1' 3-max Seat #1 is the button
Seat 1: Mahu2021 (832 in chips) 
Seat 3: ngf007 (668 in chips) 
Mahu2021: posts small blind 20
ngf007: posts big blind 40
*** HOLE CARDS ***
Dealt to Mahu2021 [3d 2h]
Mahu2021: calls 20
ngf007: checks 
*** FLOP *** [As Qh 8s]
ngf007: bets 40
Mahu2021: folds 
Uncalled bet (40) returned to ngf007
ngf007 collected 80 from pot
ngf007: doesn't show hand 
*** SUMMARY ***
Total pot 80 | Rake 0 
Board [As Qh 8s]
Seat 1: Mahu2021 (button) (small blind) folded on the Flop
Seat 3: ngf007 (big blind) collected (80)



PokerStars Hand #247996417909: Tournament #3694559214, $1.84+$0.16 USD Hold'em No Limit - Level III (20/40) - 2024/01/01 15:23:58 CET [2024/01/01 9:23:58 ET]
Table '3694559214 1' 3-max Seat #3 is the button
Seat 1: Mahu2021 (792 in chips) 
Seat 3: ngf007 (708 in chips) 
ngf007: posts small blind 20
Mahu2021: posts big blind 40
*** HOLE CARDS ***
Dealt to Mahu2021 [7c Tc]
ngf007: raises 40 to 80
Mahu2021: calls 40
*** FLOP *** [Ad Qc Ts]
Mahu2021: checks 
ngf007: bets 40
Mahu2021: calls 40
*** TURN *** [Ad Qc Ts] [8h]
Mahu2021: checks 
ngf007: checks 
*** RIVER *** [Ad Qc Ts 8h] [3h]
Mahu2021: bets 40
ngf007: calls 40
*** SHOW DOWN ***
Mahu2021: shows [7c Tc] (a pair of Tens)
ngf007: mucks hand 
Mahu2021 collected 320 from pot
*** SUMMARY ***
Total pot 320 | Rake 0 
Board [Ad Qc Ts 8h 3h]
Seat 1: Mahu2021 (big blind) showed [7c Tc] and won (320) with a pair of Tens
Seat 3: ngf007 (button) (small blind) mucked [8s 7h]



PokerStars Hand #247996422660: Tournament #3694559214, $1.84+$0.16 USD Hold'em No Limit - Level IV (30/60) - 2024/01/01 15:24:19 CET [2024/01/01 9:24:19 ET]
Table '3694559214 1' 3-max Seat #1 is the button
Seat 1: Mahu2021 (952 in chips) 
Seat 3: ngf007 (548 in chips) 
Mahu2021: posts small blind 30
ngf007: posts big blind 60
*** HOLE CARDS ***
Dealt to Mahu2021 [9h 6h]
Mahu2021: calls 30
ngf007: checks 
*** FLOP *** [6d Ah Qc]
ngf007: checks 
Mahu2021: bets 60
ngf007: folds 
Uncalled bet (60) returned to Mahu2021
Mahu2021 collected 120 from pot
Mahu2021: doesn't show hand 
*** SUMMARY ***
Total pot 120 | Rake 0 
Board [6d Ah Qc]
Seat 1: Mahu2021 (button) (small blind) collected (120)
Seat 3: ngf007 (big blind) folded on the Flop



PokerStars Hand #247996425663: Tournament #3694559214, $1.84+$0.16 USD Hold'em No Limit - Level IV (30/60) - 2024/01/01 15:24:33 CET [2024/01/01 9:24:33 ET]
Table '3694559214 1' 3-max Seat #3 is the button
Seat 1: Mahu2021 (1012 in chips) 
Seat 3: ngf007 (488 in chips) 
ngf007: posts small blind 30
Mahu2021: posts big blind 60
*** HOLE CARDS ***
Dealt to Mahu2021 [Ah Qh]
ngf007: calls 30
Mahu2021: raises 180 to 240
ngf007: folds 
Uncalled bet (180) returned to Mahu2021
Mahu2021 collected 120 from pot
Mahu2021: doesn't show hand 
*** SUMMARY ***
Total pot 120 | Rake 0 
Seat 1: Mahu2021 (big blind) collected (120)
Seat 3: ngf007 (button) (small blind) folded before Flop



PokerStars Hand #247996427933: Tournament #3694559214, $1.84+$0.16 USD Hold'em No Limit - Level IV (30/60) - 2024/01/01 15:24:43 CET [2024/01/01 9:24:43 ET]
Table '3694559214 1' 3-max Seat #1 is the button
Seat 1: Mahu2021 (1072 in chips) 
Seat 3: ngf007 (428 in chips) 
Mahu2021: posts small blind 30
ngf007: posts big blind 60
*** HOLE CARDS ***
Dealt to Mahu2021 [Js Ts]
Mahu2021: calls 30
ngf007: checks 
*** FLOP *** [6h 2h 3s]
ngf007: bets 60
Mahu2021: folds 
Uncalled bet (60) returned to ngf007
ngf007 collected 120 from pot
ngf007: doesn't show hand 
*** SUMMARY ***
Total pot 120 | Rake 0 
Board [6h 2h 3s]
Seat 1: Mahu2021 (button) (small blind) folded on the Flop
Seat 3: ngf007 (big blind) collected (120)



PokerStars Hand #247996429783: Tournament #3694559214, $1.84+$0.16 USD Hold'em No Limit - Level IV (30/60) - 2024/01/01 15:24:51 CET [2024/01/01 9:24:51 ET]
Table '3694559214 1' 3-max Seat #3 is the button
Seat 1: Mahu2021 (1012 in chips) 
Seat 3: ngf007 (488 in chips) 
ngf007: posts small blind 30
Mahu2021: posts big blind 60
*** HOLE CARDS ***
Dealt to Mahu2021 [Td 3d]
ngf007: calls 30
Mahu2021: checks 
*** FLOP *** [Kd Tc 9c]
Mahu2021: checks 
ngf007: bets 60
Mahu2021: calls 60
*** TURN *** [Kd Tc 9c] [Qs]
Mahu2021: checks 
ngf007: checks 
*** RIVER *** [Kd Tc 9c Qs] [5h]
Mahu2021: checks 
ngf007: checks 
*** SHOW DOWN ***
Mahu2021: shows [Td 3d] (a pair of Tens)
ngf007: mucks hand 
Mahu2021 collected 240 from pot
*** SUMMARY ***
Total pot 240 | Rake 0 
Board [Kd Tc 9c Qs 5h]
Seat 1: Mahu2021 (big blind) showed [Td 3d] and won (240) with a pair of Tens
Seat 3: ngf007 (button) (small blind) mucked [6d 5c]



PokerStars Hand #247996433358: Tournament #3694559214, $1.84+$0.16 USD Hold'em No Limit - Level IV (30/60) - 2024/01/01 15:25:07 CET [2024/01/01 9:25:07 ET]
Table '3694559214 1' 3-max Seat #1 is the button
Seat 1: Mahu2021 (1132 in chips) 
Seat 3: ngf007 (368 in chips) 
Mahu2021: posts small blind 30
ngf007: posts big blind 60
*** HOLE CARDS ***
Dealt to Mahu2021 [Ks Td]
Mahu2021: raises 120 to 180
ngf007: raises 188 to 368 and is all-in
Mahu2021: calls 188
*** FLOP *** [6s 5d Ah]
*** TURN *** [6s 5d Ah] [8h]
*** RIVER *** [6s 5d Ah 8h] [6d]
*** SHOW DOWN ***
ngf007: shows [7d Ad] (two pair, Aces and Sixes)
Mahu2021: shows [Ks Td] (a pair of Sixes)
ngf007 collected 736 from pot
*** SUMMARY ***
Total pot 736 | Rake 0 
Board [6s 5d Ah 8h 6d]
Seat 1: Mahu2021 (button) (small blind) showed [Ks Td] and lost with a pair of Sixes
Seat 3: ngf007 (big blind) showed [7d Ad] and won (736) with two pair, Aces and Sixes



PokerStars Hand #247996436296: Tournament #3694559214, $1.84+$0.16 USD Hold'em No Limit - Level IV (30/60) - 2024/01/01 15:25:21 CET [2024/01/01 9:25:21 ET]
Table '3694559214 1' 3-max Seat #3 is the button
Seat 1: Mahu2021 (764 in chips) 
Seat 3: ngf007 (736 in chips) 
ngf007: posts small blind 30
Mahu2021: posts big blind 60
*** HOLE CARDS ***
Dealt to Mahu2021 [2c 7d]
ngf007: raises 676 to 736 and is all-in
Mahu2021: folds 
Uncalled bet (676) returned to ngf007
ngf007 collected 120 from pot
ngf007: doesn't show hand 
*** SUMMARY ***
Total pot 120 | Rake 0 
Seat 1: Mahu2021 (big blind) folded before Flop
Seat 3: ngf007 (button) (small blind) collected (120)



PokerStars Hand #247996438319: Tournament #3694559214, $1.84+$0.16 USD Hold'em No Limit - Level IV (30/60) - 2024/01/01 15:25:30 CET [2024/01/01 9:25:30 ET]
Table '3694559214 1' 3-max Seat #1 is the button
Seat 1: Mahu2021 (704 in chips) 
Seat 3: ngf007 (796 in chips) 
Mahu2021: posts small blind 30
ngf007: posts big blind 60
*** HOLE CARDS ***
Dealt to Mahu2021 [Jd 5s]
Mahu2021: folds 
Uncalled bet (30) returned to ngf007
ngf007 collected 60 from pot
ngf007: doesn't show hand 
*** SUMMARY ***
Total pot 60 | Rake 0 
Seat 1: Mahu2021 (button) (small blind) folded before Flop
Seat 3: ngf007 (big blind) collected (60)



PokerStars Hand #247996439201: Tournament #3694559214, $1.84+$0.16 USD Hold'em No Limit - Level IV (30/60) - 2024/01/01 15:25:34 CET [2024/01/01 9:25:34 ET]
Table '3694559214 1' 3-max Seat #3 is the button
Seat 1: Mahu2021 (674 in chips) 
Seat 3: ngf007 (826 in chips) 
ngf007: posts small blind 30
Mahu2021: posts big blind 60
*** HOLE CARDS ***
Dealt to Mahu2021 [Ad 6c]
ngf007: raises 60 to 120
Mahu2021: calls 60
*** FLOP *** [8d 9h 5c]
Mahu2021: checks 
ngf007: checks 
*** TURN *** [8d 9h 5c] [7s]
Mahu2021: checks 
ngf007: bets 60
Mahu2021: raises 60 to 120
ngf007: calls 60
*** RIVER *** [8d 9h 5c 7s] [6h]
Mahu2021: bets 434 and is all-in
ngf007: calls 434
*** SHOW DOWN ***
Mahu2021: shows [Ad 6c] (a straight, Five to Nine)
ngf007: shows [4c Ac] (a straight, Five to Nine)
Mahu2021 collected 674 from pot
ngf007 collected 674 from pot
*** SUMMARY ***
Total pot 1348 | Rake 0 
Board [8d 9h 5c 7s 6h]
Seat 1: Mahu2021 (big blind) showed [Ad 6c] and won (674) with a straight, Five to Nine
Seat 3: ngf007 (button) (small blind) showed [4c Ac] and won (674) with a straight, Five to Nine



PokerStars Hand #247996444406: Tournament #3694559214, $1.84+$0.16 USD Hold'em No Limit - Level IV (30/60) - 2024/01/01 15:25:57 CET [2024/01/01 9:25:57 ET]
Table '3694559214 1' 3-max Seat #1 is the button
Seat 1: Mahu2021 (674 in chips) 
Seat 3: ngf007 (826 in chips) 
Mahu2021: posts small blind 30
ngf007: posts big blind 60
*** HOLE CARDS ***
Dealt to Mahu2021 [Jc 7c]
Mahu2021: calls 30
ngf007: checks 
*** FLOP *** [2d Tc 3d]
ngf007: checks 
Mahu2021: checks 
*** TURN *** [2d Tc 3d] [4h]
ngf007: bets 84
Mahu2021: folds 
Uncalled bet (84) returned to ngf007
ngf007 collected 120 from pot
ngf007: doesn't show hand 
*** SUMMARY ***
Total pot 120 | Rake 0 
Board [2d Tc 3d 4h]
Seat 1: Mahu2021 (button) (small blind) folded on the Turn
Seat 3: ngf007 (big blind) collected (120)



PokerStars Hand #247996447388: Tournament #3694559214, $1.84+$0.16 USD Hold'em No Limit - Level IV (30/60) - 2024/01/01 15:26:10 CET [2024/01/01 9:26:10 ET]
Table '3694559214 1' 3-max Seat #3 is the button
Seat 1: Mahu2021 (614 in chips) 
Seat 3: ngf007 (886 in chips) 
ngf007: posts small blind 30
Mahu2021: posts big blind 60
*** HOLE CARDS ***
Dealt to Mahu2021 [Kd Qc]
ngf007: calls 30
Mahu2021: raises 120 to 180
ngf007: folds 
Uncalled bet (120) returned to Mahu2021
Mahu2021 collected 120 from pot
Mahu2021: doesn't show hand 
*** SUMMARY ***
Total pot 120 | Rake 0 
Seat 1: Mahu2021 (big blind) collected (120)
Seat 3: ngf007 (button) (small blind) folded before Flop



PokerStars Hand #247996449523: Tournament #3694559214, $1.84+$0.16 USD Hold'em No Limit - Level IV (30/60) - 2024/01/01 15:26:20 CET [2024/01/01 9:26:20 ET]
Table '3694559214 1' 3-max Seat #1 is the button
Seat 1: Mahu2021 (674 in chips) 
Seat 3: ngf007 (826 in chips) 
Mahu2021: posts small blind 30
ngf007: posts big blind 60
*** HOLE CARDS ***
Dealt to Mahu2021 [Kd Ad]
Mahu2021: raises 60 to 120
ngf007: calls 60
*** FLOP *** [4c Th 3s]
ngf007: checks 
Mahu2021: bets 554 and is all-in
ngf007: calls 554
*** TURN *** [4c Th 3s] [Jh]
*** RIVER *** [4c Th 3s Jh] [4s]
*** SHOW DOWN ***
ngf007: shows [Ks Tc] (two pair, Tens and Fours)
Mahu2021: shows [Kd Ad] (a pair of Fours)
ngf007 collected 1348 from pot
Mahu2021 finished the tournament in 2nd place
ngf007 wins the tournament and receives $8.00 - congratulations!
*** SUMMARY ***
Total pot 1348 | Rake 0 
Board [4c Th 3s Jh 4s]
Seat 1: Mahu2021 (button) (small blind) showed [Kd Ad] and lost with a pair of Fours
Seat 3: ngf007 (big blind) showed [Ks Tc] and won (1348) with two pair, Tens and Fours



