PokerStars Hand #248076496795: Tournament #3696424110, $4.60+$0.40 USD Hold'em No Limit - Level I (10/20) - 2024/01/05 13:35:32 CET [2024/01/05 7:35:32 ET]
Table '3696424110 1' 3-max Seat #1 is the button
Seat 1: Mahu2021 (500 in chips) 
Seat 2: FlavioMidas (500 in chips) 
Seat 3: 0905175159 (500 in chips) 
FlavioMidas: posts small blind 10
0905175159: posts big blind 20
*** HOLE CARDS ***
Dealt to Mahu2021 [5c Ks]
Mahu2021: folds 
FlavioMidas: folds 
Uncalled bet (10) returned to 0905175159
0905175159 collected 20 from pot
*** SUMMARY ***
Total pot 20 | Rake 0 
Seat 1: Mahu2021 (button) folded before Flop (didn't bet)
Seat 2: FlavioMidas (small blind) folded before Flop
Seat 3: 0905175159 (big blind) collected (20)



PokerStars Hand #248076497855: Tournament #3696424110, $4.60+$0.40 USD Hold'em No Limit - Level I (10/20) - 2024/01/05 13:35:37 CET [2024/01/05 7:35:37 ET]
Table '3696424110 1' 3-max Seat #2 is the button
Seat 1: Mahu2021 (500 in chips) 
Seat 2: FlavioMidas (490 in chips) 
Seat 3: 0905175159 (510 in chips) 
0905175159: posts small blind 10
Mahu2021: posts big blind 20
*** HOLE CARDS ***
Dealt to Mahu2021 [4c 9h]
FlavioMidas: folds 
0905175159: calls 10
Mahu2021: checks 
*** FLOP *** [Jh 7h Ts]
0905175159: checks 
Mahu2021: bets 20
0905175159: folds 
Uncalled bet (20) returned to Mahu2021
Mahu2021 collected 40 from pot
Mahu2021: doesn't show hand 
*** SUMMARY ***
Total pot 40 | Rake 0 
Board [Jh 7h Ts]
Seat 1: Mahu2021 (big blind) collected (40)
Seat 2: FlavioMidas (button) folded before Flop (didn't bet)
Seat 3: 0905175159 (small blind) folded on the Flop



PokerStars Hand #248076501056: Tournament #3696424110, $4.60+$0.40 USD Hold'em No Limit - Level I (10/20) - 2024/01/05 13:35:54 CET [2024/01/05 7:35:54 ET]
Table '3696424110 1' 3-max Seat #3 is the button
Seat 1: Mahu2021 (520 in chips) 
Seat 2: FlavioMidas (490 in chips) 
Seat 3: 0905175159 (490 in chips) 
Mahu2021: posts small blind 10
FlavioMidas: posts big blind 20
*** HOLE CARDS ***
Dealt to Mahu2021 [3c Jc]
0905175159: folds 
Mahu2021: calls 10
FlavioMidas: checks 
*** FLOP *** [Tc Qs 5d]
Mahu2021: bets 20
FlavioMidas: raises 20 to 40
Mahu2021: calls 20
*** TURN *** [Tc Qs 5d] [6h]
Mahu2021: checks 
FlavioMidas: bets 60
Mahu2021: folds 
Uncalled bet (60) returned to FlavioMidas
FlavioMidas collected 120 from pot
FlavioMidas: doesn't show hand 
*** SUMMARY ***
Total pot 120 | Rake 0 
Board [Tc Qs 5d 6h]
Seat 1: Mahu2021 (small blind) folded on the Turn
Seat 2: FlavioMidas (big blind) collected (120)
Seat 3: 0905175159 (button) folded before Flop (didn't bet)



PokerStars Hand #248076505258: Tournament #3696424110, $4.60+$0.40 USD Hold'em No Limit - Level I (10/20) - 2024/01/05 13:36:16 CET [2024/01/05 7:36:16 ET]
Table '3696424110 1' 3-max Seat #1 is the button
Seat 1: Mahu2021 (460 in chips) 
Seat 2: FlavioMidas (550 in chips) 
Seat 3: 0905175159 (490 in chips) 
FlavioMidas: posts small blind 10
0905175159: posts big blind 20
*** HOLE CARDS ***
Dealt to Mahu2021 [Qd 4d]
Mahu2021: folds 
FlavioMidas: calls 10
0905175159: checks 
*** FLOP *** [8h 5c 2s]
FlavioMidas: checks 
0905175159: checks 
*** TURN *** [8h 5c 2s] [7d]
FlavioMidas: bets 20
0905175159: raises 20 to 40
FlavioMidas: calls 20
*** RIVER *** [8h 5c 2s 7d] [Jc]
FlavioMidas: checks 
0905175159: bets 60
FlavioMidas: folds 
Uncalled bet (60) returned to 0905175159
0905175159 collected 120 from pot
*** SUMMARY ***
Total pot 120 | Rake 0 
Board [8h 5c 2s 7d Jc]
Seat 1: Mahu2021 (button) folded before Flop (didn't bet)
Seat 2: FlavioMidas (small blind) folded on the River
Seat 3: 0905175159 (big blind) collected (120)



PokerStars Hand #248076510835: Tournament #3696424110, $4.60+$0.40 USD Hold'em No Limit - Level I (10/20) - 2024/01/05 13:36:45 CET [2024/01/05 7:36:45 ET]
Table '3696424110 1' 3-max Seat #2 is the button
Seat 1: Mahu2021 (460 in chips) 
Seat 2: FlavioMidas (490 in chips) 
Seat 3: 0905175159 (550 in chips) 
0905175159: posts small blind 10
Mahu2021: posts big blind 20
*** HOLE CARDS ***
Dealt to Mahu2021 [8c 5d]
FlavioMidas: folds 
0905175159: calls 10
Mahu2021: checks 
*** FLOP *** [2c 8s Ks]
0905175159: checks 
Mahu2021: bets 20
0905175159: calls 20
*** TURN *** [2c 8s Ks] [7h]
0905175159: checks 
Mahu2021: checks 
*** RIVER *** [2c 8s Ks 7h] [Js]
0905175159: bets 20
Mahu2021: calls 20
*** SHOW DOWN ***
0905175159: shows [Ac 4h] (high card Ace)
Mahu2021: shows [8c 5d] (a pair of Eights)
Mahu2021 collected 120 from pot
*** SUMMARY ***
Total pot 120 | Rake 0 
Board [2c 8s Ks 7h Js]
Seat 1: Mahu2021 (big blind) showed [8c 5d] and won (120) with a pair of Eights
Seat 2: FlavioMidas (button) folded before Flop (didn't bet)
Seat 3: 0905175159 (small blind) showed [Ac 4h] and lost with high card Ace



PokerStars Hand #248076514448: Tournament #3696424110, $4.60+$0.40 USD Hold'em No Limit - Level I (10/20) - 2024/01/05 13:37:04 CET [2024/01/05 7:37:04 ET]
Table '3696424110 1' 3-max Seat #3 is the button
Seat 1: Mahu2021 (520 in chips) 
Seat 2: FlavioMidas (490 in chips) 
Seat 3: 0905175159 (490 in chips) 
Mahu2021: posts small blind 10
FlavioMidas: posts big blind 20
*** HOLE CARDS ***
Dealt to Mahu2021 [2d Kd]
0905175159: calls 20
Mahu2021: calls 10
FlavioMidas: checks 
*** FLOP *** [Qd 8h Jc]
Mahu2021: checks 
FlavioMidas: checks 
0905175159: bets 40
Mahu2021: folds 
FlavioMidas: folds 
Uncalled bet (40) returned to 0905175159
0905175159 collected 60 from pot
*** SUMMARY ***
Total pot 60 | Rake 0 
Board [Qd 8h Jc]
Seat 1: Mahu2021 (small blind) folded on the Flop
Seat 2: FlavioMidas (big blind) folded on the Flop
Seat 3: 0905175159 (button) collected (60)



PokerStars Hand #248076517707: Tournament #3696424110, $4.60+$0.40 USD Hold'em No Limit - Level I (10/20) - 2024/01/05 13:37:21 CET [2024/01/05 7:37:21 ET]
Table '3696424110 1' 3-max Seat #1 is the button
Seat 1: Mahu2021 (500 in chips) 
Seat 2: FlavioMidas (470 in chips) 
Seat 3: 0905175159 (530 in chips) 
FlavioMidas: posts small blind 10
0905175159: posts big blind 20
*** HOLE CARDS ***
Dealt to Mahu2021 [Td 3s]
Mahu2021: folds 
FlavioMidas: folds 
Uncalled bet (10) returned to 0905175159
0905175159 collected 20 from pot
*** SUMMARY ***
Total pot 20 | Rake 0 
Seat 1: Mahu2021 (button) folded before Flop (didn't bet)
Seat 2: FlavioMidas (small blind) folded before Flop
Seat 3: 0905175159 (big blind) collected (20)



PokerStars Hand #248076518921: Tournament #3696424110, $4.60+$0.40 USD Hold'em No Limit - Level I (10/20) - 2024/01/05 13:37:28 CET [2024/01/05 7:37:28 ET]
Table '3696424110 1' 3-max Seat #2 is the button
Seat 1: Mahu2021 (500 in chips) 
Seat 2: FlavioMidas (460 in chips) 
Seat 3: 0905175159 (540 in chips) 
0905175159: posts small blind 10
Mahu2021: posts big blind 20
*** HOLE CARDS ***
Dealt to Mahu2021 [Ac 3h]
FlavioMidas: folds 
0905175159: raises 20 to 40
Mahu2021: calls 20
*** FLOP *** [Js 9d 6c]
0905175159: bets 20
Mahu2021: folds 
Uncalled bet (20) returned to 0905175159
0905175159 collected 80 from pot
*** SUMMARY ***
Total pot 80 | Rake 0 
Board [Js 9d 6c]
Seat 1: Mahu2021 (big blind) folded on the Flop
Seat 2: FlavioMidas (button) folded before Flop (didn't bet)
Seat 3: 0905175159 (small blind) collected (80)



PokerStars Hand #248076521949: Tournament #3696424110, $4.60+$0.40 USD Hold'em No Limit - Level I (10/20) - 2024/01/05 13:37:44 CET [2024/01/05 7:37:44 ET]
Table '3696424110 1' 3-max Seat #3 is the button
Seat 1: Mahu2021 (460 in chips) 
Seat 2: FlavioMidas (460 in chips) 
Seat 3: 0905175159 (580 in chips) 
Mahu2021: posts small blind 10
FlavioMidas: posts big blind 20
*** HOLE CARDS ***
Dealt to Mahu2021 [6s 7h]
0905175159: calls 20
Mahu2021: calls 10
FlavioMidas: checks 
*** FLOP *** [Js 8h 5c]
Mahu2021: checks 
FlavioMidas: bets 20
0905175159: calls 20
Mahu2021: calls 20
*** TURN *** [Js 8h 5c] [Ts]
Mahu2021: checks 
FlavioMidas: bets 20
0905175159: calls 20
Mahu2021: calls 20
*** RIVER *** [Js 8h 5c Ts] [4h]
Mahu2021: bets 180
FlavioMidas: folds 
0905175159: folds 
Uncalled bet (180) returned to Mahu2021
Mahu2021 collected 180 from pot
Mahu2021: doesn't show hand 
*** SUMMARY ***
Total pot 180 | Rake 0 
Board [Js 8h 5c Ts 4h]
Seat 1: Mahu2021 (small blind) collected (180)
Seat 2: FlavioMidas (big blind) folded on the River
Seat 3: 0905175159 (button) folded on the River



PokerStars Hand #248076527443: Tournament #3696424110, $4.60+$0.40 USD Hold'em No Limit - Level I (10/20) - 2024/01/05 13:38:12 CET [2024/01/05 7:38:12 ET]
Table '3696424110 1' 3-max Seat #1 is the button
Seat 1: Mahu2021 (580 in chips) 
Seat 2: FlavioMidas (400 in chips) 
Seat 3: 0905175159 (520 in chips) 
FlavioMidas: posts small blind 10
0905175159: posts big blind 20
*** HOLE CARDS ***
Dealt to Mahu2021 [3c 2d]
Mahu2021: folds 
FlavioMidas: raises 20 to 40
0905175159: folds 
Uncalled bet (20) returned to FlavioMidas
FlavioMidas collected 40 from pot
FlavioMidas: doesn't show hand 
*** SUMMARY ***
Total pot 40 | Rake 0 
Seat 1: Mahu2021 (button) folded before Flop (didn't bet)
Seat 2: FlavioMidas (small blind) collected (40)
Seat 3: 0905175159 (big blind) folded before Flop



PokerStars Hand #248076528933: Tournament #3696424110, $4.60+$0.40 USD Hold'em No Limit - Level I (10/20) - 2024/01/05 13:38:20 CET [2024/01/05 7:38:20 ET]
Table '3696424110 1' 3-max Seat #2 is the button
Seat 1: Mahu2021 (580 in chips) 
Seat 2: FlavioMidas (420 in chips) 
Seat 3: 0905175159 (500 in chips) 
0905175159: posts small blind 10
Mahu2021: posts big blind 20
*** HOLE CARDS ***
Dealt to Mahu2021 [2s Kd]
FlavioMidas: folds 
0905175159: calls 10
Mahu2021: checks 
*** FLOP *** [3c Jd 3s]
0905175159: checks 
Mahu2021: bets 20
0905175159: calls 20
*** TURN *** [3c Jd 3s] [9s]
0905175159: bets 20
Mahu2021: folds 
Uncalled bet (20) returned to 0905175159
0905175159 collected 80 from pot
*** SUMMARY ***
Total pot 80 | Rake 0 
Board [3c Jd 3s 9s]
Seat 1: Mahu2021 (big blind) folded on the Turn
Seat 2: FlavioMidas (button) folded before Flop (didn't bet)
Seat 3: 0905175159 (small blind) collected (80)



PokerStars Hand #248076533133: Tournament #3696424110, $4.60+$0.40 USD Hold'em No Limit - Level II (15/30) - 2024/01/05 13:38:42 CET [2024/01/05 7:38:42 ET]
Table '3696424110 1' 3-max Seat #3 is the button
Seat 1: Mahu2021 (540 in chips) 
Seat 2: FlavioMidas (420 in chips) 
Seat 3: 0905175159 (540 in chips) 
Mahu2021: posts small blind 15
FlavioMidas: posts big blind 30
*** HOLE CARDS ***
Dealt to Mahu2021 [3s 5c]
0905175159: folds 
Mahu2021: folds 
Uncalled bet (15) returned to FlavioMidas
FlavioMidas collected 30 from pot
FlavioMidas: doesn't show hand 
*** SUMMARY ***
Total pot 30 | Rake 0 
Seat 1: Mahu2021 (small blind) folded before Flop
Seat 2: FlavioMidas (big blind) collected (30)
Seat 3: 0905175159 (button) folded before Flop (didn't bet)



PokerStars Hand #248076534341: Tournament #3696424110, $4.60+$0.40 USD Hold'em No Limit - Level II (15/30) - 2024/01/05 13:38:48 CET [2024/01/05 7:38:48 ET]
Table '3696424110 1' 3-max Seat #1 is the button
Seat 1: Mahu2021 (525 in chips) 
Seat 2: FlavioMidas (435 in chips) 
Seat 3: 0905175159 (540 in chips) 
FlavioMidas: posts small blind 15
0905175159: posts big blind 30
*** HOLE CARDS ***
Dealt to Mahu2021 [Ks Td]
Mahu2021: raises 30 to 60
FlavioMidas: raises 30 to 90
0905175159: folds 
Mahu2021: calls 30
*** FLOP *** [6s 4d Ac]
FlavioMidas: bets 210
Mahu2021: folds 
Uncalled bet (210) returned to FlavioMidas
FlavioMidas collected 210 from pot
FlavioMidas: doesn't show hand 
*** SUMMARY ***
Total pot 210 | Rake 0 
Board [6s 4d Ac]
Seat 1: Mahu2021 (button) folded on the Flop
Seat 2: FlavioMidas (small blind) collected (210)
Seat 3: 0905175159 (big blind) folded before Flop



PokerStars Hand #248076537723: Tournament #3696424110, $4.60+$0.40 USD Hold'em No Limit - Level II (15/30) - 2024/01/05 13:39:06 CET [2024/01/05 7:39:06 ET]
Table '3696424110 1' 3-max Seat #2 is the button
Seat 1: Mahu2021 (435 in chips) 
Seat 2: FlavioMidas (555 in chips) 
Seat 3: 0905175159 (510 in chips) 
0905175159: posts small blind 15
Mahu2021: posts big blind 30
*** HOLE CARDS ***
Dealt to Mahu2021 [Kd 5h]
FlavioMidas: folds 
0905175159: calls 15
Mahu2021: checks 
*** FLOP *** [8d Kh 5d]
0905175159: checks 
Mahu2021: bets 30
0905175159: folds 
Uncalled bet (30) returned to Mahu2021
Mahu2021 collected 60 from pot
Mahu2021: doesn't show hand 
*** SUMMARY ***
Total pot 60 | Rake 0 
Board [8d Kh 5d]
Seat 1: Mahu2021 (big blind) collected (60)
Seat 2: FlavioMidas (button) folded before Flop (didn't bet)
Seat 3: 0905175159 (small blind) folded on the Flop



PokerStars Hand #248076540361: Tournament #3696424110, $4.60+$0.40 USD Hold'em No Limit - Level II (15/30) - 2024/01/05 13:39:20 CET [2024/01/05 7:39:20 ET]
Table '3696424110 1' 3-max Seat #3 is the button
Seat 1: Mahu2021 (465 in chips) 
Seat 2: FlavioMidas (555 in chips) 
Seat 3: 0905175159 (480 in chips) 
Mahu2021: posts small blind 15
FlavioMidas: posts big blind 30
*** HOLE CARDS ***
Dealt to Mahu2021 [3c 4d]
0905175159: folds 
Mahu2021: calls 15
FlavioMidas: checks 
*** FLOP *** [Qc Ad 7d]
Mahu2021: bets 30
FlavioMidas: calls 30
*** TURN *** [Qc Ad 7d] [3h]
Mahu2021: bets 30
FlavioMidas: calls 30
*** RIVER *** [Qc Ad 7d 3h] [Qd]
Mahu2021: bets 180
FlavioMidas: folds 
Uncalled bet (180) returned to Mahu2021
Mahu2021 collected 180 from pot
Mahu2021: doesn't show hand 
*** SUMMARY ***
Total pot 180 | Rake 0 
Board [Qc Ad 7d 3h Qd]
Seat 1: Mahu2021 (small blind) collected (180)
Seat 2: FlavioMidas (big blind) folded on the River
Seat 3: 0905175159 (button) folded before Flop (didn't bet)



PokerStars Hand #248076545081: Tournament #3696424110, $4.60+$0.40 USD Hold'em No Limit - Level II (15/30) - 2024/01/05 13:39:44 CET [2024/01/05 7:39:44 ET]
Table '3696424110 1' 3-max Seat #1 is the button
Seat 1: Mahu2021 (555 in chips) 
Seat 2: FlavioMidas (465 in chips) 
Seat 3: 0905175159 (480 in chips) 
FlavioMidas: posts small blind 15
0905175159: posts big blind 30
*** HOLE CARDS ***
Dealt to Mahu2021 [8d Qd]
Mahu2021: calls 30
FlavioMidas: calls 15
0905175159: checks 
*** FLOP *** [Qc 3c 2d]
FlavioMidas: checks 
0905175159: checks 
Mahu2021: bets 30
FlavioMidas: folds 
0905175159: calls 30
*** TURN *** [Qc 3c 2d] [7s]
0905175159: bets 30
Mahu2021: calls 30
*** RIVER *** [Qc 3c 2d 7s] [2s]
0905175159: bets 30
Mahu2021: calls 30
*** SHOW DOWN ***
0905175159: shows [6d 3d] (two pair, Threes and Deuces)
Mahu2021: shows [8d Qd] (two pair, Queens and Deuces)
Mahu2021 collected 270 from pot
*** SUMMARY ***
Total pot 270 | Rake 0 
Board [Qc 3c 2d 7s 2s]
Seat 1: Mahu2021 (button) showed [8d Qd] and won (270) with two pair, Queens and Deuces
Seat 2: FlavioMidas (small blind) folded on the Flop
Seat 3: 0905175159 (big blind) showed [6d 3d] and lost with two pair, Threes and Deuces



PokerStars Hand #248076550703: Tournament #3696424110, $4.60+$0.40 USD Hold'em No Limit - Level II (15/30) - 2024/01/05 13:40:13 CET [2024/01/05 7:40:13 ET]
Table '3696424110 1' 3-max Seat #2 is the button
Seat 1: Mahu2021 (705 in chips) 
Seat 2: FlavioMidas (435 in chips) 
Seat 3: 0905175159 (360 in chips) 
0905175159: posts small blind 15
Mahu2021: posts big blind 30
*** HOLE CARDS ***
Dealt to Mahu2021 [9s 9h]
FlavioMidas: folds 
0905175159: calls 15
Mahu2021: raises 675 to 705 and is all-in
0905175159: folds 
Uncalled bet (675) returned to Mahu2021
Mahu2021 collected 60 from pot
Mahu2021: doesn't show hand 
*** SUMMARY ***
Total pot 60 | Rake 0 
Seat 1: Mahu2021 (big blind) collected (60)
Seat 2: FlavioMidas (button) folded before Flop (didn't bet)
Seat 3: 0905175159 (small blind) folded before Flop



PokerStars Hand #248076552912: Tournament #3696424110, $4.60+$0.40 USD Hold'em No Limit - Level II (15/30) - 2024/01/05 13:40:25 CET [2024/01/05 7:40:25 ET]
Table '3696424110 1' 3-max Seat #3 is the button
Seat 1: Mahu2021 (735 in chips) 
Seat 2: FlavioMidas (435 in chips) 
Seat 3: 0905175159 (330 in chips) 
Mahu2021: posts small blind 15
FlavioMidas: posts big blind 30
*** HOLE CARDS ***
Dealt to Mahu2021 [2c 7c]
0905175159: folds 
Mahu2021: folds 
Uncalled bet (15) returned to FlavioMidas
FlavioMidas collected 30 from pot
FlavioMidas: doesn't show hand 
*** SUMMARY ***
Total pot 30 | Rake 0 
Seat 1: Mahu2021 (small blind) folded before Flop
Seat 2: FlavioMidas (big blind) collected (30)
Seat 3: 0905175159 (button) folded before Flop (didn't bet)



PokerStars Hand #248076554061: Tournament #3696424110, $4.60+$0.40 USD Hold'em No Limit - Level II (15/30) - 2024/01/05 13:40:31 CET [2024/01/05 7:40:31 ET]
Table '3696424110 1' 3-max Seat #1 is the button
Seat 1: Mahu2021 (720 in chips) 
Seat 2: FlavioMidas (450 in chips) 
Seat 3: 0905175159 (330 in chips) 
FlavioMidas: posts small blind 15
0905175159: posts big blind 30
*** HOLE CARDS ***
Dealt to Mahu2021 [Tc As]
Mahu2021: raises 30 to 60
FlavioMidas: folds 
0905175159: raises 270 to 330 and is all-in
Mahu2021: calls 270
*** FLOP *** [6d 7h 8s]
*** TURN *** [6d 7h 8s] [5h]
*** RIVER *** [6d 7h 8s 5h] [4h]
*** SHOW DOWN ***
0905175159: shows [2h Kd] (a straight, Four to Eight)
Mahu2021: shows [Tc As] (a straight, Four to Eight)
0905175159 collected 338 from pot
Mahu2021 collected 337 from pot
*** SUMMARY ***
Total pot 675 | Rake 0 
Board [6d 7h 8s 5h 4h]
Seat 1: Mahu2021 (button) showed [Tc As] and won (337) with a straight, Four to Eight
Seat 2: FlavioMidas (small blind) folded before Flop
Seat 3: 0905175159 (big blind) showed [2h Kd] and won (338) with a straight, Four to Eight



PokerStars Hand #248076557568: Tournament #3696424110, $4.60+$0.40 USD Hold'em No Limit - Level II (15/30) - 2024/01/05 13:40:49 CET [2024/01/05 7:40:49 ET]
Table '3696424110 1' 3-max Seat #2 is the button
Seat 1: Mahu2021 (727 in chips) 
Seat 2: FlavioMidas (435 in chips) 
Seat 3: 0905175159 (338 in chips) 
0905175159: posts small blind 15
Mahu2021: posts big blind 30
*** HOLE CARDS ***
Dealt to Mahu2021 [5h 9c]
FlavioMidas: folds 
0905175159: calls 15
Mahu2021: checks 
*** FLOP *** [Ad 6c Jh]
0905175159: checks 
Mahu2021: checks 
*** TURN *** [Ad 6c Jh] [Ks]
0905175159: bets 30
Mahu2021: folds 
Uncalled bet (30) returned to 0905175159
0905175159 collected 60 from pot
*** SUMMARY ***
Total pot 60 | Rake 0 
Board [Ad 6c Jh Ks]
Seat 1: Mahu2021 (big blind) folded on the Turn
Seat 2: FlavioMidas (button) folded before Flop (didn't bet)
Seat 3: 0905175159 (small blind) collected (60)



PokerStars Hand #248076560282: Tournament #3696424110, $4.60+$0.40 USD Hold'em No Limit - Level II (15/30) - 2024/01/05 13:41:03 CET [2024/01/05 7:41:03 ET]
Table '3696424110 1' 3-max Seat #3 is the button
Seat 1: Mahu2021 (697 in chips) 
Seat 2: FlavioMidas (435 in chips) 
Seat 3: 0905175159 (368 in chips) 
Mahu2021: posts small blind 15
FlavioMidas: posts big blind 30
*** HOLE CARDS ***
Dealt to Mahu2021 [2s 5c]
0905175159: calls 30
Mahu2021: folds 
FlavioMidas: checks 
*** FLOP *** [Kd Qh Ah]
FlavioMidas: bets 30
0905175159: folds 
Uncalled bet (30) returned to FlavioMidas
FlavioMidas collected 75 from pot
FlavioMidas: doesn't show hand 
*** SUMMARY ***
Total pot 75 | Rake 0 
Board [Kd Qh Ah]
Seat 1: Mahu2021 (small blind) folded before Flop
Seat 2: FlavioMidas (big blind) collected (75)
Seat 3: 0905175159 (button) folded on the Flop



PokerStars Hand #248076562683: Tournament #3696424110, $4.60+$0.40 USD Hold'em No Limit - Level II (15/30) - 2024/01/05 13:41:16 CET [2024/01/05 7:41:16 ET]
Table '3696424110 1' 3-max Seat #1 is the button
Seat 1: Mahu2021 (682 in chips) 
Seat 2: FlavioMidas (480 in chips) 
Seat 3: 0905175159 (338 in chips) 
FlavioMidas: posts small blind 15
0905175159: posts big blind 30
*** HOLE CARDS ***
Dealt to Mahu2021 [Kc 5c]
Mahu2021: calls 30
FlavioMidas: folds 
0905175159: raises 30 to 60
Mahu2021: calls 30
*** FLOP *** [8h Kh Tc]
0905175159: bets 60
Mahu2021: calls 60
*** TURN *** [8h Kh Tc] [Kd]
0905175159: bets 218 and is all-in
Mahu2021: calls 218
*** RIVER *** [8h Kh Tc Kd] [Qs]
*** SHOW DOWN ***
0905175159: shows [9s As] (a pair of Kings)
Mahu2021: shows [Kc 5c] (three of a kind, Kings)
Mahu2021 collected 691 from pot
0905175159 finished the tournament in 3rd place
*** SUMMARY ***
Total pot 691 | Rake 0 
Board [8h Kh Tc Kd Qs]
Seat 1: Mahu2021 (button) showed [Kc 5c] and won (691) with three of a kind, Kings
Seat 2: FlavioMidas (small blind) folded before Flop
Seat 3: 0905175159 (big blind) showed [9s As] and lost with a pair of Kings



PokerStars Hand #248076567025: Tournament #3696424110, $4.60+$0.40 USD Hold'em No Limit - Level III (20/40) - 2024/01/05 13:41:39 CET [2024/01/05 7:41:39 ET]
Table '3696424110 1' 3-max Seat #2 is the button
Seat 1: Mahu2021 (1035 in chips) 
Seat 2: FlavioMidas (465 in chips) 
FlavioMidas: posts small blind 20
Mahu2021: posts big blind 40
*** HOLE CARDS ***
Dealt to Mahu2021 [Ts Ks]
FlavioMidas: raises 40 to 80
Mahu2021: raises 955 to 1035 and is all-in
FlavioMidas: calls 385 and is all-in
Uncalled bet (570) returned to Mahu2021
*** FLOP *** [8d Qh 8h]
*** TURN *** [8d Qh 8h] [4c]
*** RIVER *** [8d Qh 8h 4c] [Tc]
*** SHOW DOWN ***
Mahu2021: shows [Ts Ks] (two pair, Tens and Eights)
FlavioMidas: shows [5d Ah] (a pair of Eights)
Mahu2021 collected 930 from pot
FlavioMidas finished the tournament in 2nd place
Mahu2021 wins the tournament and receives $20.00 - congratulations!
*** SUMMARY ***
Total pot 930 | Rake 0 
Board [8d Qh 8h 4c Tc]
Seat 1: Mahu2021 (big blind) showed [Ts Ks] and won (930) with two pair, Tens and Eights
Seat 2: FlavioMidas (button) (small blind) showed [5d Ah] and lost with a pair of Eights



