PokerStars Hand #246948104982: Tournament #3668857780, $1.84+$0.16 USD Hold'em No Limit - Level I (10/20) - 2023/11/05 21:50:43 CET [2023/11/05 15:50:43 ET]
Table '3668857780 1' 3-max Seat #1 is the button
Seat 1: RoztyCharly (500 in chips) 
Seat 2: viniciusps20 (500 in chips) is sitting out
Seat 3: Mahu2021 (500 in chips) 
viniciusps20: posts small blind 10
Mahu2021: posts big blind 20
*** HOLE CARDS ***
Dealt to Mahu2021 [As 6d]
RoztyCharly: folds 
viniciusps20: folds 
Uncalled bet (10) returned to Mahu2021
Mahu2021 collected 20 from pot
Mahu2021: doesn't show hand 
*** SUMMARY ***
Total pot 20 | Rake 0 
Seat 1: RoztyCharly (button) folded before Flop (didn't bet)
Seat 2: viniciusps20 (small blind) folded before Flop
Seat 3: Mahu2021 (big blind) collected (20)



PokerStars Hand #246948106400: Tournament #3668857780, $1.84+$0.16 USD Hold'em No Limit - Level I (10/20) - 2023/11/05 21:50:46 CET [2023/11/05 15:50:46 ET]
Table '3668857780 1' 3-max Seat #2 is the button
Seat 1: RoztyCharly (500 in chips) 
Seat 2: viniciusps20 (490 in chips) is sitting out
Seat 3: Mahu2021 (510 in chips) 
Mahu2021: posts small blind 10
RoztyCharly: posts big blind 20
*** HOLE CARDS ***
Dealt to Mahu2021 [2c 8h]
viniciusps20: folds 
viniciusps20 has returned
Mahu2021: folds 
Uncalled bet (10) returned to RoztyCharly
RoztyCharly collected 20 from pot
RoztyCharly: doesn't show hand 
*** SUMMARY ***
Total pot 20 | Rake 0 
Seat 1: RoztyCharly (big blind) collected (20)
Seat 2: viniciusps20 (button) folded before Flop (didn't bet)
Seat 3: Mahu2021 (small blind) folded before Flop



PokerStars Hand #246948108128: Tournament #3668857780, $1.84+$0.16 USD Hold'em No Limit - Level I (10/20) - 2023/11/05 21:50:50 CET [2023/11/05 15:50:50 ET]
Table '3668857780 1' 3-max Seat #3 is the button
Seat 1: RoztyCharly (510 in chips) 
Seat 2: viniciusps20 (490 in chips) 
Seat 3: Mahu2021 (500 in chips) 
RoztyCharly: posts small blind 10
viniciusps20: posts big blind 20
*** HOLE CARDS ***
Dealt to Mahu2021 [6c 9h]
Mahu2021: folds 
RoztyCharly: folds 
Uncalled bet (10) returned to viniciusps20
viniciusps20 collected 20 from pot
viniciusps20: doesn't show hand 
*** SUMMARY ***
Total pot 20 | Rake 0 
Seat 1: RoztyCharly (small blind) folded before Flop
Seat 2: viniciusps20 (big blind) collected (20)
Seat 3: Mahu2021 (button) folded before Flop (didn't bet)



PokerStars Hand #246948110327: Tournament #3668857780, $1.84+$0.16 USD Hold'em No Limit - Level I (10/20) - 2023/11/05 21:50:56 CET [2023/11/05 15:50:56 ET]
Table '3668857780 1' 3-max Seat #1 is the button
Seat 1: RoztyCharly (500 in chips) 
Seat 2: viniciusps20 (500 in chips) 
Seat 3: Mahu2021 (500 in chips) 
viniciusps20: posts small blind 10
Mahu2021: posts big blind 20
*** HOLE CARDS ***
Dealt to Mahu2021 [Kh 6s]
RoztyCharly: raises 20 to 40
viniciusps20: folds 
Mahu2021: calls 20
*** FLOP *** [5h 3c 9h]
Mahu2021: checks 
RoztyCharly: checks 
*** TURN *** [5h 3c 9h] [7c]
Mahu2021: bets 20
RoztyCharly: raises 40 to 60
Mahu2021: calls 40
*** RIVER *** [5h 3c 9h 7c] [Tc]
Mahu2021: checks 
RoztyCharly: checks 
*** SHOW DOWN ***
Mahu2021: shows [Kh 6s] (high card King)
RoztyCharly: shows [Ah 6h] (high card Ace)
RoztyCharly collected 210 from pot
*** SUMMARY ***
Total pot 210 | Rake 0 
Board [5h 3c 9h 7c Tc]
Seat 1: RoztyCharly (button) showed [Ah 6h] and won (210) with high card Ace
Seat 2: viniciusps20 (small blind) folded before Flop
Seat 3: Mahu2021 (big blind) showed [Kh 6s] and lost with high card King



PokerStars Hand #246948126692: Tournament #3668857780, $1.84+$0.16 USD Hold'em No Limit - Level I (10/20) - 2023/11/05 21:51:35 CET [2023/11/05 15:51:35 ET]
Table '3668857780 1' 3-max Seat #2 is the button
Seat 1: RoztyCharly (610 in chips) 
Seat 2: viniciusps20 (490 in chips) 
Seat 3: Mahu2021 (400 in chips) 
Mahu2021: posts small blind 10
RoztyCharly: posts big blind 20
*** HOLE CARDS ***
Dealt to Mahu2021 [4d 9h]
viniciusps20: raises 20 to 40
Mahu2021: folds 
RoztyCharly: folds 
Uncalled bet (20) returned to viniciusps20
viniciusps20 collected 50 from pot
viniciusps20: doesn't show hand 
*** SUMMARY ***
Total pot 50 | Rake 0 
Seat 1: RoztyCharly (big blind) folded before Flop
Seat 2: viniciusps20 (button) collected (50)
Seat 3: Mahu2021 (small blind) folded before Flop



PokerStars Hand #246948131070: Tournament #3668857780, $1.84+$0.16 USD Hold'em No Limit - Level I (10/20) - 2023/11/05 21:51:45 CET [2023/11/05 15:51:45 ET]
Table '3668857780 1' 3-max Seat #3 is the button
Seat 1: RoztyCharly (590 in chips) 
Seat 2: viniciusps20 (520 in chips) 
Seat 3: Mahu2021 (390 in chips) 
RoztyCharly: posts small blind 10
viniciusps20: posts big blind 20
*** HOLE CARDS ***
Dealt to Mahu2021 [Jc Jd]
Mahu2021: raises 370 to 390 and is all-in
RoztyCharly: folds 
viniciusps20: folds 
Uncalled bet (370) returned to Mahu2021
Mahu2021 collected 50 from pot
Mahu2021: doesn't show hand 
*** SUMMARY ***
Total pot 50 | Rake 0 
Seat 1: RoztyCharly (small blind) folded before Flop
Seat 2: viniciusps20 (big blind) folded before Flop
Seat 3: Mahu2021 (button) collected (50)



PokerStars Hand #246948136362: Tournament #3668857780, $1.84+$0.16 USD Hold'em No Limit - Level I (10/20) - 2023/11/05 21:51:58 CET [2023/11/05 15:51:58 ET]
Table '3668857780 1' 3-max Seat #1 is the button
Seat 1: RoztyCharly (580 in chips) 
Seat 2: viniciusps20 (500 in chips) 
Seat 3: Mahu2021 (420 in chips) 
viniciusps20: posts small blind 10
Mahu2021: posts big blind 20
*** HOLE CARDS ***
Dealt to Mahu2021 [Ks 4c]
RoztyCharly: raises 20 to 40
viniciusps20: calls 30
Mahu2021: folds 
*** FLOP *** [Kd Jc 3d]
viniciusps20: checks 
RoztyCharly: bets 20
viniciusps20: folds 
Uncalled bet (20) returned to RoztyCharly
RoztyCharly collected 100 from pot
RoztyCharly: doesn't show hand 
*** SUMMARY ***
Total pot 100 | Rake 0 
Board [Kd Jc 3d]
Seat 1: RoztyCharly (button) collected (100)
Seat 2: viniciusps20 (small blind) folded on the Flop
Seat 3: Mahu2021 (big blind) folded before Flop



PokerStars Hand #246948146802: Tournament #3668857780, $1.84+$0.16 USD Hold'em No Limit - Level I (10/20) - 2023/11/05 21:52:23 CET [2023/11/05 15:52:23 ET]
Table '3668857780 1' 3-max Seat #2 is the button
Seat 1: RoztyCharly (640 in chips) 
Seat 2: viniciusps20 (460 in chips) 
Seat 3: Mahu2021 (400 in chips) 
Mahu2021: posts small blind 10
RoztyCharly: posts big blind 20
*** HOLE CARDS ***
Dealt to Mahu2021 [Ks 5d]
viniciusps20: folds 
Mahu2021: calls 10
RoztyCharly: checks 
*** FLOP *** [2h 3d Tc]
Mahu2021: checks 
RoztyCharly: checks 
*** TURN *** [2h 3d Tc] [Kc]
Mahu2021: bets 40
RoztyCharly: folds 
Uncalled bet (40) returned to Mahu2021
Mahu2021 collected 40 from pot
Mahu2021: doesn't show hand 
*** SUMMARY ***
Total pot 40 | Rake 0 
Board [2h 3d Tc Kc]
Seat 1: RoztyCharly (big blind) folded on the Turn
Seat 2: viniciusps20 (button) folded before Flop (didn't bet)
Seat 3: Mahu2021 (small blind) collected (40)



PokerStars Hand #246948160719: Tournament #3668857780, $1.84+$0.16 USD Hold'em No Limit - Level I (10/20) - 2023/11/05 21:52:57 CET [2023/11/05 15:52:57 ET]
Table '3668857780 1' 3-max Seat #3 is the button
Seat 1: RoztyCharly (620 in chips) 
Seat 2: viniciusps20 (460 in chips) 
Seat 3: Mahu2021 (420 in chips) 
RoztyCharly: posts small blind 10
viniciusps20: posts big blind 20
*** HOLE CARDS ***
Dealt to Mahu2021 [4h Ts]
Mahu2021: folds 
RoztyCharly: raises 20 to 40
viniciusps20: calls 20
*** FLOP *** [8s 6s 8c]
RoztyCharly: checks 
viniciusps20: checks 
*** TURN *** [8s 6s 8c] [2s]
RoztyCharly: checks 
viniciusps20: checks 
*** RIVER *** [8s 6s 8c 2s] [7c]
RoztyCharly: checks 
viniciusps20: bets 40
RoztyCharly: calls 40
*** SHOW DOWN ***
viniciusps20: shows [Js 9s] (a flush, Jack high)
RoztyCharly: mucks hand 
viniciusps20 collected 160 from pot
*** SUMMARY ***
Total pot 160 | Rake 0 
Board [8s 6s 8c 2s 7c]
Seat 1: RoztyCharly (small blind) mucked [6c Kh]
Seat 2: viniciusps20 (big blind) showed [Js 9s] and won (160) with a flush, Jack high
Seat 3: Mahu2021 (button) folded before Flop (didn't bet)



PokerStars Hand #246948184392: Tournament #3668857780, $1.84+$0.16 USD Hold'em No Limit - Level I (10/20) - 2023/11/05 21:53:54 CET [2023/11/05 15:53:54 ET]
Table '3668857780 1' 3-max Seat #1 is the button
Seat 1: RoztyCharly (540 in chips) 
Seat 2: viniciusps20 (540 in chips) 
Seat 3: Mahu2021 (420 in chips) 
viniciusps20: posts small blind 10
Mahu2021: posts big blind 20
*** HOLE CARDS ***
Dealt to Mahu2021 [Kh Qd]
RoztyCharly: raises 20 to 40
viniciusps20: folds 
Mahu2021: calls 20
*** FLOP *** [Kd As Ah]
Mahu2021: checks 
RoztyCharly: bets 20
Mahu2021: calls 20
*** TURN *** [Kd As Ah] [Th]
Mahu2021: checks 
RoztyCharly: checks 
*** RIVER *** [Kd As Ah Th] [2d]
Mahu2021: bets 40
RoztyCharly: raises 440 to 480 and is all-in
Mahu2021: folds 
Uncalled bet (440) returned to RoztyCharly
RoztyCharly collected 210 from pot
RoztyCharly: doesn't show hand 
*** SUMMARY ***
Total pot 210 | Rake 0 
Board [Kd As Ah Th 2d]
Seat 1: RoztyCharly (button) collected (210)
Seat 2: viniciusps20 (small blind) folded before Flop
Seat 3: Mahu2021 (big blind) folded on the River



PokerStars Hand #246948196133: Tournament #3668857780, $1.84+$0.16 USD Hold'em No Limit - Level I (10/20) - 2023/11/05 21:54:22 CET [2023/11/05 15:54:22 ET]
Table '3668857780 1' 3-max Seat #2 is the button
Seat 1: RoztyCharly (650 in chips) 
Seat 2: viniciusps20 (530 in chips) 
Seat 3: Mahu2021 (320 in chips) 
Mahu2021: posts small blind 10
RoztyCharly: posts big blind 20
*** HOLE CARDS ***
Dealt to Mahu2021 [Ah Kh]
viniciusps20: raises 20 to 40
Mahu2021: raises 280 to 320 and is all-in
RoztyCharly: folds 
viniciusps20: folds 
Uncalled bet (280) returned to Mahu2021
Mahu2021 collected 100 from pot
Mahu2021: doesn't show hand 
*** SUMMARY ***
Total pot 100 | Rake 0 
Seat 1: RoztyCharly (big blind) folded before Flop
Seat 2: viniciusps20 (button) folded before Flop
Seat 3: Mahu2021 (small blind) collected (100)



PokerStars Hand #246948203460: Tournament #3668857780, $1.84+$0.16 USD Hold'em No Limit - Level I (10/20) - 2023/11/05 21:54:40 CET [2023/11/05 15:54:40 ET]
Table '3668857780 1' 3-max Seat #3 is the button
Seat 1: RoztyCharly (630 in chips) 
Seat 2: viniciusps20 (490 in chips) 
Seat 3: Mahu2021 (380 in chips) 
RoztyCharly: posts small blind 10
viniciusps20: posts big blind 20
*** HOLE CARDS ***
Dealt to Mahu2021 [2c Qd]
Mahu2021: folds 
RoztyCharly: folds 
Uncalled bet (10) returned to viniciusps20
viniciusps20 collected 20 from pot
viniciusps20: doesn't show hand 
*** SUMMARY ***
Total pot 20 | Rake 0 
Seat 1: RoztyCharly (small blind) folded before Flop
Seat 2: viniciusps20 (big blind) collected (20)
Seat 3: Mahu2021 (button) folded before Flop (didn't bet)



PokerStars Hand #246948208057: Tournament #3668857780, $1.84+$0.16 USD Hold'em No Limit - Level II (15/30) - 2023/11/05 21:54:51 CET [2023/11/05 15:54:51 ET]
Table '3668857780 1' 3-max Seat #1 is the button
Seat 1: RoztyCharly (620 in chips) 
Seat 2: viniciusps20 (500 in chips) 
Seat 3: Mahu2021 (380 in chips) 
viniciusps20: posts small blind 15
Mahu2021: posts big blind 30
*** HOLE CARDS ***
Dealt to Mahu2021 [Tc Kc]
RoztyCharly: folds 
viniciusps20: calls 15
Mahu2021: raises 60 to 90
viniciusps20: folds 
Uncalled bet (60) returned to Mahu2021
Mahu2021 collected 60 from pot
Mahu2021: doesn't show hand 
*** SUMMARY ***
Total pot 60 | Rake 0 
Seat 1: RoztyCharly (button) folded before Flop (didn't bet)
Seat 2: viniciusps20 (small blind) folded before Flop
Seat 3: Mahu2021 (big blind) collected (60)



PokerStars Hand #246948212668: Tournament #3668857780, $1.84+$0.16 USD Hold'em No Limit - Level II (15/30) - 2023/11/05 21:55:02 CET [2023/11/05 15:55:02 ET]
Table '3668857780 1' 3-max Seat #2 is the button
Seat 1: RoztyCharly (620 in chips) 
Seat 2: viniciusps20 (470 in chips) 
Seat 3: Mahu2021 (410 in chips) 
Mahu2021: posts small blind 15
RoztyCharly: posts big blind 30
*** HOLE CARDS ***
Dealt to Mahu2021 [Tc 9h]
viniciusps20: raises 30 to 60
Mahu2021: folds 
RoztyCharly: folds 
Uncalled bet (30) returned to viniciusps20
viniciusps20 collected 75 from pot
viniciusps20: doesn't show hand 
*** SUMMARY ***
Total pot 75 | Rake 0 
Seat 1: RoztyCharly (big blind) folded before Flop
Seat 2: viniciusps20 (button) collected (75)
Seat 3: Mahu2021 (small blind) folded before Flop



PokerStars Hand #246948215531: Tournament #3668857780, $1.84+$0.16 USD Hold'em No Limit - Level II (15/30) - 2023/11/05 21:55:11 CET [2023/11/05 15:55:11 ET]
Table '3668857780 1' 3-max Seat #3 is the button
Seat 1: RoztyCharly (590 in chips) 
Seat 2: viniciusps20 (515 in chips) 
Seat 3: Mahu2021 (395 in chips) 
RoztyCharly: posts small blind 15
viniciusps20: posts big blind 30
*** HOLE CARDS ***
Dealt to Mahu2021 [Td 8c]
Mahu2021: folds 
RoztyCharly: calls 15
viniciusps20: checks 
*** FLOP *** [5s Qs Qd]
RoztyCharly: bets 30
viniciusps20: folds 
Uncalled bet (30) returned to RoztyCharly
RoztyCharly collected 60 from pot
RoztyCharly: doesn't show hand 
*** SUMMARY ***
Total pot 60 | Rake 0 
Board [5s Qs Qd]
Seat 1: RoztyCharly (small blind) collected (60)
Seat 2: viniciusps20 (big blind) folded on the Flop
Seat 3: Mahu2021 (button) folded before Flop (didn't bet)



PokerStars Hand #246948220731: Tournament #3668857780, $1.84+$0.16 USD Hold'em No Limit - Level II (15/30) - 2023/11/05 21:55:31 CET [2023/11/05 15:55:31 ET]
Table '3668857780 1' 3-max Seat #1 is the button
Seat 1: RoztyCharly (620 in chips) 
Seat 2: viniciusps20 (485 in chips) 
Seat 3: Mahu2021 (395 in chips) 
viniciusps20: posts small blind 15
Mahu2021: posts big blind 30
*** HOLE CARDS ***
Dealt to Mahu2021 [Ac 2h]
RoztyCharly: folds 
viniciusps20: calls 15
Mahu2021: checks 
*** FLOP *** [6h 5d Qh]
viniciusps20: checks 
Mahu2021: bets 30
viniciusps20: folds 
Uncalled bet (30) returned to Mahu2021
Mahu2021 collected 60 from pot
Mahu2021: doesn't show hand 
*** SUMMARY ***
Total pot 60 | Rake 0 
Board [6h 5d Qh]
Seat 1: RoztyCharly (button) folded before Flop (didn't bet)
Seat 2: viniciusps20 (small blind) folded on the Flop
Seat 3: Mahu2021 (big blind) collected (60)



PokerStars Hand #246948225968: Tournament #3668857780, $1.84+$0.16 USD Hold'em No Limit - Level II (15/30) - 2023/11/05 21:55:52 CET [2023/11/05 15:55:52 ET]
Table '3668857780 1' 3-max Seat #2 is the button
Seat 1: RoztyCharly (620 in chips) 
Seat 2: viniciusps20 (455 in chips) 
Seat 3: Mahu2021 (425 in chips) 
Mahu2021: posts small blind 15
RoztyCharly: posts big blind 30
*** HOLE CARDS ***
Dealt to Mahu2021 [8d As]
viniciusps20: raises 36 to 66
Mahu2021: folds 
RoztyCharly: folds 
Uncalled bet (36) returned to viniciusps20
viniciusps20 collected 75 from pot
viniciusps20: doesn't show hand 
*** SUMMARY ***
Total pot 75 | Rake 0 
Seat 1: RoztyCharly (big blind) folded before Flop
Seat 2: viniciusps20 (button) collected (75)
Seat 3: Mahu2021 (small blind) folded before Flop



PokerStars Hand #246948229717: Tournament #3668857780, $1.84+$0.16 USD Hold'em No Limit - Level II (15/30) - 2023/11/05 21:56:07 CET [2023/11/05 15:56:07 ET]
Table '3668857780 1' 3-max Seat #3 is the button
Seat 1: RoztyCharly (590 in chips) 
Seat 2: viniciusps20 (500 in chips) 
Seat 3: Mahu2021 (410 in chips) 
RoztyCharly: posts small blind 15
viniciusps20: posts big blind 30
*** HOLE CARDS ***
Dealt to Mahu2021 [8c Qd]
Mahu2021: folds 
RoztyCharly: raises 30 to 60
viniciusps20: calls 30
*** FLOP *** [3d 6d Ts]
RoztyCharly: checks 
viniciusps20: checks 
*** TURN *** [3d 6d Ts] [4s]
RoztyCharly: checks 
viniciusps20: checks 
*** RIVER *** [3d 6d Ts 4s] [5h]
RoztyCharly has timed out
RoztyCharly: checks 
viniciusps20: bets 45
RoztyCharly: folds 
Uncalled bet (45) returned to viniciusps20
viniciusps20 collected 120 from pot
viniciusps20: doesn't show hand 
*** SUMMARY ***
Total pot 120 | Rake 0 
Board [3d 6d Ts 4s 5h]
Seat 1: RoztyCharly (small blind) folded on the River
Seat 2: viniciusps20 (big blind) collected (120)
Seat 3: Mahu2021 (button) folded before Flop (didn't bet)



PokerStars Hand #246948248737: Tournament #3668857780, $1.84+$0.16 USD Hold'em No Limit - Level II (15/30) - 2023/11/05 21:57:21 CET [2023/11/05 15:57:21 ET]
Table '3668857780 1' 3-max Seat #1 is the button
Seat 1: RoztyCharly (530 in chips) 
Seat 2: viniciusps20 (560 in chips) 
Seat 3: Mahu2021 (410 in chips) 
viniciusps20: posts small blind 15
Mahu2021: posts big blind 30
*** HOLE CARDS ***
Dealt to Mahu2021 [Ts Jh]
RoztyCharly: raises 30 to 60
viniciusps20: folds 
Mahu2021: calls 30
*** FLOP *** [Kc Qc 8d]
Mahu2021: checks 
RoztyCharly: bets 30
Mahu2021: calls 30
*** TURN *** [Kc Qc 8d] [4s]
Mahu2021: checks 
RoztyCharly: checks 
*** RIVER *** [Kc Qc 8d 4s] [3c]
Mahu2021: bets 90
RoztyCharly: folds 
Uncalled bet (90) returned to Mahu2021
Mahu2021 collected 195 from pot
Mahu2021: doesn't show hand 
*** SUMMARY ***
Total pot 195 | Rake 0 
Board [Kc Qc 8d 4s 3c]
Seat 1: RoztyCharly (button) folded on the River
Seat 2: viniciusps20 (small blind) folded before Flop
Seat 3: Mahu2021 (big blind) collected (195)



PokerStars Hand #246948257312: Tournament #3668857780, $1.84+$0.16 USD Hold'em No Limit - Level II (15/30) - 2023/11/05 21:57:54 CET [2023/11/05 15:57:54 ET]
Table '3668857780 1' 3-max Seat #2 is the button
Seat 1: RoztyCharly (440 in chips) 
Seat 2: viniciusps20 (545 in chips) 
Seat 3: Mahu2021 (515 in chips) 
Mahu2021: posts small blind 15
RoztyCharly: posts big blind 30
*** HOLE CARDS ***
Dealt to Mahu2021 [Ks 3s]
viniciusps20: raises 60 to 90
Mahu2021: folds 
RoztyCharly: folds 
Uncalled bet (60) returned to viniciusps20
viniciusps20 collected 75 from pot
viniciusps20: doesn't show hand 
*** SUMMARY ***
Total pot 75 | Rake 0 
Seat 1: RoztyCharly (big blind) folded before Flop
Seat 2: viniciusps20 (button) collected (75)
Seat 3: Mahu2021 (small blind) folded before Flop



PokerStars Hand #246948261614: Tournament #3668857780, $1.84+$0.16 USD Hold'em No Limit - Level II (15/30) - 2023/11/05 21:58:11 CET [2023/11/05 15:58:11 ET]
Table '3668857780 1' 3-max Seat #3 is the button
Seat 1: RoztyCharly (410 in chips) 
Seat 2: viniciusps20 (590 in chips) 
Seat 3: Mahu2021 (500 in chips) 
RoztyCharly: posts small blind 15
viniciusps20: posts big blind 30
*** HOLE CARDS ***
Dealt to Mahu2021 [6s 8c]
Mahu2021: folds 
RoztyCharly: calls 15
viniciusps20: checks 
*** FLOP *** [Qc 9c Ac]
RoztyCharly: checks 
viniciusps20: checks 
*** TURN *** [Qc 9c Ac] [3c]
RoztyCharly: checks 
viniciusps20: checks 
*** RIVER *** [Qc 9c Ac 3c] [Jh]
RoztyCharly: checks 
viniciusps20: checks 
*** SHOW DOWN ***
RoztyCharly: shows [5s Js] (a pair of Jacks)
viniciusps20: mucks hand 
RoztyCharly collected 60 from pot
*** SUMMARY ***
Total pot 60 | Rake 0 
Board [Qc 9c Ac 3c Jh]
Seat 1: RoztyCharly (small blind) showed [5s Js] and won (60) with a pair of Jacks
Seat 2: viniciusps20 (big blind) mucked [4d Kd]
Seat 3: Mahu2021 (button) folded before Flop (didn't bet)



PokerStars Hand #246948272788: Tournament #3668857780, $1.84+$0.16 USD Hold'em No Limit - Level III (20/40) - 2023/11/05 21:58:53 CET [2023/11/05 15:58:53 ET]
Table '3668857780 1' 3-max Seat #1 is the button
Seat 1: RoztyCharly (440 in chips) 
Seat 2: viniciusps20 (560 in chips) 
Seat 3: Mahu2021 (500 in chips) 
viniciusps20: posts small blind 20
Mahu2021: posts big blind 40
*** HOLE CARDS ***
Dealt to Mahu2021 [Qs Qh]
RoztyCharly: raises 400 to 440 and is all-in
viniciusps20: folds 
Mahu2021: calls 400
*** FLOP *** [4c 5s Js]
*** TURN *** [4c 5s Js] [5d]
*** RIVER *** [4c 5s Js 5d] [9d]
*** SHOW DOWN ***
Mahu2021: shows [Qs Qh] (two pair, Queens and Fives)
RoztyCharly: shows [8d Ad] (a pair of Fives)
Mahu2021 collected 900 from pot
RoztyCharly finished the tournament in 3rd place
*** SUMMARY ***
Total pot 900 | Rake 0 
Board [4c 5s Js 5d 9d]
Seat 1: RoztyCharly (button) showed [8d Ad] and lost with a pair of Fives
Seat 2: viniciusps20 (small blind) folded before Flop
Seat 3: Mahu2021 (big blind) showed [Qs Qh] and won (900) with two pair, Queens and Fives



PokerStars Hand #246948277145: Tournament #3668857780, $1.84+$0.16 USD Hold'em No Limit - Level III (20/40) - 2023/11/05 21:59:10 CET [2023/11/05 15:59:10 ET]
Table '3668857780 1' 3-max Seat #3 is the button
Seat 2: viniciusps20 (540 in chips) 
Seat 3: Mahu2021 (960 in chips) 
Mahu2021: posts small blind 20
viniciusps20: posts big blind 40
*** HOLE CARDS ***
Dealt to Mahu2021 [8d 6c]
Mahu2021: folds 
Uncalled bet (20) returned to viniciusps20
viniciusps20 collected 40 from pot
viniciusps20: doesn't show hand 
*** SUMMARY ***
Total pot 40 | Rake 0 
Seat 2: viniciusps20 (big blind) collected (40)
Seat 3: Mahu2021 (button) (small blind) folded before Flop



PokerStars Hand #246948278284: Tournament #3668857780, $1.84+$0.16 USD Hold'em No Limit - Level III (20/40) - 2023/11/05 21:59:15 CET [2023/11/05 15:59:15 ET]
Table '3668857780 1' 3-max Seat #2 is the button
Seat 2: viniciusps20 (560 in chips) 
Seat 3: Mahu2021 (940 in chips) 
viniciusps20: posts small blind 20
Mahu2021: posts big blind 40
*** HOLE CARDS ***
Dealt to Mahu2021 [3d 9s]
viniciusps20: calls 20
Mahu2021: checks 
*** FLOP *** [6s Js 5s]
Mahu2021: checks 
viniciusps20 has timed out
viniciusps20: checks 
*** TURN *** [6s Js 5s] [Qc]
Mahu2021: bets 80
viniciusps20: calls 80
*** RIVER *** [6s Js 5s Qc] [3h]
Mahu2021: checks 
viniciusps20: bets 152
Mahu2021: folds 
Uncalled bet (152) returned to viniciusps20
viniciusps20 collected 240 from pot
viniciusps20: doesn't show hand 
*** SUMMARY ***
Total pot 240 | Rake 0 
Board [6s Js 5s Qc 3h]
Seat 2: viniciusps20 (button) (small blind) collected (240)
Seat 3: Mahu2021 (big blind) folded on the River



PokerStars Hand #246948290018: Tournament #3668857780, $1.84+$0.16 USD Hold'em No Limit - Level III (20/40) - 2023/11/05 22:00:00 CET [2023/11/05 16:00:00 ET]
Table '3668857780 1' 3-max Seat #3 is the button
Seat 2: viniciusps20 (680 in chips) 
Seat 3: Mahu2021 (820 in chips) 
Mahu2021: posts small blind 20
viniciusps20: posts big blind 40
*** HOLE CARDS ***
Dealt to Mahu2021 [Jd 4c]
Mahu2021: folds 
Uncalled bet (20) returned to viniciusps20
viniciusps20 collected 40 from pot
viniciusps20: doesn't show hand 
*** SUMMARY ***
Total pot 40 | Rake 0 
Seat 2: viniciusps20 (big blind) collected (40)
Seat 3: Mahu2021 (button) (small blind) folded before Flop



PokerStars Hand #246948291380: Tournament #3668857780, $1.84+$0.16 USD Hold'em No Limit - Level III (20/40) - 2023/11/05 22:00:04 CET [2023/11/05 16:00:04 ET]
Table '3668857780 1' 3-max Seat #2 is the button
Seat 2: viniciusps20 (700 in chips) 
Seat 3: Mahu2021 (800 in chips) 
viniciusps20: posts small blind 20
Mahu2021: posts big blind 40
*** HOLE CARDS ***
Dealt to Mahu2021 [Ks 3s]
viniciusps20: calls 20
Mahu2021: raises 80 to 120
viniciusps20: folds 
Uncalled bet (80) returned to Mahu2021
Mahu2021 collected 80 from pot
Mahu2021: doesn't show hand 
*** SUMMARY ***
Total pot 80 | Rake 0 
Seat 2: viniciusps20 (button) (small blind) folded before Flop
Seat 3: Mahu2021 (big blind) collected (80)



PokerStars Hand #246948297591: Tournament #3668857780, $1.84+$0.16 USD Hold'em No Limit - Level III (20/40) - 2023/11/05 22:00:27 CET [2023/11/05 16:00:27 ET]
Table '3668857780 1' 3-max Seat #3 is the button
Seat 2: viniciusps20 (660 in chips) 
Seat 3: Mahu2021 (840 in chips) 
Mahu2021: posts small blind 20
viniciusps20: posts big blind 40
*** HOLE CARDS ***
Dealt to Mahu2021 [6h 9s]
Mahu2021: folds 
Uncalled bet (20) returned to viniciusps20
viniciusps20 collected 40 from pot
viniciusps20: doesn't show hand 
*** SUMMARY ***
Total pot 40 | Rake 0 
Seat 2: viniciusps20 (big blind) collected (40)
Seat 3: Mahu2021 (button) (small blind) folded before Flop



PokerStars Hand #246948298697: Tournament #3668857780, $1.84+$0.16 USD Hold'em No Limit - Level III (20/40) - 2023/11/05 22:00:31 CET [2023/11/05 16:00:31 ET]
Table '3668857780 1' 3-max Seat #2 is the button
Seat 2: viniciusps20 (680 in chips) 
Seat 3: Mahu2021 (820 in chips) 
viniciusps20: posts small blind 20
Mahu2021: posts big blind 40
*** HOLE CARDS ***
Dealt to Mahu2021 [Qh Th]
viniciusps20: raises 40 to 80
Mahu2021: calls 40
*** FLOP *** [6d 3h 6c]
Mahu2021: checks 
viniciusps20: checks 
*** TURN *** [6d 3h 6c] [5s]
Mahu2021: checks 
viniciusps20: checks 
*** RIVER *** [6d 3h 6c 5s] [2c]
Mahu2021: checks 
viniciusps20: checks 
*** SHOW DOWN ***
Mahu2021: shows [Qh Th] (a pair of Sixes)
viniciusps20: shows [Jc Kh] (a pair of Sixes - King kicker)
viniciusps20 collected 160 from pot
*** SUMMARY ***
Total pot 160 | Rake 0 
Board [6d 3h 6c 5s 2c]
Seat 2: viniciusps20 (button) (small blind) showed [Jc Kh] and won (160) with a pair of Sixes
Seat 3: Mahu2021 (big blind) showed [Qh Th] and lost with a pair of Sixes



PokerStars Hand #246948308620: Tournament #3668857780, $1.84+$0.16 USD Hold'em No Limit - Level III (20/40) - 2023/11/05 22:01:04 CET [2023/11/05 16:01:04 ET]
Table '3668857780 1' 3-max Seat #3 is the button
Seat 2: viniciusps20 (760 in chips) 
Seat 3: Mahu2021 (740 in chips) 
Mahu2021: posts small blind 20
viniciusps20: posts big blind 40
*** HOLE CARDS ***
Dealt to Mahu2021 [Ah Kc]
Mahu2021: raises 80 to 120
viniciusps20: folds 
Uncalled bet (80) returned to Mahu2021
Mahu2021 collected 80 from pot
Mahu2021: doesn't show hand 
*** SUMMARY ***
Total pot 80 | Rake 0 
Seat 2: viniciusps20 (big blind) folded before Flop
Seat 3: Mahu2021 (button) (small blind) collected (80)



PokerStars Hand #246948310769: Tournament #3668857780, $1.84+$0.16 USD Hold'em No Limit - Level III (20/40) - 2023/11/05 22:01:11 CET [2023/11/05 16:01:11 ET]
Table '3668857780 1' 3-max Seat #2 is the button
Seat 2: viniciusps20 (720 in chips) 
Seat 3: Mahu2021 (780 in chips) 
viniciusps20: posts small blind 20
Mahu2021: posts big blind 40
*** HOLE CARDS ***
Dealt to Mahu2021 [7d 7h]
viniciusps20: calls 20
Mahu2021: raises 740 to 780 and is all-in
viniciusps20: folds 
Uncalled bet (740) returned to Mahu2021
Mahu2021 collected 80 from pot
Mahu2021: doesn't show hand 
*** SUMMARY ***
Total pot 80 | Rake 0 
Seat 2: viniciusps20 (button) (small blind) folded before Flop
Seat 3: Mahu2021 (big blind) collected (80)



PokerStars Hand #246948316238: Tournament #3668857780, $1.84+$0.16 USD Hold'em No Limit - Level III (20/40) - 2023/11/05 22:01:27 CET [2023/11/05 16:01:27 ET]
Table '3668857780 1' 3-max Seat #3 is the button
Seat 2: viniciusps20 (680 in chips) 
Seat 3: Mahu2021 (820 in chips) 
Mahu2021: posts small blind 20
viniciusps20: posts big blind 40
*** HOLE CARDS ***
Dealt to Mahu2021 [Qh Js]
Mahu2021: calls 20
viniciusps20: raises 120 to 160
Mahu2021: calls 120
*** FLOP *** [Ks Th 7c]
viniciusps20: bets 200
Mahu2021: calls 200
*** TURN *** [Ks Th 7c] [Qd]
viniciusps20: bets 320 and is all-in
Mahu2021: calls 320
*** RIVER *** [Ks Th 7c Qd] [Jh]
*** SHOW DOWN ***
viniciusps20: shows [2c Kh] (a pair of Kings)
Mahu2021: shows [Qh Js] (two pair, Queens and Jacks)
Mahu2021 collected 1360 from pot
viniciusps20 finished the tournament in 2nd place and received $4.00.
Mahu2021 wins the tournament and receives $16.00 - congratulations!
*** SUMMARY ***
Total pot 1360 | Rake 0 
Board [Ks Th 7c Qd Jh]
Seat 2: viniciusps20 (big blind) showed [2c Kh] and lost with a pair of Kings
Seat 3: Mahu2021 (button) (small blind) showed [Qh Js] and won (1360) with two pair, Queens and Jacks



