PokerStars Hand #243949885765: Tournament #3597087074, $0.92+$0.08 USD Hold'em No Limit - Level I (10/20) - 2023/05/28 8:53:38 CET [2023/05/28 2:53:38 ET]
Table '3597087074 1' 3-max Seat #1 is the button
Seat 1: Rasmussen191 (500 in chips) 
Seat 2: Mahu2021 (500 in chips) 
Seat 3: Solmyr7 (500 in chips) 
Mahu2021: posts small blind 10
Solmyr7: posts big blind 20
*** HOLE CARDS ***
Dealt to Mahu2021 [Qs Kc]
Rasmussen191: calls 20
Mahu2021: calls 10
Solmyr7: checks 
*** FLOP *** [Js 4s Jc]
Mahu2021: checks 
Solmyr7: checks 
Rasmussen191: bets 20
Mahu2021: folds 
Solmyr7: folds 
Uncalled bet (20) returned to Rasmussen191
Rasmussen191 collected 60 from pot
Rasmussen191: doesn't show hand 
*** SUMMARY ***
Total pot 60 | Rake 0 
Board [Js 4s Jc]
Seat 1: Rasmussen191 (button) collected (60)
Seat 2: Mahu2021 (small blind) folded on the Flop
Seat 3: Solmyr7 (big blind) folded on the Flop



PokerStars Hand #243949888039: Tournament #3597087074, $0.92+$0.08 USD Hold'em No Limit - Level I (10/20) - 2023/05/28 8:53:58 CET [2023/05/28 2:53:58 ET]
Table '3597087074 1' 3-max Seat #2 is the button
Seat 1: Rasmussen191 (540 in chips) 
Seat 2: Mahu2021 (480 in chips) 
Seat 3: Solmyr7 (480 in chips) 
Solmyr7: posts small blind 10
Rasmussen191: posts big blind 20
*** HOLE CARDS ***
Dealt to Mahu2021 [Td Qs]
Mahu2021: raises 20 to 40
Solmyr7: folds 
Rasmussen191: calls 20
*** FLOP *** [9c Js 7s]
Rasmussen191: checks 
Mahu2021: checks 
*** TURN *** [9c Js 7s] [9h]
Rasmussen191: checks 
Mahu2021: checks 
*** RIVER *** [9c Js 7s 9h] [Ad]
Rasmussen191: checks 
Mahu2021: checks 
*** SHOW DOWN ***
Rasmussen191: shows [8h Kd] (a pair of Nines)
Mahu2021: mucks hand 
Rasmussen191 collected 90 from pot
*** SUMMARY ***
Total pot 90 | Rake 0 
Board [9c Js 7s 9h Ad]
Seat 1: Rasmussen191 (big blind) showed [8h Kd] and won (90) with a pair of Nines
Seat 2: Mahu2021 (button) mucked [Td Qs]
Seat 3: Solmyr7 (small blind) folded before Flop



PokerStars Hand #243949889716: Tournament #3597087074, $0.92+$0.08 USD Hold'em No Limit - Level I (10/20) - 2023/05/28 8:54:13 CET [2023/05/28 2:54:13 ET]
Table '3597087074 1' 3-max Seat #3 is the button
Seat 1: Rasmussen191 (590 in chips) 
Seat 2: Mahu2021 (440 in chips) 
Seat 3: Solmyr7 (470 in chips) 
Rasmussen191: posts small blind 10
Mahu2021: posts big blind 20
*** HOLE CARDS ***
Dealt to Mahu2021 [9h 2s]
Solmyr7: calls 20
Rasmussen191: calls 10
Mahu2021: checks 
*** FLOP *** [6d 8s 5h]
Rasmussen191: checks 
Mahu2021: checks 
Solmyr7: bets 40
Rasmussen191: calls 40
Mahu2021: folds 
*** TURN *** [6d 8s 5h] [Kd]
Rasmussen191: checks 
Solmyr7: checks 
*** RIVER *** [6d 8s 5h Kd] [Qc]
Rasmussen191: checks 
Solmyr7: checks 
*** SHOW DOWN ***
Rasmussen191: shows [Ah 3h] (high card Ace)
Solmyr7: shows [3s 3d] (a pair of Threes)
Solmyr7 collected 140 from pot
*** SUMMARY ***
Total pot 140 | Rake 0 
Board [6d 8s 5h Kd Qc]
Seat 1: Rasmussen191 (small blind) showed [Ah 3h] and lost with high card Ace
Seat 2: Mahu2021 (big blind) folded on the Flop
Seat 3: Solmyr7 (button) showed [3s 3d] and won (140) with a pair of Threes



PokerStars Hand #243949891893: Tournament #3597087074, $0.92+$0.08 USD Hold'em No Limit - Level I (10/20) - 2023/05/28 8:54:32 CET [2023/05/28 2:54:32 ET]
Table '3597087074 1' 3-max Seat #1 is the button
Seat 1: Rasmussen191 (530 in chips) 
Seat 2: Mahu2021 (420 in chips) 
Seat 3: Solmyr7 (550 in chips) 
Mahu2021: posts small blind 10
Solmyr7: posts big blind 20
*** HOLE CARDS ***
Dealt to Mahu2021 [2d Qh]
Rasmussen191: calls 20
Mahu2021: folds 
Solmyr7: checks 
*** FLOP *** [6h Qd 5s]
Solmyr7: checks 
Rasmussen191: checks 
*** TURN *** [6h Qd 5s] [Jc]
Solmyr7: checks 
Rasmussen191: checks 
*** RIVER *** [6h Qd 5s Jc] [Ac]
Solmyr7: checks 
Rasmussen191: checks 
*** SHOW DOWN ***
Solmyr7: shows [2s 9s] (high card Ace)
Rasmussen191: shows [4s Kd] (high card Ace - King kicker)
Rasmussen191 collected 50 from pot
*** SUMMARY ***
Total pot 50 | Rake 0 
Board [6h Qd 5s Jc Ac]
Seat 1: Rasmussen191 (button) showed [4s Kd] and won (50) with high card Ace
Seat 2: Mahu2021 (small blind) folded before Flop
Seat 3: Solmyr7 (big blind) showed [2s 9s] and lost with high card Ace



PokerStars Hand #243949893740: Tournament #3597087074, $0.92+$0.08 USD Hold'em No Limit - Level I (10/20) - 2023/05/28 8:54:48 CET [2023/05/28 2:54:48 ET]
Table '3597087074 1' 3-max Seat #2 is the button
Seat 1: Rasmussen191 (560 in chips) 
Seat 2: Mahu2021 (410 in chips) 
Seat 3: Solmyr7 (530 in chips) 
Solmyr7: posts small blind 10
Rasmussen191: posts big blind 20
*** HOLE CARDS ***
Dealt to Mahu2021 [6c 5s]
Mahu2021: calls 20
Solmyr7: calls 10
Rasmussen191: checks 
*** FLOP *** [Ks Td 3s]
Solmyr7: bets 20
Rasmussen191: calls 20
Mahu2021: folds 
*** TURN *** [Ks Td 3s] [4h]
Solmyr7: bets 60
Rasmussen191: calls 60
*** RIVER *** [Ks Td 3s 4h] [Jd]
Solmyr7: bets 220
Rasmussen191: raises 240 to 460 and is all-in
Solmyr7: calls 210 and is all-in
Uncalled bet (30) returned to Rasmussen191
*** SHOW DOWN ***
Rasmussen191: shows [Ah Qh] (a straight, Ten to Ace)
Solmyr7: shows [Th Kd] (two pair, Kings and Tens)
Rasmussen191 collected 1080 from pot
Solmyr7 finished the tournament in 3rd place
*** SUMMARY ***
Total pot 1080 | Rake 0 
Board [Ks Td 3s 4h Jd]
Seat 1: Rasmussen191 (big blind) showed [Ah Qh] and won (1080) with a straight, Ten to Ace
Seat 2: Mahu2021 (button) folded on the Flop
Seat 3: Solmyr7 (small blind) showed [Th Kd] and lost with two pair, Kings and Tens



PokerStars Hand #243949897283: Tournament #3597087074, $0.92+$0.08 USD Hold'em No Limit - Level I (10/20) - 2023/05/28 8:55:22 CET [2023/05/28 2:55:22 ET]
Table '3597087074 1' 3-max Seat #1 is the button
Seat 1: Rasmussen191 (1110 in chips) 
Seat 2: Mahu2021 (390 in chips) 
Rasmussen191: posts small blind 10
Mahu2021: posts big blind 20
*** HOLE CARDS ***
Dealt to Mahu2021 [6d 6h]
Rasmussen191: calls 10
Mahu2021: raises 40 to 60
Rasmussen191: calls 40
*** FLOP *** [5d As Qs]
Mahu2021: checks 
Rasmussen191: bets 20
Mahu2021: calls 20
*** TURN *** [5d As Qs] [Ah]
Mahu2021: checks 
Rasmussen191: bets 160
Mahu2021: folds 
Uncalled bet (160) returned to Rasmussen191
Rasmussen191 collected 160 from pot
Rasmussen191: doesn't show hand 
*** SUMMARY ***
Total pot 160 | Rake 0 
Board [5d As Qs Ah]
Seat 1: Rasmussen191 (button) (small blind) collected (160)
Seat 2: Mahu2021 (big blind) folded on the Turn



PokerStars Hand #243949899117: Tournament #3597087074, $0.92+$0.08 USD Hold'em No Limit - Level I (10/20) - 2023/05/28 8:55:41 CET [2023/05/28 2:55:41 ET]
Table '3597087074 1' 3-max Seat #2 is the button
Seat 1: Rasmussen191 (1190 in chips) 
Seat 2: Mahu2021 (310 in chips) 
Mahu2021: posts small blind 10
Rasmussen191: posts big blind 20
*** HOLE CARDS ***
Dealt to Mahu2021 [7d Kh]
Mahu2021: calls 10
Rasmussen191: checks 
*** FLOP *** [8h 5s 4h]
Rasmussen191: checks 
Mahu2021: checks 
*** TURN *** [8h 5s 4h] [9d]
Rasmussen191: checks 
Mahu2021: bets 40
Rasmussen191: folds 
Uncalled bet (40) returned to Mahu2021
Mahu2021 collected 40 from pot
Mahu2021: doesn't show hand 
*** SUMMARY ***
Total pot 40 | Rake 0 
Board [8h 5s 4h 9d]
Seat 1: Rasmussen191 (big blind) folded on the Turn
Seat 2: Mahu2021 (button) (small blind) collected (40)



PokerStars Hand #243949900356: Tournament #3597087074, $0.92+$0.08 USD Hold'em No Limit - Level I (10/20) - 2023/05/28 8:55:53 CET [2023/05/28 2:55:53 ET]
Table '3597087074 1' 3-max Seat #1 is the button
Seat 1: Rasmussen191 (1170 in chips) 
Seat 2: Mahu2021 (330 in chips) 
Rasmussen191: posts small blind 10
Mahu2021: posts big blind 20
*** HOLE CARDS ***
Dealt to Mahu2021 [9h 3s]
Rasmussen191: calls 10
Mahu2021: checks 
*** FLOP *** [5s Ad 8d]
Mahu2021: checks 
Rasmussen191: bets 40
Mahu2021: folds 
Uncalled bet (40) returned to Rasmussen191
Rasmussen191 collected 40 from pot
Rasmussen191: doesn't show hand 
*** SUMMARY ***
Total pot 40 | Rake 0 
Board [5s Ad 8d]
Seat 1: Rasmussen191 (button) (small blind) collected (40)
Seat 2: Mahu2021 (big blind) folded on the Flop



PokerStars Hand #243949901415: Tournament #3597087074, $0.92+$0.08 USD Hold'em No Limit - Level I (10/20) - 2023/05/28 8:56:04 CET [2023/05/28 2:56:04 ET]
Table '3597087074 1' 3-max Seat #2 is the button
Seat 1: Rasmussen191 (1190 in chips) 
Seat 2: Mahu2021 (310 in chips) 
Mahu2021: posts small blind 10
Rasmussen191: posts big blind 20
*** HOLE CARDS ***
Dealt to Mahu2021 [7s 9h]
Mahu2021: calls 10
Rasmussen191: checks 
*** FLOP *** [5s Ah Jc]
Rasmussen191: checks 
Mahu2021: bets 40
Rasmussen191: calls 40
*** TURN *** [5s Ah Jc] [9c]
Rasmussen191: checks 
Mahu2021: checks 
*** RIVER *** [5s Ah Jc 9c] [3s]
Rasmussen191: checks 
Mahu2021: checks 
*** SHOW DOWN ***
Rasmussen191: shows [3c 2c] (a pair of Threes)
Mahu2021: shows [7s 9h] (a pair of Nines)
Mahu2021 collected 120 from pot
*** SUMMARY ***
Total pot 120 | Rake 0 
Board [5s Ah Jc 9c 3s]
Seat 1: Rasmussen191 (big blind) showed [3c 2c] and lost with a pair of Threes
Seat 2: Mahu2021 (button) (small blind) showed [7s 9h] and won (120) with a pair of Nines



PokerStars Hand #243949903005: Tournament #3597087074, $0.92+$0.08 USD Hold'em No Limit - Level I (10/20) - 2023/05/28 8:56:20 CET [2023/05/28 2:56:20 ET]
Table '3597087074 1' 3-max Seat #1 is the button
Seat 1: Rasmussen191 (1130 in chips) 
Seat 2: Mahu2021 (370 in chips) 
Rasmussen191: posts small blind 10
Mahu2021: posts big blind 20
*** HOLE CARDS ***
Dealt to Mahu2021 [Ad Qh]
Rasmussen191: calls 10
Mahu2021: raises 60 to 80
Rasmussen191: calls 60
*** FLOP *** [9h 6d 4d]
Mahu2021: bets 160
Rasmussen191: folds 
Uncalled bet (160) returned to Mahu2021
Mahu2021 collected 160 from pot
Mahu2021: doesn't show hand 
*** SUMMARY ***
Total pot 160 | Rake 0 
Board [9h 6d 4d]
Seat 1: Rasmussen191 (button) (small blind) folded on the Flop
Seat 2: Mahu2021 (big blind) collected (160)



PokerStars Hand #243949904232: Tournament #3597087074, $0.92+$0.08 USD Hold'em No Limit - Level I (10/20) - 2023/05/28 8:56:33 CET [2023/05/28 2:56:33 ET]
Table '3597087074 1' 3-max Seat #2 is the button
Seat 1: Rasmussen191 (1050 in chips) 
Seat 2: Mahu2021 (450 in chips) 
Mahu2021: posts small blind 10
Rasmussen191: posts big blind 20
*** HOLE CARDS ***
Dealt to Mahu2021 [9h 5c]
Mahu2021: folds 
Uncalled bet (10) returned to Rasmussen191
Rasmussen191 collected 20 from pot
Rasmussen191: doesn't show hand 
*** SUMMARY ***
Total pot 20 | Rake 0 
Seat 1: Rasmussen191 (big blind) collected (20)
Seat 2: Mahu2021 (button) (small blind) folded before Flop



PokerStars Hand #243949904652: Tournament #3597087074, $0.92+$0.08 USD Hold'em No Limit - Level I (10/20) - 2023/05/28 8:56:37 CET [2023/05/28 2:56:37 ET]
Table '3597087074 1' 3-max Seat #1 is the button
Seat 1: Rasmussen191 (1060 in chips) 
Seat 2: Mahu2021 (440 in chips) 
Rasmussen191: posts small blind 10
Mahu2021: posts big blind 20
*** HOLE CARDS ***
Dealt to Mahu2021 [7d 3d]
Rasmussen191: calls 10
Mahu2021: checks 
*** FLOP *** [Kc 2s Ts]
Mahu2021: checks 
Rasmussen191: checks 
*** TURN *** [Kc 2s Ts] [7s]
Mahu2021: checks 
Rasmussen191: bets 20
Mahu2021: calls 20
*** RIVER *** [Kc 2s Ts 7s] [5h]
Mahu2021: checks 
Rasmussen191: bets 20
Mahu2021: calls 20
*** SHOW DOWN ***
Rasmussen191: shows [3c 7h] (a pair of Sevens)
Mahu2021: shows [7d 3d] (a pair of Sevens)
Mahu2021 collected 60 from pot
Rasmussen191 collected 60 from pot
*** SUMMARY ***
Total pot 120 | Rake 0 
Board [Kc 2s Ts 7s 5h]
Seat 1: Rasmussen191 (button) (small blind) showed [3c 7h] and won (60) with a pair of Sevens
Seat 2: Mahu2021 (big blind) showed [7d 3d] and won (60) with a pair of Sevens



PokerStars Hand #243949906431: Tournament #3597087074, $0.92+$0.08 USD Hold'em No Limit - Level II (15/30) - 2023/05/28 8:56:55 CET [2023/05/28 2:56:55 ET]
Table '3597087074 1' 3-max Seat #2 is the button
Seat 1: Rasmussen191 (1060 in chips) 
Seat 2: Mahu2021 (440 in chips) 
Mahu2021: posts small blind 15
Rasmussen191: posts big blind 30
*** HOLE CARDS ***
Dealt to Mahu2021 [Js 4c]
Mahu2021: folds 
Uncalled bet (15) returned to Rasmussen191
Rasmussen191 collected 30 from pot
Rasmussen191: doesn't show hand 
*** SUMMARY ***
Total pot 30 | Rake 0 
Seat 1: Rasmussen191 (big blind) collected (30)
Seat 2: Mahu2021 (button) (small blind) folded before Flop



PokerStars Hand #243949906838: Tournament #3597087074, $0.92+$0.08 USD Hold'em No Limit - Level II (15/30) - 2023/05/28 8:56:59 CET [2023/05/28 2:56:59 ET]
Table '3597087074 1' 3-max Seat #1 is the button
Seat 1: Rasmussen191 (1075 in chips) 
Seat 2: Mahu2021 (425 in chips) 
Rasmussen191: posts small blind 15
Mahu2021: posts big blind 30
*** HOLE CARDS ***
Dealt to Mahu2021 [4s Ks]
Rasmussen191: calls 15
Mahu2021: checks 
*** FLOP *** [Ad 5c Js]
Mahu2021: checks 
Rasmussen191: bets 30
Mahu2021: folds 
Uncalled bet (30) returned to Rasmussen191
Rasmussen191 collected 60 from pot
Rasmussen191: doesn't show hand 
*** SUMMARY ***
Total pot 60 | Rake 0 
Board [Ad 5c Js]
Seat 1: Rasmussen191 (button) (small blind) collected (60)
Seat 2: Mahu2021 (big blind) folded on the Flop



PokerStars Hand #243949907784: Tournament #3597087074, $0.92+$0.08 USD Hold'em No Limit - Level II (15/30) - 2023/05/28 8:57:08 CET [2023/05/28 2:57:08 ET]
Table '3597087074 1' 3-max Seat #2 is the button
Seat 1: Rasmussen191 (1105 in chips) 
Seat 2: Mahu2021 (395 in chips) 
Mahu2021: posts small blind 15
Rasmussen191: posts big blind 30
*** HOLE CARDS ***
Dealt to Mahu2021 [2h Kh]
Mahu2021: calls 15
Rasmussen191: checks 
*** FLOP *** [9c 9h Ks]
Rasmussen191: checks 
Mahu2021: bets 60
Rasmussen191: calls 60
*** TURN *** [9c 9h Ks] [Qc]
Rasmussen191: checks 
Mahu2021: bets 180
Rasmussen191: folds 
Uncalled bet (180) returned to Mahu2021
Mahu2021 collected 180 from pot
Mahu2021: doesn't show hand 
*** SUMMARY ***
Total pot 180 | Rake 0 
Board [9c 9h Ks Qc]
Seat 1: Rasmussen191 (big blind) folded on the Turn
Seat 2: Mahu2021 (button) (small blind) collected (180)



PokerStars Hand #243949909410: Tournament #3597087074, $0.92+$0.08 USD Hold'em No Limit - Level II (15/30) - 2023/05/28 8:57:25 CET [2023/05/28 2:57:25 ET]
Table '3597087074 1' 3-max Seat #1 is the button
Seat 1: Rasmussen191 (1015 in chips) 
Seat 2: Mahu2021 (485 in chips) 
Rasmussen191: posts small blind 15
Mahu2021: posts big blind 30
*** HOLE CARDS ***
Dealt to Mahu2021 [9c Ah]
Rasmussen191: calls 15
Mahu2021: checks 
*** FLOP *** [4c Ks Ts]
Mahu2021: checks 
Rasmussen191: bets 60
Mahu2021: folds 
Uncalled bet (60) returned to Rasmussen191
Rasmussen191 collected 60 from pot
Rasmussen191: doesn't show hand 
*** SUMMARY ***
Total pot 60 | Rake 0 
Board [4c Ks Ts]
Seat 1: Rasmussen191 (button) (small blind) collected (60)
Seat 2: Mahu2021 (big blind) folded on the Flop



PokerStars Hand #243949910448: Tournament #3597087074, $0.92+$0.08 USD Hold'em No Limit - Level II (15/30) - 2023/05/28 8:57:35 CET [2023/05/28 2:57:35 ET]
Table '3597087074 1' 3-max Seat #2 is the button
Seat 1: Rasmussen191 (1045 in chips) 
Seat 2: Mahu2021 (455 in chips) 
Mahu2021: posts small blind 15
Rasmussen191: posts big blind 30
*** HOLE CARDS ***
Dealt to Mahu2021 [As 8s]
Mahu2021: raises 30 to 60
Rasmussen191: calls 30
*** FLOP *** [Kd Ks Js]
Rasmussen191: bets 120
Mahu2021: raises 275 to 395 and is all-in
Rasmussen191: calls 275
*** TURN *** [Kd Ks Js] [Tc]
*** RIVER *** [Kd Ks Js Tc] [7h]
*** SHOW DOWN ***
Rasmussen191: shows [Ts Jh] (two pair, Kings and Jacks)
Mahu2021: shows [As 8s] (a pair of Kings)
Rasmussen191 collected 910 from pot
Mahu2021 finished the tournament in 2nd place
Rasmussen191 wins the tournament and receives $3.00 - congratulations!
*** SUMMARY ***
Total pot 910 | Rake 0 
Board [Kd Ks Js Tc 7h]
Seat 1: Rasmussen191 (big blind) showed [Ts Jh] and won (910) with two pair, Kings and Jacks
Seat 2: Mahu2021 (button) (small blind) showed [As 8s] and lost with a pair of Kings



