PokerStars Hand #248551771908: Tournament #3708092806, $1.84+$0.16 USD Hold'em No Limit - Level I (10/20) - 2024/01/28 21:23:45 CET [2024/01/28 15:23:45 ET]
Table '3708092806 1' 3-max Seat #1 is the button
Seat 1: Mahu2021 (500 in chips) 
Seat 2: JUANJO160240 (500 in chips) 
Seat 3: MatheusBRZZ (500 in chips) 
JUANJO160240: posts small blind 10
MatheusBRZZ: posts big blind 20
*** HOLE CARDS ***
Dealt to Mahu2021 [Qc Jc]
Mahu2021: raises 20 to 40
JUANJO160240: calls 30
MatheusBRZZ: calls 20
*** FLOP *** [9d 9s Qs]
JUANJO160240: checks 
MatheusBRZZ: checks 
Mahu2021: bets 120
JUANJO160240: folds 
MatheusBRZZ: folds 
Uncalled bet (120) returned to Mahu2021
Mahu2021 collected 120 from pot
Mahu2021: doesn't show hand 
*** SUMMARY ***
Total pot 120 | Rake 0 
Board [9d 9s Qs]
Seat 1: Mahu2021 (button) collected (120)
Seat 2: JUANJO160240 (small blind) folded on the Flop
Seat 3: MatheusBRZZ (big blind) folded on the Flop



PokerStars Hand #248551780636: Tournament #3708092806, $1.84+$0.16 USD Hold'em No Limit - Level I (10/20) - 2024/01/28 21:24:04 CET [2024/01/28 15:24:04 ET]
Table '3708092806 1' 3-max Seat #2 is the button
Seat 1: Mahu2021 (580 in chips) 
Seat 2: JUANJO160240 (460 in chips) 
Seat 3: MatheusBRZZ (460 in chips) 
MatheusBRZZ: posts small blind 10
Mahu2021: posts big blind 20
*** HOLE CARDS ***
Dealt to Mahu2021 [6c Kc]
JUANJO160240: raises 40 to 60
MatheusBRZZ: calls 50
Mahu2021: folds 
*** FLOP *** [Ks 8h 4c]
MatheusBRZZ: checks 
JUANJO160240: checks 
*** TURN *** [Ks 8h 4c] [Jd]
MatheusBRZZ: checks 
JUANJO160240: checks 
*** RIVER *** [Ks 8h 4c Jd] [6d]
MatheusBRZZ: bets 70
JUANJO160240: calls 70
*** SHOW DOWN ***
MatheusBRZZ: shows [Ad Tc] (high card Ace)
JUANJO160240: shows [Qc Jc] (a pair of Jacks)
JUANJO160240 collected 280 from pot
*** SUMMARY ***
Total pot 280 | Rake 0 
Board [Ks 8h 4c Jd 6d]
Seat 1: Mahu2021 (big blind) folded before Flop
Seat 2: JUANJO160240 (button) showed [Qc Jc] and won (280) with a pair of Jacks
Seat 3: MatheusBRZZ (small blind) showed [Ad Tc] and lost with high card Ace



PokerStars Hand #248551790745: Tournament #3708092806, $1.84+$0.16 USD Hold'em No Limit - Level I (10/20) - 2024/01/28 21:24:25 CET [2024/01/28 15:24:25 ET]
Table '3708092806 1' 3-max Seat #3 is the button
Seat 1: Mahu2021 (560 in chips) 
Seat 2: JUANJO160240 (610 in chips) 
Seat 3: MatheusBRZZ (330 in chips) 
Mahu2021: posts small blind 10
JUANJO160240: posts big blind 20
*** HOLE CARDS ***
Dealt to Mahu2021 [2h Kh]
MatheusBRZZ: folds 
Mahu2021: calls 10
JUANJO160240: checks 
*** FLOP *** [9c 8s 8h]
Mahu2021: checks 
JUANJO160240: bets 52
Mahu2021: folds 
Uncalled bet (52) returned to JUANJO160240
JUANJO160240 collected 40 from pot
JUANJO160240: doesn't show hand 
*** SUMMARY ***
Total pot 40 | Rake 0 
Board [9c 8s 8h]
Seat 1: Mahu2021 (small blind) folded on the Flop
Seat 2: JUANJO160240 (big blind) collected (40)
Seat 3: MatheusBRZZ (button) folded before Flop (didn't bet)



PokerStars Hand #248551796878: Tournament #3708092806, $1.84+$0.16 USD Hold'em No Limit - Level I (10/20) - 2024/01/28 21:24:38 CET [2024/01/28 15:24:38 ET]
Table '3708092806 1' 3-max Seat #1 is the button
Seat 1: Mahu2021 (540 in chips) 
Seat 2: JUANJO160240 (630 in chips) 
Seat 3: MatheusBRZZ (330 in chips) 
JUANJO160240: posts small blind 10
MatheusBRZZ: posts big blind 20
*** HOLE CARDS ***
Dealt to Mahu2021 [Tc 8h]
Mahu2021: folds 
JUANJO160240: calls 10
MatheusBRZZ: checks 
*** FLOP *** [6c 7h 3c]
JUANJO160240: checks 
MatheusBRZZ: checks 
*** TURN *** [6c 7h 3c] [Th]
JUANJO160240: checks 
MatheusBRZZ: checks 
*** RIVER *** [6c 7h 3c Th] [9c]
JUANJO160240: checks 
MatheusBRZZ: bets 310 and is all-in
JUANJO160240: folds 
Uncalled bet (310) returned to MatheusBRZZ
MatheusBRZZ collected 40 from pot
MatheusBRZZ: doesn't show hand 
*** SUMMARY ***
Total pot 40 | Rake 0 
Board [6c 7h 3c Th 9c]
Seat 1: Mahu2021 (button) folded before Flop (didn't bet)
Seat 2: JUANJO160240 (small blind) folded on the River
Seat 3: MatheusBRZZ (big blind) collected (40)



PokerStars Hand #248551807893: Tournament #3708092806, $1.84+$0.16 USD Hold'em No Limit - Level I (10/20) - 2024/01/28 21:25:02 CET [2024/01/28 15:25:02 ET]
Table '3708092806 1' 3-max Seat #2 is the button
Seat 1: Mahu2021 (540 in chips) 
Seat 2: JUANJO160240 (610 in chips) 
Seat 3: MatheusBRZZ (350 in chips) 
MatheusBRZZ: posts small blind 10
Mahu2021: posts big blind 20
*** HOLE CARDS ***
Dealt to Mahu2021 [6h 7c]
JUANJO160240: raises 40 to 60
MatheusBRZZ: folds 
Mahu2021: folds 
Uncalled bet (40) returned to JUANJO160240
JUANJO160240 collected 50 from pot
JUANJO160240: doesn't show hand 
*** SUMMARY ***
Total pot 50 | Rake 0 
Seat 1: Mahu2021 (big blind) folded before Flop
Seat 2: JUANJO160240 (button) collected (50)
Seat 3: MatheusBRZZ (small blind) folded before Flop



PokerStars Hand #248551811531: Tournament #3708092806, $1.84+$0.16 USD Hold'em No Limit - Level I (10/20) - 2024/01/28 21:25:09 CET [2024/01/28 15:25:09 ET]
Table '3708092806 1' 3-max Seat #3 is the button
Seat 1: Mahu2021 (520 in chips) 
Seat 2: JUANJO160240 (640 in chips) 
Seat 3: MatheusBRZZ (340 in chips) 
Mahu2021: posts small blind 10
JUANJO160240: posts big blind 20
*** HOLE CARDS ***
Dealt to Mahu2021 [As 7c]
MatheusBRZZ: raises 320 to 340 and is all-in
Mahu2021: folds 
JUANJO160240: folds 
Uncalled bet (320) returned to MatheusBRZZ
MatheusBRZZ collected 50 from pot
MatheusBRZZ: doesn't show hand 
*** SUMMARY ***
Total pot 50 | Rake 0 
Seat 1: Mahu2021 (small blind) folded before Flop
Seat 2: JUANJO160240 (big blind) folded before Flop
Seat 3: MatheusBRZZ (button) collected (50)



PokerStars Hand #248551815119: Tournament #3708092806, $1.84+$0.16 USD Hold'em No Limit - Level I (10/20) - 2024/01/28 21:25:17 CET [2024/01/28 15:25:17 ET]
Table '3708092806 1' 3-max Seat #1 is the button
Seat 1: Mahu2021 (510 in chips) 
Seat 2: JUANJO160240 (620 in chips) 
Seat 3: MatheusBRZZ (370 in chips) 
JUANJO160240: posts small blind 10
MatheusBRZZ: posts big blind 20
*** HOLE CARDS ***
Dealt to Mahu2021 [6d 8c]
Mahu2021: folds 
JUANJO160240: raises 20 to 40
MatheusBRZZ: calls 20
*** FLOP *** [6s 9s Ad]
JUANJO160240: bets 62
MatheusBRZZ: folds 
Uncalled bet (62) returned to JUANJO160240
JUANJO160240 collected 80 from pot
JUANJO160240: doesn't show hand 
*** SUMMARY ***
Total pot 80 | Rake 0 
Board [6s 9s Ad]
Seat 1: Mahu2021 (button) folded before Flop (didn't bet)
Seat 2: JUANJO160240 (small blind) collected (80)
Seat 3: MatheusBRZZ (big blind) folded on the Flop



PokerStars Hand #248551820332: Tournament #3708092806, $1.84+$0.16 USD Hold'em No Limit - Level I (10/20) - 2024/01/28 21:25:29 CET [2024/01/28 15:25:29 ET]
Table '3708092806 1' 3-max Seat #2 is the button
Seat 1: Mahu2021 (510 in chips) 
Seat 2: JUANJO160240 (660 in chips) 
Seat 3: MatheusBRZZ (330 in chips) 
MatheusBRZZ: posts small blind 10
Mahu2021: posts big blind 20
*** HOLE CARDS ***
Dealt to Mahu2021 [2c Ac]
JUANJO160240: raises 20 to 40
MatheusBRZZ: folds 
Mahu2021: calls 20
*** FLOP *** [Qd 6s 8s]
Mahu2021: checks 
JUANJO160240: checks 
*** TURN *** [Qd 6s 8s] [2d]
Mahu2021: checks 
JUANJO160240: bets 70
Mahu2021: calls 70
*** RIVER *** [Qd 6s 8s 2d] [Jc]
Mahu2021: checks 
JUANJO160240: checks 
*** SHOW DOWN ***
Mahu2021: shows [2c Ac] (a pair of Deuces)
JUANJO160240: shows [Tc Jh] (a pair of Jacks)
JUANJO160240 collected 230 from pot
*** SUMMARY ***
Total pot 230 | Rake 0 
Board [Qd 6s 8s 2d Jc]
Seat 1: Mahu2021 (big blind) showed [2c Ac] and lost with a pair of Deuces
Seat 2: JUANJO160240 (button) showed [Tc Jh] and won (230) with a pair of Jacks
Seat 3: MatheusBRZZ (small blind) folded before Flop



PokerStars Hand #248551827920: Tournament #3708092806, $1.84+$0.16 USD Hold'em No Limit - Level I (10/20) - 2024/01/28 21:25:45 CET [2024/01/28 15:25:45 ET]
Table '3708092806 1' 3-max Seat #3 is the button
Seat 1: Mahu2021 (400 in chips) 
Seat 2: JUANJO160240 (780 in chips) 
Seat 3: MatheusBRZZ (320 in chips) 
Mahu2021: posts small blind 10
JUANJO160240: posts big blind 20
*** HOLE CARDS ***
Dealt to Mahu2021 [6d Jd]
MatheusBRZZ: calls 20
Mahu2021: calls 10
JUANJO160240: checks 
*** FLOP *** [Qh 5h As]
Mahu2021: checks 
JUANJO160240: checks 
MatheusBRZZ: checks 
*** TURN *** [Qh 5h As] [5c]
Mahu2021: checks 
JUANJO160240: checks 
MatheusBRZZ: bets 30
Mahu2021: folds 
JUANJO160240: folds 
Uncalled bet (30) returned to MatheusBRZZ
MatheusBRZZ collected 60 from pot
*** SUMMARY ***
Total pot 60 | Rake 0 
Board [Qh 5h As 5c]
Seat 1: Mahu2021 (small blind) folded on the Turn
Seat 2: JUANJO160240 (big blind) folded on the Turn
Seat 3: MatheusBRZZ (button) collected (60)



PokerStars Hand #248551836897: Tournament #3708092806, $1.84+$0.16 USD Hold'em No Limit - Level I (10/20) - 2024/01/28 21:26:04 CET [2024/01/28 15:26:04 ET]
Table '3708092806 1' 3-max Seat #1 is the button
Seat 1: Mahu2021 (380 in chips) 
Seat 2: JUANJO160240 (760 in chips) 
Seat 3: MatheusBRZZ (360 in chips) 
JUANJO160240: posts small blind 10
MatheusBRZZ: posts big blind 20
*** HOLE CARDS ***
Dealt to Mahu2021 [6d 4c]
Mahu2021: folds 
JUANJO160240: raises 40 to 60
MatheusBRZZ: folds 
Uncalled bet (40) returned to JUANJO160240
JUANJO160240 collected 40 from pot
JUANJO160240: doesn't show hand 
*** SUMMARY ***
Total pot 40 | Rake 0 
Seat 1: Mahu2021 (button) folded before Flop (didn't bet)
Seat 2: JUANJO160240 (small blind) collected (40)
Seat 3: MatheusBRZZ (big blind) folded before Flop



PokerStars Hand #248551840539: Tournament #3708092806, $1.84+$0.16 USD Hold'em No Limit - Level I (10/20) - 2024/01/28 21:26:12 CET [2024/01/28 15:26:12 ET]
Table '3708092806 1' 3-max Seat #2 is the button
Seat 1: Mahu2021 (380 in chips) 
Seat 2: JUANJO160240 (780 in chips) 
Seat 3: MatheusBRZZ (340 in chips) 
MatheusBRZZ: posts small blind 10
Mahu2021: posts big blind 20
*** HOLE CARDS ***
Dealt to Mahu2021 [2s 5h]
JUANJO160240: raises 24 to 44
MatheusBRZZ: calls 34
Mahu2021: folds 
*** FLOP *** [2c 7h 6c]
MatheusBRZZ: checks 
JUANJO160240: bets 59
MatheusBRZZ: folds 
Uncalled bet (59) returned to JUANJO160240
JUANJO160240 collected 108 from pot
JUANJO160240: doesn't show hand 
*** SUMMARY ***
Total pot 108 | Rake 0 
Board [2c 7h 6c]
Seat 1: Mahu2021 (big blind) folded before Flop
Seat 2: JUANJO160240 (button) collected (108)
Seat 3: MatheusBRZZ (small blind) folded on the Flop



PokerStars Hand #248551847123: Tournament #3708092806, $1.84+$0.16 USD Hold'em No Limit - Level I (10/20) - 2024/01/28 21:26:26 CET [2024/01/28 15:26:26 ET]
Table '3708092806 1' 3-max Seat #3 is the button
Seat 1: Mahu2021 (360 in chips) 
Seat 2: JUANJO160240 (844 in chips) 
Seat 3: MatheusBRZZ (296 in chips) 
Mahu2021: posts small blind 10
JUANJO160240: posts big blind 20
*** HOLE CARDS ***
Dealt to Mahu2021 [2h 3s]
MatheusBRZZ: raises 276 to 296 and is all-in
Mahu2021: folds 
JUANJO160240: folds 
Uncalled bet (276) returned to MatheusBRZZ
MatheusBRZZ collected 50 from pot
MatheusBRZZ: doesn't show hand 
*** SUMMARY ***
Total pot 50 | Rake 0 
Seat 1: Mahu2021 (small blind) folded before Flop
Seat 2: JUANJO160240 (big blind) folded before Flop
Seat 3: MatheusBRZZ (button) collected (50)



PokerStars Hand #248551850237: Tournament #3708092806, $1.84+$0.16 USD Hold'em No Limit - Level I (10/20) - 2024/01/28 21:26:32 CET [2024/01/28 15:26:32 ET]
Table '3708092806 1' 3-max Seat #1 is the button
Seat 1: Mahu2021 (350 in chips) 
Seat 2: JUANJO160240 (824 in chips) 
Seat 3: MatheusBRZZ (326 in chips) 
JUANJO160240: posts small blind 10
MatheusBRZZ: posts big blind 20
*** HOLE CARDS ***
Dealt to Mahu2021 [7s 9s]
Mahu2021: folds 
JUANJO160240: folds 
Uncalled bet (10) returned to MatheusBRZZ
MatheusBRZZ collected 20 from pot
MatheusBRZZ: doesn't show hand 
*** SUMMARY ***
Total pot 20 | Rake 0 
Seat 1: Mahu2021 (button) folded before Flop (didn't bet)
Seat 2: JUANJO160240 (small blind) folded before Flop
Seat 3: MatheusBRZZ (big blind) collected (20)



PokerStars Hand #248551853476: Tournament #3708092806, $1.84+$0.16 USD Hold'em No Limit - Level I (10/20) - 2024/01/28 21:26:39 CET [2024/01/28 15:26:39 ET]
Table '3708092806 1' 3-max Seat #2 is the button
Seat 1: Mahu2021 (350 in chips) 
Seat 2: JUANJO160240 (814 in chips) 
Seat 3: MatheusBRZZ (336 in chips) 
MatheusBRZZ: posts small blind 10
Mahu2021: posts big blind 20
*** HOLE CARDS ***
Dealt to Mahu2021 [4c Jd]
JUANJO160240: raises 24 to 44
MatheusBRZZ: folds 
Mahu2021: folds 
Uncalled bet (24) returned to JUANJO160240
JUANJO160240 collected 50 from pot
JUANJO160240: doesn't show hand 
*** SUMMARY ***
Total pot 50 | Rake 0 
Seat 1: Mahu2021 (big blind) folded before Flop
Seat 2: JUANJO160240 (button) collected (50)
Seat 3: MatheusBRZZ (small blind) folded before Flop



PokerStars Hand #248551859091: Tournament #3708092806, $1.84+$0.16 USD Hold'em No Limit - Level II (15/30) - 2024/01/28 21:26:52 CET [2024/01/28 15:26:52 ET]
Table '3708092806 1' 3-max Seat #3 is the button
Seat 1: Mahu2021 (330 in chips) 
Seat 2: JUANJO160240 (844 in chips) 
Seat 3: MatheusBRZZ (326 in chips) 
Mahu2021: posts small blind 15
JUANJO160240: posts big blind 30
*** HOLE CARDS ***
Dealt to Mahu2021 [6c 4s]
MatheusBRZZ: folds 
Mahu2021: folds 
Uncalled bet (15) returned to JUANJO160240
JUANJO160240 collected 30 from pot
JUANJO160240: doesn't show hand 
*** SUMMARY ***
Total pot 30 | Rake 0 
Seat 1: Mahu2021 (small blind) folded before Flop
Seat 2: JUANJO160240 (big blind) collected (30)
Seat 3: MatheusBRZZ (button) folded before Flop (didn't bet)



PokerStars Hand #248551861480: Tournament #3708092806, $1.84+$0.16 USD Hold'em No Limit - Level II (15/30) - 2024/01/28 21:26:57 CET [2024/01/28 15:26:57 ET]
Table '3708092806 1' 3-max Seat #1 is the button
Seat 1: Mahu2021 (315 in chips) 
Seat 2: JUANJO160240 (859 in chips) 
Seat 3: MatheusBRZZ (326 in chips) 
JUANJO160240: posts small blind 15
MatheusBRZZ: posts big blind 30
*** HOLE CARDS ***
Dealt to Mahu2021 [Qh 7d]
Mahu2021: folds 
JUANJO160240: folds 
Uncalled bet (15) returned to MatheusBRZZ
MatheusBRZZ collected 30 from pot
MatheusBRZZ: doesn't show hand 
*** SUMMARY ***
Total pot 30 | Rake 0 
Seat 1: Mahu2021 (button) folded before Flop (didn't bet)
Seat 2: JUANJO160240 (small blind) folded before Flop
Seat 3: MatheusBRZZ (big blind) collected (30)



PokerStars Hand #248551864484: Tournament #3708092806, $1.84+$0.16 USD Hold'em No Limit - Level II (15/30) - 2024/01/28 21:27:03 CET [2024/01/28 15:27:03 ET]
Table '3708092806 1' 3-max Seat #2 is the button
Seat 1: Mahu2021 (315 in chips) 
Seat 2: JUANJO160240 (844 in chips) 
Seat 3: MatheusBRZZ (341 in chips) 
MatheusBRZZ: posts small blind 15
Mahu2021: posts big blind 30
*** HOLE CARDS ***
Dealt to Mahu2021 [9d 9h]
JUANJO160240: folds 
MatheusBRZZ: calls 15
Mahu2021: raises 285 to 315 and is all-in
MatheusBRZZ: calls 285
*** FLOP *** [4h Ts Jc]
*** TURN *** [4h Ts Jc] [Td]
*** RIVER *** [4h Ts Jc Td] [5h]
*** SHOW DOWN ***
MatheusBRZZ: shows [8s 8h] (two pair, Tens and Eights)
Mahu2021: shows [9d 9h] (two pair, Tens and Nines)
Mahu2021 collected 630 from pot
*** SUMMARY ***
Total pot 630 | Rake 0 
Board [4h Ts Jc Td 5h]
Seat 1: Mahu2021 (big blind) showed [9d 9h] and won (630) with two pair, Tens and Nines
Seat 2: JUANJO160240 (button) folded before Flop (didn't bet)
Seat 3: MatheusBRZZ (small blind) showed [8s 8h] and lost with two pair, Tens and Eights



PokerStars Hand #248551871993: Tournament #3708092806, $1.84+$0.16 USD Hold'em No Limit - Level II (15/30) - 2024/01/28 21:27:19 CET [2024/01/28 15:27:19 ET]
Table '3708092806 1' 3-max Seat #3 is the button
Seat 1: Mahu2021 (630 in chips) 
Seat 2: JUANJO160240 (844 in chips) 
Seat 3: MatheusBRZZ (26 in chips) 
Mahu2021: posts small blind 15
JUANJO160240: posts big blind 30
*** HOLE CARDS ***
Dealt to Mahu2021 [Qh As]
MatheusBRZZ: folds 
Mahu2021: raises 60 to 90
JUANJO160240: calls 60
*** FLOP *** [6d 9s 8s]
Mahu2021: checks 
JUANJO160240: checks 
*** TURN *** [6d 9s 8s] [5d]
Mahu2021: checks 
JUANJO160240: checks 
*** RIVER *** [6d 9s 8s 5d] [Qd]
Mahu2021: bets 180
JUANJO160240: folds 
Uncalled bet (180) returned to Mahu2021
Mahu2021 collected 180 from pot
Mahu2021: doesn't show hand 
*** SUMMARY ***
Total pot 180 | Rake 0 
Board [6d 9s 8s 5d Qd]
Seat 1: Mahu2021 (small blind) collected (180)
Seat 2: JUANJO160240 (big blind) folded on the River
Seat 3: MatheusBRZZ (button) folded before Flop (didn't bet)



PokerStars Hand #248551880137: Tournament #3708092806, $1.84+$0.16 USD Hold'em No Limit - Level II (15/30) - 2024/01/28 21:27:37 CET [2024/01/28 15:27:37 ET]
Table '3708092806 1' 3-max Seat #1 is the button
Seat 1: Mahu2021 (720 in chips) 
Seat 2: JUANJO160240 (754 in chips) 
Seat 3: MatheusBRZZ (26 in chips) 
JUANJO160240: posts small blind 15
MatheusBRZZ: posts big blind 26 and is all-in
*** HOLE CARDS ***
Dealt to Mahu2021 [5d 6d]
Mahu2021: calls 30
JUANJO160240: raises 60 to 90
Mahu2021: calls 60
*** FLOP *** [Kc 9s Qs]
JUANJO160240: checks 
Mahu2021: checks 
*** TURN *** [Kc 9s Qs] [5h]
JUANJO160240: bets 30
Mahu2021: calls 30
*** RIVER *** [Kc 9s Qs 5h] [Jh]
JUANJO160240: bets 30
Mahu2021: folds 
Uncalled bet (30) returned to JUANJO160240
*** SHOW DOWN ***
JUANJO160240: shows [Qh Th] (a straight, Nine to King)
JUANJO160240 collected 188 from side pot
MatheusBRZZ: shows [3c 4h] (high card King)
JUANJO160240 collected 78 from main pot
MatheusBRZZ finished the tournament in 3rd place
*** SUMMARY ***
Total pot 266 Main pot 78. Side pot 188. | Rake 0 
Board [Kc 9s Qs 5h Jh]
Seat 1: Mahu2021 (button) folded on the River
Seat 2: JUANJO160240 (small blind) showed [Qh Th] and won (266) with a straight, Nine to King
Seat 3: MatheusBRZZ (big blind) showed [3c 4h] and lost with high card King



PokerStars Hand #248551891708: Tournament #3708092806, $1.84+$0.16 USD Hold'em No Limit - Level II (15/30) - 2024/01/28 21:28:02 CET [2024/01/28 15:28:02 ET]
Table '3708092806 1' 3-max Seat #2 is the button
Seat 1: Mahu2021 (600 in chips) 
Seat 2: JUANJO160240 (900 in chips) 
JUANJO160240: posts small blind 15
Mahu2021: posts big blind 30
*** HOLE CARDS ***
Dealt to Mahu2021 [Qs Th]
JUANJO160240: raises 36 to 66
Mahu2021: calls 36
*** FLOP *** [3s 5s 5c]
Mahu2021: checks 
JUANJO160240: checks 
*** TURN *** [3s 5s 5c] [3h]
Mahu2021: checks 
JUANJO160240: checks 
*** RIVER *** [3s 5s 5c 3h] [9h]
Mahu2021: checks 
JUANJO160240: checks 
*** SHOW DOWN ***
Mahu2021: shows [Qs Th] (two pair, Fives and Threes)
JUANJO160240: shows [Kd 4d] (two pair, Fives and Threes - King kicker)
JUANJO160240 collected 132 from pot
*** SUMMARY ***
Total pot 132 | Rake 0 
Board [3s 5s 5c 3h 9h]
Seat 1: Mahu2021 (big blind) showed [Qs Th] and lost with two pair, Fives and Threes
Seat 2: JUANJO160240 (button) (small blind) showed [Kd 4d] and won (132) with two pair, Fives and Threes



PokerStars Hand #248551897637: Tournament #3708092806, $1.84+$0.16 USD Hold'em No Limit - Level II (15/30) - 2024/01/28 21:28:15 CET [2024/01/28 15:28:15 ET]
Table '3708092806 1' 3-max Seat #1 is the button
Seat 1: Mahu2021 (534 in chips) 
Seat 2: JUANJO160240 (966 in chips) 
Mahu2021: posts small blind 15
JUANJO160240: posts big blind 30
*** HOLE CARDS ***
Dealt to Mahu2021 [5d Ah]
Mahu2021: raises 30 to 60
JUANJO160240: folds 
Uncalled bet (30) returned to Mahu2021
Mahu2021 collected 60 from pot
Mahu2021: doesn't show hand 
*** SUMMARY ***
Total pot 60 | Rake 0 
Seat 1: Mahu2021 (button) (small blind) collected (60)
Seat 2: JUANJO160240 (big blind) folded before Flop



