PokerStars Hand #249561162974: Tournament #3732143797, $1.84+$0.16 USD Hold'em No Limit - Level I (10/20) - 2024/03/22 17:52:23 CET [2024/03/22 12:52:23 ET]
Table '3732143797 1' 3-max Seat #1 is the button
Seat 1: toninu (500 in chips) 
Seat 2: Mahu2021 (500 in chips) 
Seat 3: Dany Es11 (500 in chips) 
Mahu2021: posts small blind 10
Dany Es11: posts big blind 20
*** HOLE CARDS ***
Dealt to Mahu2021 [2c Qc]
toninu: folds 
Mahu2021: calls 10
Dany Es11: raises 30 to 50
Mahu2021: folds 
Uncalled bet (30) returned to Dany Es11
Dany Es11 collected 40 from pot
Dany Es11: doesn't show hand 
*** SUMMARY ***
Total pot 40 | Rake 0 
Seat 1: toninu (button) folded before Flop (didn't bet)
Seat 2: Mahu2021 (small blind) folded before Flop
Seat 3: Dany Es11 (big blind) collected (40)



PokerStars Hand #249561167629: Tournament #3732143797, $1.84+$0.16 USD Hold'em No Limit - Level I (10/20) - 2024/03/22 17:52:41 CET [2024/03/22 12:52:41 ET]
Table '3732143797 1' 3-max Seat #2 is the button
Seat 1: toninu (500 in chips) 
Seat 2: Mahu2021 (480 in chips) 
Seat 3: Dany Es11 (520 in chips) 
Dany Es11: posts small blind 10
toninu: posts big blind 20
*** HOLE CARDS ***
Dealt to Mahu2021 [5c Jh]
Mahu2021: folds 
Dany Es11: raises 500 to 520 and is all-in
toninu: folds 
Uncalled bet (500) returned to Dany Es11
Dany Es11 collected 40 from pot
Dany Es11: doesn't show hand 
*** SUMMARY ***
Total pot 40 | Rake 0 
Seat 1: toninu (big blind) folded before Flop
Seat 2: Mahu2021 (button) folded before Flop (didn't bet)
Seat 3: Dany Es11 (small blind) collected (40)



PokerStars Hand #249561169604: Tournament #3732143797, $1.84+$0.16 USD Hold'em No Limit - Level I (10/20) - 2024/03/22 17:52:49 CET [2024/03/22 12:52:49 ET]
Table '3732143797 1' 3-max Seat #3 is the button
Seat 1: toninu (480 in chips) 
Seat 2: Mahu2021 (480 in chips) 
Seat 3: Dany Es11 (540 in chips) 
toninu: posts small blind 10
Mahu2021: posts big blind 20
*** HOLE CARDS ***
Dealt to Mahu2021 [Qc 6h]
Dany Es11: folds 
toninu: folds 
Uncalled bet (10) returned to Mahu2021
Mahu2021 collected 20 from pot
Mahu2021: doesn't show hand 
*** SUMMARY ***
Total pot 20 | Rake 0 
Seat 1: toninu (small blind) folded before Flop
Seat 2: Mahu2021 (big blind) collected (20)
Seat 3: Dany Es11 (button) folded before Flop (didn't bet)



PokerStars Hand #249561172955: Tournament #3732143797, $1.84+$0.16 USD Hold'em No Limit - Level I (10/20) - 2024/03/22 17:53:02 CET [2024/03/22 12:53:02 ET]
Table '3732143797 1' 3-max Seat #1 is the button
Seat 1: toninu (470 in chips) 
Seat 2: Mahu2021 (490 in chips) 
Seat 3: Dany Es11 (540 in chips) 
Mahu2021: posts small blind 10
Dany Es11: posts big blind 20
*** HOLE CARDS ***
Dealt to Mahu2021 [2h 7d]
toninu: calls 20
Mahu2021: folds 
Dany Es11: checks 
*** FLOP *** [Th 4h Qh]
Dany Es11: bets 100
toninu: folds 
Uncalled bet (100) returned to Dany Es11
Dany Es11 collected 50 from pot
Dany Es11: doesn't show hand 
*** SUMMARY ***
Total pot 50 | Rake 0 
Board [Th 4h Qh]
Seat 1: toninu (button) folded on the Flop
Seat 2: Mahu2021 (small blind) folded before Flop
Seat 3: Dany Es11 (big blind) collected (50)



PokerStars Hand #249561177795: Tournament #3732143797, $1.84+$0.16 USD Hold'em No Limit - Level I (10/20) - 2024/03/22 17:53:21 CET [2024/03/22 12:53:21 ET]
Table '3732143797 1' 3-max Seat #2 is the button
Seat 1: toninu (450 in chips) 
Seat 2: Mahu2021 (480 in chips) 
Seat 3: Dany Es11 (570 in chips) 
Dany Es11: posts small blind 10
toninu: posts big blind 20
*** HOLE CARDS ***
Dealt to Mahu2021 [Qh Kc]
Mahu2021: calls 20
Dany Es11: folds 
toninu: checks 
*** FLOP *** [Qs 6h Td]
toninu: checks 
Mahu2021: bets 20
toninu: folds 
Uncalled bet (20) returned to Mahu2021
Mahu2021 collected 50 from pot
Mahu2021: doesn't show hand 
*** SUMMARY ***
Total pot 50 | Rake 0 
Board [Qs 6h Td]
Seat 1: toninu (big blind) folded on the Flop
Seat 2: Mahu2021 (button) collected (50)
Seat 3: Dany Es11 (small blind) folded before Flop



PokerStars Hand #249561180979: Tournament #3732143797, $1.84+$0.16 USD Hold'em No Limit - Level I (10/20) - 2024/03/22 17:53:33 CET [2024/03/22 12:53:33 ET]
Table '3732143797 1' 3-max Seat #3 is the button
Seat 1: toninu (430 in chips) 
Seat 2: Mahu2021 (510 in chips) 
Seat 3: Dany Es11 (560 in chips) 
toninu: posts small blind 10
Mahu2021: posts big blind 20
*** HOLE CARDS ***
Dealt to Mahu2021 [6s 4d]
Dany Es11: folds 
toninu: calls 10
Mahu2021: checks 
*** FLOP *** [9h 9c 4c]
toninu: checks 
Mahu2021: bets 40
toninu: folds 
Uncalled bet (40) returned to Mahu2021
Mahu2021 collected 40 from pot
Mahu2021: doesn't show hand 
*** SUMMARY ***
Total pot 40 | Rake 0 
Board [9h 9c 4c]
Seat 1: toninu (small blind) folded on the Flop
Seat 2: Mahu2021 (big blind) collected (40)
Seat 3: Dany Es11 (button) folded before Flop (didn't bet)



PokerStars Hand #249561184722: Tournament #3732143797, $1.84+$0.16 USD Hold'em No Limit - Level I (10/20) - 2024/03/22 17:53:47 CET [2024/03/22 12:53:47 ET]
Table '3732143797 1' 3-max Seat #1 is the button
Seat 1: toninu (410 in chips) 
Seat 2: Mahu2021 (530 in chips) 
Seat 3: Dany Es11 (560 in chips) 
Mahu2021: posts small blind 10
Dany Es11: posts big blind 20
*** HOLE CARDS ***
Dealt to Mahu2021 [9c Qh]
toninu: raises 20 to 40
Mahu2021: folds 
Dany Es11: calls 20
*** FLOP *** [Tc 8h 2d]
Dany Es11: checks 
toninu: bets 40
Dany Es11: folds 
Uncalled bet (40) returned to toninu
toninu collected 90 from pot
toninu: doesn't show hand 
*** SUMMARY ***
Total pot 90 | Rake 0 
Board [Tc 8h 2d]
Seat 1: toninu (button) collected (90)
Seat 2: Mahu2021 (small blind) folded before Flop
Seat 3: Dany Es11 (big blind) folded on the Flop



PokerStars Hand #249561190099: Tournament #3732143797, $1.84+$0.16 USD Hold'em No Limit - Level I (10/20) - 2024/03/22 17:54:09 CET [2024/03/22 12:54:09 ET]
Table '3732143797 1' 3-max Seat #2 is the button
Seat 1: toninu (460 in chips) 
Seat 2: Mahu2021 (520 in chips) 
Seat 3: Dany Es11 (520 in chips) 
Dany Es11: posts small blind 10
toninu: posts big blind 20
*** HOLE CARDS ***
Dealt to Mahu2021 [4h 9h]
Mahu2021: folds 
Dany Es11: raises 40 to 60
toninu: calls 40
*** FLOP *** [9d 3h 6s]
Dany Es11: bets 40
toninu: calls 40
*** TURN *** [9d 3h 6s] [Tc]
Dany Es11: bets 200
toninu: folds 
Uncalled bet (200) returned to Dany Es11
Dany Es11 collected 200 from pot
Dany Es11: doesn't show hand 
*** SUMMARY ***
Total pot 200 | Rake 0 
Board [9d 3h 6s Tc]
Seat 1: toninu (big blind) folded on the Turn
Seat 2: Mahu2021 (button) folded before Flop (didn't bet)
Seat 3: Dany Es11 (small blind) collected (200)



PokerStars Hand #249561197217: Tournament #3732143797, $1.84+$0.16 USD Hold'em No Limit - Level I (10/20) - 2024/03/22 17:54:37 CET [2024/03/22 12:54:37 ET]
Table '3732143797 1' 3-max Seat #3 is the button
Seat 1: toninu (360 in chips) 
Seat 2: Mahu2021 (520 in chips) 
Seat 3: Dany Es11 (620 in chips) 
toninu: posts small blind 10
Mahu2021: posts big blind 20
*** HOLE CARDS ***
Dealt to Mahu2021 [6s 8c]
Dany Es11: folds 
toninu: folds 
Uncalled bet (10) returned to Mahu2021
Mahu2021 collected 20 from pot
Mahu2021: doesn't show hand 
*** SUMMARY ***
Total pot 20 | Rake 0 
Seat 1: toninu (small blind) folded before Flop
Seat 2: Mahu2021 (big blind) collected (20)
Seat 3: Dany Es11 (button) folded before Flop (didn't bet)



PokerStars Hand #249561198453: Tournament #3732143797, $1.84+$0.16 USD Hold'em No Limit - Level I (10/20) - 2024/03/22 17:54:41 CET [2024/03/22 12:54:41 ET]
Table '3732143797 1' 3-max Seat #1 is the button
Seat 1: toninu (350 in chips) 
Seat 2: Mahu2021 (530 in chips) 
Seat 3: Dany Es11 (620 in chips) 
Mahu2021: posts small blind 10
Dany Es11: posts big blind 20
*** HOLE CARDS ***
Dealt to Mahu2021 [8c 3c]
toninu: folds 
Mahu2021: folds 
Uncalled bet (10) returned to Dany Es11
Dany Es11 collected 20 from pot
Dany Es11: doesn't show hand 
*** SUMMARY ***
Total pot 20 | Rake 0 
Seat 1: toninu (button) folded before Flop (didn't bet)
Seat 2: Mahu2021 (small blind) folded before Flop
Seat 3: Dany Es11 (big blind) collected (20)



PokerStars Hand #249561201111: Tournament #3732143797, $1.84+$0.16 USD Hold'em No Limit - Level I (10/20) - 2024/03/22 17:54:52 CET [2024/03/22 12:54:52 ET]
Table '3732143797 1' 3-max Seat #2 is the button
Seat 1: toninu (350 in chips) 
Seat 2: Mahu2021 (520 in chips) 
Seat 3: Dany Es11 (630 in chips) 
Dany Es11: posts small blind 10
toninu: posts big blind 20
*** HOLE CARDS ***
Dealt to Mahu2021 [Qh 6c]
Mahu2021: folds 
Dany Es11: calls 10
toninu: checks 
*** FLOP *** [Qs 3c 2d]
Dany Es11: checks 
toninu: checks 
*** TURN *** [Qs 3c 2d] [3s]
Dany Es11: checks 
toninu: bets 40
Dany Es11: folds 
Uncalled bet (40) returned to toninu
toninu collected 40 from pot
toninu: doesn't show hand 
*** SUMMARY ***
Total pot 40 | Rake 0 
Board [Qs 3c 2d 3s]
Seat 1: toninu (big blind) collected (40)
Seat 2: Mahu2021 (button) folded before Flop (didn't bet)
Seat 3: Dany Es11 (small blind) folded on the Turn



PokerStars Hand #249561207577: Tournament #3732143797, $1.84+$0.16 USD Hold'em No Limit - Level I (10/20) - 2024/03/22 17:55:21 CET [2024/03/22 12:55:21 ET]
Table '3732143797 1' 3-max Seat #3 is the button
Seat 1: toninu (370 in chips) 
Seat 2: Mahu2021 (520 in chips) 
Seat 3: Dany Es11 (610 in chips) 
toninu: posts small blind 10
Mahu2021: posts big blind 20
*** HOLE CARDS ***
Dealt to Mahu2021 [7s 2s]
Dany Es11: folds 
toninu: folds 
Uncalled bet (10) returned to Mahu2021
Mahu2021 collected 20 from pot
Mahu2021: doesn't show hand 
*** SUMMARY ***
Total pot 20 | Rake 0 
Seat 1: toninu (small blind) folded before Flop
Seat 2: Mahu2021 (big blind) collected (20)
Seat 3: Dany Es11 (button) folded before Flop (didn't bet)



PokerStars Hand #249561210051: Tournament #3732143797, $1.84+$0.16 USD Hold'em No Limit - Level II (15/30) - 2024/03/22 17:55:34 CET [2024/03/22 12:55:34 ET]
Table '3732143797 1' 3-max Seat #1 is the button
Seat 1: toninu (360 in chips) 
Seat 2: Mahu2021 (530 in chips) 
Seat 3: Dany Es11 (610 in chips) 
Mahu2021: posts small blind 15
Dany Es11: posts big blind 30
*** HOLE CARDS ***
Dealt to Mahu2021 [9c Ks]
toninu: calls 30
Mahu2021: calls 15
Dany Es11: checks 
*** FLOP *** [Qs 2c Kc]
Mahu2021: bets 60
Dany Es11: calls 60
toninu: calls 60
*** TURN *** [Qs 2c Kc] [Qd]
Mahu2021: checks 
Dany Es11: checks 
toninu: checks 
*** RIVER *** [Qs 2c Kc Qd] [Js]
Mahu2021: checks 
Dany Es11: checks 
toninu: checks 
*** SHOW DOWN ***
Mahu2021: shows [9c Ks] (two pair, Kings and Queens)
Dany Es11: mucks hand 
toninu: mucks hand 
Mahu2021 collected 270 from pot
*** SUMMARY ***
Total pot 270 | Rake 0 
Board [Qs 2c Kc Qd Js]
Seat 1: toninu (button) mucked [Tc Jd]
Seat 2: Mahu2021 (small blind) showed [9c Ks] and won (270) with two pair, Kings and Queens
Seat 3: Dany Es11 (big blind) mucked [Ac 2h]



PokerStars Hand #249561216640: Tournament #3732143797, $1.84+$0.16 USD Hold'em No Limit - Level II (15/30) - 2024/03/22 17:56:07 CET [2024/03/22 12:56:07 ET]
Table '3732143797 1' 3-max Seat #2 is the button
Seat 1: toninu (270 in chips) 
Seat 2: Mahu2021 (710 in chips) 
Seat 3: Dany Es11 (520 in chips) 
Dany Es11: posts small blind 15
toninu: posts big blind 30
*** HOLE CARDS ***
Dealt to Mahu2021 [6c Ad]
Mahu2021: calls 30
Dany Es11: calls 15
toninu: checks 
*** FLOP *** [7s 8h Kd]
Dany Es11: checks 
toninu: checks 
Mahu2021: checks 
*** TURN *** [7s 8h Kd] [Tc]
Dany Es11: bets 68
toninu: folds 
Mahu2021: folds 
Uncalled bet (68) returned to Dany Es11
Dany Es11 collected 90 from pot
Dany Es11: doesn't show hand 
*** SUMMARY ***
Total pot 90 | Rake 0 
Board [7s 8h Kd Tc]
Seat 1: toninu (big blind) folded on the Turn
Seat 2: Mahu2021 (button) folded on the Turn
Seat 3: Dany Es11 (small blind) collected (90)



PokerStars Hand #249561220838: Tournament #3732143797, $1.84+$0.16 USD Hold'em No Limit - Level II (15/30) - 2024/03/22 17:56:28 CET [2024/03/22 12:56:28 ET]
Table '3732143797 1' 3-max Seat #3 is the button
Seat 1: toninu (240 in chips) 
Seat 2: Mahu2021 (680 in chips) 
Seat 3: Dany Es11 (580 in chips) 
toninu: posts small blind 15
Mahu2021: posts big blind 30
*** HOLE CARDS ***
Dealt to Mahu2021 [Kh Kc]
Dany Es11: folds 
toninu: raises 210 to 240 and is all-in
Mahu2021: calls 210
*** FLOP *** [Qd 5s Jd]
*** TURN *** [Qd 5s Jd] [6d]
*** RIVER *** [Qd 5s Jd 6d] [8h]
*** SHOW DOWN ***
toninu: shows [Ad 5d] (a flush, Ace high)
Mahu2021: shows [Kh Kc] (a pair of Kings)
toninu collected 480 from pot
*** SUMMARY ***
Total pot 480 | Rake 0 
Board [Qd 5s Jd 6d 8h]
Seat 1: toninu (small blind) showed [Ad 5d] and won (480) with a flush, Ace high
Seat 2: Mahu2021 (big blind) showed [Kh Kc] and lost with a pair of Kings
Seat 3: Dany Es11 (button) folded before Flop (didn't bet)



PokerStars Hand #249561224038: Tournament #3732143797, $1.84+$0.16 USD Hold'em No Limit - Level II (15/30) - 2024/03/22 17:56:44 CET [2024/03/22 12:56:44 ET]
Table '3732143797 1' 3-max Seat #1 is the button
Seat 1: toninu (480 in chips) 
Seat 2: Mahu2021 (440 in chips) 
Seat 3: Dany Es11 (580 in chips) 
Mahu2021: posts small blind 15
Dany Es11: posts big blind 30
*** HOLE CARDS ***
Dealt to Mahu2021 [Td 3h]
toninu: calls 30
Mahu2021: folds 
Dany Es11: checks 
*** FLOP *** [6h 4d 5s]
Dany Es11: checks 
toninu: bets 60
Dany Es11: folds 
Uncalled bet (60) returned to toninu
toninu collected 75 from pot
toninu: doesn't show hand 
*** SUMMARY ***
Total pot 75 | Rake 0 
Board [6h 4d 5s]
Seat 1: toninu (button) collected (75)
Seat 2: Mahu2021 (small blind) folded before Flop
Seat 3: Dany Es11 (big blind) folded on the Flop



PokerStars Hand #249561227381: Tournament #3732143797, $1.84+$0.16 USD Hold'em No Limit - Level II (15/30) - 2024/03/22 17:57:01 CET [2024/03/22 12:57:01 ET]
Table '3732143797 1' 3-max Seat #2 is the button
Seat 1: toninu (525 in chips) 
Seat 2: Mahu2021 (425 in chips) 
Seat 3: Dany Es11 (550 in chips) 
Dany Es11: posts small blind 15
toninu: posts big blind 30
*** HOLE CARDS ***
Dealt to Mahu2021 [Ah 7h]
Mahu2021: raises 30 to 60
Dany Es11: calls 45
toninu: calls 30
*** FLOP *** [Qd 8h 2h]
Dany Es11: checks 
toninu: checks 
Mahu2021: bets 365 and is all-in
Dany Es11: folds 
toninu: folds 
Uncalled bet (365) returned to Mahu2021
Mahu2021 collected 180 from pot
Mahu2021: doesn't show hand 
*** SUMMARY ***
Total pot 180 | Rake 0 
Board [Qd 8h 2h]
Seat 1: toninu (big blind) folded on the Flop
Seat 2: Mahu2021 (button) collected (180)
Seat 3: Dany Es11 (small blind) folded on the Flop



PokerStars Hand #249561231485: Tournament #3732143797, $1.84+$0.16 USD Hold'em No Limit - Level II (15/30) - 2024/03/22 17:57:22 CET [2024/03/22 12:57:22 ET]
Table '3732143797 1' 3-max Seat #3 is the button
Seat 1: toninu (465 in chips) 
Seat 2: Mahu2021 (545 in chips) 
Seat 3: Dany Es11 (490 in chips) 
toninu: posts small blind 15
Mahu2021: posts big blind 30
*** HOLE CARDS ***
Dealt to Mahu2021 [6s Ks]
Dany Es11: folds 
toninu: folds 
Uncalled bet (15) returned to Mahu2021
Mahu2021 collected 30 from pot
Mahu2021: doesn't show hand 
*** SUMMARY ***
Total pot 30 | Rake 0 
Seat 1: toninu (small blind) folded before Flop
Seat 2: Mahu2021 (big blind) collected (30)
Seat 3: Dany Es11 (button) folded before Flop (didn't bet)



PokerStars Hand #249561232385: Tournament #3732143797, $1.84+$0.16 USD Hold'em No Limit - Level II (15/30) - 2024/03/22 17:57:26 CET [2024/03/22 12:57:26 ET]
Table '3732143797 1' 3-max Seat #1 is the button
Seat 1: toninu (450 in chips) 
Seat 2: Mahu2021 (560 in chips) 
Seat 3: Dany Es11 (490 in chips) 
Mahu2021: posts small blind 15
Dany Es11: posts big blind 30
*** HOLE CARDS ***
Dealt to Mahu2021 [9d Qh]
toninu: folds 
Mahu2021: calls 15
Dany Es11: checks 
*** FLOP *** [3d Tc 6h]
Mahu2021: checks 
Dany Es11: bets 30
Mahu2021: folds 
Uncalled bet (30) returned to Dany Es11
Dany Es11 collected 60 from pot
Dany Es11: doesn't show hand 
*** SUMMARY ***
Total pot 60 | Rake 0 
Board [3d Tc 6h]
Seat 1: toninu (button) folded before Flop (didn't bet)
Seat 2: Mahu2021 (small blind) folded on the Flop
Seat 3: Dany Es11 (big blind) collected (60)



PokerStars Hand #249561236186: Tournament #3732143797, $1.84+$0.16 USD Hold'em No Limit - Level II (15/30) - 2024/03/22 17:57:45 CET [2024/03/22 12:57:45 ET]
Table '3732143797 1' 3-max Seat #2 is the button
Seat 1: toninu (450 in chips) 
Seat 2: Mahu2021 (530 in chips) 
Seat 3: Dany Es11 (520 in chips) 
Dany Es11: posts small blind 15
toninu: posts big blind 30
*** HOLE CARDS ***
Dealt to Mahu2021 [2c 5h]
Mahu2021: folds 
Dany Es11: raises 490 to 520 and is all-in
toninu: calls 420 and is all-in
Uncalled bet (70) returned to Dany Es11
*** FLOP *** [6s Js Qc]
*** TURN *** [6s Js Qc] [Qh]
*** RIVER *** [6s Js Qc Qh] [Qd]
*** SHOW DOWN ***
Dany Es11: shows [8h 8s] (a full house, Queens full of Eights)
toninu: shows [Kd Ah] (three of a kind, Queens)
Dany Es11 collected 900 from pot
toninu finished the tournament in 3rd place
*** SUMMARY ***
Total pot 900 | Rake 0 
Board [6s Js Qc Qh Qd]
Seat 1: toninu (big blind) showed [Kd Ah] and lost with three of a kind, Queens
Seat 2: Mahu2021 (button) folded before Flop (didn't bet)
Seat 3: Dany Es11 (small blind) showed [8h 8s] and won (900) with a full house, Queens full of Eights



PokerStars Hand #249561239882: Tournament #3732143797, $1.84+$0.16 USD Hold'em No Limit - Level II (15/30) - 2024/03/22 17:58:04 CET [2024/03/22 12:58:04 ET]
Table '3732143797 1' 3-max Seat #3 is the button
Seat 2: Mahu2021 (530 in chips) 
Seat 3: Dany Es11 (970 in chips) 
Dany Es11: posts small blind 15
Mahu2021: posts big blind 30
*** HOLE CARDS ***
Dealt to Mahu2021 [2s Js]
Dany Es11: calls 15
Mahu2021: checks 
*** FLOP *** [Td 3h 7d]
Mahu2021: checks 
Dany Es11: bets 30
Mahu2021: folds 
Uncalled bet (30) returned to Dany Es11
Dany Es11 collected 60 from pot
Dany Es11: doesn't show hand 
*** SUMMARY ***
Total pot 60 | Rake 0 
Board [Td 3h 7d]
Seat 2: Mahu2021 (big blind) folded on the Flop
Seat 3: Dany Es11 (button) (small blind) collected (60)



PokerStars Hand #249561242213: Tournament #3732143797, $1.84+$0.16 USD Hold'em No Limit - Level II (15/30) - 2024/03/22 17:58:16 CET [2024/03/22 12:58:16 ET]
Table '3732143797 1' 3-max Seat #2 is the button
Seat 2: Mahu2021 (500 in chips) 
Seat 3: Dany Es11 (1000 in chips) 
Mahu2021: posts small blind 15
Dany Es11: posts big blind 30
*** HOLE CARDS ***
Dealt to Mahu2021 [4d 3s]
Mahu2021: folds 
Uncalled bet (15) returned to Dany Es11
Dany Es11 collected 30 from pot
Dany Es11: doesn't show hand 
*** SUMMARY ***
Total pot 30 | Rake 0 
Seat 2: Mahu2021 (button) (small blind) folded before Flop
Seat 3: Dany Es11 (big blind) collected (30)



PokerStars Hand #249561243068: Tournament #3732143797, $1.84+$0.16 USD Hold'em No Limit - Level II (15/30) - 2024/03/22 17:58:20 CET [2024/03/22 12:58:20 ET]
Table '3732143797 1' 3-max Seat #3 is the button
Seat 2: Mahu2021 (485 in chips) 
Seat 3: Dany Es11 (1015 in chips) 
Dany Es11: posts small blind 15
Mahu2021: posts big blind 30
*** HOLE CARDS ***
Dealt to Mahu2021 [9s 5h]
Dany Es11: raises 30 to 60
Mahu2021: folds 
Uncalled bet (30) returned to Dany Es11
Dany Es11 collected 60 from pot
Dany Es11: doesn't show hand 
*** SUMMARY ***
Total pot 60 | Rake 0 
Seat 2: Mahu2021 (big blind) folded before Flop
Seat 3: Dany Es11 (button) (small blind) collected (60)



PokerStars Hand #249561244774: Tournament #3732143797, $1.84+$0.16 USD Hold'em No Limit - Level III (20/40) - 2024/03/22 17:58:29 CET [2024/03/22 12:58:29 ET]
Table '3732143797 1' 3-max Seat #2 is the button
Seat 2: Mahu2021 (455 in chips) 
Seat 3: Dany Es11 (1045 in chips) 
Mahu2021: posts small blind 20
Dany Es11: posts big blind 40
*** HOLE CARDS ***
Dealt to Mahu2021 [3d 9d]
Mahu2021: folds 
Uncalled bet (20) returned to Dany Es11
Dany Es11 collected 40 from pot
Dany Es11: doesn't show hand 
*** SUMMARY ***
Total pot 40 | Rake 0 
Seat 2: Mahu2021 (button) (small blind) folded before Flop
Seat 3: Dany Es11 (big blind) collected (40)



PokerStars Hand #249561245698: Tournament #3732143797, $1.84+$0.16 USD Hold'em No Limit - Level III (20/40) - 2024/03/22 17:58:33 CET [2024/03/22 12:58:33 ET]
Table '3732143797 1' 3-max Seat #3 is the button
Seat 2: Mahu2021 (435 in chips) 
Seat 3: Dany Es11 (1065 in chips) 
Dany Es11: posts small blind 20
Mahu2021: posts big blind 40
*** HOLE CARDS ***
Dealt to Mahu2021 [5d Jh]
Dany Es11: raises 1025 to 1065 and is all-in
Mahu2021: folds 
Uncalled bet (1025) returned to Dany Es11
Dany Es11 collected 80 from pot
Dany Es11: doesn't show hand 
*** SUMMARY ***
Total pot 80 | Rake 0 
Seat 2: Mahu2021 (big blind) folded before Flop
Seat 3: Dany Es11 (button) (small blind) collected (80)



PokerStars Hand #249561246656: Tournament #3732143797, $1.84+$0.16 USD Hold'em No Limit - Level III (20/40) - 2024/03/22 17:58:38 CET [2024/03/22 12:58:38 ET]
Table '3732143797 1' 3-max Seat #2 is the button
Seat 2: Mahu2021 (395 in chips) 
Seat 3: Dany Es11 (1105 in chips) 
Mahu2021: posts small blind 20
Dany Es11: posts big blind 40
*** HOLE CARDS ***
Dealt to Mahu2021 [8d 9h]
Mahu2021: calls 20
Dany Es11: checks 
*** FLOP *** [Qd As Tc]
Dany Es11: checks 
Mahu2021: bets 40
Dany Es11: calls 40
*** TURN *** [Qd As Tc] [6d]
Dany Es11: checks 
Mahu2021: checks 
*** RIVER *** [Qd As Tc 6d] [7h]
Dany Es11: checks 
Mahu2021: bets 80
Dany Es11: folds 
Uncalled bet (80) returned to Mahu2021
Mahu2021 collected 160 from pot
Mahu2021: doesn't show hand 
*** SUMMARY ***
Total pot 160 | Rake 0 
Board [Qd As Tc 6d 7h]
Seat 2: Mahu2021 (button) (small blind) collected (160)
Seat 3: Dany Es11 (big blind) folded on the River



PokerStars Hand #249561250245: Tournament #3732143797, $1.84+$0.16 USD Hold'em No Limit - Level III (20/40) - 2024/03/22 17:58:56 CET [2024/03/22 12:58:56 ET]
Table '3732143797 1' 3-max Seat #3 is the button
Seat 2: Mahu2021 (475 in chips) 
Seat 3: Dany Es11 (1025 in chips) 
Dany Es11: posts small blind 20
Mahu2021: posts big blind 40
*** HOLE CARDS ***
Dealt to Mahu2021 [Tc 9h]
Dany Es11: calls 20
Mahu2021: checks 
*** FLOP *** [Ts 9d Ad]
Mahu2021: checks 
Dany Es11: bets 40
Mahu2021: calls 40
*** TURN *** [Ts 9d Ad] [2s]
Mahu2021: checks 
Dany Es11: bets 40
Mahu2021: calls 40
*** RIVER *** [Ts 9d Ad 2s] [7d]
Mahu2021: bets 40
Dany Es11: calls 40
*** SHOW DOWN ***
Mahu2021: shows [Tc 9h] (two pair, Tens and Nines)
Dany Es11: mucks hand 
Mahu2021 collected 320 from pot
*** SUMMARY ***
Total pot 320 | Rake 0 
Board [Ts 9d Ad 2s 7d]
Seat 2: Mahu2021 (big blind) showed [Tc 9h] and won (320) with two pair, Tens and Nines
Seat 3: Dany Es11 (button) (small blind) mucked [6s 9s]



PokerStars Hand #249561253887: Tournament #3732143797, $1.84+$0.16 USD Hold'em No Limit - Level III (20/40) - 2024/03/22 17:59:14 CET [2024/03/22 12:59:14 ET]
Table '3732143797 1' 3-max Seat #2 is the button
Seat 2: Mahu2021 (635 in chips) 
Seat 3: Dany Es11 (865 in chips) 
Mahu2021: posts small blind 20
Dany Es11: posts big blind 40
*** HOLE CARDS ***
Dealt to Mahu2021 [Tc Jh]
Mahu2021: calls 20
Dany Es11: raises 825 to 865 and is all-in
Mahu2021: folds 
Uncalled bet (825) returned to Dany Es11
Dany Es11 collected 80 from pot
Dany Es11: doesn't show hand 
*** SUMMARY ***
Total pot 80 | Rake 0 
Seat 2: Mahu2021 (button) (small blind) folded before Flop
Seat 3: Dany Es11 (big blind) collected (80)



PokerStars Hand #249561255070: Tournament #3732143797, $1.84+$0.16 USD Hold'em No Limit - Level III (20/40) - 2024/03/22 17:59:20 CET [2024/03/22 12:59:20 ET]
Table '3732143797 1' 3-max Seat #3 is the button
Seat 2: Mahu2021 (595 in chips) 
Seat 3: Dany Es11 (905 in chips) 
Dany Es11: posts small blind 20
Mahu2021: posts big blind 40
*** HOLE CARDS ***
Dealt to Mahu2021 [3c 7c]
Dany Es11: calls 20
Mahu2021: checks 
*** FLOP *** [Jc 7s 5h]
Mahu2021: bets 40
Dany Es11: folds 
Uncalled bet (40) returned to Mahu2021
Mahu2021 collected 80 from pot
Mahu2021: doesn't show hand 
*** SUMMARY ***
Total pot 80 | Rake 0 
Board [Jc 7s 5h]
Seat 2: Mahu2021 (big blind) collected (80)
Seat 3: Dany Es11 (button) (small blind) folded on the Flop



PokerStars Hand #249561256849: Tournament #3732143797, $1.84+$0.16 USD Hold'em No Limit - Level III (20/40) - 2024/03/22 17:59:29 CET [2024/03/22 12:59:29 ET]
Table '3732143797 1' 3-max Seat #2 is the button
Seat 2: Mahu2021 (635 in chips) 
Seat 3: Dany Es11 (865 in chips) 
Mahu2021: posts small blind 20
Dany Es11: posts big blind 40
*** HOLE CARDS ***
Dealt to Mahu2021 [Jc 5c]
Mahu2021: raises 40 to 80
Dany Es11: calls 40
*** FLOP *** [Jh 9h Qc]
Dany Es11: checks 
Mahu2021: bets 80
Dany Es11: folds 
Uncalled bet (80) returned to Mahu2021
Mahu2021 collected 160 from pot
Mahu2021: doesn't show hand 
*** SUMMARY ***
Total pot 160 | Rake 0 
Board [Jh 9h Qc]
Seat 2: Mahu2021 (button) (small blind) collected (160)
Seat 3: Dany Es11 (big blind) folded on the Flop



PokerStars Hand #249561259121: Tournament #3732143797, $1.84+$0.16 USD Hold'em No Limit - Level III (20/40) - 2024/03/22 17:59:40 CET [2024/03/22 12:59:40 ET]
Table '3732143797 1' 3-max Seat #3 is the button
Seat 2: Mahu2021 (715 in chips) 
Seat 3: Dany Es11 (785 in chips) 
Dany Es11: posts small blind 20
Mahu2021: posts big blind 40
*** HOLE CARDS ***
Dealt to Mahu2021 [5c 4s]
Dany Es11: calls 20
Mahu2021: checks 
*** FLOP *** [9d 2d Kd]
Mahu2021: checks 
Dany Es11: checks 
*** TURN *** [9d 2d Kd] [8d]
Mahu2021: checks 
Dany Es11: bets 40
Mahu2021: folds 
Uncalled bet (40) returned to Dany Es11
Dany Es11 collected 80 from pot
Dany Es11: doesn't show hand 
*** SUMMARY ***
Total pot 80 | Rake 0 
Board [9d 2d Kd 8d]
Seat 2: Mahu2021 (big blind) folded on the Turn
Seat 3: Dany Es11 (button) (small blind) collected (80)



PokerStars Hand #249561261855: Tournament #3732143797, $1.84+$0.16 USD Hold'em No Limit - Level III (20/40) - 2024/03/22 17:59:53 CET [2024/03/22 12:59:53 ET]
Table '3732143797 1' 3-max Seat #2 is the button
Seat 2: Mahu2021 (675 in chips) 
Seat 3: Dany Es11 (825 in chips) 
Mahu2021: posts small blind 20
Dany Es11: posts big blind 40
*** HOLE CARDS ***
Dealt to Mahu2021 [7d 9c]
Mahu2021: calls 20
Dany Es11: checks 
*** FLOP *** [Js 3h 6c]
Dany Es11: checks 
Mahu2021: checks 
*** TURN *** [Js 3h 6c] [Jh]
Dany Es11: bets 60
Mahu2021: folds 
Uncalled bet (60) returned to Dany Es11
Dany Es11 collected 80 from pot
Dany Es11: doesn't show hand 
*** SUMMARY ***
Total pot 80 | Rake 0 
Board [Js 3h 6c Jh]
Seat 2: Mahu2021 (button) (small blind) folded on the Turn
Seat 3: Dany Es11 (big blind) collected (80)



PokerStars Hand #249561264139: Tournament #3732143797, $1.84+$0.16 USD Hold'em No Limit - Level III (20/40) - 2024/03/22 18:00:05 CET [2024/03/22 13:00:05 ET]
Table '3732143797 1' 3-max Seat #3 is the button
Seat 2: Mahu2021 (635 in chips) 
Seat 3: Dany Es11 (865 in chips) 
Dany Es11: posts small blind 20
Mahu2021: posts big blind 40
*** HOLE CARDS ***
Dealt to Mahu2021 [Ah 6s]
Dany Es11: calls 20
Mahu2021: raises 120 to 160
Dany Es11: folds 
Uncalled bet (120) returned to Mahu2021
Mahu2021 collected 80 from pot
Mahu2021: doesn't show hand 
*** SUMMARY ***
Total pot 80 | Rake 0 
Seat 2: Mahu2021 (big blind) collected (80)
Seat 3: Dany Es11 (button) (small blind) folded before Flop



PokerStars Hand #249561265773: Tournament #3732143797, $1.84+$0.16 USD Hold'em No Limit - Level III (20/40) - 2024/03/22 18:00:12 CET [2024/03/22 13:00:12 ET]
Table '3732143797 1' 3-max Seat #2 is the button
Seat 2: Mahu2021 (675 in chips) 
Seat 3: Dany Es11 (825 in chips) 
Mahu2021: posts small blind 20
Dany Es11: posts big blind 40
*** HOLE CARDS ***
Dealt to Mahu2021 [6s 2h]
Mahu2021: folds 
Uncalled bet (20) returned to Dany Es11
Dany Es11 collected 40 from pot
Dany Es11: doesn't show hand 
*** SUMMARY ***
Total pot 40 | Rake 0 
Seat 2: Mahu2021 (button) (small blind) folded before Flop
Seat 3: Dany Es11 (big blind) collected (40)



PokerStars Hand #249561266682: Tournament #3732143797, $1.84+$0.16 USD Hold'em No Limit - Level III (20/40) - 2024/03/22 18:00:16 CET [2024/03/22 13:00:16 ET]
Table '3732143797 1' 3-max Seat #3 is the button
Seat 2: Mahu2021 (655 in chips) 
Seat 3: Dany Es11 (845 in chips) 
Dany Es11: posts small blind 20
Mahu2021: posts big blind 40
*** HOLE CARDS ***
Dealt to Mahu2021 [Ks 2c]
Dany Es11: raises 40 to 80
Mahu2021: calls 40
*** FLOP *** [Kc 4d Tc]
Mahu2021: checks 
Dany Es11: bets 80
Mahu2021: calls 80
*** TURN *** [Kc 4d Tc] [9d]
Mahu2021: checks 
Dany Es11: bets 160
Mahu2021: calls 160
*** RIVER *** [Kc 4d Tc 9d] [7d]
Mahu2021: checks 
Dany Es11: checks 
*** SHOW DOWN ***
Mahu2021: shows [Ks 2c] (a pair of Kings)
Dany Es11: shows [Kd 9h] (two pair, Kings and Nines)
Dany Es11 collected 640 from pot
*** SUMMARY ***
Total pot 640 | Rake 0 
Board [Kc 4d Tc 9d 7d]
Seat 2: Mahu2021 (big blind) showed [Ks 2c] and lost with a pair of Kings
Seat 3: Dany Es11 (button) (small blind) showed [Kd 9h] and won (640) with two pair, Kings and Nines



PokerStars Hand #249561270097: Tournament #3732143797, $1.84+$0.16 USD Hold'em No Limit - Level III (20/40) - 2024/03/22 18:00:33 CET [2024/03/22 13:00:33 ET]
Table '3732143797 1' 3-max Seat #2 is the button
Seat 2: Mahu2021 (335 in chips) 
Seat 3: Dany Es11 (1165 in chips) 
Mahu2021: posts small blind 20
Dany Es11: posts big blind 40
*** HOLE CARDS ***
Dealt to Mahu2021 [4h 9d]
Mahu2021: folds 
Uncalled bet (20) returned to Dany Es11
Dany Es11 collected 40 from pot
Dany Es11: doesn't show hand 
*** SUMMARY ***
Total pot 40 | Rake 0 
Seat 2: Mahu2021 (button) (small blind) folded before Flop
Seat 3: Dany Es11 (big blind) collected (40)



PokerStars Hand #249561270975: Tournament #3732143797, $1.84+$0.16 USD Hold'em No Limit - Level III (20/40) - 2024/03/22 18:00:37 CET [2024/03/22 13:00:37 ET]
Table '3732143797 1' 3-max Seat #3 is the button
Seat 2: Mahu2021 (315 in chips) 
Seat 3: Dany Es11 (1185 in chips) 
Dany Es11: posts small blind 20
Mahu2021: posts big blind 40
*** HOLE CARDS ***
Dealt to Mahu2021 [7d 2s]
Dany Es11: calls 20
Mahu2021: checks 
*** FLOP *** [As 9s Kc]
Mahu2021: checks 
Dany Es11: bets 40
Mahu2021: folds 
Uncalled bet (40) returned to Dany Es11
Dany Es11 collected 80 from pot
Dany Es11: doesn't show hand 
*** SUMMARY ***
Total pot 80 | Rake 0 
Board [As 9s Kc]
Seat 2: Mahu2021 (big blind) folded on the Flop
Seat 3: Dany Es11 (button) (small blind) collected (80)



PokerStars Hand #249561273091: Tournament #3732143797, $1.84+$0.16 USD Hold'em No Limit - Level III (20/40) - 2024/03/22 18:00:46 CET [2024/03/22 13:00:46 ET]
Table '3732143797 1' 3-max Seat #2 is the button
Seat 2: Mahu2021 (275 in chips) 
Seat 3: Dany Es11 (1225 in chips) 
Mahu2021: posts small blind 20
Dany Es11: posts big blind 40
*** HOLE CARDS ***
Dealt to Mahu2021 [5d Ks]
Mahu2021: raises 235 to 275 and is all-in
Dany Es11: calls 235
*** FLOP *** [Td 2h 2d]
*** TURN *** [Td 2h 2d] [3c]
*** RIVER *** [Td 2h 2d 3c] [4c]
*** SHOW DOWN ***
Dany Es11: shows [9h Ad] (a pair of Deuces)
Mahu2021: shows [5d Ks] (a pair of Deuces - lower kicker)
Dany Es11 collected 550 from pot
Mahu2021 finished the tournament in 2nd place
Dany Es11 wins the tournament and receives $6.00 - congratulations!
*** SUMMARY ***
Total pot 550 | Rake 0 
Board [Td 2h 2d 3c 4c]
Seat 2: Mahu2021 (button) (small blind) showed [5d Ks] and lost with a pair of Deuces
Seat 3: Dany Es11 (big blind) showed [9h Ad] and won (550) with a pair of Deuces



