PokerStars Hand #243044872502: Tournament #3576436410, $0.92+$0.08 USD Hold'em No Limit - Level I (10/20) - 2023/04/12 16:40:19 CET [2023/04/12 10:40:19 ET]
Table '3576436410 1' 3-max Seat #1 is the button
Seat 1: jumpofboy (500 in chips) 
Seat 2: Banker1805 (500 in chips) 
Seat 3: Mahu2021 (500 in chips) 
Banker1805: posts small blind 10
Mahu2021: posts big blind 20
*** HOLE CARDS ***
Dealt to Mahu2021 [5h 8d]
jumpofboy: raises 20 to 40
Banker1805: folds 
Mahu2021: folds 
Uncalled bet (20) returned to jumpofboy
jumpofboy collected 50 from pot
jumpofboy: doesn't show hand 
*** SUMMARY ***
Total pot 50 | Rake 0 
Seat 1: jumpofboy (button) collected (50)
Seat 2: Banker1805 (small blind) folded before Flop
Seat 3: Mahu2021 (big blind) folded before Flop



PokerStars Hand #243044874015: Tournament #3576436410, $0.92+$0.08 USD Hold'em No Limit - Level I (10/20) - 2023/04/12 16:40:25 CET [2023/04/12 10:40:25 ET]
Table '3576436410 1' 3-max Seat #2 is the button
Seat 1: jumpofboy (530 in chips) 
Seat 2: Banker1805 (490 in chips) 
Seat 3: Mahu2021 (480 in chips) 
Mahu2021: posts small blind 10
jumpofboy: posts big blind 20
*** HOLE CARDS ***
Dealt to Mahu2021 [4s Qd]
Banker1805: folds 
Mahu2021: folds 
Uncalled bet (10) returned to jumpofboy
jumpofboy collected 20 from pot
jumpofboy: doesn't show hand 
*** SUMMARY ***
Total pot 20 | Rake 0 
Seat 1: jumpofboy (big blind) collected (20)
Seat 2: Banker1805 (button) folded before Flop (didn't bet)
Seat 3: Mahu2021 (small blind) folded before Flop



PokerStars Hand #243044875546: Tournament #3576436410, $0.92+$0.08 USD Hold'em No Limit - Level I (10/20) - 2023/04/12 16:40:31 CET [2023/04/12 10:40:31 ET]
Table '3576436410 1' 3-max Seat #3 is the button
Seat 1: jumpofboy (540 in chips) 
Seat 2: Banker1805 (490 in chips) 
Seat 3: Mahu2021 (470 in chips) 
jumpofboy: posts small blind 10
Banker1805: posts big blind 20
*** HOLE CARDS ***
Dealt to Mahu2021 [4h 8h]
Mahu2021: folds 
jumpofboy: folds 
Uncalled bet (10) returned to Banker1805
Banker1805 collected 20 from pot
Banker1805: doesn't show hand 
*** SUMMARY ***
Total pot 20 | Rake 0 
Seat 1: jumpofboy (small blind) folded before Flop
Seat 2: Banker1805 (big blind) collected (20)
Seat 3: Mahu2021 (button) folded before Flop (didn't bet)



PokerStars Hand #243044877514: Tournament #3576436410, $0.92+$0.08 USD Hold'em No Limit - Level I (10/20) - 2023/04/12 16:40:38 CET [2023/04/12 10:40:38 ET]
Table '3576436410 1' 3-max Seat #1 is the button
Seat 1: jumpofboy (530 in chips) 
Seat 2: Banker1805 (500 in chips) 
Seat 3: Mahu2021 (470 in chips) 
Banker1805: posts small blind 10
Mahu2021: posts big blind 20
*** HOLE CARDS ***
Dealt to Mahu2021 [5s Kh]
jumpofboy: raises 20 to 40
Banker1805: calls 30
Mahu2021: folds 
*** FLOP *** [Kd Jd Qd]
Banker1805: checks 
jumpofboy: bets 20
Banker1805: calls 20
*** TURN *** [Kd Jd Qd] [8h]
Banker1805: checks 
jumpofboy: bets 80
Banker1805: folds 
Uncalled bet (80) returned to jumpofboy
jumpofboy collected 140 from pot
jumpofboy: doesn't show hand 
*** SUMMARY ***
Total pot 140 | Rake 0 
Board [Kd Jd Qd 8h]
Seat 1: jumpofboy (button) collected (140)
Seat 2: Banker1805 (small blind) folded on the Turn
Seat 3: Mahu2021 (big blind) folded before Flop



PokerStars Hand #243044886498: Tournament #3576436410, $0.92+$0.08 USD Hold'em No Limit - Level I (10/20) - 2023/04/12 16:41:12 CET [2023/04/12 10:41:12 ET]
Table '3576436410 1' 3-max Seat #2 is the button
Seat 1: jumpofboy (610 in chips) 
Seat 2: Banker1805 (440 in chips) 
Seat 3: Mahu2021 (450 in chips) 
Mahu2021: posts small blind 10
jumpofboy: posts big blind 20
*** HOLE CARDS ***
Dealt to Mahu2021 [Th 2c]
Banker1805: folds 
Mahu2021: folds 
Uncalled bet (10) returned to jumpofboy
jumpofboy collected 20 from pot
jumpofboy: doesn't show hand 
*** SUMMARY ***
Total pot 20 | Rake 0 
Seat 1: jumpofboy (big blind) collected (20)
Seat 2: Banker1805 (button) folded before Flop (didn't bet)
Seat 3: Mahu2021 (small blind) folded before Flop



PokerStars Hand #243044887795: Tournament #3576436410, $0.92+$0.08 USD Hold'em No Limit - Level I (10/20) - 2023/04/12 16:41:17 CET [2023/04/12 10:41:17 ET]
Table '3576436410 1' 3-max Seat #3 is the button
Seat 1: jumpofboy (620 in chips) 
Seat 2: Banker1805 (440 in chips) 
Seat 3: Mahu2021 (440 in chips) 
jumpofboy: posts small blind 10
Banker1805: posts big blind 20
*** HOLE CARDS ***
Dealt to Mahu2021 [Js 3d]
Mahu2021: folds 
jumpofboy: folds 
Uncalled bet (10) returned to Banker1805
Banker1805 collected 20 from pot
Banker1805: doesn't show hand 
*** SUMMARY ***
Total pot 20 | Rake 0 
Seat 1: jumpofboy (small blind) folded before Flop
Seat 2: Banker1805 (big blind) collected (20)
Seat 3: Mahu2021 (button) folded before Flop (didn't bet)



PokerStars Hand #243044889290: Tournament #3576436410, $0.92+$0.08 USD Hold'em No Limit - Level I (10/20) - 2023/04/12 16:41:23 CET [2023/04/12 10:41:23 ET]
Table '3576436410 1' 3-max Seat #1 is the button
Seat 1: jumpofboy (610 in chips) 
Seat 2: Banker1805 (450 in chips) 
Seat 3: Mahu2021 (440 in chips) 
Banker1805: posts small blind 10
Mahu2021: posts big blind 20
*** HOLE CARDS ***
Dealt to Mahu2021 [6s 9c]
jumpofboy: raises 20 to 40
Banker1805: folds 
Mahu2021: folds 
Uncalled bet (20) returned to jumpofboy
jumpofboy collected 50 from pot
jumpofboy: doesn't show hand 
*** SUMMARY ***
Total pot 50 | Rake 0 
Seat 1: jumpofboy (button) collected (50)
Seat 2: Banker1805 (small blind) folded before Flop
Seat 3: Mahu2021 (big blind) folded before Flop



PokerStars Hand #243044892463: Tournament #3576436410, $0.92+$0.08 USD Hold'em No Limit - Level I (10/20) - 2023/04/12 16:41:35 CET [2023/04/12 10:41:35 ET]
Table '3576436410 1' 3-max Seat #2 is the button
Seat 1: jumpofboy (640 in chips) 
Seat 2: Banker1805 (440 in chips) 
Seat 3: Mahu2021 (420 in chips) 
Mahu2021: posts small blind 10
jumpofboy: posts big blind 20
*** HOLE CARDS ***
Dealt to Mahu2021 [6s 2c]
Banker1805: folds 
Mahu2021: folds 
Uncalled bet (10) returned to jumpofboy
jumpofboy collected 20 from pot
jumpofboy: doesn't show hand 
*** SUMMARY ***
Total pot 20 | Rake 0 
Seat 1: jumpofboy (big blind) collected (20)
Seat 2: Banker1805 (button) folded before Flop (didn't bet)
Seat 3: Mahu2021 (small blind) folded before Flop



PokerStars Hand #243044893832: Tournament #3576436410, $0.92+$0.08 USD Hold'em No Limit - Level I (10/20) - 2023/04/12 16:41:40 CET [2023/04/12 10:41:40 ET]
Table '3576436410 1' 3-max Seat #3 is the button
Seat 1: jumpofboy (650 in chips) 
Seat 2: Banker1805 (440 in chips) 
Seat 3: Mahu2021 (410 in chips) 
jumpofboy: posts small blind 10
Banker1805: posts big blind 20
*** HOLE CARDS ***
Dealt to Mahu2021 [Qs 5c]
Mahu2021: folds 
jumpofboy: raises 20 to 40
Banker1805: calls 20
*** FLOP *** [3s 3d 6s]
jumpofboy: checks 
Banker1805: checks 
*** TURN *** [3s 3d 6s] [Qc]
jumpofboy: bets 40
Banker1805: folds 
Uncalled bet (40) returned to jumpofboy
jumpofboy collected 80 from pot
jumpofboy: doesn't show hand 
*** SUMMARY ***
Total pot 80 | Rake 0 
Board [3s 3d 6s Qc]
Seat 1: jumpofboy (small blind) collected (80)
Seat 2: Banker1805 (big blind) folded on the Turn
Seat 3: Mahu2021 (button) folded before Flop (didn't bet)



PokerStars Hand #243044901442: Tournament #3576436410, $0.92+$0.08 USD Hold'em No Limit - Level I (10/20) - 2023/04/12 16:42:09 CET [2023/04/12 10:42:09 ET]
Table '3576436410 1' 3-max Seat #1 is the button
Seat 1: jumpofboy (690 in chips) 
Seat 2: Banker1805 (400 in chips) 
Seat 3: Mahu2021 (410 in chips) 
Banker1805: posts small blind 10
Mahu2021: posts big blind 20
*** HOLE CARDS ***
Dealt to Mahu2021 [3h 4c]
jumpofboy: folds 
Banker1805: raises 40 to 60
Mahu2021: folds 
Uncalled bet (40) returned to Banker1805
Banker1805 collected 40 from pot
Banker1805: doesn't show hand 
*** SUMMARY ***
Total pot 40 | Rake 0 
Seat 1: jumpofboy (button) folded before Flop (didn't bet)
Seat 2: Banker1805 (small blind) collected (40)
Seat 3: Mahu2021 (big blind) folded before Flop



PokerStars Hand #243044904277: Tournament #3576436410, $0.92+$0.08 USD Hold'em No Limit - Level I (10/20) - 2023/04/12 16:42:20 CET [2023/04/12 10:42:20 ET]
Table '3576436410 1' 3-max Seat #2 is the button
Seat 1: jumpofboy (690 in chips) 
Seat 2: Banker1805 (420 in chips) 
Seat 3: Mahu2021 (390 in chips) 
Mahu2021: posts small blind 10
jumpofboy: posts big blind 20
*** HOLE CARDS ***
Dealt to Mahu2021 [Th 4d]
Banker1805: raises 400 to 420 and is all-in
Mahu2021: folds 
jumpofboy: calls 400
*** FLOP *** [Ts Js 5c]
*** TURN *** [Ts Js 5c] [8h]
*** RIVER *** [Ts Js 5c 8h] [3s]
*** SHOW DOWN ***
jumpofboy: shows [Qd Qs] (a pair of Queens)
Banker1805: shows [3c 3d] (three of a kind, Threes)
Banker1805 collected 850 from pot
*** SUMMARY ***
Total pot 850 | Rake 0 
Board [Ts Js 5c 8h 3s]
Seat 1: jumpofboy (big blind) showed [Qd Qs] and lost with a pair of Queens
Seat 2: Banker1805 (button) showed [3c 3d] and won (850) with three of a kind, Threes
Seat 3: Mahu2021 (small blind) folded before Flop



PokerStars Hand #243044911798: Tournament #3576436410, $0.92+$0.08 USD Hold'em No Limit - Level I (10/20) - 2023/04/12 16:42:48 CET [2023/04/12 10:42:48 ET]
Table '3576436410 1' 3-max Seat #3 is the button
Seat 1: jumpofboy (270 in chips) 
Seat 2: Banker1805 (850 in chips) 
Seat 3: Mahu2021 (380 in chips) 
jumpofboy: posts small blind 10
Banker1805: posts big blind 20
*** HOLE CARDS ***
Dealt to Mahu2021 [5h Ac]
Mahu2021: folds 
jumpofboy: raises 40 to 60
Banker1805: folds 
Uncalled bet (40) returned to jumpofboy
jumpofboy collected 40 from pot
jumpofboy: doesn't show hand 
*** SUMMARY ***
Total pot 40 | Rake 0 
Seat 1: jumpofboy (small blind) collected (40)
Seat 2: Banker1805 (big blind) folded before Flop
Seat 3: Mahu2021 (button) folded before Flop (didn't bet)



PokerStars Hand #243044914596: Tournament #3576436410, $0.92+$0.08 USD Hold'em No Limit - Level I (10/20) - 2023/04/12 16:42:59 CET [2023/04/12 10:42:59 ET]
Table '3576436410 1' 3-max Seat #1 is the button
Seat 1: jumpofboy (290 in chips) 
Seat 2: Banker1805 (830 in chips) 
Seat 3: Mahu2021 (380 in chips) 
Banker1805: posts small blind 10
Mahu2021: posts big blind 20
*** HOLE CARDS ***
Dealt to Mahu2021 [9s Ac]
jumpofboy: raises 20 to 40
Banker1805: folds 
Mahu2021: raises 340 to 380 and is all-in
jumpofboy: folds 
Uncalled bet (340) returned to Mahu2021
Mahu2021 collected 90 from pot
Mahu2021: doesn't show hand 
*** SUMMARY ***
Total pot 90 | Rake 0 
Seat 1: jumpofboy (button) folded before Flop
Seat 2: Banker1805 (small blind) folded before Flop
Seat 3: Mahu2021 (big blind) collected (90)



PokerStars Hand #243044917661: Tournament #3576436410, $0.92+$0.08 USD Hold'em No Limit - Level I (10/20) - 2023/04/12 16:43:11 CET [2023/04/12 10:43:11 ET]
Table '3576436410 1' 3-max Seat #2 is the button
Seat 1: jumpofboy (250 in chips) 
Seat 2: Banker1805 (820 in chips) 
Seat 3: Mahu2021 (430 in chips) 
Mahu2021: posts small blind 10
jumpofboy: posts big blind 20
*** HOLE CARDS ***
Dealt to Mahu2021 [4s 4d]
Banker1805: raises 20 to 40
Mahu2021: raises 390 to 430 and is all-in
jumpofboy: calls 230 and is all-in
Banker1805: folds 
Uncalled bet (180) returned to Mahu2021
*** FLOP *** [9d 3s Td]
*** TURN *** [9d 3s Td] [Kd]
*** RIVER *** [9d 3s Td Kd] [As]
*** SHOW DOWN ***
Mahu2021: shows [4s 4d] (a pair of Fours)
jumpofboy: shows [2c Ac] (a pair of Aces)
jumpofboy collected 540 from pot
*** SUMMARY ***
Total pot 540 | Rake 0 
Board [9d 3s Td Kd As]
Seat 1: jumpofboy (big blind) showed [2c Ac] and won (540) with a pair of Aces
Seat 2: Banker1805 (button) folded before Flop
Seat 3: Mahu2021 (small blind) showed [4s 4d] and lost with a pair of Fours



PokerStars Hand #243044925093: Tournament #3576436410, $0.92+$0.08 USD Hold'em No Limit - Level II (15/30) - 2023/04/12 16:43:38 CET [2023/04/12 10:43:38 ET]
Table '3576436410 1' 3-max Seat #3 is the button
Seat 1: jumpofboy (540 in chips) 
Seat 2: Banker1805 (780 in chips) 
Seat 3: Mahu2021 (180 in chips) 
jumpofboy: posts small blind 15
Banker1805: posts big blind 30
*** HOLE CARDS ***
Dealt to Mahu2021 [Th 4c]
Mahu2021: folds 
jumpofboy: folds 
Uncalled bet (15) returned to Banker1805
Banker1805 collected 30 from pot
Banker1805: doesn't show hand 
*** SUMMARY ***
Total pot 30 | Rake 0 
Seat 1: jumpofboy (small blind) folded before Flop
Seat 2: Banker1805 (big blind) collected (30)
Seat 3: Mahu2021 (button) folded before Flop (didn't bet)



PokerStars Hand #243044926838: Tournament #3576436410, $0.92+$0.08 USD Hold'em No Limit - Level II (15/30) - 2023/04/12 16:43:45 CET [2023/04/12 10:43:45 ET]
Table '3576436410 1' 3-max Seat #1 is the button
Seat 1: jumpofboy (525 in chips) 
Seat 2: Banker1805 (795 in chips) 
Seat 3: Mahu2021 (180 in chips) 
Banker1805: posts small blind 15
Mahu2021: posts big blind 30
*** HOLE CARDS ***
Dealt to Mahu2021 [7h 2s]
jumpofboy: folds 
Banker1805: folds 
Uncalled bet (15) returned to Mahu2021
Mahu2021 collected 30 from pot
Mahu2021: doesn't show hand 
*** SUMMARY ***
Total pot 30 | Rake 0 
Seat 1: jumpofboy (button) folded before Flop (didn't bet)
Seat 2: Banker1805 (small blind) folded before Flop
Seat 3: Mahu2021 (big blind) collected (30)



PokerStars Hand #243044928739: Tournament #3576436410, $0.92+$0.08 USD Hold'em No Limit - Level II (15/30) - 2023/04/12 16:43:53 CET [2023/04/12 10:43:53 ET]
Table '3576436410 1' 3-max Seat #2 is the button
Seat 1: jumpofboy (525 in chips) 
Seat 2: Banker1805 (780 in chips) 
Seat 3: Mahu2021 (195 in chips) 
Mahu2021: posts small blind 15
jumpofboy: posts big blind 30
*** HOLE CARDS ***
Dealt to Mahu2021 [2h Qh]
Banker1805: raises 30 to 60
Mahu2021: raises 135 to 195 and is all-in
jumpofboy: folds 
Banker1805: calls 135
*** FLOP *** [Jd 5d Th]
*** TURN *** [Jd 5d Th] [Tc]
*** RIVER *** [Jd 5d Th Tc] [4h]
*** SHOW DOWN ***
Mahu2021: shows [2h Qh] (a pair of Tens)
Banker1805: shows [Ts Qd] (three of a kind, Tens)
Banker1805 collected 420 from pot
Mahu2021 finished the tournament in 3rd place
*** SUMMARY ***
Total pot 420 | Rake 0 
Board [Jd 5d Th Tc 4h]
Seat 1: jumpofboy (big blind) folded before Flop
Seat 2: Banker1805 (button) showed [Ts Qd] and won (420) with three of a kind, Tens
Seat 3: Mahu2021 (small blind) showed [2h Qh] and lost with a pair of Tens



