PokerStars Hand #243277499307: Tournament #3581721786, $9.30+$0.70 USD Hold'em No Limit - Level I (10/20) - 2023/04/23 22:41:51 CET [2023/04/23 16:41:51 ET]
Table '3581721786 1' 3-max Seat #1 is the button
Seat 1: Carloss86 (500 in chips) 
Seat 2: air jh (500 in chips) 
Seat 3: Mahu2021 (500 in chips) 
air jh: posts small blind 10
Mahu2021: posts big blind 20
*** HOLE CARDS ***
Dealt to Mahu2021 [4c 7d]
Carloss86: folds 
air jh: raises 20 to 40
Mahu2021: folds 
Uncalled bet (20) returned to air jh
air jh collected 40 from pot
*** SUMMARY ***
Total pot 40 | Rake 0 
Seat 1: Carloss86 (button) folded before Flop (didn't bet)
Seat 2: air jh (small blind) collected (40)
Seat 3: Mahu2021 (big blind) folded before Flop



PokerStars Hand #243277502188: Tournament #3581721786, $9.30+$0.70 USD Hold'em No Limit - Level I (10/20) - 2023/04/23 22:41:58 CET [2023/04/23 16:41:58 ET]
Table '3581721786 1' 3-max Seat #2 is the button
Seat 1: Carloss86 (500 in chips) 
Seat 2: air jh (520 in chips) 
Seat 3: Mahu2021 (480 in chips) 
Mahu2021: posts small blind 10
Carloss86: posts big blind 20
*** HOLE CARDS ***
Dealt to Mahu2021 [9d 3d]
air jh: folds 
Mahu2021: folds 
Uncalled bet (10) returned to Carloss86
Carloss86 collected 20 from pot
Carloss86: doesn't show hand 
*** SUMMARY ***
Total pot 20 | Rake 0 
Seat 1: Carloss86 (big blind) collected (20)
Seat 2: air jh (button) folded before Flop (didn't bet)
Seat 3: Mahu2021 (small blind) folded before Flop



PokerStars Hand #243277504682: Tournament #3581721786, $9.30+$0.70 USD Hold'em No Limit - Level I (10/20) - 2023/04/23 22:42:03 CET [2023/04/23 16:42:03 ET]
Table '3581721786 1' 3-max Seat #3 is the button
Seat 1: Carloss86 (510 in chips) 
Seat 2: air jh (520 in chips) 
Seat 3: Mahu2021 (470 in chips) 
Carloss86: posts small blind 10
air jh: posts big blind 20
*** HOLE CARDS ***
Dealt to Mahu2021 [Qd Qh]
Mahu2021: raises 60 to 80
Carloss86: folds 
air jh: folds 
Uncalled bet (60) returned to Mahu2021
Mahu2021 collected 50 from pot
Mahu2021: doesn't show hand 
*** SUMMARY ***
Total pot 50 | Rake 0 
Seat 1: Carloss86 (small blind) folded before Flop
Seat 2: air jh (big blind) folded before Flop
Seat 3: Mahu2021 (button) collected (50)



PokerStars Hand #243277508254: Tournament #3581721786, $9.30+$0.70 USD Hold'em No Limit - Level I (10/20) - 2023/04/23 22:42:11 CET [2023/04/23 16:42:11 ET]
Table '3581721786 1' 3-max Seat #1 is the button
Seat 1: Carloss86 (500 in chips) 
Seat 2: air jh (500 in chips) 
Seat 3: Mahu2021 (500 in chips) 
air jh: posts small blind 10
Mahu2021: posts big blind 20
*** HOLE CARDS ***
Dealt to Mahu2021 [9c Tc]
Carloss86: raises 20 to 40
air jh: folds 
Mahu2021: calls 20
*** FLOP *** [8c 9h 5d]
Mahu2021: checks 
Carloss86: checks 
*** TURN *** [8c 9h 5d] [Kc]
Mahu2021: bets 40
Carloss86: calls 40
*** RIVER *** [8c 9h 5d Kc] [6d]
Mahu2021: bets 80
Carloss86: raises 100 to 180
Mahu2021: calls 100
*** SHOW DOWN ***
Carloss86: shows [9s 7s] (a straight, Five to Nine)
Mahu2021: mucks hand 
Carloss86 collected 530 from pot
*** SUMMARY ***
Total pot 530 | Rake 0 
Board [8c 9h 5d Kc 6d]
Seat 1: Carloss86 (button) showed [9s 7s] and won (530) with a straight, Five to Nine
Seat 2: air jh (small blind) folded before Flop
Seat 3: Mahu2021 (big blind) mucked [9c Tc]



PokerStars Hand #243277530009: Tournament #3581721786, $9.30+$0.70 USD Hold'em No Limit - Level I (10/20) - 2023/04/23 22:43:01 CET [2023/04/23 16:43:01 ET]
Table '3581721786 1' 3-max Seat #2 is the button
Seat 1: Carloss86 (770 in chips) 
Seat 2: air jh (490 in chips) 
Seat 3: Mahu2021 (240 in chips) 
Mahu2021: posts small blind 10
Carloss86: posts big blind 20
*** HOLE CARDS ***
Dealt to Mahu2021 [Tc Jh]
air jh: folds 
Mahu2021: calls 10
Carloss86: raises 40 to 60
Mahu2021: calls 40
*** FLOP *** [6s Ac Qd]
Mahu2021: checks 
Carloss86: bets 40
Mahu2021: calls 40
*** TURN *** [6s Ac Qd] [2s]
Mahu2021: checks 
Carloss86: checks 
*** RIVER *** [6s Ac Qd 2s] [7h]
Mahu2021: bets 140 and is all-in
Carloss86: folds 
Uncalled bet (140) returned to Mahu2021
Mahu2021 collected 200 from pot
Mahu2021: doesn't show hand 
*** SUMMARY ***
Total pot 200 | Rake 0 
Board [6s Ac Qd 2s 7h]
Seat 1: Carloss86 (big blind) folded on the River
Seat 2: air jh (button) folded before Flop (didn't bet)
Seat 3: Mahu2021 (small blind) collected (200)



PokerStars Hand #243277547376: Tournament #3581721786, $9.30+$0.70 USD Hold'em No Limit - Level I (10/20) - 2023/04/23 22:43:41 CET [2023/04/23 16:43:41 ET]
Table '3581721786 1' 3-max Seat #3 is the button
Seat 1: Carloss86 (670 in chips) 
Seat 2: air jh (490 in chips) 
Seat 3: Mahu2021 (340 in chips) 
Carloss86: posts small blind 10
air jh: posts big blind 20
*** HOLE CARDS ***
Dealt to Mahu2021 [2h Kc]
Mahu2021: folds 
Carloss86: raises 40 to 60
air jh: calls 40
*** FLOP *** [4h Tc Jd]
Carloss86: bets 30
air jh: folds 
Uncalled bet (30) returned to Carloss86
Carloss86 collected 120 from pot
Carloss86: doesn't show hand 
*** SUMMARY ***
Total pot 120 | Rake 0 
Board [4h Tc Jd]
Seat 1: Carloss86 (small blind) collected (120)
Seat 2: air jh (big blind) folded on the Flop
Seat 3: Mahu2021 (button) folded before Flop (didn't bet)



PokerStars Hand #243277558406: Tournament #3581721786, $9.30+$0.70 USD Hold'em No Limit - Level I (10/20) - 2023/04/23 22:44:06 CET [2023/04/23 16:44:06 ET]
Table '3581721786 1' 3-max Seat #1 is the button
Seat 1: Carloss86 (730 in chips) 
Seat 2: air jh (430 in chips) 
Seat 3: Mahu2021 (340 in chips) 
air jh: posts small blind 10
Mahu2021: posts big blind 20
*** HOLE CARDS ***
Dealt to Mahu2021 [7s Th]
Carloss86: folds 
air jh: raises 40 to 60
Mahu2021: folds 
Uncalled bet (40) returned to air jh
air jh collected 40 from pot
*** SUMMARY ***
Total pot 40 | Rake 0 
Seat 1: Carloss86 (button) folded before Flop (didn't bet)
Seat 2: air jh (small blind) collected (40)
Seat 3: Mahu2021 (big blind) folded before Flop



PokerStars Hand #243277562408: Tournament #3581721786, $9.30+$0.70 USD Hold'em No Limit - Level I (10/20) - 2023/04/23 22:44:16 CET [2023/04/23 16:44:16 ET]
Table '3581721786 1' 3-max Seat #2 is the button
Seat 1: Carloss86 (730 in chips) 
Seat 2: air jh (450 in chips) 
Seat 3: Mahu2021 (320 in chips) 
Mahu2021: posts small blind 10
Carloss86: posts big blind 20
*** HOLE CARDS ***
Dealt to Mahu2021 [Ks 8s]
air jh: raises 20 to 40
Mahu2021: calls 30
Carloss86: folds 
*** FLOP *** [4s 8h 4h]
Mahu2021: bets 100
air jh: folds 
Uncalled bet (100) returned to Mahu2021
Mahu2021 collected 100 from pot
Mahu2021: doesn't show hand 
*** SUMMARY ***
Total pot 100 | Rake 0 
Board [4s 8h 4h]
Seat 1: Carloss86 (big blind) folded before Flop
Seat 2: air jh (button) folded on the Flop
Seat 3: Mahu2021 (small blind) collected (100)



PokerStars Hand #243277568820: Tournament #3581721786, $9.30+$0.70 USD Hold'em No Limit - Level I (10/20) - 2023/04/23 22:44:30 CET [2023/04/23 16:44:30 ET]
Table '3581721786 1' 3-max Seat #3 is the button
Seat 1: Carloss86 (710 in chips) 
Seat 2: air jh (410 in chips) 
Seat 3: Mahu2021 (380 in chips) 
Carloss86: posts small blind 10
air jh: posts big blind 20
*** HOLE CARDS ***
Dealt to Mahu2021 [7s 3c]
Mahu2021: folds 
Carloss86: raises 30 to 50
air jh: calls 30
*** FLOP *** [6h Tc 2h]
Carloss86: checks 
air jh: checks 
*** TURN *** [6h Tc 2h] [Qs]
Carloss86: checks 
air jh: bets 50
Carloss86: folds 
Uncalled bet (50) returned to air jh
air jh collected 100 from pot
*** SUMMARY ***
Total pot 100 | Rake 0 
Board [6h Tc 2h Qs]
Seat 1: Carloss86 (small blind) folded on the Turn
Seat 2: air jh (big blind) collected (100)
Seat 3: Mahu2021 (button) folded before Flop (didn't bet)



PokerStars Hand #243277590716: Tournament #3581721786, $9.30+$0.70 USD Hold'em No Limit - Level II (15/30) - 2023/04/23 22:45:19 CET [2023/04/23 16:45:19 ET]
Table '3581721786 1' 3-max Seat #1 is the button
Seat 1: Carloss86 (660 in chips) 
Seat 2: air jh (460 in chips) 
Seat 3: Mahu2021 (380 in chips) 
air jh: posts small blind 15
Mahu2021: posts big blind 30
*** HOLE CARDS ***
Dealt to Mahu2021 [Kc Kd]
Carloss86: folds 
air jh: raises 60 to 90
Mahu2021: raises 290 to 380 and is all-in
air jh: folds 
Uncalled bet (290) returned to Mahu2021
Mahu2021 collected 180 from pot
Mahu2021: doesn't show hand 
*** SUMMARY ***
Total pot 180 | Rake 0 
Seat 1: Carloss86 (button) folded before Flop (didn't bet)
Seat 2: air jh (small blind) folded before Flop
Seat 3: Mahu2021 (big blind) collected (180)



PokerStars Hand #243277599115: Tournament #3581721786, $9.30+$0.70 USD Hold'em No Limit - Level II (15/30) - 2023/04/23 22:45:38 CET [2023/04/23 16:45:38 ET]
Table '3581721786 1' 3-max Seat #2 is the button
Seat 1: Carloss86 (660 in chips) 
Seat 2: air jh (370 in chips) 
Seat 3: Mahu2021 (470 in chips) 
Mahu2021: posts small blind 15
Carloss86: posts big blind 30
*** HOLE CARDS ***
Dealt to Mahu2021 [6d Qs]
air jh: raises 340 to 370 and is all-in
Mahu2021: folds 
Carloss86: folds 
Uncalled bet (340) returned to air jh
air jh collected 75 from pot
*** SUMMARY ***
Total pot 75 | Rake 0 
Seat 1: Carloss86 (big blind) folded before Flop
Seat 2: air jh (button) collected (75)
Seat 3: Mahu2021 (small blind) folded before Flop



PokerStars Hand #243277604630: Tournament #3581721786, $9.30+$0.70 USD Hold'em No Limit - Level II (15/30) - 2023/04/23 22:45:50 CET [2023/04/23 16:45:50 ET]
Table '3581721786 1' 3-max Seat #3 is the button
Seat 1: Carloss86 (630 in chips) 
Seat 2: air jh (415 in chips) 
Seat 3: Mahu2021 (455 in chips) 
Carloss86: posts small blind 15
air jh: posts big blind 30
*** HOLE CARDS ***
Dealt to Mahu2021 [2h 3c]
Mahu2021: folds 
Carloss86: raises 45 to 75
air jh: raises 340 to 415 and is all-in
Carloss86: folds 
Uncalled bet (340) returned to air jh
air jh collected 150 from pot
*** SUMMARY ***
Total pot 150 | Rake 0 
Seat 1: Carloss86 (small blind) folded before Flop
Seat 2: air jh (big blind) collected (150)
Seat 3: Mahu2021 (button) folded before Flop (didn't bet)



PokerStars Hand #243277618515: Tournament #3581721786, $9.30+$0.70 USD Hold'em No Limit - Level II (15/30) - 2023/04/23 22:46:22 CET [2023/04/23 16:46:22 ET]
Table '3581721786 1' 3-max Seat #1 is the button
Seat 1: Carloss86 (555 in chips) 
Seat 2: air jh (490 in chips) 
Seat 3: Mahu2021 (455 in chips) 
air jh: posts small blind 15
Mahu2021: posts big blind 30
*** HOLE CARDS ***
Dealt to Mahu2021 [6c 6s]
Carloss86: folds 
air jh: calls 15
Mahu2021: raises 60 to 90
air jh: folds 
Uncalled bet (60) returned to Mahu2021
Mahu2021 collected 60 from pot
Mahu2021: doesn't show hand 
*** SUMMARY ***
Total pot 60 | Rake 0 
Seat 1: Carloss86 (button) folded before Flop (didn't bet)
Seat 2: air jh (small blind) folded before Flop
Seat 3: Mahu2021 (big blind) collected (60)



PokerStars Hand #243277622493: Tournament #3581721786, $9.30+$0.70 USD Hold'em No Limit - Level II (15/30) - 2023/04/23 22:46:31 CET [2023/04/23 16:46:31 ET]
Table '3581721786 1' 3-max Seat #2 is the button
Seat 1: Carloss86 (555 in chips) 
Seat 2: air jh (460 in chips) 
Seat 3: Mahu2021 (485 in chips) 
Mahu2021: posts small blind 15
Carloss86: posts big blind 30
*** HOLE CARDS ***
Dealt to Mahu2021 [8s 8c]
air jh: folds 
Mahu2021: raises 60 to 90
Carloss86: calls 60
*** FLOP *** [5h Qd Th]
Mahu2021: checks 
Carloss86: bets 90
Mahu2021: calls 90
*** TURN *** [5h Qd Th] [4s]
Mahu2021: checks 
Carloss86: checks 
*** RIVER *** [5h Qd Th 4s] [Td]
Mahu2021: checks 
Carloss86: checks 
*** SHOW DOWN ***
Mahu2021: shows [8s 8c] (two pair, Tens and Eights)
Carloss86: mucks hand 
Mahu2021 collected 360 from pot
*** SUMMARY ***
Total pot 360 | Rake 0 
Board [5h Qd Th 4s Td]
Seat 1: Carloss86 (big blind) mucked [Ac 2c]
Seat 2: air jh (button) folded before Flop (didn't bet)
Seat 3: Mahu2021 (small blind) showed [8s 8c] and won (360) with two pair, Tens and Eights



PokerStars Hand #243277645092: Tournament #3581721786, $9.30+$0.70 USD Hold'em No Limit - Level II (15/30) - 2023/04/23 22:47:22 CET [2023/04/23 16:47:22 ET]
Table '3581721786 1' 3-max Seat #3 is the button
Seat 1: Carloss86 (375 in chips) 
Seat 2: air jh (460 in chips) 
Seat 3: Mahu2021 (665 in chips) 
Carloss86: posts small blind 15
air jh: posts big blind 30
*** HOLE CARDS ***
Dealt to Mahu2021 [9c Qc]
Mahu2021: raises 30 to 60
Carloss86: raises 315 to 375 and is all-in
air jh: folds 
Mahu2021: folds 
Uncalled bet (315) returned to Carloss86
Carloss86 collected 150 from pot
Carloss86: doesn't show hand 
*** SUMMARY ***
Total pot 150 | Rake 0 
Seat 1: Carloss86 (small blind) collected (150)
Seat 2: air jh (big blind) folded before Flop
Seat 3: Mahu2021 (button) folded before Flop



PokerStars Hand #243277650735: Tournament #3581721786, $9.30+$0.70 USD Hold'em No Limit - Level II (15/30) - 2023/04/23 22:47:35 CET [2023/04/23 16:47:35 ET]
Table '3581721786 1' 3-max Seat #1 is the button
Seat 1: Carloss86 (465 in chips) 
Seat 2: air jh (430 in chips) 
Seat 3: Mahu2021 (605 in chips) 
air jh: posts small blind 15
Mahu2021: posts big blind 30
*** HOLE CARDS ***
Dealt to Mahu2021 [8d 6d]
Carloss86: raises 30 to 60
air jh: calls 45
Mahu2021: calls 30
*** FLOP *** [5s Jc 4s]
air jh: checks 
Mahu2021: checks 
Carloss86: checks 
*** TURN *** [5s Jc 4s] [Ah]
air jh: checks 
Mahu2021: checks 
Carloss86: bets 120
air jh: calls 120
Mahu2021: folds 
*** RIVER *** [5s Jc 4s Ah] [7d]
air jh: checks 
Carloss86: bets 285 and is all-in
air jh: calls 250 and is all-in
Uncalled bet (35) returned to Carloss86
*** SHOW DOWN ***
Carloss86: shows [8c 9c] (high card Ace)
air jh: shows [Ac 8h] (a pair of Aces)
air jh collected 920 from pot
*** SUMMARY ***
Total pot 920 | Rake 0 
Board [5s Jc 4s Ah 7d]
Seat 1: Carloss86 (button) showed [8c 9c] and lost with high card Ace
Seat 2: air jh (small blind) showed [Ac 8h] and won (920) with a pair of Aces
Seat 3: Mahu2021 (big blind) folded on the Turn



PokerStars Hand #243277679722: Tournament #3581721786, $9.30+$0.70 USD Hold'em No Limit - Level III (20/40) - 2023/04/23 22:48:39 CET [2023/04/23 16:48:39 ET]
Table '3581721786 1' 3-max Seat #2 is the button
Seat 1: Carloss86 (35 in chips) 
Seat 2: air jh (920 in chips) 
Seat 3: Mahu2021 (545 in chips) 
Mahu2021: posts small blind 20
Carloss86: posts big blind 35 and is all-in
*** HOLE CARDS ***
Dealt to Mahu2021 [2d 6s]
air jh: calls 40
Mahu2021: folds 
Uncalled bet (5) returned to air jh
*** FLOP *** [2c Js 6c]
*** TURN *** [2c Js 6c] [5s]
*** RIVER *** [2c Js 6c 5s] [Kc]
*** SHOW DOWN ***
Carloss86: shows [7s Qd] (high card King)
air jh: shows [8d Th] (high card King - lower kicker)
Carloss86 collected 90 from pot
*** SUMMARY ***
Total pot 90 | Rake 0 
Board [2c Js 6c 5s Kc]
Seat 1: Carloss86 (big blind) showed [7s Qd] and won (90) with high card King
Seat 2: air jh (button) showed [8d Th] and lost with high card King
Seat 3: Mahu2021 (small blind) folded before Flop



PokerStars Hand #243277685207: Tournament #3581721786, $9.30+$0.70 USD Hold'em No Limit - Level III (20/40) - 2023/04/23 22:48:52 CET [2023/04/23 16:48:52 ET]
Table '3581721786 1' 3-max Seat #3 is the button
Seat 1: Carloss86 (90 in chips) 
Seat 2: air jh (885 in chips) 
Seat 3: Mahu2021 (525 in chips) 
Carloss86: posts small blind 20
air jh: posts big blind 40
*** HOLE CARDS ***
Dealt to Mahu2021 [Ac Jh]
Mahu2021: raises 80 to 120
Carloss86: calls 70 and is all-in
air jh: folds 
Uncalled bet (30) returned to Mahu2021
*** FLOP *** [7c 8d 5c]
*** TURN *** [7c 8d 5c] [Kc]
*** RIVER *** [7c 8d 5c Kc] [Js]
*** SHOW DOWN ***
Carloss86: shows [4s Qs] (high card King)
Mahu2021: shows [Ac Jh] (a pair of Jacks)
Mahu2021 collected 220 from pot
Carloss86 finished the tournament in 3rd place
*** SUMMARY ***
Total pot 220 | Rake 0 
Board [7c 8d 5c Kc Js]
Seat 1: Carloss86 (small blind) showed [4s Qs] and lost with high card King
Seat 2: air jh (big blind) folded before Flop
Seat 3: Mahu2021 (button) showed [Ac Jh] and won (220) with a pair of Jacks



PokerStars Hand #243277693075: Tournament #3581721786, $9.30+$0.70 USD Hold'em No Limit - Level III (20/40) - 2023/04/23 22:49:09 CET [2023/04/23 16:49:09 ET]
Table '3581721786 1' 3-max Seat #2 is the button
Seat 2: air jh (845 in chips) 
Seat 3: Mahu2021 (655 in chips) 
air jh: posts small blind 20
Mahu2021: posts big blind 40
*** HOLE CARDS ***
Dealt to Mahu2021 [Jh Kc]
air jh: raises 40 to 80
Mahu2021: calls 40
*** FLOP *** [3d Qd 6s]
Mahu2021: checks 
air jh: bets 44
Mahu2021: calls 44
*** TURN *** [3d Qd 6s] [Qc]
Mahu2021: checks 
air jh: checks 
*** RIVER *** [3d Qd 6s Qc] [Kd]
Mahu2021: bets 248
air jh: folds 
Uncalled bet (248) returned to Mahu2021
Mahu2021 collected 248 from pot
Mahu2021: doesn't show hand 
*** SUMMARY ***
Total pot 248 | Rake 0 
Board [3d Qd 6s Qc Kd]
Seat 2: air jh (button) (small blind) folded on the River
Seat 3: Mahu2021 (big blind) collected (248)



PokerStars Hand #243277703296: Tournament #3581721786, $9.30+$0.70 USD Hold'em No Limit - Level III (20/40) - 2023/04/23 22:49:33 CET [2023/04/23 16:49:33 ET]
Table '3581721786 1' 3-max Seat #3 is the button
Seat 2: air jh (721 in chips) 
Seat 3: Mahu2021 (779 in chips) 
Mahu2021: posts small blind 20
air jh: posts big blind 40
*** HOLE CARDS ***
Dealt to Mahu2021 [Th 6d]
Mahu2021: folds 
Uncalled bet (20) returned to air jh
air jh collected 40 from pot
*** SUMMARY ***
Total pot 40 | Rake 0 
Seat 2: air jh (big blind) collected (40)
Seat 3: Mahu2021 (button) (small blind) folded before Flop



PokerStars Hand #243277705352: Tournament #3581721786, $9.30+$0.70 USD Hold'em No Limit - Level III (20/40) - 2023/04/23 22:49:37 CET [2023/04/23 16:49:37 ET]
Table '3581721786 1' 3-max Seat #2 is the button
Seat 2: air jh (741 in chips) 
Seat 3: Mahu2021 (759 in chips) 
air jh: posts small blind 20
Mahu2021: posts big blind 40
*** HOLE CARDS ***
Dealt to Mahu2021 [2d Qs]
air jh: raises 40 to 80
Mahu2021: folds 
Uncalled bet (40) returned to air jh
air jh collected 80 from pot
*** SUMMARY ***
Total pot 80 | Rake 0 
Seat 2: air jh (button) (small blind) collected (80)
Seat 3: Mahu2021 (big blind) folded before Flop



PokerStars Hand #243277707987: Tournament #3581721786, $9.30+$0.70 USD Hold'em No Limit - Level III (20/40) - 2023/04/23 22:49:43 CET [2023/04/23 16:49:43 ET]
Table '3581721786 1' 3-max Seat #3 is the button
Seat 2: air jh (781 in chips) 
Seat 3: Mahu2021 (719 in chips) 
Mahu2021: posts small blind 20
air jh: posts big blind 40
*** HOLE CARDS ***
Dealt to Mahu2021 [5d 8c]
Mahu2021: folds 
Uncalled bet (20) returned to air jh
air jh collected 40 from pot
*** SUMMARY ***
Total pot 40 | Rake 0 
Seat 2: air jh (big blind) collected (40)
Seat 3: Mahu2021 (button) (small blind) folded before Flop



PokerStars Hand #243277710102: Tournament #3581721786, $9.30+$0.70 USD Hold'em No Limit - Level III (20/40) - 2023/04/23 22:49:48 CET [2023/04/23 16:49:48 ET]
Table '3581721786 1' 3-max Seat #2 is the button
Seat 2: air jh (801 in chips) 
Seat 3: Mahu2021 (699 in chips) 
air jh: posts small blind 20
Mahu2021: posts big blind 40
*** HOLE CARDS ***
Dealt to Mahu2021 [7c 6s]
air jh: calls 20
Mahu2021: checks 
*** FLOP *** [Ac 2h Kh]
Mahu2021: checks 
air jh: bets 40
Mahu2021: calls 40
*** TURN *** [Ac 2h Kh] [6d]
Mahu2021: checks 
air jh: bets 120
Mahu2021: calls 120
*** RIVER *** [Ac 2h Kh 6d] [3d]
Mahu2021: checks 
air jh: checks 
*** SHOW DOWN ***
Mahu2021: shows [7c 6s] (a pair of Sixes)
air jh: shows [8d 6h] (a pair of Sixes - Ace+King+Eight kicker)
air jh collected 400 from pot
*** SUMMARY ***
Total pot 400 | Rake 0 
Board [Ac 2h Kh 6d 3d]
Seat 2: air jh (button) (small blind) showed [8d 6h] and won (400) with a pair of Sixes
Seat 3: Mahu2021 (big blind) showed [7c 6s] and lost with a pair of Sixes



PokerStars Hand #243277719630: Tournament #3581721786, $9.30+$0.70 USD Hold'em No Limit - Level III (20/40) - 2023/04/23 22:50:09 CET [2023/04/23 16:50:09 ET]
Table '3581721786 1' 3-max Seat #3 is the button
Seat 2: air jh (1001 in chips) 
Seat 3: Mahu2021 (499 in chips) 
Mahu2021: posts small blind 20
air jh: posts big blind 40
*** HOLE CARDS ***
Dealt to Mahu2021 [Ks Ac]
Mahu2021: raises 80 to 120
air jh: calls 80
*** FLOP *** [3h 9d 7h]
air jh: bets 881 and is all-in
Mahu2021: folds 
Uncalled bet (881) returned to air jh
air jh collected 240 from pot
*** SUMMARY ***
Total pot 240 | Rake 0 
Board [3h 9d 7h]
Seat 2: air jh (big blind) collected (240)
Seat 3: Mahu2021 (button) (small blind) folded on the Flop



PokerStars Hand #243277725634: Tournament #3581721786, $9.30+$0.70 USD Hold'em No Limit - Level III (20/40) - 2023/04/23 22:50:23 CET [2023/04/23 16:50:23 ET]
Table '3581721786 1' 3-max Seat #2 is the button
Seat 2: air jh (1121 in chips) 
Seat 3: Mahu2021 (379 in chips) 
air jh: posts small blind 20
Mahu2021: posts big blind 40
*** HOLE CARDS ***
Dealt to Mahu2021 [5d Kh]
air jh: folds 
Uncalled bet (20) returned to Mahu2021
Mahu2021 collected 40 from pot
Mahu2021: doesn't show hand 
*** SUMMARY ***
Total pot 40 | Rake 0 
Seat 2: air jh (button) (small blind) folded before Flop
Seat 3: Mahu2021 (big blind) collected (40)



PokerStars Hand #243277727587: Tournament #3581721786, $9.30+$0.70 USD Hold'em No Limit - Level III (20/40) - 2023/04/23 22:50:28 CET [2023/04/23 16:50:28 ET]
Table '3581721786 1' 3-max Seat #3 is the button
Seat 2: air jh (1101 in chips) 
Seat 3: Mahu2021 (399 in chips) 
Mahu2021: posts small blind 20
air jh: posts big blind 40
*** HOLE CARDS ***
Dealt to Mahu2021 [4c 8d]
Mahu2021: folds 
Uncalled bet (20) returned to air jh
air jh collected 40 from pot
*** SUMMARY ***
Total pot 40 | Rake 0 
Seat 2: air jh (big blind) collected (40)
Seat 3: Mahu2021 (button) (small blind) folded before Flop



PokerStars Hand #243277729544: Tournament #3581721786, $9.30+$0.70 USD Hold'em No Limit - Level III (20/40) - 2023/04/23 22:50:32 CET [2023/04/23 16:50:32 ET]
Table '3581721786 1' 3-max Seat #2 is the button
Seat 2: air jh (1121 in chips) 
Seat 3: Mahu2021 (379 in chips) 
air jh: posts small blind 20
Mahu2021: posts big blind 40
*** HOLE CARDS ***
Dealt to Mahu2021 [7h Qh]
air jh: folds 
Uncalled bet (20) returned to Mahu2021
Mahu2021 collected 40 from pot
Mahu2021: doesn't show hand 
*** SUMMARY ***
Total pot 40 | Rake 0 
Seat 2: air jh (button) (small blind) folded before Flop
Seat 3: Mahu2021 (big blind) collected (40)



PokerStars Hand #243277731596: Tournament #3581721786, $9.30+$0.70 USD Hold'em No Limit - Level III (20/40) - 2023/04/23 22:50:37 CET [2023/04/23 16:50:37 ET]
Table '3581721786 1' 3-max Seat #3 is the button
Seat 2: air jh (1101 in chips) 
Seat 3: Mahu2021 (399 in chips) 
Mahu2021: posts small blind 20
air jh: posts big blind 40
*** HOLE CARDS ***
Dealt to Mahu2021 [3d 7d]
Mahu2021: folds 
Uncalled bet (20) returned to air jh
air jh collected 40 from pot
*** SUMMARY ***
Total pot 40 | Rake 0 
Seat 2: air jh (big blind) collected (40)
Seat 3: Mahu2021 (button) (small blind) folded before Flop



PokerStars Hand #243277733704: Tournament #3581721786, $9.30+$0.70 USD Hold'em No Limit - Level III (20/40) - 2023/04/23 22:50:41 CET [2023/04/23 16:50:41 ET]
Table '3581721786 1' 3-max Seat #2 is the button
Seat 2: air jh (1121 in chips) 
Seat 3: Mahu2021 (379 in chips) 
air jh: posts small blind 20
Mahu2021: posts big blind 40
*** HOLE CARDS ***
Dealt to Mahu2021 [Qh 3s]
air jh: raises 40 to 80
Mahu2021: folds 
Uncalled bet (40) returned to air jh
air jh collected 80 from pot
*** SUMMARY ***
Total pot 80 | Rake 0 
Seat 2: air jh (button) (small blind) collected (80)
Seat 3: Mahu2021 (big blind) folded before Flop



PokerStars Hand #243277736833: Tournament #3581721786, $9.30+$0.70 USD Hold'em No Limit - Level III (20/40) - 2023/04/23 22:50:48 CET [2023/04/23 16:50:48 ET]
Table '3581721786 1' 3-max Seat #3 is the button
Seat 2: air jh (1161 in chips) 
Seat 3: Mahu2021 (339 in chips) 
Mahu2021: posts small blind 20
air jh: posts big blind 40
*** HOLE CARDS ***
Dealt to Mahu2021 [4s Kh]
Mahu2021: calls 20
air jh: checks 
*** FLOP *** [3d Ks 6s]
air jh: checks 
Mahu2021: bets 80
air jh: calls 80
*** TURN *** [3d Ks 6s] [3s]
air jh: checks 
Mahu2021: bets 219 and is all-in
air jh: calls 219
*** RIVER *** [3d Ks 6s 3s] [Tc]
*** SHOW DOWN ***
air jh: shows [8c Kc] (two pair, Kings and Threes)
Mahu2021: shows [4s Kh] (two pair, Kings and Threes)
air jh collected 339 from pot
Mahu2021 collected 339 from pot
*** SUMMARY ***
Total pot 678 | Rake 0 
Board [3d Ks 6s 3s Tc]
Seat 2: air jh (big blind) showed [8c Kc] and won (339) with two pair, Kings and Threes
Seat 3: Mahu2021 (button) (small blind) showed [4s Kh] and won (339) with two pair, Kings and Threes



PokerStars Hand #243277745902: Tournament #3581721786, $9.30+$0.70 USD Hold'em No Limit - Level IV (30/60) - 2023/04/23 22:51:09 CET [2023/04/23 16:51:09 ET]
Table '3581721786 1' 3-max Seat #2 is the button
Seat 2: air jh (1161 in chips) 
Seat 3: Mahu2021 (339 in chips) 
air jh: posts small blind 30
Mahu2021: posts big blind 60
*** HOLE CARDS ***
Dealt to Mahu2021 [7s Ks]
air jh: folds 
Uncalled bet (30) returned to Mahu2021
Mahu2021 collected 60 from pot
Mahu2021: doesn't show hand 
*** SUMMARY ***
Total pot 60 | Rake 0 
Seat 2: air jh (button) (small blind) folded before Flop
Seat 3: Mahu2021 (big blind) collected (60)



PokerStars Hand #243277747889: Tournament #3581721786, $9.30+$0.70 USD Hold'em No Limit - Level IV (30/60) - 2023/04/23 22:51:13 CET [2023/04/23 16:51:13 ET]
Table '3581721786 1' 3-max Seat #3 is the button
Seat 2: air jh (1131 in chips) 
Seat 3: Mahu2021 (369 in chips) 
Mahu2021: posts small blind 30
air jh: posts big blind 60
*** HOLE CARDS ***
Dealt to Mahu2021 [2c 4h]
Mahu2021: folds 
Uncalled bet (30) returned to air jh
air jh collected 60 from pot
*** SUMMARY ***
Total pot 60 | Rake 0 
Seat 2: air jh (big blind) collected (60)
Seat 3: Mahu2021 (button) (small blind) folded before Flop



PokerStars Hand #243277749971: Tournament #3581721786, $9.30+$0.70 USD Hold'em No Limit - Level IV (30/60) - 2023/04/23 22:51:18 CET [2023/04/23 16:51:18 ET]
Table '3581721786 1' 3-max Seat #2 is the button
Seat 2: air jh (1161 in chips) 
Seat 3: Mahu2021 (339 in chips) 
air jh: posts small blind 30
Mahu2021: posts big blind 60
*** HOLE CARDS ***
Dealt to Mahu2021 [4c 7h]
air jh: calls 30
Mahu2021: checks 
*** FLOP *** [Kh 8s 5h]
Mahu2021: checks 
air jh: bets 60
Mahu2021: calls 60
*** TURN *** [Kh 8s 5h] [Qs]
Mahu2021: checks 
air jh: bets 120
Mahu2021: folds 
Uncalled bet (120) returned to air jh
air jh collected 240 from pot
*** SUMMARY ***
Total pot 240 | Rake 0 
Board [Kh 8s 5h Qs]
Seat 2: air jh (button) (small blind) collected (240)
Seat 3: Mahu2021 (big blind) folded on the Turn



PokerStars Hand #243277756513: Tournament #3581721786, $9.30+$0.70 USD Hold'em No Limit - Level IV (30/60) - 2023/04/23 22:51:33 CET [2023/04/23 16:51:33 ET]
Table '3581721786 1' 3-max Seat #3 is the button
Seat 2: air jh (1281 in chips) 
Seat 3: Mahu2021 (219 in chips) 
Mahu2021: posts small blind 30
air jh: posts big blind 60
*** HOLE CARDS ***
Dealt to Mahu2021 [Jc 7h]
Mahu2021: raises 159 to 219 and is all-in
air jh: folds 
Uncalled bet (159) returned to Mahu2021
Mahu2021 collected 120 from pot
Mahu2021: doesn't show hand 
*** SUMMARY ***
Total pot 120 | Rake 0 
Seat 2: air jh (big blind) folded before Flop
Seat 3: Mahu2021 (button) (small blind) collected (120)



PokerStars Hand #243277759659: Tournament #3581721786, $9.30+$0.70 USD Hold'em No Limit - Level IV (30/60) - 2023/04/23 22:51:40 CET [2023/04/23 16:51:40 ET]
Table '3581721786 1' 3-max Seat #2 is the button
Seat 2: air jh (1221 in chips) 
Seat 3: Mahu2021 (279 in chips) 
air jh: posts small blind 30
Mahu2021: posts big blind 60
*** HOLE CARDS ***
Dealt to Mahu2021 [7d 7c]
air jh: raises 120 to 180
Mahu2021: raises 99 to 279 and is all-in
air jh: calls 99
*** FLOP *** [6d Th 3d]
*** TURN *** [6d Th 3d] [2h]
*** RIVER *** [6d Th 3d 2h] [4d]
*** SHOW DOWN ***
Mahu2021: shows [7d 7c] (a pair of Sevens)
air jh: shows [Kc 9c] (high card King)
Mahu2021 collected 558 from pot
*** SUMMARY ***
Total pot 558 | Rake 0 
Board [6d Th 3d 2h 4d]
Seat 2: air jh (button) (small blind) showed [Kc 9c] and lost with high card King
Seat 3: Mahu2021 (big blind) showed [7d 7c] and won (558) with a pair of Sevens



PokerStars Hand #243277765516: Tournament #3581721786, $9.30+$0.70 USD Hold'em No Limit - Level IV (30/60) - 2023/04/23 22:51:53 CET [2023/04/23 16:51:53 ET]
Table '3581721786 1' 3-max Seat #3 is the button
Seat 2: air jh (942 in chips) 
Seat 3: Mahu2021 (558 in chips) 
Mahu2021: posts small blind 30
air jh: posts big blind 60
*** HOLE CARDS ***
Dealt to Mahu2021 [3c 3d]
Mahu2021: raises 498 to 558 and is all-in
air jh: calls 498
*** FLOP *** [Ts 5d 9h]
*** TURN *** [Ts 5d 9h] [3s]
*** RIVER *** [Ts 5d 9h 3s] [5s]
*** SHOW DOWN ***
air jh: shows [Kd Ad] (a pair of Fives)
Mahu2021: shows [3c 3d] (a full house, Threes full of Fives)
Mahu2021 collected 1116 from pot
*** SUMMARY ***
Total pot 1116 | Rake 0 
Board [Ts 5d 9h 3s 5s]
Seat 2: air jh (big blind) showed [Kd Ad] and lost with a pair of Fives
Seat 3: Mahu2021 (button) (small blind) showed [3c 3d] and won (1116) with a full house, Threes full of Fives



PokerStars Hand #243277771355: Tournament #3581721786, $9.30+$0.70 USD Hold'em No Limit - Level IV (30/60) - 2023/04/23 22:52:06 CET [2023/04/23 16:52:06 ET]
Table '3581721786 1' 3-max Seat #2 is the button
Seat 2: air jh (384 in chips) 
Seat 3: Mahu2021 (1116 in chips) 
air jh: posts small blind 30
Mahu2021: posts big blind 60
*** HOLE CARDS ***
Dealt to Mahu2021 [6s 6c]
air jh: calls 30
Mahu2021: checks 
*** FLOP *** [2h Jh 8c]
Mahu2021: bets 60
air jh: raises 264 to 324 and is all-in
Mahu2021: folds 
Uncalled bet (264) returned to air jh
air jh collected 240 from pot
*** SUMMARY ***
Total pot 240 | Rake 0 
Board [2h Jh 8c]
Seat 2: air jh (button) (small blind) collected (240)
Seat 3: Mahu2021 (big blind) folded on the Flop



PokerStars Hand #243277778676: Tournament #3581721786, $9.30+$0.70 USD Hold'em No Limit - Level IV (30/60) - 2023/04/23 22:52:23 CET [2023/04/23 16:52:23 ET]
Table '3581721786 1' 3-max Seat #3 is the button
Seat 2: air jh (504 in chips) 
Seat 3: Mahu2021 (996 in chips) 
Mahu2021: posts small blind 30
air jh: posts big blind 60
*** HOLE CARDS ***
Dealt to Mahu2021 [5s 7c]
Mahu2021: folds 
Uncalled bet (30) returned to air jh
air jh collected 60 from pot
*** SUMMARY ***
Total pot 60 | Rake 0 
Seat 2: air jh (big blind) collected (60)
Seat 3: Mahu2021 (button) (small blind) folded before Flop



PokerStars Hand #243277780713: Tournament #3581721786, $9.30+$0.70 USD Hold'em No Limit - Level IV (30/60) - 2023/04/23 22:52:27 CET [2023/04/23 16:52:27 ET]
Table '3581721786 1' 3-max Seat #2 is the button
Seat 2: air jh (534 in chips) 
Seat 3: Mahu2021 (966 in chips) 
air jh: posts small blind 30
Mahu2021: posts big blind 60
*** HOLE CARDS ***
Dealt to Mahu2021 [Ad 8h]
air jh: folds 
Uncalled bet (30) returned to Mahu2021
Mahu2021 collected 60 from pot
Mahu2021: doesn't show hand 
*** SUMMARY ***
Total pot 60 | Rake 0 
Seat 2: air jh (button) (small blind) folded before Flop
Seat 3: Mahu2021 (big blind) collected (60)



PokerStars Hand #243277784124: Tournament #3581721786, $9.30+$0.70 USD Hold'em No Limit - Level IV (30/60) - 2023/04/23 22:52:35 CET [2023/04/23 16:52:35 ET]
Table '3581721786 1' 3-max Seat #3 is the button
Seat 2: air jh (504 in chips) 
Seat 3: Mahu2021 (996 in chips) 
Mahu2021: posts small blind 30
air jh: posts big blind 60
*** HOLE CARDS ***
Dealt to Mahu2021 [Jc 8c]
Mahu2021: calls 30
air jh: checks 
*** FLOP *** [Ah 3s 4s]
air jh: checks 
Mahu2021: bets 60
air jh: calls 60
*** TURN *** [Ah 3s 4s] [Th]
air jh: checks 
Mahu2021: bets 180
air jh: folds 
Uncalled bet (180) returned to Mahu2021
Mahu2021 collected 240 from pot
Mahu2021: doesn't show hand 
*** SUMMARY ***
Total pot 240 | Rake 0 
Board [Ah 3s 4s Th]
Seat 2: air jh (big blind) folded on the Turn
Seat 3: Mahu2021 (button) (small blind) collected (240)



PokerStars Hand #243277793196: Tournament #3581721786, $9.30+$0.70 USD Hold'em No Limit - Level IV (30/60) - 2023/04/23 22:52:56 CET [2023/04/23 16:52:56 ET]
Table '3581721786 1' 3-max Seat #2 is the button
Seat 2: air jh (384 in chips) 
Seat 3: Mahu2021 (1116 in chips) 
air jh: posts small blind 30
Mahu2021: posts big blind 60
*** HOLE CARDS ***
Dealt to Mahu2021 [8h 3d]
air jh: folds 
Uncalled bet (30) returned to Mahu2021
Mahu2021 collected 60 from pot
Mahu2021: doesn't show hand 
*** SUMMARY ***
Total pot 60 | Rake 0 
Seat 2: air jh (button) (small blind) folded before Flop
Seat 3: Mahu2021 (big blind) collected (60)



PokerStars Hand #243277795769: Tournament #3581721786, $9.30+$0.70 USD Hold'em No Limit - Level IV (30/60) - 2023/04/23 22:53:02 CET [2023/04/23 16:53:02 ET]
Table '3581721786 1' 3-max Seat #3 is the button
Seat 2: air jh (354 in chips) 
Seat 3: Mahu2021 (1146 in chips) 
Mahu2021: posts small blind 30
air jh: posts big blind 60
*** HOLE CARDS ***
Dealt to Mahu2021 [8d 6s]
Mahu2021: folds 
Uncalled bet (30) returned to air jh
air jh collected 60 from pot
*** SUMMARY ***
Total pot 60 | Rake 0 
Seat 2: air jh (big blind) collected (60)
Seat 3: Mahu2021 (button) (small blind) folded before Flop



PokerStars Hand #243277797598: Tournament #3581721786, $9.30+$0.70 USD Hold'em No Limit - Level IV (30/60) - 2023/04/23 22:53:06 CET [2023/04/23 16:53:06 ET]
Table '3581721786 1' 3-max Seat #2 is the button
Seat 2: air jh (384 in chips) 
Seat 3: Mahu2021 (1116 in chips) 
air jh: posts small blind 30
Mahu2021: posts big blind 60
*** HOLE CARDS ***
Dealt to Mahu2021 [6d 6c]
air jh: raises 324 to 384 and is all-in
Mahu2021: calls 324
*** FLOP *** [2d 7h 5s]
*** TURN *** [2d 7h 5s] [8d]
*** RIVER *** [2d 7h 5s 8d] [7c]
*** SHOW DOWN ***
Mahu2021: shows [6d 6c] (two pair, Sevens and Sixes)
air jh: shows [Ac Jd] (a pair of Sevens)
Mahu2021 collected 768 from pot
air jh finished the tournament in 2nd place
Mahu2021 wins the tournament and receives $30.00 - congratulations!
*** SUMMARY ***
Total pot 768 | Rake 0 
Board [2d 7h 5s 8d 7c]
Seat 2: air jh (button) (small blind) showed [Ac Jd] and lost with a pair of Sevens
Seat 3: Mahu2021 (big blind) showed [6d 6c] and won (768) with two pair, Sevens and Sixes



