PokerStars Hand #243225473141: Tournament #3580598163, $0.92+$0.08 USD Hold'em No Limit - Level I (10/20) - 2023/04/21 14:35:27 CET [2023/04/21 8:35:27 ET]
Table '3580598163 1' 3-max Seat #1 is the button
Seat 1: monty2604 (500 in chips) 
Seat 2: weichu5034 (500 in chips) 
Seat 3: Mahu2021 (500 in chips) 
weichu5034: posts small blind 10
Mahu2021: posts big blind 20
*** HOLE CARDS ***
Dealt to Mahu2021 [6d Ah]
monty2604: raises 40 to 60
weichu5034: calls 50
Mahu2021: folds 
*** FLOP *** [8d Kh 3h]
weichu5034: checks 
monty2604: bets 140
weichu5034: raises 300 to 440 and is all-in
monty2604: folds 
Uncalled bet (300) returned to weichu5034
weichu5034 collected 420 from pot
weichu5034: doesn't show hand 
*** SUMMARY ***
Total pot 420 | Rake 0 
Board [8d Kh 3h]
Seat 1: monty2604 (button) folded on the Flop
Seat 2: weichu5034 (small blind) collected (420)
Seat 3: Mahu2021 (big blind) folded before Flop



PokerStars Hand #243225477239: Tournament #3580598163, $0.92+$0.08 USD Hold'em No Limit - Level I (10/20) - 2023/04/21 14:35:47 CET [2023/04/21 8:35:47 ET]
Table '3580598163 1' 3-max Seat #2 is the button
Seat 1: monty2604 (300 in chips) 
Seat 2: weichu5034 (720 in chips) 
Seat 3: Mahu2021 (480 in chips) 
Mahu2021: posts small blind 10
monty2604: posts big blind 20
*** HOLE CARDS ***
Dealt to Mahu2021 [Th 7s]
weichu5034: folds 
Mahu2021: calls 10
monty2604: checks 
*** FLOP *** [2d 2s 3s]
Mahu2021: checks 
monty2604: checks 
*** TURN *** [2d 2s 3s] [4d]
Mahu2021: checks 
monty2604: checks 
*** RIVER *** [2d 2s 3s 4d] [8h]
Mahu2021: checks 
monty2604: checks 
*** SHOW DOWN ***
Mahu2021: shows [Th 7s] (a pair of Deuces)
monty2604: shows [6h Kd] (a pair of Deuces - King kicker)
monty2604 collected 40 from pot
*** SUMMARY ***
Total pot 40 | Rake 0 
Board [2d 2s 3s 4d 8h]
Seat 1: monty2604 (big blind) showed [6h Kd] and won (40) with a pair of Deuces
Seat 2: weichu5034 (button) folded before Flop (didn't bet)
Seat 3: Mahu2021 (small blind) showed [Th 7s] and lost with a pair of Deuces



PokerStars Hand #243225480703: Tournament #3580598163, $0.92+$0.08 USD Hold'em No Limit - Level I (10/20) - 2023/04/21 14:36:04 CET [2023/04/21 8:36:04 ET]
Table '3580598163 1' 3-max Seat #3 is the button
Seat 1: monty2604 (320 in chips) 
Seat 2: weichu5034 (720 in chips) 
Seat 3: Mahu2021 (460 in chips) 
monty2604: posts small blind 10
weichu5034: posts big blind 20
*** HOLE CARDS ***
Dealt to Mahu2021 [2s 2h]
Mahu2021: raises 20 to 40
monty2604: folds 
weichu5034: folds 
Uncalled bet (20) returned to Mahu2021
Mahu2021 collected 50 from pot
Mahu2021: doesn't show hand 
*** SUMMARY ***
Total pot 50 | Rake 0 
Seat 1: monty2604 (small blind) folded before Flop
Seat 2: weichu5034 (big blind) folded before Flop
Seat 3: Mahu2021 (button) collected (50)



PokerStars Hand #243225484071: Tournament #3580598163, $0.92+$0.08 USD Hold'em No Limit - Level I (10/20) - 2023/04/21 14:36:20 CET [2023/04/21 8:36:20 ET]
Table '3580598163 1' 3-max Seat #1 is the button
Seat 1: monty2604 (310 in chips) 
Seat 2: weichu5034 (700 in chips) 
Seat 3: Mahu2021 (490 in chips) 
weichu5034: posts small blind 10
Mahu2021: posts big blind 20
*** HOLE CARDS ***
Dealt to Mahu2021 [8h 9c]
monty2604: folds 
weichu5034: folds 
Uncalled bet (10) returned to Mahu2021
Mahu2021 collected 20 from pot
Mahu2021: doesn't show hand 
*** SUMMARY ***
Total pot 20 | Rake 0 
Seat 1: monty2604 (button) folded before Flop (didn't bet)
Seat 2: weichu5034 (small blind) folded before Flop
Seat 3: Mahu2021 (big blind) collected (20)



PokerStars Hand #243225487928: Tournament #3580598163, $0.92+$0.08 USD Hold'em No Limit - Level I (10/20) - 2023/04/21 14:36:38 CET [2023/04/21 8:36:38 ET]
Table '3580598163 1' 3-max Seat #2 is the button
Seat 1: monty2604 (310 in chips) 
Seat 2: weichu5034 (690 in chips) 
Seat 3: Mahu2021 (500 in chips) 
Mahu2021: posts small blind 10
monty2604: posts big blind 20
*** HOLE CARDS ***
Dealt to Mahu2021 [4c As]
weichu5034 has timed out
weichu5034: folds 
weichu5034 is sitting out
Mahu2021: raises 40 to 60
monty2604: calls 40
*** FLOP *** [8c 5c 2h]
Mahu2021: checks 
monty2604: checks 
*** TURN *** [8c 5c 2h] [Jh]
weichu5034 has returned
Mahu2021: bets 60
monty2604: calls 60
*** RIVER *** [8c 5c 2h Jh] [3h]
Mahu2021: bets 240
monty2604: calls 190 and is all-in
Uncalled bet (50) returned to Mahu2021
*** SHOW DOWN ***
Mahu2021: shows [4c As] (a straight, Ace to Five)
monty2604: shows [Qh Ah] (a flush, Ace high)
monty2604 collected 620 from pot
*** SUMMARY ***
Total pot 620 | Rake 0 
Board [8c 5c 2h Jh 3h]
Seat 1: monty2604 (big blind) showed [Qh Ah] and won (620) with a flush, Ace high
Seat 2: weichu5034 (button) folded before Flop (didn't bet)
Seat 3: Mahu2021 (small blind) showed [4c As] and lost with a straight, Ace to Five



PokerStars Hand #243225494692: Tournament #3580598163, $0.92+$0.08 USD Hold'em No Limit - Level I (10/20) - 2023/04/21 14:37:11 CET [2023/04/21 8:37:11 ET]
Table '3580598163 1' 3-max Seat #3 is the button
Seat 1: monty2604 (620 in chips) 
Seat 2: weichu5034 (690 in chips) 
Seat 3: Mahu2021 (190 in chips) 
monty2604: posts small blind 10
weichu5034: posts big blind 20
*** HOLE CARDS ***
Dealt to Mahu2021 [Ah 9d]
Mahu2021: raises 170 to 190 and is all-in
monty2604: calls 180
weichu5034: raises 500 to 690 and is all-in
monty2604: calls 430 and is all-in
Uncalled bet (70) returned to weichu5034
*** FLOP *** [2h 6h Qd]
*** TURN *** [2h 6h Qd] [Ts]
*** RIVER *** [2h 6h Qd Ts] [Qh]
*** SHOW DOWN ***
monty2604: shows [8d Ad] (a pair of Queens)
weichu5034: shows [Ac 8h] (a pair of Queens)
monty2604 collected 430 from side pot
weichu5034 collected 430 from side pot
Mahu2021: shows [Ah 9d] (a pair of Queens - Ace+Ten+Nine kicker)
Mahu2021 collected 570 from main pot
*** SUMMARY ***
Total pot 1430 Main pot 570. Side pot 860. | Rake 0 
Board [2h 6h Qd Ts Qh]
Seat 1: monty2604 (small blind) showed [8d Ad] and won (430) with a pair of Queens
Seat 2: weichu5034 (big blind) showed [Ac 8h] and won (430) with a pair of Queens
Seat 3: Mahu2021 (button) showed [Ah 9d] and won (570) with a pair of Queens



PokerStars Hand #243225498677: Tournament #3580598163, $0.92+$0.08 USD Hold'em No Limit - Level I (10/20) - 2023/04/21 14:37:30 CET [2023/04/21 8:37:30 ET]
Table '3580598163 1' 3-max Seat #1 is the button
Seat 1: monty2604 (430 in chips) 
Seat 2: weichu5034 (500 in chips) 
Seat 3: Mahu2021 (570 in chips) 
weichu5034: posts small blind 10
Mahu2021: posts big blind 20
*** HOLE CARDS ***
Dealt to Mahu2021 [8c Qc]
monty2604: folds 
weichu5034: calls 10
Mahu2021: checks 
*** FLOP *** [5s Qs 6d]
weichu5034: checks 
Mahu2021: bets 20
weichu5034: calls 20
*** TURN *** [5s Qs 6d] [5h]
weichu5034: checks 
Mahu2021: bets 80
weichu5034: folds 
Uncalled bet (80) returned to Mahu2021
Mahu2021 collected 80 from pot
Mahu2021: doesn't show hand 
*** SUMMARY ***
Total pot 80 | Rake 0 
Board [5s Qs 6d 5h]
Seat 1: monty2604 (button) folded before Flop (didn't bet)
Seat 2: weichu5034 (small blind) folded on the Turn
Seat 3: Mahu2021 (big blind) collected (80)



PokerStars Hand #243225505976: Tournament #3580598163, $0.92+$0.08 USD Hold'em No Limit - Level I (10/20) - 2023/04/21 14:38:05 CET [2023/04/21 8:38:05 ET]
Table '3580598163 1' 3-max Seat #2 is the button
Seat 1: monty2604 (430 in chips) 
Seat 2: weichu5034 (460 in chips) 
Seat 3: Mahu2021 (610 in chips) 
Mahu2021: posts small blind 10
monty2604: posts big blind 20
*** HOLE CARDS ***
Dealt to Mahu2021 [8c 6h]
weichu5034: calls 20
Mahu2021: calls 10
monty2604: checks 
*** FLOP *** [9c 6d Kc]
Mahu2021: checks 
monty2604: bets 60
weichu5034: calls 60
Mahu2021: folds 
*** TURN *** [9c 6d Kc] [7c]
monty2604: checks 
weichu5034: checks 
*** RIVER *** [9c 6d Kc 7c] [Jd]
monty2604: checks 
weichu5034: bets 80
monty2604: calls 80
*** SHOW DOWN ***
weichu5034: shows [8s Kd] (a pair of Kings)
monty2604: mucks hand 
weichu5034 collected 340 from pot
*** SUMMARY ***
Total pot 340 | Rake 0 
Board [9c 6d Kc 7c Jd]
Seat 1: monty2604 (big blind) mucked [9s Qh]
Seat 2: weichu5034 (button) showed [8s Kd] and won (340) with a pair of Kings
Seat 3: Mahu2021 (small blind) folded on the Flop



PokerStars Hand #243225513119: Tournament #3580598163, $0.92+$0.08 USD Hold'em No Limit - Level II (15/30) - 2023/04/21 14:38:40 CET [2023/04/21 8:38:40 ET]
Table '3580598163 1' 3-max Seat #3 is the button
Seat 1: monty2604 (270 in chips) 
Seat 2: weichu5034 (640 in chips) 
Seat 3: Mahu2021 (590 in chips) 
monty2604: posts small blind 15
weichu5034: posts big blind 30
*** HOLE CARDS ***
Dealt to Mahu2021 [2d 2h]
Mahu2021: raises 60 to 90
monty2604: calls 75
weichu5034: folds 
*** FLOP *** [2c 7c Jh]
monty2604: bets 30
Mahu2021: raises 270 to 300
monty2604: calls 150 and is all-in
Uncalled bet (120) returned to Mahu2021
*** TURN *** [2c 7c Jh] [Ks]
*** RIVER *** [2c 7c Jh Ks] [3c]
*** SHOW DOWN ***
monty2604: shows [Ah Ac] (a pair of Aces)
Mahu2021: shows [2d 2h] (three of a kind, Deuces)
Mahu2021 collected 570 from pot
monty2604 finished the tournament in 3rd place
*** SUMMARY ***
Total pot 570 | Rake 0 
Board [2c 7c Jh Ks 3c]
Seat 1: monty2604 (small blind) showed [Ah Ac] and lost with a pair of Aces
Seat 2: weichu5034 (big blind) folded before Flop
Seat 3: Mahu2021 (button) showed [2d 2h] and won (570) with three of a kind, Deuces



PokerStars Hand #243225518551: Tournament #3580598163, $0.92+$0.08 USD Hold'em No Limit - Level II (15/30) - 2023/04/21 14:39:06 CET [2023/04/21 8:39:06 ET]
Table '3580598163 1' 3-max Seat #2 is the button
Seat 2: weichu5034 (610 in chips) 
Seat 3: Mahu2021 (890 in chips) 
weichu5034: posts small blind 15
Mahu2021: posts big blind 30
*** HOLE CARDS ***
Dealt to Mahu2021 [2s 3d]
weichu5034: calls 15
Mahu2021: checks 
*** FLOP *** [6h 6c 6d]
Mahu2021: checks 
weichu5034: checks 
*** TURN *** [6h 6c 6d] [9s]
Mahu2021: checks 
weichu5034: bets 30
Mahu2021: folds 
Uncalled bet (30) returned to weichu5034
weichu5034 collected 60 from pot
weichu5034: doesn't show hand 
*** SUMMARY ***
Total pot 60 | Rake 0 
Board [6h 6c 6d 9s]
Seat 2: weichu5034 (button) (small blind) collected (60)
Seat 3: Mahu2021 (big blind) folded on the Turn



PokerStars Hand #243225522501: Tournament #3580598163, $0.92+$0.08 USD Hold'em No Limit - Level II (15/30) - 2023/04/21 14:39:25 CET [2023/04/21 8:39:25 ET]
Table '3580598163 1' 3-max Seat #3 is the button
Seat 2: weichu5034 (640 in chips) 
Seat 3: Mahu2021 (860 in chips) 
Mahu2021: posts small blind 15
weichu5034: posts big blind 30
*** HOLE CARDS ***
Dealt to Mahu2021 [Kd 8d]
Mahu2021: raises 60 to 90
weichu5034: folds 
Uncalled bet (60) returned to Mahu2021
Mahu2021 collected 60 from pot
Mahu2021: doesn't show hand 
*** SUMMARY ***
Total pot 60 | Rake 0 
Seat 2: weichu5034 (big blind) folded before Flop
Seat 3: Mahu2021 (button) (small blind) collected (60)



PokerStars Hand #243225523898: Tournament #3580598163, $0.92+$0.08 USD Hold'em No Limit - Level II (15/30) - 2023/04/21 14:39:32 CET [2023/04/21 8:39:32 ET]
Table '3580598163 1' 3-max Seat #2 is the button
Seat 2: weichu5034 (610 in chips) 
Seat 3: Mahu2021 (890 in chips) 
weichu5034: posts small blind 15
Mahu2021: posts big blind 30
*** HOLE CARDS ***
Dealt to Mahu2021 [2d 9c]
weichu5034: raises 30 to 60
Mahu2021: folds 
Uncalled bet (30) returned to weichu5034
weichu5034 collected 60 from pot
weichu5034: doesn't show hand 
*** SUMMARY ***
Total pot 60 | Rake 0 
Seat 2: weichu5034 (button) (small blind) collected (60)
Seat 3: Mahu2021 (big blind) folded before Flop



PokerStars Hand #243225525547: Tournament #3580598163, $0.92+$0.08 USD Hold'em No Limit - Level II (15/30) - 2023/04/21 14:39:39 CET [2023/04/21 8:39:39 ET]
Table '3580598163 1' 3-max Seat #3 is the button
Seat 2: weichu5034 (640 in chips) 
Seat 3: Mahu2021 (860 in chips) 
Mahu2021: posts small blind 15
weichu5034: posts big blind 30
*** HOLE CARDS ***
Dealt to Mahu2021 [Kd 3s]
Mahu2021: calls 15
weichu5034: checks 
*** FLOP *** [6d 9h Jh]
weichu5034: checks 
Mahu2021: checks 
*** TURN *** [6d 9h Jh] [Js]
weichu5034: checks 
Mahu2021: checks 
*** RIVER *** [6d 9h Jh Js] [Th]
weichu5034: checks 
Mahu2021: checks 
*** SHOW DOWN ***
weichu5034: shows [4d 3h] (a pair of Jacks)
Mahu2021: shows [Kd 3s] (a pair of Jacks - King kicker)
Mahu2021 collected 60 from pot
*** SUMMARY ***
Total pot 60 | Rake 0 
Board [6d 9h Jh Js Th]
Seat 2: weichu5034 (big blind) showed [4d 3h] and lost with a pair of Jacks
Seat 3: Mahu2021 (button) (small blind) showed [Kd 3s] and won (60) with a pair of Jacks



PokerStars Hand #243225530129: Tournament #3580598163, $0.92+$0.08 USD Hold'em No Limit - Level II (15/30) - 2023/04/21 14:40:01 CET [2023/04/21 8:40:01 ET]
Table '3580598163 1' 3-max Seat #2 is the button
Seat 2: weichu5034 (610 in chips) 
Seat 3: Mahu2021 (890 in chips) 
weichu5034: posts small blind 15
Mahu2021: posts big blind 30
*** HOLE CARDS ***
Dealt to Mahu2021 [Qc 7h]
weichu5034: calls 15
Mahu2021: checks 
*** FLOP *** [As 2h 8c]
Mahu2021: checks 
weichu5034: checks 
*** TURN *** [As 2h 8c] [2d]
Mahu2021: bets 60
weichu5034: folds 
Uncalled bet (60) returned to Mahu2021
Mahu2021 collected 60 from pot
Mahu2021: doesn't show hand 
*** SUMMARY ***
Total pot 60 | Rake 0 
Board [As 2h 8c 2d]
Seat 2: weichu5034 (button) (small blind) folded on the Turn
Seat 3: Mahu2021 (big blind) collected (60)



PokerStars Hand #243225534512: Tournament #3580598163, $0.92+$0.08 USD Hold'em No Limit - Level II (15/30) - 2023/04/21 14:40:22 CET [2023/04/21 8:40:22 ET]
Table '3580598163 1' 3-max Seat #3 is the button
Seat 2: weichu5034 (580 in chips) 
Seat 3: Mahu2021 (920 in chips) 
Mahu2021: posts small blind 15
weichu5034: posts big blind 30
*** HOLE CARDS ***
Dealt to Mahu2021 [Qh Qc]
Mahu2021: raises 60 to 90
weichu5034: calls 60
*** FLOP *** [Kc 9s 8h]
weichu5034: checks 
Mahu2021: checks 
*** TURN *** [Kc 9s 8h] [7h]
weichu5034: bets 90
Mahu2021: calls 90
*** RIVER *** [Kc 9s 8h 7h] [4c]
weichu5034: bets 400 and is all-in
Mahu2021: calls 400
*** SHOW DOWN ***
weichu5034: shows [9d Ks] (two pair, Kings and Nines)
Mahu2021: shows [Qh Qc] (a pair of Queens)
weichu5034 collected 1160 from pot
*** SUMMARY ***
Total pot 1160 | Rake 0 
Board [Kc 9s 8h 7h 4c]
Seat 2: weichu5034 (big blind) showed [9d Ks] and won (1160) with two pair, Kings and Nines
Seat 3: Mahu2021 (button) (small blind) showed [Qh Qc] and lost with a pair of Queens



PokerStars Hand #243225539562: Tournament #3580598163, $0.92+$0.08 USD Hold'em No Limit - Level II (15/30) - 2023/04/21 14:40:46 CET [2023/04/21 8:40:46 ET]
Table '3580598163 1' 3-max Seat #2 is the button
Seat 2: weichu5034 (1160 in chips) 
Seat 3: Mahu2021 (340 in chips) 
weichu5034: posts small blind 15
Mahu2021: posts big blind 30
*** HOLE CARDS ***
Dealt to Mahu2021 [2c Kh]
weichu5034: calls 15
Mahu2021: checks 
*** FLOP *** [Qc 7s Tc]
Mahu2021: checks 
weichu5034: bets 30
Mahu2021: folds 
Uncalled bet (30) returned to weichu5034
weichu5034 collected 60 from pot
weichu5034: doesn't show hand 
*** SUMMARY ***
Total pot 60 | Rake 0 
Board [Qc 7s Tc]
Seat 2: weichu5034 (button) (small blind) collected (60)
Seat 3: Mahu2021 (big blind) folded on the Flop



PokerStars Hand #243225541890: Tournament #3580598163, $0.92+$0.08 USD Hold'em No Limit - Level II (15/30) - 2023/04/21 14:40:57 CET [2023/04/21 8:40:57 ET]
Table '3580598163 1' 3-max Seat #3 is the button
Seat 2: weichu5034 (1190 in chips) 
Seat 3: Mahu2021 (310 in chips) 
Mahu2021: posts small blind 15
weichu5034: posts big blind 30
*** HOLE CARDS ***
Dealt to Mahu2021 [5c 7c]
Mahu2021: calls 15
weichu5034: raises 60 to 90
Mahu2021: calls 60
*** FLOP *** [7s 5d 9s]
weichu5034: checks 
Mahu2021: bets 220 and is all-in
weichu5034: calls 220
*** TURN *** [7s 5d 9s] [Jd]
*** RIVER *** [7s 5d 9s Jd] [Tc]
*** SHOW DOWN ***
weichu5034: shows [Jh Qd] (a pair of Jacks)
Mahu2021: shows [5c 7c] (two pair, Sevens and Fives)
Mahu2021 collected 620 from pot
*** SUMMARY ***
Total pot 620 | Rake 0 
Board [7s 5d 9s Jd Tc]
Seat 2: weichu5034 (big blind) showed [Jh Qd] and lost with a pair of Jacks
Seat 3: Mahu2021 (button) (small blind) showed [5c 7c] and won (620) with two pair, Sevens and Fives



PokerStars Hand #243225545839: Tournament #3580598163, $0.92+$0.08 USD Hold'em No Limit - Level II (15/30) - 2023/04/21 14:41:16 CET [2023/04/21 8:41:16 ET]
Table '3580598163 1' 3-max Seat #2 is the button
Seat 2: weichu5034 (880 in chips) 
Seat 3: Mahu2021 (620 in chips) 
weichu5034: posts small blind 15
Mahu2021: posts big blind 30
*** HOLE CARDS ***
Dealt to Mahu2021 [7h Js]
weichu5034: calls 15
Mahu2021: checks 
*** FLOP *** [9d 9s 3c]
Mahu2021: checks 
weichu5034: bets 30
Mahu2021: folds 
Uncalled bet (30) returned to weichu5034
weichu5034 collected 60 from pot
weichu5034: doesn't show hand 
*** SUMMARY ***
Total pot 60 | Rake 0 
Board [9d 9s 3c]
Seat 2: weichu5034 (button) (small blind) collected (60)
Seat 3: Mahu2021 (big blind) folded on the Flop



PokerStars Hand #243225549267: Tournament #3580598163, $0.92+$0.08 USD Hold'em No Limit - Level III (20/40) - 2023/04/21 14:41:32 CET [2023/04/21 8:41:32 ET]
Table '3580598163 1' 3-max Seat #3 is the button
Seat 2: weichu5034 (910 in chips) 
Seat 3: Mahu2021 (590 in chips) 
Mahu2021: posts small blind 20
weichu5034: posts big blind 40
*** HOLE CARDS ***
Dealt to Mahu2021 [4h 7h]
Mahu2021: calls 20
weichu5034: checks 
*** FLOP *** [7s Kd Qs]
weichu5034: checks 
Mahu2021: bets 40
weichu5034: raises 40 to 80
Mahu2021: calls 40
*** TURN *** [7s Kd Qs] [9s]
weichu5034: bets 790 and is all-in
Mahu2021: folds 
Uncalled bet (790) returned to weichu5034
weichu5034 collected 240 from pot
weichu5034: doesn't show hand 
*** SUMMARY ***
Total pot 240 | Rake 0 
Board [7s Kd Qs 9s]
Seat 2: weichu5034 (big blind) collected (240)
Seat 3: Mahu2021 (button) (small blind) folded on the Turn



PokerStars Hand #243225553205: Tournament #3580598163, $0.92+$0.08 USD Hold'em No Limit - Level III (20/40) - 2023/04/21 14:41:51 CET [2023/04/21 8:41:51 ET]
Table '3580598163 1' 3-max Seat #2 is the button
Seat 2: weichu5034 (1030 in chips) 
Seat 3: Mahu2021 (470 in chips) 
weichu5034: posts small blind 20
Mahu2021: posts big blind 40
*** HOLE CARDS ***
Dealt to Mahu2021 [8c 6h]
weichu5034: calls 20
Mahu2021: checks 
*** FLOP *** [Jh 7h 8s]
Mahu2021: bets 430 and is all-in
weichu5034: calls 430
*** TURN *** [Jh 7h 8s] [2h]
*** RIVER *** [Jh 7h 8s 2h] [3h]
*** SHOW DOWN ***
Mahu2021: shows [8c 6h] (a flush, Jack high)
weichu5034: shows [8d 9d] (a pair of Eights)
Mahu2021 collected 940 from pot
*** SUMMARY ***
Total pot 940 | Rake 0 
Board [Jh 7h 8s 2h 3h]
Seat 2: weichu5034 (button) (small blind) showed [8d 9d] and lost with a pair of Eights
Seat 3: Mahu2021 (big blind) showed [8c 6h] and won (940) with a flush, Jack high



PokerStars Hand #243225556728: Tournament #3580598163, $0.92+$0.08 USD Hold'em No Limit - Level III (20/40) - 2023/04/21 14:42:07 CET [2023/04/21 8:42:07 ET]
Table '3580598163 1' 3-max Seat #3 is the button
Seat 2: weichu5034 (560 in chips) 
Seat 3: Mahu2021 (940 in chips) 
Mahu2021: posts small blind 20
weichu5034: posts big blind 40
*** HOLE CARDS ***
Dealt to Mahu2021 [2s As]
Mahu2021: raises 80 to 120
weichu5034: folds 
Uncalled bet (80) returned to Mahu2021
Mahu2021 collected 80 from pot
Mahu2021: doesn't show hand 
*** SUMMARY ***
Total pot 80 | Rake 0 
Seat 2: weichu5034 (big blind) folded before Flop
Seat 3: Mahu2021 (button) (small blind) collected (80)



PokerStars Hand #243225558795: Tournament #3580598163, $0.92+$0.08 USD Hold'em No Limit - Level III (20/40) - 2023/04/21 14:42:17 CET [2023/04/21 8:42:17 ET]
Table '3580598163 1' 3-max Seat #2 is the button
Seat 2: weichu5034 (520 in chips) 
Seat 3: Mahu2021 (980 in chips) 
weichu5034: posts small blind 20
Mahu2021: posts big blind 40
*** HOLE CARDS ***
Dealt to Mahu2021 [2h Kd]
weichu5034: folds 
Uncalled bet (20) returned to Mahu2021
Mahu2021 collected 40 from pot
Mahu2021: doesn't show hand 
*** SUMMARY ***
Total pot 40 | Rake 0 
Seat 2: weichu5034 (button) (small blind) folded before Flop
Seat 3: Mahu2021 (big blind) collected (40)



PokerStars Hand #243225559855: Tournament #3580598163, $0.92+$0.08 USD Hold'em No Limit - Level III (20/40) - 2023/04/21 14:42:22 CET [2023/04/21 8:42:22 ET]
Table '3580598163 1' 3-max Seat #3 is the button
Seat 2: weichu5034 (500 in chips) 
Seat 3: Mahu2021 (1000 in chips) 
Mahu2021: posts small blind 20
weichu5034: posts big blind 40
*** HOLE CARDS ***
Dealt to Mahu2021 [Ks 3h]
Mahu2021: raises 80 to 120
weichu5034: calls 80
*** FLOP *** [7s 8s 2c]
weichu5034: bets 380 and is all-in
Mahu2021: folds 
Uncalled bet (380) returned to weichu5034
weichu5034 collected 240 from pot
weichu5034: doesn't show hand 
*** SUMMARY ***
Total pot 240 | Rake 0 
Board [7s 8s 2c]
Seat 2: weichu5034 (big blind) collected (240)
Seat 3: Mahu2021 (button) (small blind) folded on the Flop



PokerStars Hand #243225562322: Tournament #3580598163, $0.92+$0.08 USD Hold'em No Limit - Level III (20/40) - 2023/04/21 14:42:34 CET [2023/04/21 8:42:34 ET]
Table '3580598163 1' 3-max Seat #2 is the button
Seat 2: weichu5034 (620 in chips) 
Seat 3: Mahu2021 (880 in chips) 
weichu5034: posts small blind 20
Mahu2021: posts big blind 40
*** HOLE CARDS ***
Dealt to Mahu2021 [8c 3s]
weichu5034: calls 20
Mahu2021: checks 
*** FLOP *** [Qc 3h 9h]
Mahu2021: checks 
weichu5034: bets 40
Mahu2021: calls 40
*** TURN *** [Qc 3h 9h] [Js]
Mahu2021: checks 
weichu5034: bets 40
Mahu2021: folds 
Uncalled bet (40) returned to weichu5034
weichu5034 collected 160 from pot
weichu5034: doesn't show hand 
*** SUMMARY ***
Total pot 160 | Rake 0 
Board [Qc 3h 9h Js]
Seat 2: weichu5034 (button) (small blind) collected (160)
Seat 3: Mahu2021 (big blind) folded on the Turn



PokerStars Hand #243225565488: Tournament #3580598163, $0.92+$0.08 USD Hold'em No Limit - Level III (20/40) - 2023/04/21 14:42:49 CET [2023/04/21 8:42:49 ET]
Table '3580598163 1' 3-max Seat #3 is the button
Seat 2: weichu5034 (700 in chips) 
Seat 3: Mahu2021 (800 in chips) 
Mahu2021: posts small blind 20
weichu5034: posts big blind 40
*** HOLE CARDS ***
Dealt to Mahu2021 [7d 2s]
Mahu2021: folds 
Uncalled bet (20) returned to weichu5034
weichu5034 collected 40 from pot
weichu5034: doesn't show hand 
*** SUMMARY ***
Total pot 40 | Rake 0 
Seat 2: weichu5034 (big blind) collected (40)
Seat 3: Mahu2021 (button) (small blind) folded before Flop



PokerStars Hand #243225566374: Tournament #3580598163, $0.92+$0.08 USD Hold'em No Limit - Level III (20/40) - 2023/04/21 14:42:53 CET [2023/04/21 8:42:53 ET]
Table '3580598163 1' 3-max Seat #2 is the button
Seat 2: weichu5034 (720 in chips) 
Seat 3: Mahu2021 (780 in chips) 
weichu5034: posts small blind 20
Mahu2021: posts big blind 40
*** HOLE CARDS ***
Dealt to Mahu2021 [3h 6s]
weichu5034: folds 
Uncalled bet (20) returned to Mahu2021
Mahu2021 collected 40 from pot
Mahu2021: doesn't show hand 
*** SUMMARY ***
Total pot 40 | Rake 0 
Seat 2: weichu5034 (button) (small blind) folded before Flop
Seat 3: Mahu2021 (big blind) collected (40)



PokerStars Hand #243225567473: Tournament #3580598163, $0.92+$0.08 USD Hold'em No Limit - Level III (20/40) - 2023/04/21 14:42:58 CET [2023/04/21 8:42:58 ET]
Table '3580598163 1' 3-max Seat #3 is the button
Seat 2: weichu5034 (700 in chips) 
Seat 3: Mahu2021 (800 in chips) 
Mahu2021: posts small blind 20
weichu5034: posts big blind 40
*** HOLE CARDS ***
Dealt to Mahu2021 [3d Qc]
Mahu2021: folds 
Uncalled bet (20) returned to weichu5034
weichu5034 collected 40 from pot
weichu5034: doesn't show hand 
*** SUMMARY ***
Total pot 40 | Rake 0 
Seat 2: weichu5034 (big blind) collected (40)
Seat 3: Mahu2021 (button) (small blind) folded before Flop



PokerStars Hand #243225568423: Tournament #3580598163, $0.92+$0.08 USD Hold'em No Limit - Level III (20/40) - 2023/04/21 14:43:02 CET [2023/04/21 8:43:02 ET]
Table '3580598163 1' 3-max Seat #2 is the button
Seat 2: weichu5034 (720 in chips) 
Seat 3: Mahu2021 (780 in chips) 
weichu5034: posts small blind 20
Mahu2021: posts big blind 40
*** HOLE CARDS ***
Dealt to Mahu2021 [Ad Qc]
weichu5034: calls 20
Mahu2021: raises 120 to 160
weichu5034: raises 560 to 720 and is all-in
Mahu2021: calls 560
*** FLOP *** [4s 6c 5d]
*** TURN *** [4s 6c 5d] [3d]
*** RIVER *** [4s 6c 5d 3d] [9h]
*** SHOW DOWN ***
Mahu2021: shows [Ad Qc] (high card Ace)
weichu5034: shows [2c 2h] (a straight, Deuce to Six)
weichu5034 collected 1440 from pot
*** SUMMARY ***
Total pot 1440 | Rake 0 
Board [4s 6c 5d 3d 9h]
Seat 2: weichu5034 (button) (small blind) showed [2c 2h] and won (1440) with a straight, Deuce to Six
Seat 3: Mahu2021 (big blind) showed [Ad Qc] and lost with high card Ace



PokerStars Hand #243225572031: Tournament #3580598163, $0.92+$0.08 USD Hold'em No Limit - Level III (20/40) - 2023/04/21 14:43:19 CET [2023/04/21 8:43:19 ET]
Table '3580598163 1' 3-max Seat #3 is the button
Seat 2: weichu5034 (1440 in chips) 
Seat 3: Mahu2021 (60 in chips) 
Mahu2021: posts small blind 20
weichu5034: posts big blind 40
*** HOLE CARDS ***
Dealt to Mahu2021 [8h Qs]
Mahu2021: raises 20 to 60 and is all-in
weichu5034: calls 20
*** FLOP *** [Kd 3h 3d]
*** TURN *** [Kd 3h 3d] [7c]
*** RIVER *** [Kd 3h 3d 7c] [2s]
*** SHOW DOWN ***
weichu5034: shows [Jh Jc] (two pair, Jacks and Threes)
Mahu2021: shows [8h Qs] (a pair of Threes)
weichu5034 collected 120 from pot
Mahu2021 finished the tournament in 2nd place
weichu5034 wins the tournament and receives $3.00 - congratulations!
*** SUMMARY ***
Total pot 120 | Rake 0 
Board [Kd 3h 3d 7c 2s]
Seat 2: weichu5034 (big blind) showed [Jh Jc] and won (120) with two pair, Jacks and Threes
Seat 3: Mahu2021 (button) (small blind) showed [8h Qs] and lost with a pair of Threes



