PokerStars Hand #247569194207: Tournament #3684285096, $1.84+$0.16 USD Hold'em No Limit - Level I (10/20) - 2023/12/09 21:02:32 CET [2023/12/09 15:02:32 ET]
Table '3684285096 1' 3-max Seat #1 is the button
Seat 1: Mahu2021 (500 in chips) 
Seat 2: Zianon (500 in chips) 
Seat 3: Smet1100 (500 in chips) 
Zianon: posts small blind 10
Smet1100: posts big blind 20
*** HOLE CARDS ***
Dealt to Mahu2021 [4c As]
Mahu2021: folds 
Zianon: raises 20 to 40
Smet1100: folds 
Uncalled bet (20) returned to Zianon
Zianon collected 40 from pot
Zianon: doesn't show hand 
*** SUMMARY ***
Total pot 40 | Rake 0 
Seat 1: Mahu2021 (button) folded before Flop (didn't bet)
Seat 2: Zianon (small blind) collected (40)
Seat 3: Smet1100 (big blind) folded before Flop



PokerStars Hand #247569197538: Tournament #3684285096, $1.84+$0.16 USD Hold'em No Limit - Level I (10/20) - 2023/12/09 21:02:43 CET [2023/12/09 15:02:43 ET]
Table '3684285096 1' 3-max Seat #2 is the button
Seat 1: Mahu2021 (500 in chips) 
Seat 2: Zianon (520 in chips) 
Seat 3: Smet1100 (480 in chips) 
Smet1100: posts small blind 10
Mahu2021: posts big blind 20
*** HOLE CARDS ***
Dealt to Mahu2021 [6c 7s]
Zianon: folds 
Smet1100: folds 
Uncalled bet (10) returned to Mahu2021
Mahu2021 collected 20 from pot
Mahu2021: doesn't show hand 
*** SUMMARY ***
Total pot 20 | Rake 0 
Seat 1: Mahu2021 (big blind) collected (20)
Seat 2: Zianon (button) folded before Flop (didn't bet)
Seat 3: Smet1100 (small blind) folded before Flop



PokerStars Hand #247569200749: Tournament #3684285096, $1.84+$0.16 USD Hold'em No Limit - Level I (10/20) - 2023/12/09 21:02:52 CET [2023/12/09 15:02:52 ET]
Table '3684285096 1' 3-max Seat #3 is the button
Seat 1: Mahu2021 (510 in chips) 
Seat 2: Zianon (520 in chips) 
Seat 3: Smet1100 (470 in chips) 
Mahu2021: posts small blind 10
Zianon: posts big blind 20
*** HOLE CARDS ***
Dealt to Mahu2021 [3c 5c]
Smet1100: raises 20 to 40
Mahu2021: calls 30
Zianon: folds 
*** FLOP *** [7s 8h 2d]
Mahu2021: checks 
Smet1100: checks 
*** TURN *** [7s 8h 2d] [Jh]
Mahu2021: checks 
Smet1100: bets 50
Mahu2021: folds 
Uncalled bet (50) returned to Smet1100
Smet1100 collected 100 from pot
*** SUMMARY ***
Total pot 100 | Rake 0 
Board [7s 8h 2d Jh]
Seat 1: Mahu2021 (small blind) folded on the Turn
Seat 2: Zianon (big blind) folded before Flop
Seat 3: Smet1100 (button) collected (100)



PokerStars Hand #247569210096: Tournament #3684285096, $1.84+$0.16 USD Hold'em No Limit - Level I (10/20) - 2023/12/09 21:03:20 CET [2023/12/09 15:03:20 ET]
Table '3684285096 1' 3-max Seat #1 is the button
Seat 1: Mahu2021 (470 in chips) 
Seat 2: Zianon (500 in chips) 
Seat 3: Smet1100 (530 in chips) 
Zianon: posts small blind 10
Smet1100: posts big blind 20
*** HOLE CARDS ***
Dealt to Mahu2021 [As 2c]
Mahu2021: calls 20
Zianon: raises 480 to 500 and is all-in
Smet1100: folds 
Mahu2021: folds 
Uncalled bet (480) returned to Zianon
Zianon collected 60 from pot
Zianon: doesn't show hand 
*** SUMMARY ***
Total pot 60 | Rake 0 
Seat 1: Mahu2021 (button) folded before Flop
Seat 2: Zianon (small blind) collected (60)
Seat 3: Smet1100 (big blind) folded before Flop



PokerStars Hand #247569213945: Tournament #3684285096, $1.84+$0.16 USD Hold'em No Limit - Level I (10/20) - 2023/12/09 21:03:33 CET [2023/12/09 15:03:33 ET]
Table '3684285096 1' 3-max Seat #2 is the button
Seat 1: Mahu2021 (450 in chips) 
Seat 2: Zianon (540 in chips) 
Seat 3: Smet1100 (510 in chips) 
Smet1100: posts small blind 10
Mahu2021: posts big blind 20
*** HOLE CARDS ***
Dealt to Mahu2021 [9s 8c]
Zianon: raises 20 to 40
Smet1100: calls 30
Mahu2021: calls 20
*** FLOP *** [6d Td 3s]
Smet1100: checks 
Mahu2021: checks 
Zianon: bets 40
Smet1100: calls 40
Mahu2021: folds 
*** TURN *** [6d Td 3s] [Jh]
Smet1100: checks 
Zianon: checks 
*** RIVER *** [6d Td 3s Jh] [2h]
Smet1100: checks 
Zianon: checks 
*** SHOW DOWN ***
Smet1100: shows [4c 4s] (a pair of Fours)
Zianon: mucks hand 
Smet1100 collected 200 from pot
*** SUMMARY ***
Total pot 200 | Rake 0 
Board [6d Td 3s Jh 2h]
Seat 1: Mahu2021 (big blind) folded on the Flop
Seat 2: Zianon (button) mucked [5h Ah]
Seat 3: Smet1100 (small blind) showed [4c 4s] and won (200) with a pair of Fours



PokerStars Hand #247569229742: Tournament #3684285096, $1.84+$0.16 USD Hold'em No Limit - Level I (10/20) - 2023/12/09 21:04:21 CET [2023/12/09 15:04:21 ET]
Table '3684285096 1' 3-max Seat #3 is the button
Seat 1: Mahu2021 (410 in chips) 
Seat 2: Zianon (460 in chips) 
Seat 3: Smet1100 (630 in chips) 
Mahu2021: posts small blind 10
Zianon: posts big blind 20
*** HOLE CARDS ***
Dealt to Mahu2021 [5d 2s]
Smet1100: folds 
Mahu2021: folds 
Uncalled bet (10) returned to Zianon
Zianon collected 20 from pot
Zianon: doesn't show hand 
*** SUMMARY ***
Total pot 20 | Rake 0 
Seat 1: Mahu2021 (small blind) folded before Flop
Seat 2: Zianon (big blind) collected (20)
Seat 3: Smet1100 (button) folded before Flop (didn't bet)



PokerStars Hand #247569233613: Tournament #3684285096, $1.84+$0.16 USD Hold'em No Limit - Level I (10/20) - 2023/12/09 21:04:33 CET [2023/12/09 15:04:33 ET]
Table '3684285096 1' 3-max Seat #1 is the button
Seat 1: Mahu2021 (400 in chips) 
Seat 2: Zianon (470 in chips) 
Seat 3: Smet1100 (630 in chips) 
Zianon: posts small blind 10
Smet1100: posts big blind 20
*** HOLE CARDS ***
Dealt to Mahu2021 [Ks 4s]
Mahu2021: calls 20
Zianon: raises 450 to 470 and is all-in
Smet1100: folds 
Mahu2021: folds 
Uncalled bet (450) returned to Zianon
Zianon collected 60 from pot
Zianon: doesn't show hand 
*** SUMMARY ***
Total pot 60 | Rake 0 
Seat 1: Mahu2021 (button) folded before Flop
Seat 2: Zianon (small blind) collected (60)
Seat 3: Smet1100 (big blind) folded before Flop



PokerStars Hand #247569242207: Tournament #3684285096, $1.84+$0.16 USD Hold'em No Limit - Level I (10/20) - 2023/12/09 21:04:59 CET [2023/12/09 15:04:59 ET]
Table '3684285096 1' 3-max Seat #2 is the button
Seat 1: Mahu2021 (380 in chips) 
Seat 2: Zianon (510 in chips) 
Seat 3: Smet1100 (610 in chips) 
Smet1100: posts small blind 10
Mahu2021: posts big blind 20
*** HOLE CARDS ***
Dealt to Mahu2021 [Kd 4s]
Zianon: folds 
Smet1100: raises 20 to 40
Mahu2021: calls 20
*** FLOP *** [Jh 3c 7d]
Smet1100: checks 
Mahu2021: bets 40
Smet1100: folds 
Uncalled bet (40) returned to Mahu2021
Mahu2021 collected 80 from pot
Mahu2021: doesn't show hand 
*** SUMMARY ***
Total pot 80 | Rake 0 
Board [Jh 3c 7d]
Seat 1: Mahu2021 (big blind) collected (80)
Seat 2: Zianon (button) folded before Flop (didn't bet)
Seat 3: Smet1100 (small blind) folded on the Flop



PokerStars Hand #247569248503: Tournament #3684285096, $1.84+$0.16 USD Hold'em No Limit - Level I (10/20) - 2023/12/09 21:05:18 CET [2023/12/09 15:05:18 ET]
Table '3684285096 1' 3-max Seat #3 is the button
Seat 1: Mahu2021 (420 in chips) 
Seat 2: Zianon (510 in chips) 
Seat 3: Smet1100 (570 in chips) 
Mahu2021: posts small blind 10
Zianon: posts big blind 20
*** HOLE CARDS ***
Dealt to Mahu2021 [Ac Ts]
Smet1100: raises 40 to 60
Mahu2021: calls 50
Zianon: calls 40
*** FLOP *** [Ah 7d 3d]
Mahu2021: bets 60
Zianon: folds 
Smet1100: raises 80 to 140
Mahu2021: raises 220 to 360 and is all-in
Smet1100: calls 220
*** TURN *** [Ah 7d 3d] [7h]
*** RIVER *** [Ah 7d 3d 7h] [5h]
*** SHOW DOWN ***
Mahu2021: shows [Ac Ts] (two pair, Aces and Sevens)
Smet1100: shows [8s 8d] (two pair, Eights and Sevens)
Mahu2021 collected 900 from pot
*** SUMMARY ***
Total pot 900 | Rake 0 
Board [Ah 7d 3d 7h 5h]
Seat 1: Mahu2021 (small blind) showed [Ac Ts] and won (900) with two pair, Aces and Sevens
Seat 2: Zianon (big blind) folded on the Flop
Seat 3: Smet1100 (button) showed [8s 8d] and lost with two pair, Eights and Sevens



PokerStars Hand #247569259002: Tournament #3684285096, $1.84+$0.16 USD Hold'em No Limit - Level II (15/30) - 2023/12/09 21:05:49 CET [2023/12/09 15:05:49 ET]
Table '3684285096 1' 3-max Seat #1 is the button
Seat 1: Mahu2021 (900 in chips) 
Seat 2: Zianon (450 in chips) 
Seat 3: Smet1100 (150 in chips) 
Zianon: posts small blind 15
Smet1100: posts big blind 30
*** HOLE CARDS ***
Dealt to Mahu2021 [Kh Th]
Mahu2021: calls 30
Zianon: calls 15
Smet1100: checks 
*** FLOP *** [3d 8h 9d]
Zianon: checks 
Smet1100: bets 120 and is all-in
Mahu2021: folds 
Zianon: calls 120
*** TURN *** [3d 8h 9d] [3s]
*** RIVER *** [3d 8h 9d 3s] [6c]
*** SHOW DOWN ***
Zianon: shows [Js 8s] (two pair, Eights and Threes)
Smet1100: shows [7s Ts] (a straight, Six to Ten)
Smet1100 collected 330 from pot
*** SUMMARY ***
Total pot 330 | Rake 0 
Board [3d 8h 9d 3s 6c]
Seat 1: Mahu2021 (button) folded on the Flop
Seat 2: Zianon (small blind) showed [Js 8s] and lost with two pair, Eights and Threes
Seat 3: Smet1100 (big blind) showed [7s Ts] and won (330) with a straight, Six to Ten



PokerStars Hand #247569266516: Tournament #3684285096, $1.84+$0.16 USD Hold'em No Limit - Level II (15/30) - 2023/12/09 21:06:12 CET [2023/12/09 15:06:12 ET]
Table '3684285096 1' 3-max Seat #2 is the button
Seat 1: Mahu2021 (870 in chips) 
Seat 2: Zianon (300 in chips) 
Seat 3: Smet1100 (330 in chips) 
Smet1100: posts small blind 15
Mahu2021: posts big blind 30
*** HOLE CARDS ***
Dealt to Mahu2021 [9s 5h]
Zianon: folds 
Smet1100: folds 
Uncalled bet (15) returned to Mahu2021
Mahu2021 collected 30 from pot
Mahu2021: doesn't show hand 
*** SUMMARY ***
Total pot 30 | Rake 0 
Seat 1: Mahu2021 (big blind) collected (30)
Seat 2: Zianon (button) folded before Flop (didn't bet)
Seat 3: Smet1100 (small blind) folded before Flop



PokerStars Hand #247569268041: Tournament #3684285096, $1.84+$0.16 USD Hold'em No Limit - Level II (15/30) - 2023/12/09 21:06:16 CET [2023/12/09 15:06:16 ET]
Table '3684285096 1' 3-max Seat #3 is the button
Seat 1: Mahu2021 (885 in chips) 
Seat 2: Zianon (300 in chips) 
Seat 3: Smet1100 (315 in chips) 
Mahu2021: posts small blind 15
Zianon: posts big blind 30
*** HOLE CARDS ***
Dealt to Mahu2021 [3d Jh]
Smet1100: folds 
Mahu2021: folds 
Uncalled bet (15) returned to Zianon
Zianon collected 30 from pot
Zianon: doesn't show hand 
*** SUMMARY ***
Total pot 30 | Rake 0 
Seat 1: Mahu2021 (small blind) folded before Flop
Seat 2: Zianon (big blind) collected (30)
Seat 3: Smet1100 (button) folded before Flop (didn't bet)



PokerStars Hand #247569271728: Tournament #3684285096, $1.84+$0.16 USD Hold'em No Limit - Level II (15/30) - 2023/12/09 21:06:28 CET [2023/12/09 15:06:28 ET]
Table '3684285096 1' 3-max Seat #1 is the button
Seat 1: Mahu2021 (870 in chips) 
Seat 2: Zianon (315 in chips) 
Seat 3: Smet1100 (315 in chips) 
Zianon: posts small blind 15
Smet1100: posts big blind 30
*** HOLE CARDS ***
Dealt to Mahu2021 [2s 6s]
Mahu2021: calls 30
Zianon: folds 
Smet1100: raises 285 to 315 and is all-in
Mahu2021: folds 
Uncalled bet (285) returned to Smet1100
Smet1100 collected 75 from pot
*** SUMMARY ***
Total pot 75 | Rake 0 
Seat 1: Mahu2021 (button) folded before Flop
Seat 2: Zianon (small blind) folded before Flop
Seat 3: Smet1100 (big blind) collected (75)



PokerStars Hand #247569279167: Tournament #3684285096, $1.84+$0.16 USD Hold'em No Limit - Level II (15/30) - 2023/12/09 21:06:50 CET [2023/12/09 15:06:50 ET]
Table '3684285096 1' 3-max Seat #2 is the button
Seat 1: Mahu2021 (840 in chips) 
Seat 2: Zianon (300 in chips) 
Seat 3: Smet1100 (360 in chips) 
Smet1100: posts small blind 15
Mahu2021: posts big blind 30
*** HOLE CARDS ***
Dealt to Mahu2021 [Kh 8d]
Zianon: folds 
Smet1100: folds 
Uncalled bet (15) returned to Mahu2021
Mahu2021 collected 30 from pot
Mahu2021: doesn't show hand 
*** SUMMARY ***
Total pot 30 | Rake 0 
Seat 1: Mahu2021 (big blind) collected (30)
Seat 2: Zianon (button) folded before Flop (didn't bet)
Seat 3: Smet1100 (small blind) folded before Flop



PokerStars Hand #247569280700: Tournament #3684285096, $1.84+$0.16 USD Hold'em No Limit - Level II (15/30) - 2023/12/09 21:06:54 CET [2023/12/09 15:06:54 ET]
Table '3684285096 1' 3-max Seat #3 is the button
Seat 1: Mahu2021 (855 in chips) 
Seat 2: Zianon (300 in chips) 
Seat 3: Smet1100 (345 in chips) 
Mahu2021: posts small blind 15
Zianon: posts big blind 30
*** HOLE CARDS ***
Dealt to Mahu2021 [5d 5c]
Smet1100: calls 30
Mahu2021: calls 15
Zianon: checks 
*** FLOP *** [7s 8s As]
Mahu2021: checks 
Zianon: checks 
Smet1100: checks 
*** TURN *** [7s 8s As] [4s]
Mahu2021: checks 
Zianon: checks 
Smet1100: bets 75
Mahu2021: folds 
Zianon: calls 75
*** RIVER *** [7s 8s As 4s] [8c]
Zianon: checks 
Smet1100: checks 
*** SHOW DOWN ***
Zianon: shows [Jc 9s] (a flush, Ace high)
Smet1100: mucks hand 
Zianon collected 240 from pot
*** SUMMARY ***
Total pot 240 | Rake 0 
Board [7s 8s As 4s 8c]
Seat 1: Mahu2021 (small blind) folded on the Turn
Seat 2: Zianon (big blind) showed [Jc 9s] and won (240) with a flush, Ace high
Seat 3: Smet1100 (button) mucked [Qd 9h]



PokerStars Hand #247569291923: Tournament #3684285096, $1.84+$0.16 USD Hold'em No Limit - Level II (15/30) - 2023/12/09 21:07:28 CET [2023/12/09 15:07:28 ET]
Table '3684285096 1' 3-max Seat #1 is the button
Seat 1: Mahu2021 (825 in chips) 
Seat 2: Zianon (435 in chips) 
Seat 3: Smet1100 (240 in chips) 
Zianon: posts small blind 15
Smet1100: posts big blind 30
*** HOLE CARDS ***
Dealt to Mahu2021 [7h Jd]
Mahu2021: folds 
Zianon: raises 405 to 435 and is all-in
Smet1100: calls 210 and is all-in
Uncalled bet (195) returned to Zianon
*** FLOP *** [2s As Jc]
*** TURN *** [2s As Jc] [7d]
*** RIVER *** [2s As Jc 7d] [Kh]
*** SHOW DOWN ***
Zianon: shows [6d Qd] (high card Ace)
Smet1100: shows [3h Ad] (a pair of Aces)
Smet1100 collected 480 from pot
*** SUMMARY ***
Total pot 480 | Rake 0 
Board [2s As Jc 7d Kh]
Seat 1: Mahu2021 (button) folded before Flop (didn't bet)
Seat 2: Zianon (small blind) showed [6d Qd] and lost with high card Ace
Seat 3: Smet1100 (big blind) showed [3h Ad] and won (480) with a pair of Aces



PokerStars Hand #247569298970: Tournament #3684285096, $1.84+$0.16 USD Hold'em No Limit - Level II (15/30) - 2023/12/09 21:07:49 CET [2023/12/09 15:07:49 ET]
Table '3684285096 1' 3-max Seat #2 is the button
Seat 1: Mahu2021 (825 in chips) 
Seat 2: Zianon (195 in chips) 
Seat 3: Smet1100 (480 in chips) 
Smet1100: posts small blind 15
Mahu2021: posts big blind 30
*** HOLE CARDS ***
Dealt to Mahu2021 [5s Jh]
Zianon: raises 165 to 195 and is all-in
Smet1100: folds 
Mahu2021: folds 
Uncalled bet (165) returned to Zianon
Zianon collected 75 from pot
Zianon: doesn't show hand 
*** SUMMARY ***
Total pot 75 | Rake 0 
Seat 1: Mahu2021 (big blind) folded before Flop
Seat 2: Zianon (button) collected (75)
Seat 3: Smet1100 (small blind) folded before Flop



PokerStars Hand #247569302662: Tournament #3684285096, $1.84+$0.16 USD Hold'em No Limit - Level II (15/30) - 2023/12/09 21:08:00 CET [2023/12/09 15:08:00 ET]
Table '3684285096 1' 3-max Seat #3 is the button
Seat 1: Mahu2021 (795 in chips) 
Seat 2: Zianon (240 in chips) 
Seat 3: Smet1100 (465 in chips) 
Mahu2021: posts small blind 15
Zianon: posts big blind 30
*** HOLE CARDS ***
Dealt to Mahu2021 [5d 5c]
Smet1100: folds 
Mahu2021: raises 765 to 795 and is all-in
Zianon: calls 210 and is all-in
Uncalled bet (555) returned to Mahu2021
*** FLOP *** [7d Qs 3h]
*** TURN *** [7d Qs 3h] [Ks]
*** RIVER *** [7d Qs 3h Ks] [6c]
*** SHOW DOWN ***
Mahu2021: shows [5d 5c] (a pair of Fives)
Zianon: shows [Ah 2h] (high card Ace)
Mahu2021 collected 480 from pot
Zianon finished the tournament in 3rd place
*** SUMMARY ***
Total pot 480 | Rake 0 
Board [7d Qs 3h Ks 6c]
Seat 1: Mahu2021 (small blind) showed [5d 5c] and won (480) with a pair of Fives
Seat 2: Zianon (big blind) showed [Ah 2h] and lost with high card Ace
Seat 3: Smet1100 (button) folded before Flop (didn't bet)



PokerStars Hand #247569313173: Tournament #3684285096, $1.84+$0.16 USD Hold'em No Limit - Level II (15/30) - 2023/12/09 21:08:32 CET [2023/12/09 15:08:32 ET]
Table '3684285096 1' 3-max Seat #1 is the button
Seat 1: Mahu2021 (1035 in chips) 
Seat 3: Smet1100 (465 in chips) 
Mahu2021: posts small blind 15
Smet1100: posts big blind 30
*** HOLE CARDS ***
Dealt to Mahu2021 [6s 6h]
Mahu2021: raises 1005 to 1035 and is all-in
Smet1100: folds 
Uncalled bet (1005) returned to Mahu2021
Mahu2021 collected 60 from pot
Mahu2021: doesn't show hand 
*** SUMMARY ***
Total pot 60 | Rake 0 
Seat 1: Mahu2021 (button) (small blind) collected (60)
Seat 3: Smet1100 (big blind) folded before Flop



PokerStars Hand #247569319126: Tournament #3684285096, $1.84+$0.16 USD Hold'em No Limit - Level III (20/40) - 2023/12/09 21:08:49 CET [2023/12/09 15:08:49 ET]
Table '3684285096 1' 3-max Seat #3 is the button
Seat 1: Mahu2021 (1065 in chips) 
Seat 3: Smet1100 (435 in chips) 
Smet1100: posts small blind 20
Mahu2021: posts big blind 40
*** HOLE CARDS ***
Dealt to Mahu2021 [Jh 6h]
Smet1100: calls 20
Mahu2021: checks 
*** FLOP *** [9s Ks 2d]
Mahu2021: checks 
Smet1100: bets 80
Mahu2021: folds 
Uncalled bet (80) returned to Smet1100
Smet1100 collected 80 from pot
*** SUMMARY ***
Total pot 80 | Rake 0 
Board [9s Ks 2d]
Seat 1: Mahu2021 (big blind) folded on the Flop
Seat 3: Smet1100 (button) (small blind) collected (80)



PokerStars Hand #247569331096: Tournament #3684285096, $1.84+$0.16 USD Hold'em No Limit - Level III (20/40) - 2023/12/09 21:09:25 CET [2023/12/09 15:09:25 ET]
Table '3684285096 1' 3-max Seat #1 is the button
Seat 1: Mahu2021 (1025 in chips) 
Seat 3: Smet1100 (475 in chips) 
Mahu2021: posts small blind 20
Smet1100: posts big blind 40
*** HOLE CARDS ***
Dealt to Mahu2021 [Qd Qh]
Mahu2021: raises 985 to 1025 and is all-in
Smet1100: folds 
Uncalled bet (985) returned to Mahu2021
Mahu2021 collected 80 from pot
Mahu2021: doesn't show hand 
*** SUMMARY ***
Total pot 80 | Rake 0 
Seat 1: Mahu2021 (button) (small blind) collected (80)
Seat 3: Smet1100 (big blind) folded before Flop



PokerStars Hand #247569336705: Tournament #3684285096, $1.84+$0.16 USD Hold'em No Limit - Level III (20/40) - 2023/12/09 21:09:43 CET [2023/12/09 15:09:43 ET]
Table '3684285096 1' 3-max Seat #3 is the button
Seat 1: Mahu2021 (1065 in chips) 
Seat 3: Smet1100 (435 in chips) 
Smet1100: posts small blind 20
Mahu2021: posts big blind 40
*** HOLE CARDS ***
Dealt to Mahu2021 [6h Ad]
Smet1100: folds 
Uncalled bet (20) returned to Mahu2021
Mahu2021 collected 40 from pot
Mahu2021: doesn't show hand 
*** SUMMARY ***
Total pot 40 | Rake 0 
Seat 1: Mahu2021 (big blind) collected (40)
Seat 3: Smet1100 (button) (small blind) folded before Flop



PokerStars Hand #247569338224: Tournament #3684285096, $1.84+$0.16 USD Hold'em No Limit - Level III (20/40) - 2023/12/09 21:09:47 CET [2023/12/09 15:09:47 ET]
Table '3684285096 1' 3-max Seat #1 is the button
Seat 1: Mahu2021 (1085 in chips) 
Seat 3: Smet1100 (415 in chips) 
Mahu2021: posts small blind 20
Smet1100: posts big blind 40
*** HOLE CARDS ***
Dealt to Mahu2021 [Jd 3s]
Mahu2021: calls 20
Smet1100: checks 
*** FLOP *** [Tc 7s 5h]
Smet1100: checks 
Mahu2021: checks 
*** TURN *** [Tc 7s 5h] [Ks]
Smet1100: checks 
Mahu2021: checks 
*** RIVER *** [Tc 7s 5h Ks] [6d]
Smet1100: bets 80
Mahu2021: folds 
Uncalled bet (80) returned to Smet1100
Smet1100 collected 80 from pot
*** SUMMARY ***
Total pot 80 | Rake 0 
Board [Tc 7s 5h Ks 6d]
Seat 1: Mahu2021 (button) (small blind) folded on the River
Seat 3: Smet1100 (big blind) collected (80)



PokerStars Hand #247569344420: Tournament #3684285096, $1.84+$0.16 USD Hold'em No Limit - Level III (20/40) - 2023/12/09 21:10:06 CET [2023/12/09 15:10:06 ET]
Table '3684285096 1' 3-max Seat #3 is the button
Seat 1: Mahu2021 (1045 in chips) 
Seat 3: Smet1100 (455 in chips) 
Smet1100: posts small blind 20
Mahu2021: posts big blind 40
*** HOLE CARDS ***
Dealt to Mahu2021 [5c Ah]
Smet1100: calls 20
Mahu2021: checks 
*** FLOP *** [Ad Qc 6h]
Mahu2021: checks 
Smet1100: checks 
*** TURN *** [Ad Qc 6h] [6c]
Mahu2021: checks 
Smet1100: checks 
*** RIVER *** [Ad Qc 6h 6c] [Js]
Mahu2021: bets 80
Smet1100: folds 
Uncalled bet (80) returned to Mahu2021
Mahu2021 collected 80 from pot
Mahu2021: doesn't show hand 
*** SUMMARY ***
Total pot 80 | Rake 0 
Board [Ad Qc 6h 6c Js]
Seat 1: Mahu2021 (big blind) collected (80)
Seat 3: Smet1100 (button) (small blind) folded on the River



PokerStars Hand #247569350250: Tournament #3684285096, $1.84+$0.16 USD Hold'em No Limit - Level III (20/40) - 2023/12/09 21:10:23 CET [2023/12/09 15:10:23 ET]
Table '3684285096 1' 3-max Seat #1 is the button
Seat 1: Mahu2021 (1085 in chips) 
Seat 3: Smet1100 (415 in chips) 
Mahu2021: posts small blind 20
Smet1100: posts big blind 40
*** HOLE CARDS ***
Dealt to Mahu2021 [Qs 5s]
Mahu2021: calls 20
Smet1100: raises 375 to 415 and is all-in
Mahu2021: folds 
Uncalled bet (375) returned to Smet1100
Smet1100 collected 80 from pot
*** SUMMARY ***
Total pot 80 | Rake 0 
Seat 1: Mahu2021 (button) (small blind) folded before Flop
Seat 3: Smet1100 (big blind) collected (80)



PokerStars Hand #247569352949: Tournament #3684285096, $1.84+$0.16 USD Hold'em No Limit - Level III (20/40) - 2023/12/09 21:10:31 CET [2023/12/09 15:10:31 ET]
Table '3684285096 1' 3-max Seat #3 is the button
Seat 1: Mahu2021 (1045 in chips) 
Seat 3: Smet1100 (455 in chips) 
Smet1100: posts small blind 20
Mahu2021: posts big blind 40
*** HOLE CARDS ***
Dealt to Mahu2021 [Th 7s]
Smet1100: folds 
Uncalled bet (20) returned to Mahu2021
Mahu2021 collected 40 from pot
Mahu2021: doesn't show hand 
*** SUMMARY ***
Total pot 40 | Rake 0 
Seat 1: Mahu2021 (big blind) collected (40)
Seat 3: Smet1100 (button) (small blind) folded before Flop



PokerStars Hand #247569354352: Tournament #3684285096, $1.84+$0.16 USD Hold'em No Limit - Level III (20/40) - 2023/12/09 21:10:35 CET [2023/12/09 15:10:35 ET]
Table '3684285096 1' 3-max Seat #1 is the button
Seat 1: Mahu2021 (1065 in chips) 
Seat 3: Smet1100 (435 in chips) 
Mahu2021: posts small blind 20
Smet1100: posts big blind 40
*** HOLE CARDS ***
Dealt to Mahu2021 [Kh Qc]
Mahu2021: raises 80 to 120
Smet1100: folds 
Uncalled bet (80) returned to Mahu2021
Mahu2021 collected 80 from pot
Mahu2021: doesn't show hand 
*** SUMMARY ***
Total pot 80 | Rake 0 
Seat 1: Mahu2021 (button) (small blind) collected (80)
Seat 3: Smet1100 (big blind) folded before Flop



PokerStars Hand #247569356536: Tournament #3684285096, $1.84+$0.16 USD Hold'em No Limit - Level III (20/40) - 2023/12/09 21:10:42 CET [2023/12/09 15:10:42 ET]
Table '3684285096 1' 3-max Seat #3 is the button
Seat 1: Mahu2021 (1105 in chips) 
Seat 3: Smet1100 (395 in chips) 
Smet1100: posts small blind 20
Mahu2021: posts big blind 40
*** HOLE CARDS ***
Dealt to Mahu2021 [6s 6h]
Smet1100: folds 
Uncalled bet (20) returned to Mahu2021
Mahu2021 collected 40 from pot
Mahu2021: doesn't show hand 
*** SUMMARY ***
Total pot 40 | Rake 0 
Seat 1: Mahu2021 (big blind) collected (40)
Seat 3: Smet1100 (button) (small blind) folded before Flop



PokerStars Hand #247569357866: Tournament #3684285096, $1.84+$0.16 USD Hold'em No Limit - Level III (20/40) - 2023/12/09 21:10:46 CET [2023/12/09 15:10:46 ET]
Table '3684285096 1' 3-max Seat #1 is the button
Seat 1: Mahu2021 (1125 in chips) 
Seat 3: Smet1100 (375 in chips) 
Mahu2021: posts small blind 20
Smet1100: posts big blind 40
*** HOLE CARDS ***
Dealt to Mahu2021 [4d Ac]
Mahu2021: calls 20
Smet1100: checks 
*** FLOP *** [Ad 5c 7c]
Smet1100: bets 335 and is all-in
Mahu2021: calls 335
*** TURN *** [Ad 5c 7c] [2c]
*** RIVER *** [Ad 5c 7c 2c] [8h]
*** SHOW DOWN ***
Smet1100: shows [5h 4s] (a pair of Fives)
Mahu2021: shows [4d Ac] (a pair of Aces)
Mahu2021 collected 750 from pot
Smet1100 finished the tournament in 2nd place
Mahu2021 wins the tournament and receives $6.00 - congratulations!
*** SUMMARY ***
Total pot 750 | Rake 0 
Board [Ad 5c 7c 2c 8h]
Seat 1: Mahu2021 (button) (small blind) showed [4d Ac] and won (750) with a pair of Aces
Seat 3: Smet1100 (big blind) showed [5h 4s] and lost with a pair of Fives



