PokerStars Hand #247143712037: Tournament #3674074651, $9.30+$0.70 USD Hold'em No Limit - Level I (10/20) - 2023/11/16 19:16:10 CET [2023/11/16 13:16:10 ET]
Table '3674074651 1' 3-max Seat #1 is the button
Seat 1: Mahu2021 (500 in chips) 
Seat 2: Srchochi (500 in chips) 
Seat 3: OPASNUI50 (500 in chips) 
Srchochi: posts small blind 10
OPASNUI50: posts big blind 20
*** HOLE CARDS ***
Dealt to Mahu2021 [Qh 5d]
Mahu2021: folds 
Srchochi: raises 30 to 50
OPASNUI50: calls 30
*** FLOP *** [7c Kd 8d]
Srchochi: bets 33
OPASNUI50: raises 33 to 66
Srchochi: calls 33
*** TURN *** [7c Kd 8d] [Kc]
Srchochi: checks 
OPASNUI50: checks 
*** RIVER *** [7c Kd 8d Kc] [9s]
Srchochi: checks 
OPASNUI50: checks 
*** SHOW DOWN ***
Srchochi: shows [7h Ts] (two pair, Kings and Sevens)
OPASNUI50: shows [9h 8s] (two pair, Kings and Nines)
OPASNUI50 collected 232 from pot
*** SUMMARY ***
Total pot 232 | Rake 0 
Board [7c Kd 8d Kc 9s]
Seat 1: Mahu2021 (button) folded before Flop (didn't bet)
Seat 2: Srchochi (small blind) showed [7h Ts] and lost with two pair, Kings and Sevens
Seat 3: OPASNUI50 (big blind) showed [9h 8s] and won (232) with two pair, Kings and Nines



PokerStars Hand #247143730247: Tournament #3674074651, $9.30+$0.70 USD Hold'em No Limit - Level I (10/20) - 2023/11/16 19:17:09 CET [2023/11/16 13:17:09 ET]
Table '3674074651 1' 3-max Seat #2 is the button
Seat 1: Mahu2021 (500 in chips) 
Seat 2: Srchochi (384 in chips) 
Seat 3: OPASNUI50 (616 in chips) 
OPASNUI50: posts small blind 10
Mahu2021: posts big blind 20
*** HOLE CARDS ***
Dealt to Mahu2021 [5s 2c]
Srchochi: raises 20 to 40
OPASNUI50: folds 
Mahu2021: calls 20
*** FLOP *** [Qs Tc Qc]
Mahu2021: checks 
Srchochi: bets 20
Mahu2021: folds 
Uncalled bet (20) returned to Srchochi
Srchochi collected 90 from pot
Srchochi: doesn't show hand 
*** SUMMARY ***
Total pot 90 | Rake 0 
Board [Qs Tc Qc]
Seat 1: Mahu2021 (big blind) folded on the Flop
Seat 2: Srchochi (button) collected (90)
Seat 3: OPASNUI50 (small blind) folded before Flop



PokerStars Hand #247143736260: Tournament #3674074651, $9.30+$0.70 USD Hold'em No Limit - Level I (10/20) - 2023/11/16 19:17:29 CET [2023/11/16 13:17:29 ET]
Table '3674074651 1' 3-max Seat #3 is the button
Seat 1: Mahu2021 (460 in chips) 
Seat 2: Srchochi (434 in chips) 
Seat 3: OPASNUI50 (606 in chips) 
Mahu2021: posts small blind 10
Srchochi: posts big blind 20
*** HOLE CARDS ***
Dealt to Mahu2021 [9d Qd]
OPASNUI50: raises 20 to 40
Mahu2021: calls 30
Srchochi: folds 
*** FLOP *** [7h 4h 3c]
Mahu2021: checks 
OPASNUI50: bets 25
Mahu2021: calls 25
*** TURN *** [7h 4h 3c] [7c]
Mahu2021: checks 
OPASNUI50: bets 80
Mahu2021: calls 80
*** RIVER *** [7h 4h 3c 7c] [6h]
Mahu2021: checks 
OPASNUI50: checks 
*** SHOW DOWN ***
Mahu2021: shows [9d Qd] (a pair of Sevens)
OPASNUI50: shows [Js Qs] (a pair of Sevens - Queen+Jack kicker)
OPASNUI50 collected 310 from pot
*** SUMMARY ***
Total pot 310 | Rake 0 
Board [7h 4h 3c 7c 6h]
Seat 1: Mahu2021 (small blind) showed [9d Qd] and lost with a pair of Sevens
Seat 2: Srchochi (big blind) folded before Flop
Seat 3: OPASNUI50 (button) showed [Js Qs] and won (310) with a pair of Sevens



PokerStars Hand #247143747507: Tournament #3674074651, $9.30+$0.70 USD Hold'em No Limit - Level I (10/20) - 2023/11/16 19:18:05 CET [2023/11/16 13:18:05 ET]
Table '3674074651 1' 3-max Seat #1 is the button
Seat 1: Mahu2021 (315 in chips) 
Seat 2: Srchochi (414 in chips) 
Seat 3: OPASNUI50 (771 in chips) 
Srchochi: posts small blind 10
OPASNUI50: posts big blind 20
*** HOLE CARDS ***
Dealt to Mahu2021 [Qh 4h]
Mahu2021: raises 20 to 40
Srchochi: folds 
OPASNUI50: calls 20
*** FLOP *** [2d Ac Jd]
OPASNUI50: checks 
Mahu2021: bets 90
OPASNUI50: calls 90
*** TURN *** [2d Ac Jd] [Kh]
OPASNUI50: checks 
Mahu2021: bets 185 and is all-in
OPASNUI50: calls 185
*** RIVER *** [2d Ac Jd Kh] [As]
*** SHOW DOWN ***
OPASNUI50: shows [5h Ad] (three of a kind, Aces)
Mahu2021: shows [Qh 4h] (a pair of Aces)
OPASNUI50 collected 640 from pot
Mahu2021 finished the tournament in 3rd place
*** SUMMARY ***
Total pot 640 | Rake 0 
Board [2d Ac Jd Kh As]
Seat 1: Mahu2021 (button) showed [Qh 4h] and lost with a pair of Aces
Seat 2: Srchochi (small blind) folded before Flop
Seat 3: OPASNUI50 (big blind) showed [5h Ad] and won (640) with three of a kind, Aces



