PokerStars Hand #247028642185: Tournament #3671318064, $1.84+$0.16 USD Hold'em No Limit - Level I (10/20) - 2023/11/10 15:57:42 CET [2023/11/10 9:57:42 ET]
Table '3671318064 1' 3-max Seat #1 is the button
Seat 1: SeroBlink (500 in chips) 
Seat 2: Mahu2021 (500 in chips) 
Seat 3: Renansouza12 (500 in chips) 
Mahu2021: posts small blind 10
Renansouza12: posts big blind 20
*** HOLE CARDS ***
Dealt to Mahu2021 [Qd 6d]
SeroBlink: calls 20
Mahu2021: calls 10
Renansouza12: checks 
*** FLOP *** [As Jc 4d]
Mahu2021: checks 
Renansouza12: checks 
SeroBlink: bets 40
Mahu2021: folds 
Renansouza12: folds 
Uncalled bet (40) returned to SeroBlink
SeroBlink collected 60 from pot
*** SUMMARY ***
Total pot 60 | Rake 0 
Board [As Jc 4d]
Seat 1: SeroBlink (button) collected (60)
Seat 2: Mahu2021 (small blind) folded on the Flop
Seat 3: Renansouza12 (big blind) folded on the Flop



PokerStars Hand #247028650646: Tournament #3671318064, $1.84+$0.16 USD Hold'em No Limit - Level I (10/20) - 2023/11/10 15:58:27 CET [2023/11/10 9:58:27 ET]
Table '3671318064 1' 3-max Seat #2 is the button
Seat 1: SeroBlink (540 in chips) 
Seat 2: Mahu2021 (480 in chips) 
Seat 3: Renansouza12 (480 in chips) 
Renansouza12: posts small blind 10
SeroBlink: posts big blind 20
*** HOLE CARDS ***
Dealt to Mahu2021 [4h 9c]
Mahu2021: folds 
Renansouza12: calls 10
SeroBlink: checks 
*** FLOP *** [Kd 8d Ks]
Renansouza12: checks 
SeroBlink: checks 
*** TURN *** [Kd 8d Ks] [Ah]
Renansouza12: checks 
SeroBlink: checks 
*** RIVER *** [Kd 8d Ks Ah] [6d]
Renansouza12: checks 
SeroBlink: checks 
*** SHOW DOWN ***
Renansouza12: shows [8h Ts] (two pair, Kings and Eights)
SeroBlink: mucks hand 
Renansouza12 collected 40 from pot
*** SUMMARY ***
Total pot 40 | Rake 0 
Board [Kd 8d Ks Ah 6d]
Seat 1: SeroBlink (big blind) mucked [Qd 5c]
Seat 2: Mahu2021 (button) folded before Flop (didn't bet)
Seat 3: Renansouza12 (small blind) showed [8h Ts] and won (40) with two pair, Kings and Eights



PokerStars Hand #247028658207: Tournament #3671318064, $1.84+$0.16 USD Hold'em No Limit - Level I (10/20) - 2023/11/10 15:59:07 CET [2023/11/10 9:59:07 ET]
Table '3671318064 1' 3-max Seat #3 is the button
Seat 1: SeroBlink (520 in chips) 
Seat 2: Mahu2021 (480 in chips) 
Seat 3: Renansouza12 (500 in chips) 
SeroBlink: posts small blind 10
Mahu2021: posts big blind 20
*** HOLE CARDS ***
Dealt to Mahu2021 [Ts 6c]
Renansouza12: folds 
SeroBlink: folds 
Uncalled bet (10) returned to Mahu2021
Mahu2021 collected 20 from pot
Mahu2021: doesn't show hand 
*** SUMMARY ***
Total pot 20 | Rake 0 
Seat 1: SeroBlink (small blind) folded before Flop
Seat 2: Mahu2021 (big blind) collected (20)
Seat 3: Renansouza12 (button) folded before Flop (didn't bet)



PokerStars Hand #247028659548: Tournament #3671318064, $1.84+$0.16 USD Hold'em No Limit - Level I (10/20) - 2023/11/10 15:59:14 CET [2023/11/10 9:59:14 ET]
Table '3671318064 1' 3-max Seat #1 is the button
Seat 1: SeroBlink (510 in chips) 
Seat 2: Mahu2021 (490 in chips) 
Seat 3: Renansouza12 (500 in chips) 
Mahu2021: posts small blind 10
Renansouza12: posts big blind 20
*** HOLE CARDS ***
Dealt to Mahu2021 [5h Ks]
SeroBlink: folds 
Mahu2021: calls 10
Renansouza12: checks 
*** FLOP *** [Th 2h Ts]
Mahu2021: bets 20
Renansouza12: folds 
Uncalled bet (20) returned to Mahu2021
Mahu2021 collected 40 from pot
Mahu2021: doesn't show hand 
*** SUMMARY ***
Total pot 40 | Rake 0 
Board [Th 2h Ts]
Seat 1: SeroBlink (button) folded before Flop (didn't bet)
Seat 2: Mahu2021 (small blind) collected (40)
Seat 3: Renansouza12 (big blind) folded on the Flop



PokerStars Hand #247028662300: Tournament #3671318064, $1.84+$0.16 USD Hold'em No Limit - Level I (10/20) - 2023/11/10 15:59:28 CET [2023/11/10 9:59:28 ET]
Table '3671318064 1' 3-max Seat #2 is the button
Seat 1: SeroBlink (510 in chips) 
Seat 2: Mahu2021 (510 in chips) 
Seat 3: Renansouza12 (480 in chips) 
Renansouza12: posts small blind 10
SeroBlink: posts big blind 20
*** HOLE CARDS ***
Dealt to Mahu2021 [Qh 2s]
Mahu2021: folds 
Renansouza12: raises 20 to 40
SeroBlink: calls 20
*** FLOP *** [8d Ks 6d]
Renansouza12: bets 26
SeroBlink: raises 26 to 52
Renansouza12: raises 108 to 160
SeroBlink: folds 
Uncalled bet (108) returned to Renansouza12
Renansouza12 collected 184 from pot
Renansouza12: doesn't show hand 
*** SUMMARY ***
Total pot 184 | Rake 0 
Board [8d Ks 6d]
Seat 1: SeroBlink (big blind) folded on the Flop
Seat 2: Mahu2021 (button) folded before Flop (didn't bet)
Seat 3: Renansouza12 (small blind) collected (184)



PokerStars Hand #247028668888: Tournament #3671318064, $1.84+$0.16 USD Hold'em No Limit - Level I (10/20) - 2023/11/10 16:00:03 CET [2023/11/10 10:00:03 ET]
Table '3671318064 1' 3-max Seat #3 is the button
Seat 1: SeroBlink (418 in chips) 
Seat 2: Mahu2021 (510 in chips) 
Seat 3: Renansouza12 (572 in chips) 
SeroBlink: posts small blind 10
Mahu2021: posts big blind 20
*** HOLE CARDS ***
Dealt to Mahu2021 [4d 2h]
Renansouza12: folds 
SeroBlink: folds 
Uncalled bet (10) returned to Mahu2021
Mahu2021 collected 20 from pot
Mahu2021: doesn't show hand 
*** SUMMARY ***
Total pot 20 | Rake 0 
Seat 1: SeroBlink (small blind) folded before Flop
Seat 2: Mahu2021 (big blind) collected (20)
Seat 3: Renansouza12 (button) folded before Flop (didn't bet)



PokerStars Hand #247028669876: Tournament #3671318064, $1.84+$0.16 USD Hold'em No Limit - Level I (10/20) - 2023/11/10 16:00:08 CET [2023/11/10 10:00:08 ET]
Table '3671318064 1' 3-max Seat #1 is the button
Seat 1: SeroBlink (408 in chips) 
Seat 2: Mahu2021 (520 in chips) 
Seat 3: Renansouza12 (572 in chips) 
Mahu2021: posts small blind 10
Renansouza12: posts big blind 20
*** HOLE CARDS ***
Dealt to Mahu2021 [4s Jc]
SeroBlink: folds 
Mahu2021: calls 10
Renansouza12: raises 552 to 572 and is all-in
Mahu2021: folds 
Uncalled bet (552) returned to Renansouza12
Renansouza12 collected 40 from pot
Renansouza12: doesn't show hand 
*** SUMMARY ***
Total pot 40 | Rake 0 
Seat 1: SeroBlink (button) folded before Flop (didn't bet)
Seat 2: Mahu2021 (small blind) folded before Flop
Seat 3: Renansouza12 (big blind) collected (40)



PokerStars Hand #247028673231: Tournament #3671318064, $1.84+$0.16 USD Hold'em No Limit - Level I (10/20) - 2023/11/10 16:00:25 CET [2023/11/10 10:00:25 ET]
Table '3671318064 1' 3-max Seat #2 is the button
Seat 1: SeroBlink (408 in chips) 
Seat 2: Mahu2021 (500 in chips) 
Seat 3: Renansouza12 (592 in chips) 
Renansouza12: posts small blind 10
SeroBlink: posts big blind 20
*** HOLE CARDS ***
Dealt to Mahu2021 [2h 2c]
Mahu2021: calls 20
Renansouza12: raises 572 to 592 and is all-in
SeroBlink: calls 388 and is all-in
Mahu2021: folds 
Uncalled bet (184) returned to Renansouza12
*** FLOP *** [3h Jd Kd]
*** TURN *** [3h Jd Kd] [2s]
*** RIVER *** [3h Jd Kd 2s] [6h]
*** SHOW DOWN ***
Renansouza12: shows [Ah 9s] (high card Ace)
SeroBlink: shows [Ac 5c] (high card Ace - lower kicker)
Renansouza12 collected 836 from pot
SeroBlink finished the tournament in 3rd place
*** SUMMARY ***
Total pot 836 | Rake 0 
Board [3h Jd Kd 2s 6h]
Seat 1: SeroBlink (big blind) showed [Ac 5c] and lost with high card Ace
Seat 2: Mahu2021 (button) folded before Flop
Seat 3: Renansouza12 (small blind) showed [Ah 9s] and won (836) with high card Ace



PokerStars Hand #247028678389: Tournament #3671318064, $1.84+$0.16 USD Hold'em No Limit - Level II (15/30) - 2023/11/10 16:00:52 CET [2023/11/10 10:00:52 ET]
Table '3671318064 1' 3-max Seat #3 is the button
Seat 2: Mahu2021 (480 in chips) 
Seat 3: Renansouza12 (1020 in chips) 
Renansouza12: posts small blind 15
Mahu2021: posts big blind 30
*** HOLE CARDS ***
Dealt to Mahu2021 [7h Th]
Renansouza12: raises 30 to 60
Mahu2021: calls 30
*** FLOP *** [3s 5s 9d]
Mahu2021: checks 
Renansouza12: bets 40
Mahu2021: folds 
Uncalled bet (40) returned to Renansouza12
Renansouza12 collected 120 from pot
Renansouza12: doesn't show hand 
*** SUMMARY ***
Total pot 120 | Rake 0 
Board [3s 5s 9d]
Seat 2: Mahu2021 (big blind) folded on the Flop
Seat 3: Renansouza12 (button) (small blind) collected (120)



PokerStars Hand #247028682569: Tournament #3671318064, $1.84+$0.16 USD Hold'em No Limit - Level II (15/30) - 2023/11/10 16:01:11 CET [2023/11/10 10:01:11 ET]
Table '3671318064 1' 3-max Seat #2 is the button
Seat 2: Mahu2021 (420 in chips) 
Seat 3: Renansouza12 (1080 in chips) 
Mahu2021: posts small blind 15
Renansouza12: posts big blind 30
*** HOLE CARDS ***
Dealt to Mahu2021 [2d 2c]
Mahu2021: raises 390 to 420 and is all-in
Renansouza12: folds 
Uncalled bet (390) returned to Mahu2021
Mahu2021 collected 60 from pot
Mahu2021: doesn't show hand 
*** SUMMARY ***
Total pot 60 | Rake 0 
Seat 2: Mahu2021 (button) (small blind) collected (60)
Seat 3: Renansouza12 (big blind) folded before Flop



PokerStars Hand #247028684600: Tournament #3671318064, $1.84+$0.16 USD Hold'em No Limit - Level II (15/30) - 2023/11/10 16:01:20 CET [2023/11/10 10:01:20 ET]
Table '3671318064 1' 3-max Seat #3 is the button
Seat 2: Mahu2021 (450 in chips) 
Seat 3: Renansouza12 (1050 in chips) 
Renansouza12: posts small blind 15
Mahu2021: posts big blind 30
*** HOLE CARDS ***
Dealt to Mahu2021 [3s Ts]
Renansouza12: calls 15
Mahu2021: checks 
*** FLOP *** [6d Jd Qd]
Mahu2021: checks 
Renansouza12: checks 
*** TURN *** [6d Jd Qd] [Kc]
Mahu2021: checks 
Renansouza12: bets 45
Mahu2021: calls 45
*** RIVER *** [6d Jd Qd Kc] [2h]
Mahu2021: checks 
Renansouza12: checks 
*** SHOW DOWN ***
Mahu2021: shows [3s Ts] (high card King)
Renansouza12: shows [2d Tc] (a pair of Deuces)
Renansouza12 collected 150 from pot
*** SUMMARY ***
Total pot 150 | Rake 0 
Board [6d Jd Qd Kc 2h]
Seat 2: Mahu2021 (big blind) showed [3s Ts] and lost with high card King
Seat 3: Renansouza12 (button) (small blind) showed [2d Tc] and won (150) with a pair of Deuces



PokerStars Hand #247028690766: Tournament #3671318064, $1.84+$0.16 USD Hold'em No Limit - Level II (15/30) - 2023/11/10 16:01:47 CET [2023/11/10 10:01:47 ET]
Table '3671318064 1' 3-max Seat #2 is the button
Seat 2: Mahu2021 (375 in chips) 
Seat 3: Renansouza12 (1125 in chips) 
Mahu2021: posts small blind 15
Renansouza12: posts big blind 30
*** HOLE CARDS ***
Dealt to Mahu2021 [9d 4d]
Mahu2021: calls 15
Renansouza12: checks 
*** FLOP *** [9h Td 9s]
Renansouza12: checks 
Mahu2021: checks 
*** TURN *** [9h Td 9s] [Ks]
Renansouza12: bets 45
Mahu2021: raises 45 to 90
Renansouza12: calls 45
*** RIVER *** [9h Td 9s Ks] [7h]
Renansouza12: checks 
Mahu2021: bets 60
Renansouza12: calls 60
*** SHOW DOWN ***
Mahu2021: shows [9d 4d] (three of a kind, Nines)
Renansouza12: mucks hand 
Mahu2021 collected 360 from pot
*** SUMMARY ***
Total pot 360 | Rake 0 
Board [9h Td 9s Ks 7h]
Seat 2: Mahu2021 (button) (small blind) showed [9d 4d] and won (360) with three of a kind, Nines
Seat 3: Renansouza12 (big blind) mucked [8d Kh]



PokerStars Hand #247028700430: Tournament #3671318064, $1.84+$0.16 USD Hold'em No Limit - Level II (15/30) - 2023/11/10 16:02:30 CET [2023/11/10 10:02:30 ET]
Table '3671318064 1' 3-max Seat #3 is the button
Seat 2: Mahu2021 (555 in chips) 
Seat 3: Renansouza12 (945 in chips) 
Renansouza12: posts small blind 15
Mahu2021: posts big blind 30
*** HOLE CARDS ***
Dealt to Mahu2021 [9c Jc]
Renansouza12: calls 15
Mahu2021: checks 
*** FLOP *** [4c 8d 3d]
Mahu2021: checks 
Renansouza12: bets 30
Mahu2021: calls 30
*** TURN *** [4c 8d 3d] [8c]
Mahu2021: checks 
Renansouza12: bets 60
Mahu2021: calls 60
*** RIVER *** [4c 8d 3d 8c] [9s]
Mahu2021: checks 
Renansouza12: checks 
*** SHOW DOWN ***
Mahu2021: shows [9c Jc] (two pair, Nines and Eights)
Renansouza12: mucks hand 
Mahu2021 collected 240 from pot
*** SUMMARY ***
Total pot 240 | Rake 0 
Board [4c 8d 3d 8c 9s]
Seat 2: Mahu2021 (big blind) showed [9c Jc] and won (240) with two pair, Nines and Eights
Seat 3: Renansouza12 (button) (small blind) mucked [4d As]



PokerStars Hand #247028705957: Tournament #3671318064, $1.84+$0.16 USD Hold'em No Limit - Level II (15/30) - 2023/11/10 16:02:54 CET [2023/11/10 10:02:54 ET]
Table '3671318064 1' 3-max Seat #2 is the button
Seat 2: Mahu2021 (675 in chips) 
Seat 3: Renansouza12 (825 in chips) 
Mahu2021: posts small blind 15
Renansouza12: posts big blind 30
*** HOLE CARDS ***
Dealt to Mahu2021 [6d 3h]
Mahu2021: folds 
Uncalled bet (15) returned to Renansouza12
Renansouza12 collected 30 from pot
Renansouza12: doesn't show hand 
*** SUMMARY ***
Total pot 30 | Rake 0 
Seat 2: Mahu2021 (button) (small blind) folded before Flop
Seat 3: Renansouza12 (big blind) collected (30)



PokerStars Hand #247028707251: Tournament #3671318064, $1.84+$0.16 USD Hold'em No Limit - Level II (15/30) - 2023/11/10 16:03:00 CET [2023/11/10 10:03:00 ET]
Table '3671318064 1' 3-max Seat #3 is the button
Seat 2: Mahu2021 (660 in chips) 
Seat 3: Renansouza12 (840 in chips) 
Renansouza12: posts small blind 15
Mahu2021: posts big blind 30
*** HOLE CARDS ***
Dealt to Mahu2021 [Jh As]
Renansouza12: calls 15
Mahu2021: raises 630 to 660 and is all-in
Renansouza12: folds 
Uncalled bet (630) returned to Mahu2021
Mahu2021 collected 60 from pot
Mahu2021: doesn't show hand 
*** SUMMARY ***
Total pot 60 | Rake 0 
Seat 2: Mahu2021 (big blind) collected (60)
Seat 3: Renansouza12 (button) (small blind) folded before Flop



PokerStars Hand #247028710000: Tournament #3671318064, $1.84+$0.16 USD Hold'em No Limit - Level II (15/30) - 2023/11/10 16:03:12 CET [2023/11/10 10:03:12 ET]
Table '3671318064 1' 3-max Seat #2 is the button
Seat 2: Mahu2021 (690 in chips) 
Seat 3: Renansouza12 (810 in chips) 
Mahu2021: posts small blind 15
Renansouza12: posts big blind 30
*** HOLE CARDS ***
Dealt to Mahu2021 [Qc 4c]
Mahu2021: calls 15
Renansouza12: raises 60 to 90
Mahu2021: calls 60
*** FLOP *** [Td 4h Jh]
Renansouza12: bets 59
Mahu2021: calls 59
*** TURN *** [Td 4h Jh] [6h]
Renansouza12: bets 210
Mahu2021: folds 
Uncalled bet (210) returned to Renansouza12
Renansouza12 collected 298 from pot
Renansouza12: doesn't show hand 
*** SUMMARY ***
Total pot 298 | Rake 0 
Board [Td 4h Jh 6h]
Seat 2: Mahu2021 (button) (small blind) folded on the Turn
Seat 3: Renansouza12 (big blind) collected (298)



PokerStars Hand #247028715389: Tournament #3671318064, $1.84+$0.16 USD Hold'em No Limit - Level II (15/30) - 2023/11/10 16:03:35 CET [2023/11/10 10:03:35 ET]
Table '3671318064 1' 3-max Seat #3 is the button
Seat 2: Mahu2021 (541 in chips) 
Seat 3: Renansouza12 (959 in chips) 
Renansouza12: posts small blind 15
Mahu2021: posts big blind 30
*** HOLE CARDS ***
Dealt to Mahu2021 [6c 7d]
Renansouza12: calls 15
Mahu2021: checks 
*** FLOP *** [2c 9s 9d]
Mahu2021: checks 
Renansouza12: bets 30
Mahu2021: folds 
Uncalled bet (30) returned to Renansouza12
Renansouza12 collected 60 from pot
Renansouza12: doesn't show hand 
*** SUMMARY ***
Total pot 60 | Rake 0 
Board [2c 9s 9d]
Seat 2: Mahu2021 (big blind) folded on the Flop
Seat 3: Renansouza12 (button) (small blind) collected (60)



PokerStars Hand #247028719385: Tournament #3671318064, $1.84+$0.16 USD Hold'em No Limit - Level III (20/40) - 2023/11/10 16:03:52 CET [2023/11/10 10:03:52 ET]
Table '3671318064 1' 3-max Seat #2 is the button
Seat 2: Mahu2021 (511 in chips) 
Seat 3: Renansouza12 (989 in chips) 
Mahu2021: posts small blind 20
Renansouza12: posts big blind 40
*** HOLE CARDS ***
Dealt to Mahu2021 [Qs 5h]
Mahu2021: calls 20
Renansouza12: checks 
*** FLOP *** [5d 3h 8d]
Renansouza12: checks 
Mahu2021: bets 40
Renansouza12: folds 
Uncalled bet (40) returned to Mahu2021
Mahu2021 collected 80 from pot
Mahu2021: doesn't show hand 
*** SUMMARY ***
Total pot 80 | Rake 0 
Board [5d 3h 8d]
Seat 2: Mahu2021 (button) (small blind) collected (80)
Seat 3: Renansouza12 (big blind) folded on the Flop



PokerStars Hand #247028724184: Tournament #3671318064, $1.84+$0.16 USD Hold'em No Limit - Level III (20/40) - 2023/11/10 16:04:13 CET [2023/11/10 10:04:13 ET]
Table '3671318064 1' 3-max Seat #3 is the button
Seat 2: Mahu2021 (551 in chips) 
Seat 3: Renansouza12 (949 in chips) 
Renansouza12: posts small blind 20
Mahu2021: posts big blind 40
*** HOLE CARDS ***
Dealt to Mahu2021 [Qh Tc]
Renansouza12: raises 40 to 80
Mahu2021: calls 40
*** FLOP *** [5d Ts Qc]
Mahu2021: checks 
Renansouza12: bets 53
Mahu2021: raises 67 to 120
Renansouza12: folds 
Uncalled bet (67) returned to Mahu2021
Mahu2021 collected 266 from pot
Mahu2021: doesn't show hand 
*** SUMMARY ***
Total pot 266 | Rake 0 
Board [5d Ts Qc]
Seat 2: Mahu2021 (big blind) collected (266)
Seat 3: Renansouza12 (button) (small blind) folded on the Flop



PokerStars Hand #247028728950: Tournament #3671318064, $1.84+$0.16 USD Hold'em No Limit - Level III (20/40) - 2023/11/10 16:04:34 CET [2023/11/10 10:04:34 ET]
Table '3671318064 1' 3-max Seat #2 is the button
Seat 2: Mahu2021 (684 in chips) 
Seat 3: Renansouza12 (816 in chips) 
Mahu2021: posts small blind 20
Renansouza12: posts big blind 40
*** HOLE CARDS ***
Dealt to Mahu2021 [5s 4d]
Mahu2021: calls 20
Renansouza12: checks 
*** FLOP *** [5c 5d 2s]
Renansouza12: checks 
Mahu2021: checks 
*** TURN *** [5c 5d 2s] [2d]
Renansouza12: checks 
Mahu2021: checks 
*** RIVER *** [5c 5d 2s 2d] [6s]
Renansouza12: checks 
Mahu2021: bets 644 and is all-in
Renansouza12: folds 
Uncalled bet (644) returned to Mahu2021
Mahu2021 collected 80 from pot
Mahu2021: doesn't show hand 
*** SUMMARY ***
Total pot 80 | Rake 0 
Board [5c 5d 2s 2d 6s]
Seat 2: Mahu2021 (button) (small blind) collected (80)
Seat 3: Renansouza12 (big blind) folded on the River



PokerStars Hand #247028734600: Tournament #3671318064, $1.84+$0.16 USD Hold'em No Limit - Level III (20/40) - 2023/11/10 16:04:58 CET [2023/11/10 10:04:58 ET]
Table '3671318064 1' 3-max Seat #3 is the button
Seat 2: Mahu2021 (724 in chips) 
Seat 3: Renansouza12 (776 in chips) 
Renansouza12: posts small blind 20
Mahu2021: posts big blind 40
*** HOLE CARDS ***
Dealt to Mahu2021 [Qc 8h]
Renansouza12: calls 20
Mahu2021: checks 
*** FLOP *** [Ac Js 3d]
Mahu2021: checks 
Renansouza12: bets 40
Mahu2021: folds 
Uncalled bet (40) returned to Renansouza12
Renansouza12 collected 80 from pot
Renansouza12: doesn't show hand 
*** SUMMARY ***
Total pot 80 | Rake 0 
Board [Ac Js 3d]
Seat 2: Mahu2021 (big blind) folded on the Flop
Seat 3: Renansouza12 (button) (small blind) collected (80)



PokerStars Hand #247028738071: Tournament #3671318064, $1.84+$0.16 USD Hold'em No Limit - Level III (20/40) - 2023/11/10 16:05:13 CET [2023/11/10 10:05:13 ET]
Table '3671318064 1' 3-max Seat #2 is the button
Seat 2: Mahu2021 (684 in chips) 
Seat 3: Renansouza12 (816 in chips) 
Mahu2021: posts small blind 20
Renansouza12: posts big blind 40
*** HOLE CARDS ***
Dealt to Mahu2021 [3c Ac]
Mahu2021: raises 40 to 80
Renansouza12: folds 
Uncalled bet (40) returned to Mahu2021
Mahu2021 collected 80 from pot
Mahu2021: doesn't show hand 
*** SUMMARY ***
Total pot 80 | Rake 0 
Seat 2: Mahu2021 (button) (small blind) collected (80)
Seat 3: Renansouza12 (big blind) folded before Flop



PokerStars Hand #247028740168: Tournament #3671318064, $1.84+$0.16 USD Hold'em No Limit - Level III (20/40) - 2023/11/10 16:05:22 CET [2023/11/10 10:05:22 ET]
Table '3671318064 1' 3-max Seat #3 is the button
Seat 2: Mahu2021 (724 in chips) 
Seat 3: Renansouza12 (776 in chips) 
Renansouza12: posts small blind 20
Mahu2021: posts big blind 40
*** HOLE CARDS ***
Dealt to Mahu2021 [8s 7s]
Renansouza12: calls 20
Mahu2021: checks 
*** FLOP *** [Ts 6s 4d]
Mahu2021: bets 80
Renansouza12: folds 
Uncalled bet (80) returned to Mahu2021
Mahu2021 collected 80 from pot
Mahu2021: doesn't show hand 
*** SUMMARY ***
Total pot 80 | Rake 0 
Board [Ts 6s 4d]
Seat 2: Mahu2021 (big blind) collected (80)
Seat 3: Renansouza12 (button) (small blind) folded on the Flop



PokerStars Hand #247028743963: Tournament #3671318064, $1.84+$0.16 USD Hold'em No Limit - Level III (20/40) - 2023/11/10 16:05:39 CET [2023/11/10 10:05:39 ET]
Table '3671318064 1' 3-max Seat #2 is the button
Seat 2: Mahu2021 (764 in chips) 
Seat 3: Renansouza12 (736 in chips) 
Mahu2021: posts small blind 20
Renansouza12: posts big blind 40
*** HOLE CARDS ***
Dealt to Mahu2021 [2s Qs]
Mahu2021: calls 20
Renansouza12: raises 80 to 120
Mahu2021: calls 80
*** FLOP *** [Qd 3d Ts]
Renansouza12: bets 79
Mahu2021: raises 565 to 644 and is all-in
Renansouza12: calls 537 and is all-in
Uncalled bet (28) returned to Mahu2021
*** TURN *** [Qd 3d Ts] [8h]
*** RIVER *** [Qd 3d Ts 8h] [Jd]
*** SHOW DOWN ***
Renansouza12: shows [5c Td] (a pair of Tens)
Mahu2021: shows [2s Qs] (a pair of Queens)
Mahu2021 collected 1472 from pot
Renansouza12 finished the tournament in 2nd place
Mahu2021 wins the tournament and receives $6.00 - congratulations!
*** SUMMARY ***
Total pot 1472 | Rake 0 
Board [Qd 3d Ts 8h Jd]
Seat 2: Mahu2021 (button) (small blind) showed [2s Qs] and won (1472) with a pair of Queens
Seat 3: Renansouza12 (big blind) showed [5c Td] and lost with a pair of Tens



