PokerStars Zoom Hand #254566411606:  Hold'em No Limit ($0.05/$0.10) - 2025/01/26 19:49:13 CET [2025/01/26 13:49:13 ET]
Table 'Aludra' 6-max Seat #1 is the button
Seat 1: kiks220272 ($10 in chips) 
Seat 2: Ironhelt ($11.89 in chips) 
Seat 3: Mahu2021 ($10 in chips) 
Seat 4: cucubau96 ($30.46 in chips) 
Seat 5: VoltaireReplica ($16.33 in chips) 
Seat 6: mOberdan ($13.44 in chips) 
Ironhelt: posts small blind $0.05
Mahu2021: posts big blind $0.10
*** HOLE CARDS ***
Dealt to Mahu2021 [7c Qd]
cucubau96: folds 
VoltaireReplica: folds 
mOberdan: folds 
kiks220272: folds 
Ironhelt: folds 
Uncalled bet ($0.05) returned to Mahu2021
Mahu2021 collected $0.10 from pot
Mahu2021: doesn't show hand 
*** SUMMARY ***
Total pot $0.10 | Rake $0 
Seat 1: kiks220272 (button) folded before Flop (didn't bet)
Seat 2: Ironhelt (small blind) folded before Flop
Seat 3: Mahu2021 (big blind) collected ($0.10)
Seat 4: cucubau96 folded before Flop (didn't bet)
Seat 5: VoltaireReplica folded before Flop (didn't bet)
Seat 6: mOberdan folded before Flop (didn't bet)



PokerStars Zoom Hand #254566414194:  Hold'em No Limit ($0.05/$0.10) - 2025/01/26 19:49:21 CET [2025/01/26 13:49:21 ET]
Table 'Aludra' 6-max Seat #1 is the button
Seat 1: Gxzd ($10.44 in chips) 
Seat 2: Mahu2021 ($10.05 in chips) 
Seat 3: bebasket066 ($9.52 in chips) 
Seat 4: Oscar__62176 ($13.08 in chips) 
Seat 5: QKJope ($10.84 in chips) 
Seat 6: SmallKick88 ($9.20 in chips) 
Mahu2021: posts small blind $0.05
bebasket066: posts big blind $0.10
*** HOLE CARDS ***
Dealt to Mahu2021 [4h Qh]
Oscar__62176: folds 
QKJope: folds 
SmallKick88: folds 
Gxzd: folds 
Mahu2021: raises $0.20 to $0.30
bebasket066: calls $0.20
*** FLOP *** [2c 5d Th]
Mahu2021: checks 
bebasket066: checks 
*** TURN *** [2c 5d Th] [7c]
Mahu2021: checks 
bebasket066: checks 
*** RIVER *** [2c 5d Th 7c] [2d]
Mahu2021: checks 
bebasket066: checks 
*** SHOW DOWN ***
Mahu2021: shows [4h Qh] (a pair of Deuces)
bebasket066: shows [Ah 6c] (a pair of Deuces - Ace kicker)
bebasket066 collected $0.57 from pot
*** SUMMARY ***
Total pot $0.60 | Rake $0.03 
Board [2c 5d Th 7c 2d]
Seat 1: Gxzd (button) folded before Flop (didn't bet)
Seat 2: Mahu2021 (small blind) showed [4h Qh] and lost with a pair of Deuces
Seat 3: bebasket066 (big blind) showed [Ah 6c] and won ($0.57) with a pair of Deuces
Seat 4: Oscar__62176 folded before Flop (didn't bet)
Seat 5: QKJope folded before Flop (didn't bet)
Seat 6: SmallKick88 folded before Flop (didn't bet)



PokerStars Zoom Hand #254566424321:  Hold'em No Limit ($0.05/$0.10) - 2025/01/26 19:49:49 CET [2025/01/26 13:49:49 ET]
Table 'Aludra' 6-max Seat #1 is the button
Seat 1: Call me Alex97 ($37.03 in chips) 
Seat 2: gefilltefisch ($22.25 in chips) 
Seat 3: Oscar__62176 ($13.18 in chips) 
Seat 4: kox44x ($35.81 in chips) 
Seat 5: Mahu2021 ($9.75 in chips) 
Seat 6: ronny2106 ($9.98 in chips) 
gefilltefisch: posts small blind $0.05
Oscar__62176: posts big blind $0.10
*** HOLE CARDS ***
Dealt to Mahu2021 [6h As]
kox44x: raises $0.15 to $0.25
Mahu2021: folds 
ronny2106: folds 
Call me Alex97: folds 
gefilltefisch: folds 
Oscar__62176: folds 
Uncalled bet ($0.15) returned to kox44x
kox44x collected $0.25 from pot
kox44x: doesn't show hand 
*** SUMMARY ***
Total pot $0.25 | Rake $0 
Seat 1: Call me Alex97 (button) folded before Flop (didn't bet)
Seat 2: gefilltefisch (small blind) folded before Flop
Seat 3: Oscar__62176 (big blind) folded before Flop
Seat 4: kox44x collected ($0.25)
Seat 5: Mahu2021 folded before Flop (didn't bet)
Seat 6: ronny2106 folded before Flop (didn't bet)



PokerStars Zoom Hand #254566425774:  Hold'em No Limit ($0.05/$0.10) - 2025/01/26 19:49:54 CET [2025/01/26 13:49:54 ET]
Table 'Aludra' 6-max Seat #1 is the button
Seat 1: Mahu2021 ($9.75 in chips) 
Seat 2: Luffy V ($10.18 in chips) 
Seat 3: Deep_Dark ($9.85 in chips) 
Seat 4: Siul0619 ($10.35 in chips) 
Seat 5: mOberdan ($10 in chips) 
Seat 6: Call me Alex97 ($37.03 in chips) 
Luffy V: posts small blind $0.05
Deep_Dark: posts big blind $0.10
*** HOLE CARDS ***
Dealt to Mahu2021 [5c Td]
Siul0619: raises $0.15 to $0.25
mOberdan: folds 
Call me Alex97: folds 
Mahu2021: folds 
Luffy V: folds 
Deep_Dark: folds 
Uncalled bet ($0.15) returned to Siul0619
Siul0619 collected $0.25 from pot
Siul0619: doesn't show hand 
*** SUMMARY ***
Total pot $0.25 | Rake $0 
Seat 1: Mahu2021 (button) folded before Flop (didn't bet)
Seat 2: Luffy V (small blind) folded before Flop
Seat 3: Deep_Dark (big blind) folded before Flop
Seat 4: Siul0619 collected ($0.25)
Seat 5: mOberdan folded before Flop (didn't bet)
Seat 6: Call me Alex97 folded before Flop (didn't bet)



PokerStars Zoom Hand #254566427720:  Hold'em No Limit ($0.05/$0.10) - 2025/01/26 19:49:59 CET [2025/01/26 13:49:59 ET]
Table 'Aludra' 6-max Seat #1 is the button
Seat 1: nikcat7 ($11.05 in chips) 
Seat 2: Allvisa ($10 in chips) 
Seat 3: Christianjtrfc ($16.87 in chips) 
Seat 4: Extecoetter25 ($31.01 in chips) 
Seat 5: georgefitzz ($9.73 in chips) 
Seat 6: Mahu2021 ($9.75 in chips) 
Allvisa: posts small blind $0.05
Christianjtrfc: posts big blind $0.10
*** HOLE CARDS ***
Dealt to Mahu2021 [9h 5c]
Extecoetter25: folds 
georgefitzz: calls $0.10
Mahu2021: folds 
nikcat7: folds 
Allvisa: folds 
Christianjtrfc: checks 
*** FLOP *** [Qd Kd 2h]
Christianjtrfc: checks 
georgefitzz: bets $0.12
Christianjtrfc: folds 
Uncalled bet ($0.12) returned to georgefitzz
georgefitzz collected $0.24 from pot
georgefitzz: doesn't show hand 
*** SUMMARY ***
Total pot $0.25 | Rake $0.01 
Board [Qd Kd 2h]
Seat 1: nikcat7 (button) folded before Flop (didn't bet)
Seat 2: Allvisa (small blind) folded before Flop
Seat 3: Christianjtrfc (big blind) folded on the Flop
Seat 4: Extecoetter25 folded before Flop (didn't bet)
Seat 5: georgefitzz collected ($0.24)
Seat 6: Mahu2021 folded before Flop (didn't bet)



PokerStars Zoom Hand #254566430351:  Hold'em No Limit ($0.05/$0.10) - 2025/01/26 19:50:07 CET [2025/01/26 13:50:07 ET]
Table 'Aludra' 6-max Seat #1 is the button
Seat 1: Mahu2021 ($9.75 in chips) 
Seat 2: PuffyDawg ($10.87 in chips) 
Seat 3: cucubau96 ($18.52 in chips) 
Seat 4: Tekla888tt ($5.81 in chips) 
Seat 5: cinkelö ($10.15 in chips) 
Seat 6: serotonine91 ($10.35 in chips) 
PuffyDawg: posts small blind $0.05
cucubau96: posts big blind $0.10
*** HOLE CARDS ***
Dealt to Mahu2021 [Ah Jh]
Tekla888tt: folds 
cinkelö: folds 
serotonine91: folds 
Mahu2021: raises $0.20 to $0.30
PuffyDawg: folds 
cucubau96: folds 
Uncalled bet ($0.20) returned to Mahu2021
Mahu2021 collected $0.25 from pot
Mahu2021: doesn't show hand 
*** SUMMARY ***
Total pot $0.25 | Rake $0 
Seat 1: Mahu2021 (button) collected ($0.25)
Seat 2: PuffyDawg (small blind) folded before Flop
Seat 3: cucubau96 (big blind) folded before Flop
Seat 4: Tekla888tt folded before Flop (didn't bet)
Seat 5: cinkelö folded before Flop (didn't bet)
Seat 6: serotonine91 folded before Flop (didn't bet)



PokerStars Zoom Hand #254566429127:  Hold'em No Limit ($0.05/$0.10) - 2025/01/26 19:50:04 CET [2025/01/26 13:50:04 ET]
Table 'Aludra' 6-max Seat #1 is the button
Seat 1: zeak1987 ($10.32 in chips) 
Seat 2: QKJope ($10.74 in chips) 
Seat 3: Bestology ($14.09 in chips) 
Seat 4: Mahu2021 ($9.75 in chips) 
Seat 5: WideMonkaW ($10.51 in chips) 
Seat 6: mOberdan ($10 in chips) 
QKJope: posts small blind $0.05
Bestology: posts big blind $0.10
*** HOLE CARDS ***
Dealt to Mahu2021 [Ad 7h]
Mahu2021: folds 
WideMonkaW: folds 
mOberdan: folds 
zeak1987: raises $0.10 to $0.20
QKJope: raises $0.60 to $0.80
Bestology: folds 
zeak1987: calls $0.60
*** FLOP *** [2s 4h 5d]
QKJope: bets $1.10
zeak1987: calls $1.10
*** TURN *** [2s 4h 5d] [6h]
QKJope: bets $1.90
zeak1987: calls $1.90
*** RIVER *** [2s 4h 5d 6h] [6d]
QKJope: bets $2.20
zeak1987: calls $2.20
*** SHOW DOWN ***
QKJope: shows [Tc Td] (two pair, Tens and Sixes)
zeak1987: mucks hand 
QKJope collected $11.56 from pot
*** SUMMARY ***
Total pot $12.10 | Rake $0.54 
Board [2s 4h 5d 6h 6d]
Seat 1: zeak1987 (button) mucked [2c 7c]
Seat 2: QKJope (small blind) showed [Tc Td] and won ($11.56) with two pair, Tens and Sixes
Seat 3: Bestology (big blind) folded before Flop
Seat 4: Mahu2021 folded before Flop (didn't bet)
Seat 5: WideMonkaW folded before Flop (didn't bet)
Seat 6: mOberdan folded before Flop (didn't bet)



PokerStars Zoom Hand #254566437599:  Hold'em No Limit ($0.05/$0.10) - 2025/01/26 19:50:28 CET [2025/01/26 13:50:28 ET]
Table 'Aludra' 6-max Seat #1 is the button
Seat 1: holzhacker1 ($4.95 in chips) 
Seat 2: Hopewar ($9.11 in chips) 
Seat 3: Mahu2021 ($9.90 in chips) 
Seat 4: aykloz ($10.15 in chips) 
Seat 5: Extecoetter25 ($21.86 in chips) 
Seat 6: Oscar__62176 ($13.38 in chips) 
Hopewar: posts small blind $0.05
Mahu2021: posts big blind $0.10
*** HOLE CARDS ***
Dealt to Mahu2021 [4d 3c]
aykloz: folds 
Extecoetter25: raises $0.10 to $0.20
Oscar__62176: folds 
holzhacker1: folds 
Hopewar: calls $0.15
Mahu2021: calls $0.10
*** FLOP *** [6h 6c Qs]
Hopewar: bets $0.20
Mahu2021: folds 
Extecoetter25: raises $0.50 to $0.70
Hopewar: calls $0.50
*** TURN *** [6h 6c Qs] [Td]
Hopewar: bets $0.40
Extecoetter25: calls $0.40
*** RIVER *** [6h 6c Qs Td] [2h]
Hopewar: bets $1.34
Extecoetter25: folds 
Uncalled bet ($1.34) returned to Hopewar
Hopewar collected $2.67 from pot
Hopewar: doesn't show hand 
*** SUMMARY ***
Total pot $2.80 | Rake $0.13 
Board [6h 6c Qs Td 2h]
Seat 1: holzhacker1 (button) folded before Flop (didn't bet)
Seat 2: Hopewar (small blind) collected ($2.67)
Seat 3: Mahu2021 (big blind) folded on the Flop
Seat 4: aykloz folded before Flop (didn't bet)
Seat 5: Extecoetter25 folded on the River
Seat 6: Oscar__62176 folded before Flop (didn't bet)



PokerStars Zoom Hand #254566443998:  Hold'em No Limit ($0.05/$0.10) - 2025/01/26 19:50:46 CET [2025/01/26 13:50:46 ET]
Table 'Aludra' 6-max Seat #1 is the button
Seat 1: WideMonkaW ($10 in chips) 
Seat 2: Mahu2021 ($9.70 in chips) 
Seat 3: dodeer ($11.16 in chips) 
Seat 4: rachelffs ($19.44 in chips) 
Seat 5: TRYMIDI ($24.78 in chips) 
Seat 6: lichistoria ($15.67 in chips) 
Mahu2021: posts small blind $0.05
dodeer: posts big blind $0.10
*** HOLE CARDS ***
Dealt to Mahu2021 [Ts 3s]
rachelffs: folds 
TRYMIDI: folds 
lichistoria: raises $0.15 to $0.25
WideMonkaW: folds 
Mahu2021: folds 
dodeer: calls $0.15
*** FLOP *** [Kh Qc 7c]
dodeer: checks 
lichistoria: bets $0.16
dodeer: folds 
Uncalled bet ($0.16) returned to lichistoria
lichistoria collected $0.53 from pot
lichistoria: doesn't show hand 
*** SUMMARY ***
Total pot $0.55 | Rake $0.02 
Board [Kh Qc 7c]
Seat 1: WideMonkaW (button) folded before Flop (didn't bet)
Seat 2: Mahu2021 (small blind) folded before Flop
Seat 3: dodeer (big blind) folded on the Flop
Seat 4: rachelffs folded before Flop (didn't bet)
Seat 5: TRYMIDI folded before Flop (didn't bet)
Seat 6: lichistoria collected ($0.53)



PokerStars Zoom Hand #254566445356:  Hold'em No Limit ($0.05/$0.10) - 2025/01/26 19:50:49 CET [2025/01/26 13:50:49 ET]
Table 'Aludra' 6-max Seat #1 is the button
Seat 1: D.shadoww ($10.35 in chips) 
Seat 2: pietrohineni_ ($11.81 in chips) 
Seat 3: k1w12 ($10.10 in chips) 
Seat 4: COVEIROANCAP ($14.22 in chips) 
Seat 5: SmallKick88 ($9.18 in chips) 
Seat 6: Mahu2021 ($9.65 in chips) 
pietrohineni_: posts small blind $0.05
k1w12: posts big blind $0.10
*** HOLE CARDS ***
Dealt to Mahu2021 [Jc Ks]
COVEIROANCAP: folds 
SmallKick88: raises $0.15 to $0.25
Mahu2021: calls $0.25
D.shadoww: folds 
pietrohineni_: calls $0.20
k1w12: folds 
*** FLOP *** [Jh 7c 6h]
pietrohineni_: checks 
SmallKick88: bets $0.70
Mahu2021: calls $0.70
pietrohineni_: folds 
*** TURN *** [Jh 7c 6h] [6c]
SmallKick88: bets $2
Mahu2021: folds 
Uncalled bet ($2) returned to SmallKick88
SmallKick88 collected $2.15 from pot
SmallKick88: doesn't show hand 
*** SUMMARY ***
Total pot $2.25 | Rake $0.10 
Board [Jh 7c 6h 6c]
Seat 1: D.shadoww (button) folded before Flop (didn't bet)
Seat 2: pietrohineni_ (small blind) folded on the Flop
Seat 3: k1w12 (big blind) folded before Flop
Seat 4: COVEIROANCAP folded before Flop (didn't bet)
Seat 5: SmallKick88 collected ($2.15)
Seat 6: Mahu2021 folded on the Turn



PokerStars Zoom Hand #254566458416:  Hold'em No Limit ($0.05/$0.10) - 2025/01/26 19:51:27 CET [2025/01/26 13:51:27 ET]
Table 'Aludra' 6-max Seat #1 is the button
Seat 1: Gxzd ($12.01 in chips) 
Seat 2: Extecoetter25 ($26.56 in chips) 
Seat 3: PuffyDawg ($10.82 in chips) 
Seat 4: Siul0619 ($20.38 in chips) 
Seat 5: Mahu2021 ($8.70 in chips) 
Seat 6: QKJope ($16.30 in chips) 
Extecoetter25: posts small blind $0.05
PuffyDawg: posts big blind $0.10
*** HOLE CARDS ***
Dealt to Mahu2021 [9h 5c]
Siul0619: folds 
Mahu2021: folds 
QKJope: folds 
Gxzd: folds 
Extecoetter25: raises $0.20 to $0.30
PuffyDawg: folds 
Uncalled bet ($0.20) returned to Extecoetter25
Extecoetter25 collected $0.20 from pot
Extecoetter25: doesn't show hand 
*** SUMMARY ***
Total pot $0.20 | Rake $0 
Seat 1: Gxzd (button) folded before Flop (didn't bet)
Seat 2: Extecoetter25 (small blind) collected ($0.20)
Seat 3: PuffyDawg (big blind) folded before Flop
Seat 4: Siul0619 folded before Flop (didn't bet)
Seat 5: Mahu2021 folded before Flop (didn't bet)
Seat 6: QKJope folded before Flop (didn't bet)



PokerStars Zoom Hand #254566461516:  Hold'em No Limit ($0.05/$0.10) - 2025/01/26 19:51:35 CET [2025/01/26 13:51:35 ET]
Table 'Aludra' 6-max Seat #1 is the button
Seat 1: vovo4kapooh ($15.61 in chips) 
Seat 2: Mahu2021 ($8.70 in chips) 
Seat 3: Bestology ($23.46 in chips) 
Seat 4: WideMonkaW ($10 in chips) 
Seat 5: Deep_Dark ($10 in chips) 
Seat 6: mOberdan ($33.16 in chips) 
Mahu2021: posts small blind $0.05
Bestology: posts big blind $0.10
*** HOLE CARDS ***
Dealt to Mahu2021 [Kc 9d]
WideMonkaW: folds 
Deep_Dark: raises $0.12 to $0.22
mOberdan: folds 
vovo4kapooh: folds 
Mahu2021: calls $0.17
Bestology: folds 
*** FLOP *** [4c Kh 9h]
Mahu2021: checks 
Deep_Dark: checks 
*** TURN *** [4c Kh 9h] [2c]
Mahu2021: checks 
Deep_Dark: checks 
*** RIVER *** [4c Kh 9h 2c] [2h]
Mahu2021: bets $0.52
Deep_Dark: calls $0.52
*** SHOW DOWN ***
Mahu2021: shows [Kc 9d] (two pair, Kings and Nines)
Deep_Dark: mucks hand 
Mahu2021 collected $1.51 from pot
*** SUMMARY ***
Total pot $1.58 | Rake $0.07 
Board [4c Kh 9h 2c 2h]
Seat 1: vovo4kapooh (button) folded before Flop (didn't bet)
Seat 2: Mahu2021 (small blind) showed [Kc 9d] and won ($1.51) with two pair, Kings and Nines
Seat 3: Bestology (big blind) folded before Flop
Seat 4: WideMonkaW folded before Flop (didn't bet)
Seat 5: Deep_Dark mucked [Ah Jd]
Seat 6: mOberdan folded before Flop (didn't bet)



PokerStars Zoom Hand #254566460223:  Hold'em No Limit ($0.05/$0.10) - 2025/01/26 19:51:32 CET [2025/01/26 13:51:32 ET]
Table 'Aludra' 6-max Seat #1 is the button
Seat 1: LittleBigWil ($26.77 in chips) 
Seat 2: vovo4kapooh ($12.46 in chips) 
Seat 3: Siul0619 ($20.38 in chips) 
Seat 4: Mahu2021 ($8.70 in chips) 
Seat 5: quipstr ($9.80 in chips) 
Seat 6: MGodziem ($4.85 in chips) 
vovo4kapooh: posts small blind $0.05
Siul0619: posts big blind $0.10
*** HOLE CARDS ***
Dealt to Mahu2021 [8s 2s]
Mahu2021: folds 
quipstr: folds 
MGodziem: folds 
LittleBigWil: raises $0.12 to $0.22
vovo4kapooh: raises $0.68 to $0.90
Siul0619: folds 
LittleBigWil: calls $0.68
*** FLOP *** [4c 3c Qc]
vovo4kapooh: bets $0.45
LittleBigWil: calls $0.45
*** TURN *** [4c 3c Qc] [Th]
vovo4kapooh: checks 
LittleBigWil: checks 
*** RIVER *** [4c 3c Qc Th] [5c]
vovo4kapooh: checks 
LittleBigWil: checks 
*** SHOW DOWN ***
vovo4kapooh: shows [Qd Jd] (a pair of Queens)
LittleBigWil: shows [Kh Qh] (a pair of Queens - King kicker)
LittleBigWil collected $2.67 from pot
*** SUMMARY ***
Total pot $2.80 | Rake $0.13 
Board [4c 3c Qc Th 5c]
Seat 1: LittleBigWil (button) showed [Kh Qh] and won ($2.67) with a pair of Queens
Seat 2: vovo4kapooh (small blind) showed [Qd Jd] and lost with a pair of Queens
Seat 3: Siul0619 (big blind) folded before Flop
Seat 4: Mahu2021 folded before Flop (didn't bet)
Seat 5: quipstr folded before Flop (didn't bet)
Seat 6: MGodziem folded before Flop (didn't bet)



PokerStars Zoom Hand #254566477180:  Hold'em No Limit ($0.05/$0.10) - 2025/01/26 19:52:20 CET [2025/01/26 13:52:20 ET]
Table 'Aludra' 6-max Seat #1 is the button
Seat 1: Mahu2021 ($9.47 in chips) 
Seat 2: Call me Alex97 ($10 in chips) 
Seat 3: rachelffs ($12.87 in chips) 
Seat 4: kris_bjork ($10 in chips) 
Seat 5: D.shadoww ($11.78 in chips) 
Seat 6: Oscar__62176 ($11.55 in chips) 
Call me Alex97: posts small blind $0.05
rachelffs: posts big blind $0.10
*** HOLE CARDS ***
Dealt to Mahu2021 [Jd Kh]
kris_bjork: raises $0.12 to $0.22
D.shadoww: folds 
Oscar__62176: folds 
Mahu2021: calls $0.22
Call me Alex97: folds 
rachelffs: folds 
*** FLOP *** [5d 4d Ts]
kris_bjork: bets $0.22
Mahu2021: folds 
Uncalled bet ($0.22) returned to kris_bjork
kris_bjork collected $0.56 from pot
kris_bjork: doesn't show hand 
*** SUMMARY ***
Total pot $0.59 | Rake $0.03 
Board [5d 4d Ts]
Seat 1: Mahu2021 (button) folded on the Flop
Seat 2: Call me Alex97 (small blind) folded before Flop
Seat 3: rachelffs (big blind) folded before Flop
Seat 4: kris_bjork collected ($0.56)
Seat 5: D.shadoww folded before Flop (didn't bet)
Seat 6: Oscar__62176 folded before Flop (didn't bet)



PokerStars Zoom Hand #254566486190:  Hold'em No Limit ($0.05/$0.10) - 2025/01/26 19:52:45 CET [2025/01/26 13:52:45 ET]
Table 'Aludra' 6-max Seat #1 is the button
Seat 1: Oscar__62176 ($11.45 in chips) 
Seat 2: cinkelö ($10 in chips) 
Seat 3: Mahu2021 ($9.25 in chips) 
Seat 4: Jahjge ($21.12 in chips) 
Seat 5: Ironhelt ($13.23 in chips) 
Seat 6: nikcat7 ($10 in chips) 
cinkelö: posts small blind $0.05
Mahu2021: posts big blind $0.10
*** HOLE CARDS ***
Dealt to Mahu2021 [Qh 9h]
Jahjge: folds 
Ironhelt: folds 
nikcat7: folds 
Oscar__62176: folds 
cinkelö: raises $0.15 to $0.25
Mahu2021: calls $0.15
*** FLOP *** [Kh 5d 2c]
cinkelö: bets $0.17
Mahu2021: calls $0.17
*** TURN *** [Kh 5d 2c] [9d]
cinkelö: checks 
Mahu2021: checks 
*** RIVER *** [Kh 5d 2c 9d] [8d]
cinkelö: checks 
Mahu2021: checks 
*** SHOW DOWN ***
cinkelö: shows [Ad Qc] (high card Ace)
Mahu2021: shows [Qh 9h] (a pair of Nines)
Mahu2021 collected $0.80 from pot
*** SUMMARY ***
Total pot $0.84 | Rake $0.04 
Board [Kh 5d 2c 9d 8d]
Seat 1: Oscar__62176 (button) folded before Flop (didn't bet)
Seat 2: cinkelö (small blind) showed [Ad Qc] and lost with high card Ace
Seat 3: Mahu2021 (big blind) showed [Qh 9h] and won ($0.80) with a pair of Nines
Seat 4: Jahjge folded before Flop (didn't bet)
Seat 5: Ironhelt folded before Flop (didn't bet)
Seat 6: nikcat7 folded before Flop (didn't bet)



PokerStars Zoom Hand #254566498783:  Hold'em No Limit ($0.05/$0.10) - 2025/01/26 19:53:21 CET [2025/01/26 13:53:21 ET]
Table 'Aludra' 6-max Seat #1 is the button
Seat 1: JoeyTheOnly ($12.44 in chips) 
Seat 2: kox44x ($34.26 in chips) 
Seat 3: Maxim_Otto13 ($26.90 in chips) 
Seat 4: TRYMIDI ($24.28 in chips) 
Seat 5: Mahu2021 ($9.63 in chips) 
Seat 6: Gxzd ($10.91 in chips) 
kox44x: posts small blind $0.05
Maxim_Otto13: posts big blind $0.10
*** HOLE CARDS ***
Dealt to Mahu2021 [4h Qs]
TRYMIDI: folds 
Mahu2021: folds 
Gxzd: folds 
JoeyTheOnly: folds 
kox44x: raises $0.20 to $0.30
Maxim_Otto13: folds 
Uncalled bet ($0.20) returned to kox44x
kox44x collected $0.20 from pot
kox44x: doesn't show hand 
*** SUMMARY ***
Total pot $0.20 | Rake $0 
Seat 1: JoeyTheOnly (button) folded before Flop (didn't bet)
Seat 2: kox44x (small blind) collected ($0.20)
Seat 3: Maxim_Otto13 (big blind) folded before Flop
Seat 4: TRYMIDI folded before Flop (didn't bet)
Seat 5: Mahu2021 folded before Flop (didn't bet)
Seat 6: Gxzd folded before Flop (didn't bet)



PokerStars Zoom Hand #254566497630:  Hold'em No Limit ($0.05/$0.10) - 2025/01/26 19:53:18 CET [2025/01/26 13:53:18 ET]
Table 'Aludra' 6-max Seat #1 is the button
Seat 1: QKJope ($27.09 in chips) 
Seat 2: Jezterscap ($10 in chips) 
Seat 3: Allvisa ($10 in chips) 
Seat 4: Maxim_Otto13 ($26.90 in chips) 
Seat 5: Alejandro85s ($10.22 in chips) 
Seat 6: Mahu2021 ($9.63 in chips) 
Jezterscap: posts small blind $0.05
Allvisa: posts big blind $0.10
*** HOLE CARDS ***
Dealt to Mahu2021 [3h Tc]
Maxim_Otto13: folds 
QKJope is disconnected 
Alejandro85s: folds 
Mahu2021: folds 
QKJope has timed out while disconnected
QKJope: folds 
Jezterscap: folds 
Uncalled bet ($0.05) returned to Allvisa
Allvisa collected $0.10 from pot
Allvisa: doesn't show hand 
*** SUMMARY ***
Total pot $0.10 | Rake $0 
Seat 1: QKJope (button) folded before Flop (didn't bet)
Seat 2: Jezterscap (small blind) folded before Flop
Seat 3: Allvisa (big blind) collected ($0.10)
Seat 4: Maxim_Otto13 folded before Flop (didn't bet)
Seat 5: Alejandro85s folded before Flop (didn't bet)
Seat 6: Mahu2021 folded before Flop (didn't bet)



PokerStars Zoom Hand #254566501387:  Hold'em No Limit ($0.05/$0.10) - 2025/01/26 19:53:29 CET [2025/01/26 13:53:29 ET]
Table 'Aludra' 6-max Seat #1 is the button
Seat 1: MGodziem ($4.64 in chips) 
Seat 2: Mahu2021 ($9.63 in chips) 
Seat 3: FIOMAD ($10.80 in chips) 
Seat 4: rachelffs ($18.94 in chips) 
Seat 5: LassESSon ($7.33 in chips) 
Seat 6: vovo4kapooh ($14.92 in chips) 
Mahu2021: posts small blind $0.05
FIOMAD: posts big blind $0.10
*** HOLE CARDS ***
Dealt to Mahu2021 [7c 5d]
rachelffs: folds 
LassESSon: folds 
vovo4kapooh: folds 
MGodziem: folds 
Mahu2021: folds 
Uncalled bet ($0.05) returned to FIOMAD
FIOMAD collected $0.10 from pot
FIOMAD: doesn't show hand 
*** SUMMARY ***
Total pot $0.10 | Rake $0 
Seat 1: MGodziem (button) folded before Flop (didn't bet)
Seat 2: Mahu2021 (small blind) folded before Flop
Seat 3: FIOMAD (big blind) collected ($0.10)
Seat 4: rachelffs folded before Flop (didn't bet)
Seat 5: LassESSon folded before Flop (didn't bet)
Seat 6: vovo4kapooh folded before Flop (didn't bet)



PokerStars Zoom Hand #254566500199:  Hold'em No Limit ($0.05/$0.10) - 2025/01/26 19:53:26 CET [2025/01/26 13:53:26 ET]
Table 'Aludra' 6-max Seat #1 is the button
Seat 1: lichistoria ($16.23 in chips) 
Seat 2: serotonine91 ($10.30 in chips) 
Seat 3: bebasket066 ($9.57 in chips) 
Seat 4: Mahu2021 ($9.63 in chips) 
Seat 5: MGodziem ($4.64 in chips) 
Seat 6: TRYMIDI ($24.28 in chips) 
serotonine91: posts small blind $0.05
bebasket066: posts big blind $0.10
*** HOLE CARDS ***
Dealt to Mahu2021 [2h 3d]
Mahu2021: folds 
MGodziem: folds 
TRYMIDI: folds 
lichistoria: folds 
serotonine91 has timed out
serotonine91: folds 
Uncalled bet ($0.05) returned to bebasket066
bebasket066 collected $0.10 from pot
bebasket066: doesn't show hand 
*** SUMMARY ***
Total pot $0.10 | Rake $0 
Seat 1: lichistoria (button) folded before Flop (didn't bet)
Seat 2: serotonine91 (small blind) folded before Flop
Seat 3: bebasket066 (big blind) collected ($0.10)
Seat 4: Mahu2021 folded before Flop (didn't bet)
Seat 5: MGodziem folded before Flop (didn't bet)
Seat 6: TRYMIDI folded before Flop (didn't bet)



PokerStars Zoom Hand #254566504137:  Hold'em No Limit ($0.05/$0.10) - 2025/01/26 19:53:37 CET [2025/01/26 13:53:37 ET]
Table 'Aludra' 6-max Seat #1 is the button
Seat 1: kox44x ($10.40 in chips) 
Seat 2: VoltaireReplica ($25.58 in chips) 
Seat 3: Mahu2021 ($9.58 in chips) 
Seat 4: iwantyoumoney ($25.84 in chips) 
Seat 5: +SmokLy3 ($4.85 in chips) 
Seat 6: holzhacker1 ($5.88 in chips) 
VoltaireReplica: posts small blind $0.05
Mahu2021: posts big blind $0.10
*** HOLE CARDS ***
Dealt to Mahu2021 [Jc 6h]
iwantyoumoney: folds 
+SmokLy3: folds 
holzhacker1: folds 
kox44x: folds 
VoltaireReplica: raises $0.25 to $0.35
Mahu2021: folds 
Uncalled bet ($0.25) returned to VoltaireReplica
VoltaireReplica collected $0.20 from pot
VoltaireReplica: doesn't show hand 
*** SUMMARY ***
Total pot $0.20 | Rake $0 
Seat 1: kox44x (button) folded before Flop (didn't bet)
Seat 2: VoltaireReplica (small blind) collected ($0.20)
Seat 3: Mahu2021 (big blind) folded before Flop
Seat 4: iwantyoumoney folded before Flop (didn't bet)
Seat 5: +SmokLy3 folded before Flop (didn't bet)
Seat 6: holzhacker1 folded before Flop (didn't bet)



PokerStars Zoom Hand #254566510125:  Hold'em No Limit ($0.05/$0.10) - 2025/01/26 19:53:54 CET [2025/01/26 13:53:54 ET]
Table 'Aludra' 6-max Seat #1 is the button
Seat 1: nikcat7 ($10.25 in chips) 
Seat 2: Alejandro85s ($10 in chips) 
Seat 3: Luffy V ($11.75 in chips) 
Seat 4: Mahu2021 ($9.48 in chips) 
Seat 5: jotadedios1322 ($7.26 in chips) 
Seat 6: rachelffs ($12.77 in chips) 
Alejandro85s: posts small blind $0.05
Luffy V: posts big blind $0.10
*** HOLE CARDS ***
Dealt to Mahu2021 [4s 5h]
Mahu2021: folds 
jotadedios1322: folds 
rachelffs: folds 
nikcat7: folds 
Alejandro85s: folds 
Uncalled bet ($0.05) returned to Luffy V
Luffy V collected $0.10 from pot
Luffy V: doesn't show hand 
*** SUMMARY ***
Total pot $0.10 | Rake $0 
Seat 1: nikcat7 (button) folded before Flop (didn't bet)
Seat 2: Alejandro85s (small blind) folded before Flop
Seat 3: Luffy V (big blind) collected ($0.10)
Seat 4: Mahu2021 folded before Flop (didn't bet)
Seat 5: jotadedios1322 folded before Flop (didn't bet)
Seat 6: rachelffs folded before Flop (didn't bet)



PokerStars Zoom Hand #254566511614:  Hold'em No Limit ($0.05/$0.10) - 2025/01/26 19:53:58 CET [2025/01/26 13:53:58 ET]
Table 'Aludra' 6-max Seat #1 is the button
Seat 1: innocent99 ($28.55 in chips) 
Seat 2: rachelffs ($12.77 in chips) 
Seat 3: VoltaireReplica ($25.68 in chips) 
Seat 4: Mahu2021 ($9.48 in chips) 
Seat 5: nikcat7 ($10.25 in chips) 
Seat 6: Christianjtrfc ($19.58 in chips) 
rachelffs: posts small blind $0.05
VoltaireReplica: posts big blind $0.10
*** HOLE CARDS ***
Dealt to Mahu2021 [Jc Qh]
Mahu2021: raises $0.14 to $0.24
nikcat7: folds 
Christianjtrfc: folds 
innocent99: folds 
rachelffs: folds 
VoltaireReplica: calls $0.14
*** FLOP *** [Th 3c 4h]
VoltaireReplica: checks 
Mahu2021: checks 
*** TURN *** [Th 3c 4h] [4d]
VoltaireReplica: bets $0.30
Mahu2021: folds 
Uncalled bet ($0.30) returned to VoltaireReplica
VoltaireReplica collected $0.51 from pot
VoltaireReplica: doesn't show hand 
*** SUMMARY ***
Total pot $0.53 | Rake $0.02 
Board [Th 3c 4h 4d]
Seat 1: innocent99 (button) folded before Flop (didn't bet)
Seat 2: rachelffs (small blind) folded before Flop
Seat 3: VoltaireReplica (big blind) collected ($0.51)
Seat 4: Mahu2021 folded on the Turn
Seat 5: nikcat7 folded before Flop (didn't bet)
Seat 6: Christianjtrfc folded before Flop (didn't bet)



PokerStars Zoom Hand #254566502851:  Hold'em No Limit ($0.05/$0.10) - 2025/01/26 19:53:33 CET [2025/01/26 13:53:33 ET]
Table 'Aludra' 6-max Seat #1 is the button
Seat 1: Mahu2021 ($9.58 in chips) 
Seat 2: kris_bjork ($10 in chips) 
Seat 3: bebasket066 ($9.39 in chips) 
Seat 4: Extecoetter25 ($25.03 in chips) 
Seat 5: cobwobbler ($10.45 in chips) 
Seat 6: innocent99 ($28.60 in chips) 
kris_bjork: posts small blind $0.05
bebasket066: posts big blind $0.10
*** HOLE CARDS ***
Dealt to Mahu2021 [5h 6s]
Extecoetter25: folds 
cobwobbler: folds 
innocent99: folds 
Mahu2021: folds 
kris_bjork: raises $0.22 to $0.32
bebasket066: calls $0.22
*** FLOP *** [7h Th 5c]
kris_bjork: checks 
bebasket066: checks 
*** TURN *** [7h Th 5c] [2d]
kris_bjork: checks 
bebasket066: checks 
*** RIVER *** [7h Th 5c 2d] [As]
kris_bjork: bets $0.46
bebasket066: folds 
Uncalled bet ($0.46) returned to kris_bjork
kris_bjork collected $0.61 from pot
kris_bjork: doesn't show hand 
*** SUMMARY ***
Total pot $0.64 | Rake $0.03 
Board [7h Th 5c 2d As]
Seat 1: Mahu2021 (button) folded before Flop (didn't bet)
Seat 2: kris_bjork (small blind) collected ($0.61)
Seat 3: bebasket066 (big blind) folded on the River
Seat 4: Extecoetter25 folded before Flop (didn't bet)
Seat 5: cobwobbler folded before Flop (didn't bet)
Seat 6: innocent99 folded before Flop (didn't bet)



PokerStars Zoom Hand #254566508755:  Hold'em No Limit ($0.05/$0.10) - 2025/01/26 19:53:50 CET [2025/01/26 13:53:50 ET]
Table 'Aludra' 6-max Seat #1 is the button
Seat 1: Call me Alex97 ($25.69 in chips) 
Seat 2: Allvisa ($10.05 in chips) 
Seat 3: Extecoetter25 ($24.98 in chips) 
Seat 4: WideMonkaW ($11 in chips) 
Seat 5: COVEIROANCAP ($26.66 in chips) 
Seat 6: Mahu2021 ($9.48 in chips) 
Allvisa: posts small blind $0.05
Extecoetter25: posts big blind $0.10
*** HOLE CARDS ***
Dealt to Mahu2021 [Td 8s]
WideMonkaW: raises $0.10 to $0.20
COVEIROANCAP: folds 
Mahu2021: folds 
Call me Alex97: calls $0.20
Allvisa: raises $0.60 to $0.80
Extecoetter25: folds 
WideMonkaW: raises $1.60 to $2.40
Call me Alex97: folds 
Allvisa: folds 
Uncalled bet ($1.60) returned to WideMonkaW
WideMonkaW collected $1.90 from pot
WideMonkaW: doesn't show hand 
*** SUMMARY ***
Total pot $1.90 | Rake $0 
Seat 1: Call me Alex97 (button) folded before Flop
Seat 2: Allvisa (small blind) folded before Flop
Seat 3: Extecoetter25 (big blind) folded before Flop
Seat 4: WideMonkaW collected ($1.90)
Seat 5: COVEIROANCAP folded before Flop (didn't bet)
Seat 6: Mahu2021 folded before Flop (didn't bet)



PokerStars Zoom Hand #254566527137:  Hold'em No Limit ($0.05/$0.10) - 2025/01/26 19:54:42 CET [2025/01/26 13:54:42 ET]
Table 'Aludra' 6-max Seat #1 is the button
Seat 1: SmallKick88 ($7.47 in chips) 
Seat 2: PuffyDawg ($10.92 in chips) 
Seat 3: holzhacker1 ($5.97 in chips) 
Seat 4: kox44x ($10.65 in chips) 
Seat 5: Mahu2021 ($9.19 in chips) 
Seat 6: Jezterscap ($10 in chips) 
PuffyDawg: posts small blind $0.05
holzhacker1: posts big blind $0.10
*** HOLE CARDS ***
Dealt to Mahu2021 [8c 5c]
kox44x: folds 
Mahu2021: folds 
Jezterscap: folds 
SmallKick88: folds 
PuffyDawg: folds 
Uncalled bet ($0.05) returned to holzhacker1
holzhacker1 collected $0.10 from pot
holzhacker1: doesn't show hand 
*** SUMMARY ***
Total pot $0.10 | Rake $0 
Seat 1: SmallKick88 (button) folded before Flop (didn't bet)
Seat 2: PuffyDawg (small blind) folded before Flop
Seat 3: holzhacker1 (big blind) collected ($0.10)
Seat 4: kox44x folded before Flop (didn't bet)
Seat 5: Mahu2021 folded before Flop (didn't bet)
Seat 6: Jezterscap folded before Flop (didn't bet)



PokerStars Zoom Hand #254566525819:  Hold'em No Limit ($0.05/$0.10) - 2025/01/26 19:54:38 CET [2025/01/26 13:54:38 ET]
Table 'Aludra' 6-max Seat #1 is the button
Seat 1: Big2705 ($4.31 in chips) 
Seat 2: Mahu2021 ($9.24 in chips) 
Seat 3: Oscar__62176 ($10.98 in chips) 
Seat 4: kox44x ($10.65 in chips) 
Seat 5: Tsitsomitsos ($13.18 in chips) 
Seat 6: k1w12 ($10.10 in chips) 
Mahu2021: posts small blind $0.05
Oscar__62176: posts big blind $0.10
*** HOLE CARDS ***
Dealt to Mahu2021 [5d 4h]
kox44x: folds 
Tsitsomitsos: folds 
k1w12: folds 
Big2705: raises $0.25 to $0.35
Mahu2021: folds 
Oscar__62176: folds 
Uncalled bet ($0.25) returned to Big2705
Big2705 collected $0.25 from pot
Big2705: doesn't show hand 
*** SUMMARY ***
Total pot $0.25 | Rake $0 
Seat 1: Big2705 (button) collected ($0.25)
Seat 2: Mahu2021 (small blind) folded before Flop
Seat 3: Oscar__62176 (big blind) folded before Flop
Seat 4: kox44x folded before Flop (didn't bet)
Seat 5: Tsitsomitsos folded before Flop (didn't bet)
Seat 6: k1w12 folded before Flop (didn't bet)



PokerStars Zoom Hand #254566528454:  Hold'em No Limit ($0.05/$0.10) - 2025/01/26 19:54:46 CET [2025/01/26 13:54:46 ET]
Table 'Aludra' 6-max Seat #1 is the button
Seat 1: bmh9310 ($8.67 in chips) 
Seat 2: seiji140 ($15.83 in chips) 
Seat 3: Mahu2021 ($9.19 in chips) 
Seat 4: WideMonkaW ($10 in chips) 
Seat 5: pro888888 ($17.57 in chips) 
Seat 6: SmallKick88 ($7.47 in chips) 
seiji140: posts small blind $0.05
Mahu2021: posts big blind $0.10
*** HOLE CARDS ***
Dealt to Mahu2021 [Ac 5d]
WideMonkaW: folds 
pro888888: folds 
SmallKick88: raises $0.15 to $0.25
bmh9310: folds 
seiji140: folds 
Mahu2021: calls $0.15
*** FLOP *** [Ts 6h 2h]
Mahu2021: checks 
SmallKick88: bets $0.35
Mahu2021: folds 
Uncalled bet ($0.35) returned to SmallKick88
SmallKick88 collected $0.53 from pot
SmallKick88: doesn't show hand 
*** SUMMARY ***
Total pot $0.55 | Rake $0.02 
Board [Ts 6h 2h]
Seat 1: bmh9310 (button) folded before Flop (didn't bet)
Seat 2: seiji140 (small blind) folded before Flop
Seat 3: Mahu2021 (big blind) folded on the Flop
Seat 4: WideMonkaW folded before Flop (didn't bet)
Seat 5: pro888888 folded before Flop (didn't bet)
Seat 6: SmallKick88 collected ($0.53)



PokerStars Zoom Hand #254566524257:  Hold'em No Limit ($0.05/$0.10) - 2025/01/26 19:54:34 CET [2025/01/26 13:54:34 ET]
Table 'Aludra' 6-max Seat #1 is the button
Seat 1: Mahu2021 ($9.24 in chips) 
Seat 2: kris_bjork ($10 in chips) 
Seat 3: serotonine91 ($15.35 in chips) 
Seat 4: bebasket066 ($9.30 in chips) 
Seat 5: Bestology ($16.11 in chips) 
Seat 6: JacDs ($10 in chips) 
kris_bjork: posts small blind $0.05
serotonine91: posts big blind $0.10
*** HOLE CARDS ***
Dealt to Mahu2021 [Tc 6d]
bebasket066: folds 
Bestology: folds 
JacDs: raises $0.15 to $0.25
Mahu2021: folds 
kris_bjork: folds 
serotonine91: folds 
Uncalled bet ($0.15) returned to JacDs
JacDs collected $0.25 from pot
JacDs: doesn't show hand 
*** SUMMARY ***
Total pot $0.25 | Rake $0 
Seat 1: Mahu2021 (button) folded before Flop (didn't bet)
Seat 2: kris_bjork (small blind) folded before Flop
Seat 3: serotonine91 (big blind) folded before Flop
Seat 4: bebasket066 folded before Flop (didn't bet)
Seat 5: Bestology folded before Flop (didn't bet)
Seat 6: JacDs collected ($0.25)



PokerStars Zoom Hand #254566533377:  Hold'em No Limit ($0.05/$0.10) - 2025/01/26 19:55:00 CET [2025/01/26 13:55:00 ET]
Table 'Aludra' 6-max Seat #1 is the button
Seat 1: D.shadoww ($11.94 in chips) 
Seat 2: ppapandppap ($11.26 in chips) 
Seat 3: PuffyDawg ($10 in chips) 
Seat 4: Luffy V ($11 in chips) 
Seat 5: COVEIROANCAP ($15.07 in chips) 
Seat 6: Mahu2021 ($8.94 in chips) 
ppapandppap: posts small blind $0.05
PuffyDawg: posts big blind $0.10
*** HOLE CARDS ***
Dealt to Mahu2021 [2h Th]
Luffy V: folds 
COVEIROANCAP: raises $0.15 to $0.25
Mahu2021: folds 
D.shadoww: folds 
ppapandppap: folds 
PuffyDawg: folds 
Uncalled bet ($0.15) returned to COVEIROANCAP
COVEIROANCAP collected $0.25 from pot
COVEIROANCAP: doesn't show hand 
*** SUMMARY ***
Total pot $0.25 | Rake $0 
Seat 1: D.shadoww (button) folded before Flop (didn't bet)
Seat 2: ppapandppap (small blind) folded before Flop
Seat 3: PuffyDawg (big blind) folded before Flop
Seat 4: Luffy V folded before Flop (didn't bet)
Seat 5: COVEIROANCAP collected ($0.25)
Seat 6: Mahu2021 folded before Flop (didn't bet)



PokerStars Zoom Hand #254566536115:  Hold'em No Limit ($0.05/$0.10) - 2025/01/26 19:55:08 CET [2025/01/26 13:55:08 ET]
Table 'Aludra' 6-max Seat #1 is the button
Seat 1: Mahu2021 ($8.94 in chips) 
Seat 2: quipstr ($9.89 in chips) 
Seat 3: Maxim_Otto13 ($26.10 in chips) 
Seat 4: +SmokLy3 ($6.66 in chips) 
Seat 5: VitorArj ($12.18 in chips) 
Seat 6: Oscar__62176 ($10.46 in chips) 
quipstr: posts small blind $0.05
Maxim_Otto13: posts big blind $0.10
*** HOLE CARDS ***
Dealt to Mahu2021 [Tc 5c]
+SmokLy3: folds 
VitorArj: folds 
Oscar__62176: folds 
Mahu2021: folds 
quipstr: raises $0.20 to $0.30
Maxim_Otto13: folds 
Uncalled bet ($0.20) returned to quipstr
quipstr collected $0.20 from pot
quipstr: doesn't show hand 
*** SUMMARY ***
Total pot $0.20 | Rake $0 
Seat 1: Mahu2021 (button) folded before Flop (didn't bet)
Seat 2: quipstr (small blind) collected ($0.20)
Seat 3: Maxim_Otto13 (big blind) folded before Flop
Seat 4: +SmokLy3 folded before Flop (didn't bet)
Seat 5: VitorArj folded before Flop (didn't bet)
Seat 6: Oscar__62176 folded before Flop (didn't bet)



PokerStars Zoom Hand #254566537291:  Hold'em No Limit ($0.05/$0.10) - 2025/01/26 19:55:12 CET [2025/01/26 13:55:12 ET]
Table 'Aludra' 6-max Seat #1 is the button
Seat 1: Ironhelt ($10 in chips) 
Seat 2: Mahu2021 ($8.94 in chips) 
Seat 3: bachiko29 ($11.31 in chips) 
Seat 4: +SmokLy3 ($6.66 in chips) 
Seat 5: Baratrum777 ($10 in chips) 
Seat 6: aykloz ($10.15 in chips) 
Mahu2021: posts small blind $0.05
bachiko29: posts big blind $0.10
*** HOLE CARDS ***
Dealt to Mahu2021 [Js 7c]
+SmokLy3: folds 
Baratrum777: folds 
aykloz: folds 
Ironhelt: folds 
Mahu2021: folds 
Uncalled bet ($0.05) returned to bachiko29
bachiko29 collected $0.10 from pot
bachiko29: doesn't show hand 
*** SUMMARY ***
Total pot $0.10 | Rake $0 
Seat 1: Ironhelt (button) folded before Flop (didn't bet)
Seat 2: Mahu2021 (small blind) folded before Flop
Seat 3: bachiko29 (big blind) collected ($0.10)
Seat 4: +SmokLy3 folded before Flop (didn't bet)
Seat 5: Baratrum777 folded before Flop (didn't bet)
Seat 6: aykloz folded before Flop (didn't bet)



PokerStars Zoom Hand #254566538149:  Hold'em No Limit ($0.05/$0.10) - 2025/01/26 19:55:16 CET [2025/01/26 13:55:16 ET]
Table 'Aludra' 6-max Seat #1 is the button
Seat 1: ppapandppap ($11.11 in chips) 
Seat 2: pro888888 ($17.47 in chips) 
Seat 3: Oscar__62176 ($10.46 in chips) 
Seat 4: Mahu2021 ($8.89 in chips) 
Seat 5: LassESSon ($7.62 in chips) 
Seat 6: Jahjge ($37.52 in chips) 
pro888888: posts small blind $0.05
Oscar__62176: posts big blind $0.10
*** HOLE CARDS ***
Dealt to Mahu2021 [9c 7h]
Mahu2021: folds 
LassESSon: folds 
Jahjge: raises $0.15 to $0.25
ppapandppap: folds 
pro888888: folds 
Oscar__62176: folds 
Uncalled bet ($0.15) returned to Jahjge
Jahjge collected $0.25 from pot
Jahjge: doesn't show hand 
*** SUMMARY ***
Total pot $0.25 | Rake $0 
Seat 1: ppapandppap (button) folded before Flop (didn't bet)
Seat 2: pro888888 (small blind) folded before Flop
Seat 3: Oscar__62176 (big blind) folded before Flop
Seat 4: Mahu2021 folded before Flop (didn't bet)
Seat 5: LassESSon folded before Flop (didn't bet)
Seat 6: Jahjge collected ($0.25)



PokerStars Zoom Hand #254566538956:  Hold'em No Limit ($0.05/$0.10) - 2025/01/26 19:55:20 CET [2025/01/26 13:55:20 ET]
Table 'Aludra' 6-max Seat #1 is the button
Seat 1: Ironhelt ($24.28 in chips) 
Seat 2: aykloz ($10.15 in chips) 
Seat 3: Mahu2021 ($8.89 in chips) 
Seat 4: sKaR10 ($8.89 in chips) 
Seat 5: jotadedios1322 ($7.61 in chips) 
Seat 6: Baratrum777 ($10 in chips) 
aykloz: posts small blind $0.05
Mahu2021: posts big blind $0.10
*** HOLE CARDS ***
Dealt to Mahu2021 [8c 7h]
sKaR10: raises $0.15 to $0.25
jotadedios1322: folds 
Baratrum777: folds 
Ironhelt: folds 
aykloz: folds 
Mahu2021: calls $0.15
*** FLOP *** [Qs 9s 8d]
Mahu2021: checks 
sKaR10: bets $0.27
Mahu2021: calls $0.27
*** TURN *** [Qs 9s 8d] [3h]
Mahu2021: checks 
sKaR10: bets $0.52
Mahu2021: folds 
Uncalled bet ($0.52) returned to sKaR10
sKaR10 collected $1.03 from pot
sKaR10: doesn't show hand 
*** SUMMARY ***
Total pot $1.09 | Rake $0.06 
Board [Qs 9s 8d 3h]
Seat 1: Ironhelt (button) folded before Flop (didn't bet)
Seat 2: aykloz (small blind) folded before Flop
Seat 3: Mahu2021 (big blind) folded on the Turn
Seat 4: sKaR10 collected ($1.03)
Seat 5: jotadedios1322 folded before Flop (didn't bet)
Seat 6: Baratrum777 folded before Flop (didn't bet)



PokerStars Zoom Hand #254566534696:  Hold'em No Limit ($0.05/$0.10) - 2025/01/26 19:55:04 CET [2025/01/26 13:55:04 ET]
Table 'Aludra' 6-max Seat #1 is the button
Seat 1: rachelffs ($17.77 in chips) 
Seat 2: k1w12 ($10 in chips) 
Seat 3: renova0813 ($10.32 in chips) 
Seat 4: cobwobbler ($10.77 in chips) 
Seat 5: Mahu2021 ($8.94 in chips) 
Seat 6: nikcat7 ($10.51 in chips) 
k1w12: posts small blind $0.05
renova0813: posts big blind $0.10
*** HOLE CARDS ***
Dealt to Mahu2021 [4c 3c]
cobwobbler: folds 
Mahu2021: folds 
nikcat7: folds 
rachelffs: folds 
k1w12: raises $0.20 to $0.30
renova0813: calls $0.20
*** FLOP *** [Jc Ah 5d]
k1w12: checks 
renova0813: bets $0.19
k1w12: calls $0.19
*** TURN *** [Jc Ah 5d] [Qd]
k1w12: checks 
renova0813: bets $0.27
k1w12: calls $0.27
*** RIVER *** [Jc Ah 5d Qd] [6d]
k1w12: bets $0.75
renova0813: folds 
Uncalled bet ($0.75) returned to k1w12
k1w12 collected $1.45 from pot
k1w12: doesn't show hand 
*** SUMMARY ***
Total pot $1.52 | Rake $0.07 
Board [Jc Ah 5d Qd 6d]
Seat 1: rachelffs (button) folded before Flop (didn't bet)
Seat 2: k1w12 (small blind) collected ($1.45)
Seat 3: renova0813 (big blind) folded on the River
Seat 4: cobwobbler folded before Flop (didn't bet)
Seat 5: Mahu2021 folded before Flop (didn't bet)
Seat 6: nikcat7 folded before Flop (didn't bet)



PokerStars Zoom Hand #254566543472:  Hold'em No Limit ($0.05/$0.10) - 2025/01/26 19:55:41 CET [2025/01/26 13:55:41 ET]
Table 'Aludra' 6-max Seat #1 is the button
Seat 1: geo3pokerr ($6.07 in chips) 
Seat 2: Luffy V ($11.78 in chips) 
Seat 3: sKaR10 ($9.40 in chips) 
Seat 4: Deep_Dark ($4.21 in chips) 
Seat 5: Call me Alex97 ($22.99 in chips) 
Seat 6: Mahu2021 ($8.37 in chips) 
Luffy V: posts small blind $0.05
sKaR10: posts big blind $0.10
*** HOLE CARDS ***
Dealt to Mahu2021 [Ah Qc]
Deep_Dark: folds 
Call me Alex97: folds 
Mahu2021: raises $0.20 to $0.30
geo3pokerr: calls $0.30
Luffy V: folds 
sKaR10: folds 
*** FLOP *** [9s 7s 7h]
Mahu2021: checks 
geo3pokerr: checks 
*** TURN *** [9s 7s 7h] [Tc]
Mahu2021: checks 
geo3pokerr: bets $0.56
Mahu2021: calls $0.56
*** RIVER *** [9s 7s 7h Tc] [5h]
Mahu2021: checks 
geo3pokerr: checks 
*** SHOW DOWN ***
Mahu2021: shows [Ah Qc] (a pair of Sevens)
geo3pokerr: shows [Ac Ad] (two pair, Aces and Sevens)
geo3pokerr collected $1.79 from pot
*** SUMMARY ***
Total pot $1.87 | Rake $0.08 
Board [9s 7s 7h Tc 5h]
Seat 1: geo3pokerr (button) showed [Ac Ad] and won ($1.79) with two pair, Aces and Sevens
Seat 2: Luffy V (small blind) folded before Flop
Seat 3: sKaR10 (big blind) folded before Flop
Seat 4: Deep_Dark folded before Flop (didn't bet)
Seat 5: Call me Alex97 folded before Flop (didn't bet)
Seat 6: Mahu2021 showed [Ah Qc] and lost with a pair of Sevens



PokerStars Zoom Hand #254566552185:  Hold'em No Limit ($0.05/$0.10) - 2025/01/26 19:56:22 CET [2025/01/26 13:56:22 ET]
Table 'Aludra' 6-max Seat #1 is the button
Seat 1: Mahu2021 ($7.51 in chips) 
Seat 2: Jezterscap ($10 in chips) 
Seat 3: Allvisa ($14.28 in chips) 
Seat 4: bmh9310 ($8.75 in chips) 
Seat 5: VitorArj ($11.83 in chips) 
Seat 6: COVEIROANCAP ($24.76 in chips) 
Jezterscap: posts small blind $0.05
Allvisa: posts big blind $0.10
*** HOLE CARDS ***
Dealt to Mahu2021 [8c 9c]
bmh9310: folds 
VitorArj: folds 
COVEIROANCAP: folds 
Mahu2021: raises $0.20 to $0.30
Jezterscap: folds 
Allvisa: folds 
Uncalled bet ($0.20) returned to Mahu2021
Mahu2021 collected $0.25 from pot
Mahu2021: doesn't show hand 
*** SUMMARY ***
Total pot $0.25 | Rake $0 
Seat 1: Mahu2021 (button) collected ($0.25)
Seat 2: Jezterscap (small blind) folded before Flop
Seat 3: Allvisa (big blind) folded before Flop
Seat 4: bmh9310 folded before Flop (didn't bet)
Seat 5: VitorArj folded before Flop (didn't bet)
Seat 6: COVEIROANCAP folded before Flop (didn't bet)



PokerStars Zoom Hand #254566556354:  Hold'em No Limit ($0.05/$0.10) - 2025/01/26 19:56:42 CET [2025/01/26 13:56:42 ET]
Table 'Aludra' 6-max Seat #1 is the button
Seat 1: nikcat7 ($10 in chips) 
Seat 2: Mahu2021 ($7.66 in chips) 
Seat 3: bmh9310 ($8.75 in chips) 
Seat 4: Luffy V ($11.10 in chips) 
Seat 5: kox44x ($10.11 in chips) 
Seat 6: teebeutel16 ($4.54 in chips) 
Mahu2021: posts small blind $0.05
bmh9310: posts big blind $0.10
*** HOLE CARDS ***
Dealt to Mahu2021 [6h Td]
Luffy V: folds 
kox44x: folds 
teebeutel16: folds 
nikcat7: folds 
Mahu2021: folds 
Uncalled bet ($0.05) returned to bmh9310
bmh9310 collected $0.10 from pot
bmh9310: doesn't show hand 
*** SUMMARY ***
Total pot $0.10 | Rake $0 
Seat 1: nikcat7 (button) folded before Flop (didn't bet)
Seat 2: Mahu2021 (small blind) folded before Flop
Seat 3: bmh9310 (big blind) collected ($0.10)
Seat 4: Luffy V folded before Flop (didn't bet)
Seat 5: kox44x folded before Flop (didn't bet)
Seat 6: teebeutel16 folded before Flop (didn't bet)



PokerStars Zoom Hand #254566557119:  Hold'em No Limit ($0.05/$0.10) - 2025/01/26 19:56:45 CET [2025/01/26 13:56:45 ET]
Table 'Aludra' 6-max Seat #1 is the button
Seat 1: Alejandro85s ($8.93 in chips) 
Seat 2: PuffyDawg ($10 in chips) 
Seat 3: ProjectPokerPro ($10 in chips) 
Seat 4: ppapandppap ($11.61 in chips) 
Seat 5: Mahu2021 ($7.61 in chips) 
Seat 6: Gxzd ($7.32 in chips) 
PuffyDawg: posts small blind $0.05
ProjectPokerPro: posts big blind $0.10
*** HOLE CARDS ***
Dealt to Mahu2021 [6c Js]
ppapandppap: folds 
Mahu2021: folds 
Gxzd: folds 
Alejandro85s: raises $0.20 to $0.30
PuffyDawg: folds 
ProjectPokerPro: folds 
Uncalled bet ($0.20) returned to Alejandro85s
Alejandro85s collected $0.25 from pot
Alejandro85s: doesn't show hand 
*** SUMMARY ***
Total pot $0.25 | Rake $0 
Seat 1: Alejandro85s (button) collected ($0.25)
Seat 2: PuffyDawg (small blind) folded before Flop
Seat 3: ProjectPokerPro (big blind) folded before Flop
Seat 4: ppapandppap folded before Flop (didn't bet)
Seat 5: Mahu2021 folded before Flop (didn't bet)
Seat 6: Gxzd folded before Flop (didn't bet)



PokerStars Zoom Hand #254566558808:  Hold'em No Limit ($0.05/$0.10) - 2025/01/26 19:56:53 CET [2025/01/26 13:56:53 ET]
Table 'Aludra' 6-max Seat #1 is the button
Seat 1: Christianjtrfc ($19.74 in chips) 
Seat 2: nikcat7 ($11.32 in chips) 
Seat 3: Mahu2021 ($7.61 in chips) 
Seat 4: ronny2106 ($9.32 in chips) 
Seat 5: Luffy V ($11.10 in chips) 
Seat 6: Bestology ($22.05 in chips) 
nikcat7: posts small blind $0.05
Mahu2021: posts big blind $0.10
*** HOLE CARDS ***
Dealt to Mahu2021 [As Ks]
ronny2106: folds 
Luffy V: folds 
Bestology: folds 
Christianjtrfc: folds 
nikcat7: folds 
Uncalled bet ($0.05) returned to Mahu2021
Mahu2021 collected $0.10 from pot
Mahu2021: doesn't show hand 
*** SUMMARY ***
Total pot $0.10 | Rake $0 
Seat 1: Christianjtrfc (button) folded before Flop (didn't bet)
Seat 2: nikcat7 (small blind) folded before Flop
Seat 3: Mahu2021 (big blind) collected ($0.10)
Seat 4: ronny2106 folded before Flop (didn't bet)
Seat 5: Luffy V folded before Flop (didn't bet)
Seat 6: Bestology folded before Flop (didn't bet)



PokerStars Zoom Hand #254566557969:  Hold'em No Limit ($0.05/$0.10) - 2025/01/26 19:56:49 CET [2025/01/26 13:56:49 ET]
Table 'Aludra' 6-max Seat #1 is the button
Seat 1: PuffyDawg ($10 in chips) 
Seat 2: VitorArj ($10 in chips) 
Seat 3: der_dennis_d ($10 in chips) 
Seat 4: Oscar__62176 ($11.43 in chips) 
Seat 5: Mahu2021 ($7.61 in chips) 
Seat 6: k1w12 ($10.54 in chips) 
VitorArj: posts small blind $0.05
der_dennis_d: posts big blind $0.10
*** HOLE CARDS ***
Dealt to Mahu2021 [7d Ks]
Oscar__62176: folds 
Mahu2021: folds 
k1w12: raises $0.12 to $0.22
PuffyDawg: folds 
VitorArj: folds 
der_dennis_d: folds 
Uncalled bet ($0.12) returned to k1w12
k1w12 collected $0.25 from pot
k1w12: doesn't show hand 
*** SUMMARY ***
Total pot $0.25 | Rake $0 
Seat 1: PuffyDawg (button) folded before Flop (didn't bet)
Seat 2: VitorArj (small blind) folded before Flop
Seat 3: der_dennis_d (big blind) folded before Flop
Seat 4: Oscar__62176 folded before Flop (didn't bet)
Seat 5: Mahu2021 folded before Flop (didn't bet)
Seat 6: k1w12 collected ($0.25)



PokerStars Zoom Hand #254566560508:  Hold'em No Limit ($0.05/$0.10) - 2025/01/26 19:57:01 CET [2025/01/26 13:57:01 ET]
Table 'Aludra' 6-max Seat #1 is the button
Seat 1: Ironhelt ($11.96 in chips) 
Seat 2: ChoboPower ($16.93 in chips) 
Seat 3: pro888888 ($17.12 in chips) 
Seat 4: ProjectPokerPro ($10 in chips) 
Seat 5: Oscar__62176 ($10.20 in chips) 
Seat 6: Mahu2021 ($7.66 in chips) 
ChoboPower: posts small blind $0.05
pro888888: posts big blind $0.10
*** HOLE CARDS ***
Dealt to Mahu2021 [Qh Qs]
ProjectPokerPro: folds 
Oscar__62176: folds 
Mahu2021: raises $0.20 to $0.30
Ironhelt: folds 
ChoboPower: folds 
pro888888: calls $0.20
*** FLOP *** [9h 5h As]
pro888888: checks 
Mahu2021: checks 
*** TURN *** [9h 5h As] [6h]
pro888888: bets $0.52
Mahu2021: calls $0.52
*** RIVER *** [9h 5h As 6h] [8h]
pro888888: bets $0.81
Mahu2021: calls $0.81
*** SHOW DOWN ***
pro888888: shows [Jc Qc] (high card Ace)
Mahu2021: shows [Qh Qs] (a flush, Queen high)
Mahu2021 collected $3.16 from pot
*** SUMMARY ***
Total pot $3.31 | Rake $0.15 
Board [9h 5h As 6h 8h]
Seat 1: Ironhelt (button) folded before Flop (didn't bet)
Seat 2: ChoboPower (small blind) folded before Flop
Seat 3: pro888888 (big blind) showed [Jc Qc] and lost with high card Ace
Seat 4: ProjectPokerPro folded before Flop (didn't bet)
Seat 5: Oscar__62176 folded before Flop (didn't bet)
Seat 6: Mahu2021 showed [Qh Qs] and won ($3.16) with a flush, Queen high



PokerStars Zoom Hand #254566567919:  Hold'em No Limit ($0.05/$0.10) - 2025/01/26 19:57:36 CET [2025/01/26 13:57:36 ET]
Table 'Aludra' 6-max Seat #1 is the button
Seat 1: Mahu2021 ($9.19 in chips) 
Seat 2: Oscar__62176 ($10 in chips) 
Seat 3: Alejandro85s ($7.72 in chips) 
Seat 4: Calvis_lol ($11.95 in chips) 
Seat 5: vovo4kapooh ($14.45 in chips) 
Seat 6: nikcat7 ($11.62 in chips) 
Oscar__62176: posts small blind $0.05
Alejandro85s: posts big blind $0.10
*** HOLE CARDS ***
Dealt to Mahu2021 [Tc Qh]
Calvis_lol: folds 
vovo4kapooh: folds 
nikcat7: folds 
Mahu2021: raises $0.20 to $0.30
Oscar__62176: folds 
Alejandro85s: folds 
Uncalled bet ($0.20) returned to Mahu2021
Mahu2021 collected $0.25 from pot
Mahu2021: doesn't show hand 
*** SUMMARY ***
Total pot $0.25 | Rake $0 
Seat 1: Mahu2021 (button) collected ($0.25)
Seat 2: Oscar__62176 (small blind) folded before Flop
Seat 3: Alejandro85s (big blind) folded before Flop
Seat 4: Calvis_lol folded before Flop (didn't bet)
Seat 5: vovo4kapooh folded before Flop (didn't bet)
Seat 6: nikcat7 folded before Flop (didn't bet)



PokerStars Zoom Hand #254566566657:  Hold'em No Limit ($0.05/$0.10) - 2025/01/26 19:57:30 CET [2025/01/26 13:57:30 ET]
Table 'Aludra' 6-max Seat #1 is the button
Seat 1: teebeutel16 ($3.99 in chips) 
Seat 2: der_dennis_d ($10 in chips) 
Seat 3: PuffyDawg ($10.22 in chips) 
Seat 4: Mahu2021 ($9.19 in chips) 
Seat 5: pietrohineni_ ($10.80 in chips) 
Seat 6: WideMonkaW ($10.10 in chips) 
der_dennis_d: posts small blind $0.05
PuffyDawg: posts big blind $0.10
*** HOLE CARDS ***
Dealt to Mahu2021 [4h Jd]
Mahu2021: folds 
pietrohineni_: calls $0.10
WideMonkaW: folds 
teebeutel16: calls $0.10
der_dennis_d: folds 
PuffyDawg: checks 
*** FLOP *** [7s Jh Ac]
PuffyDawg: checks 
pietrohineni_: bets $1.30
teebeutel16: folds 
PuffyDawg: folds 
Uncalled bet ($1.30) returned to pietrohineni_
pietrohineni_ collected $0.33 from pot
pietrohineni_: doesn't show hand 
*** SUMMARY ***
Total pot $0.35 | Rake $0.02 
Board [7s Jh Ac]
Seat 1: teebeutel16 (button) folded on the Flop
Seat 2: der_dennis_d (small blind) folded before Flop
Seat 3: PuffyDawg (big blind) folded on the Flop
Seat 4: Mahu2021 folded before Flop (didn't bet)
Seat 5: pietrohineni_ collected ($0.33)
Seat 6: WideMonkaW folded before Flop (didn't bet)



PokerStars Zoom Hand #254566571049:  Hold'em No Limit ($0.05/$0.10) - 2025/01/26 19:57:52 CET [2025/01/26 13:57:52 ET]
Table 'Aludra' 6-max Seat #1 is the button
Seat 1: Extecoetter25 ($10.30 in chips) 
Seat 2: Mahu2021 ($9.34 in chips) 
Seat 3: seiji140 ($16.15 in chips) 
Seat 4: Luffy V ($26.91 in chips) 
Seat 5: ChoboPower ($17.24 in chips) 
Seat 6: ProjectPokerPro ($11.11 in chips) 
Mahu2021: posts small blind $0.05
seiji140: posts big blind $0.10
*** HOLE CARDS ***
Dealt to Mahu2021 [5h Js]
Luffy V: raises $0.15 to $0.25
ChoboPower: folds 
ProjectPokerPro: folds 
Extecoetter25: folds 
Mahu2021: folds 
seiji140: folds 
Uncalled bet ($0.15) returned to Luffy V
Luffy V collected $0.25 from pot
Luffy V: doesn't show hand 
*** SUMMARY ***
Total pot $0.25 | Rake $0 
Seat 1: Extecoetter25 (button) folded before Flop (didn't bet)
Seat 2: Mahu2021 (small blind) folded before Flop
Seat 3: seiji140 (big blind) folded before Flop
Seat 4: Luffy V collected ($0.25)
Seat 5: ChoboPower folded before Flop (didn't bet)
Seat 6: ProjectPokerPro folded before Flop (didn't bet)



PokerStars Zoom Hand #254566587809:  Hold'em No Limit ($0.05/$0.10) - 2025/01/26 19:59:12 CET [2025/01/26 13:59:12 ET]
Table 'Aludra' 6-max Seat #1 is the button
Seat 1: sKaR10 ($9.96 in chips) 
Seat 2: elektrofu ($22.28 in chips) 
Seat 3: Extecoetter25 ($11.56 in chips) 
Seat 4: Oscar__62176 ($10.22 in chips) 
Seat 5: mOberdan ($29.42 in chips) 
Seat 6: Mahu2021 ($9.29 in chips) 
elektrofu: posts small blind $0.05
Extecoetter25: posts big blind $0.10
*** HOLE CARDS ***
Dealt to Mahu2021 [Kh 4h]
Oscar__62176: raises $0.12 to $0.22
mOberdan: folds 
Mahu2021: folds 
sKaR10: folds 
elektrofu: folds 
Extecoetter25: folds 
Uncalled bet ($0.12) returned to Oscar__62176
Oscar__62176 collected $0.25 from pot
Oscar__62176: doesn't show hand 
*** SUMMARY ***
Total pot $0.25 | Rake $0 
Seat 1: sKaR10 (button) folded before Flop (didn't bet)
Seat 2: elektrofu (small blind) folded before Flop
Seat 3: Extecoetter25 (big blind) folded before Flop
Seat 4: Oscar__62176 collected ($0.25)
Seat 5: mOberdan folded before Flop (didn't bet)
Seat 6: Mahu2021 folded before Flop (didn't bet)



PokerStars Zoom Hand #254566588668:  Hold'em No Limit ($0.05/$0.10) - 2025/01/26 19:59:16 CET [2025/01/26 13:59:16 ET]
Table 'Aludra' 6-max Seat #1 is the button
Seat 1: szabarna ($10 in chips) 
Seat 2: nikcat7 ($10.80 in chips) 
Seat 3: Mahu2021 ($9.29 in chips) 
Seat 4: ronny2106 ($10.63 in chips) 
Seat 5: elektrofu ($22.23 in chips) 
Seat 6: chevins ($12.06 in chips) 
nikcat7: posts small blind $0.05
Mahu2021: posts big blind $0.10
*** HOLE CARDS ***
Dealt to Mahu2021 [2h 5d]
ronny2106: folds 
elektrofu: folds 
chevins: folds 
szabarna: raises $0.10 to $0.20
nikcat7: folds 
Mahu2021: calls $0.10
*** FLOP *** [9h 3c 5h]
Mahu2021: checks 
szabarna: bets $0.14
Mahu2021: calls $0.14
*** TURN *** [9h 3c 5h] [Kc]
Mahu2021: checks 
szabarna: bets $0.53
Mahu2021: folds 
Uncalled bet ($0.53) returned to szabarna
szabarna collected $0.70 from pot
szabarna: doesn't show hand 
*** SUMMARY ***
Total pot $0.73 | Rake $0.03 
Board [9h 3c 5h Kc]
Seat 1: szabarna (button) collected ($0.70)
Seat 2: nikcat7 (small blind) folded before Flop
Seat 3: Mahu2021 (big blind) folded on the Turn
Seat 4: ronny2106 folded before Flop (didn't bet)
Seat 5: elektrofu folded before Flop (didn't bet)
Seat 6: chevins folded before Flop (didn't bet)



PokerStars Zoom Hand #254566593686:  Hold'em No Limit ($0.05/$0.10) - 2025/01/26 19:59:40 CET [2025/01/26 13:59:40 ET]
Table 'Aludra' 6-max Seat #1 is the button
Seat 1: Maxim_Otto13 ($31.64 in chips) 
Seat 2: Call me Alex97 ($15.35 in chips) 
Seat 3: Calvis_lol ($11.38 in chips) 
Seat 4: aykloz ($10.15 in chips) 
Seat 5: Mahu2021 ($8.95 in chips) 
Seat 6: COVEIROANCAP ($12.60 in chips) 
Call me Alex97: posts small blind $0.05
Calvis_lol: posts big blind $0.10
*** HOLE CARDS ***
Dealt to Mahu2021 [9h Td]
aykloz: folds 
Mahu2021: folds 
COVEIROANCAP: folds 
Maxim_Otto13: folds 
Call me Alex97: folds 
Uncalled bet ($0.05) returned to Calvis_lol
Calvis_lol collected $0.10 from pot
Calvis_lol: doesn't show hand 
*** SUMMARY ***
Total pot $0.10 | Rake $0 
Seat 1: Maxim_Otto13 (button) folded before Flop (didn't bet)
Seat 2: Call me Alex97 (small blind) folded before Flop
Seat 3: Calvis_lol (big blind) collected ($0.10)
Seat 4: aykloz folded before Flop (didn't bet)
Seat 5: Mahu2021 folded before Flop (didn't bet)
Seat 6: COVEIROANCAP folded before Flop (didn't bet)



PokerStars Zoom Hand #254566586796:  Hold'em No Limit ($0.05/$0.10) - 2025/01/26 19:59:07 CET [2025/01/26 13:59:07 ET]
Table 'Aludra' 6-max Seat #1 is the button
Seat 1: Calvis_lol ($11.98 in chips) 
Seat 2: quipstr ($9.44 in chips) 
Seat 3: mOberdan ($10 in chips) 
Seat 4: Mahu2021 ($9.29 in chips) 
Seat 5: aurelian400 ($10.68 in chips) 
Seat 6: picurul ($17.48 in chips) 
quipstr: posts small blind $0.05
mOberdan: posts big blind $0.10
*** HOLE CARDS ***
Dealt to Mahu2021 [Js 9c]
Mahu2021: folds 
aurelian400: calls $0.10
picurul: calls $0.10
Calvis_lol: raises $0.50 to $0.60
quipstr: folds 
mOberdan: folds 
aurelian400: calls $0.50
picurul: calls $0.50
*** FLOP *** [4c 6h 5s]
aurelian400: checks 
picurul: checks 
Calvis_lol: checks 
*** TURN *** [4c 6h 5s] [9h]
aurelian400: bets $0.40
picurul: raises $0.90 to $1.30
Calvis_lol: folds 
aurelian400: calls $0.90
*** RIVER *** [4c 6h 5s 9h] [8h]
aurelian400: bets $2.18
picurul: folds 
Uncalled bet ($2.18) returned to aurelian400
aurelian400 collected $4.35 from pot
aurelian400: doesn't show hand 
*** SUMMARY ***
Total pot $4.55 | Rake $0.20 
Board [4c 6h 5s 9h 8h]
Seat 1: Calvis_lol (button) folded on the Turn
Seat 2: quipstr (small blind) folded before Flop
Seat 3: mOberdan (big blind) folded before Flop
Seat 4: Mahu2021 folded before Flop (didn't bet)
Seat 5: aurelian400 collected ($4.35)
Seat 6: picurul folded on the River



PokerStars Zoom Hand #254566594550:  Hold'em No Limit ($0.05/$0.10) - 2025/01/26 19:59:44 CET [2025/01/26 13:59:44 ET]
Table 'Aludra' 6-max Seat #1 is the button
Seat 1: Mahu2021 ($8.95 in chips) 
Seat 2: etrejogiri ($4.04 in chips) 
Seat 3: kris_bjork ($10 in chips) 
Seat 4: Hopewar ($18.73 in chips) 
Seat 5: VitorArj ($10 in chips) 
Seat 6: aykloz ($10.15 in chips) 
etrejogiri: posts small blind $0.05
kris_bjork: posts big blind $0.10
*** HOLE CARDS ***
Dealt to Mahu2021 [4s 4h]
Hopewar: folds 
VitorArj: folds 
aykloz: folds 
Mahu2021: raises $0.20 to $0.30
etrejogiri: folds 
kris_bjork: calls $0.20
*** FLOP *** [8h 6d Jd]
kris_bjork: checks 
Mahu2021: checks 
*** TURN *** [8h 6d Jd] [As]
kris_bjork: checks 
Mahu2021: checks 
*** RIVER *** [8h 6d Jd As] [2s]
kris_bjork: checks 
Mahu2021: checks 
*** SHOW DOWN ***
kris_bjork: shows [3c 3s] (a pair of Threes)
Mahu2021: shows [4s 4h] (a pair of Fours)
Mahu2021 collected $0.62 from pot
*** SUMMARY ***
Total pot $0.65 | Rake $0.03 
Board [8h 6d Jd As 2s]
Seat 1: Mahu2021 (button) showed [4s 4h] and won ($0.62) with a pair of Fours
Seat 2: etrejogiri (small blind) folded before Flop
Seat 3: kris_bjork (big blind) showed [3c 3s] and lost with a pair of Threes
Seat 4: Hopewar folded before Flop (didn't bet)
Seat 5: VitorArj folded before Flop (didn't bet)
Seat 6: aykloz folded before Flop (didn't bet)



PokerStars Zoom Hand #254566606056:  Hold'em No Limit ($0.05/$0.10) - 2025/01/26 20:00:33 CET [2025/01/26 14:00:33 ET]
Table 'Aludra' 6-max Seat #1 is the button
Seat 1: Gatos y Rosas ($16.64 in chips) 
Seat 2: Mahu2021 ($9.27 in chips) 
Seat 3: Luffy V ($10 in chips) 
Seat 4: k1w12 ($10 in chips) 
Seat 5: ChoboPower ($17.84 in chips) 
Seat 6: elektrofu ($23.67 in chips) 
Mahu2021: posts small blind $0.05
Luffy V: posts big blind $0.10
*** HOLE CARDS ***
Dealt to Mahu2021 [5d Jc]
k1w12: raises $0.12 to $0.22
ChoboPower: folds 
elektrofu: folds 
Gatos y Rosas: folds 
Mahu2021: folds 
Luffy V: folds 
Uncalled bet ($0.12) returned to k1w12
k1w12 collected $0.25 from pot
k1w12: doesn't show hand 
*** SUMMARY ***
Total pot $0.25 | Rake $0 
Seat 1: Gatos y Rosas (button) folded before Flop (didn't bet)
Seat 2: Mahu2021 (small blind) folded before Flop
Seat 3: Luffy V (big blind) folded before Flop
Seat 4: k1w12 collected ($0.25)
Seat 5: ChoboPower folded before Flop (didn't bet)
Seat 6: elektrofu folded before Flop (didn't bet)



PokerStars Zoom Hand #254566611404:  Hold'em No Limit ($0.05/$0.10) - 2025/01/26 20:00:55 CET [2025/01/26 14:00:55 ET]
Table 'Aludra' 6-max Seat #1 is the button
Seat 1: Call me Alex97 ($35.24 in chips) 
Seat 2: jts2011 ($11.70 in chips) 
Seat 3: Alejandro85s ($7.74 in chips) 
Seat 4: Deep_Dark ($6.98 in chips) 
Seat 5: Mahu2021 ($9.12 in chips) 
Seat 6: honEybOOx ($36.66 in chips) 
jts2011: posts small blind $0.05
Alejandro85s: posts big blind $0.10
*** HOLE CARDS ***
Dealt to Mahu2021 [5c Jh]
Deep_Dark: folds 
Mahu2021: folds 
honEybOOx: raises $0.12 to $0.22
Call me Alex97: folds 
jts2011: folds 
Alejandro85s: folds 
Uncalled bet ($0.12) returned to honEybOOx
honEybOOx collected $0.25 from pot
honEybOOx: doesn't show hand 
*** SUMMARY ***
Total pot $0.25 | Rake $0 
Seat 1: Call me Alex97 (button) folded before Flop (didn't bet)
Seat 2: jts2011 (small blind) folded before Flop
Seat 3: Alejandro85s (big blind) folded before Flop
Seat 4: Deep_Dark folded before Flop (didn't bet)
Seat 5: Mahu2021 folded before Flop (didn't bet)
Seat 6: honEybOOx collected ($0.25)



PokerStars Zoom Hand #254566610057:  Hold'em No Limit ($0.05/$0.10) - 2025/01/26 20:00:50 CET [2025/01/26 14:00:50 ET]
Table 'Aludra' 6-max Seat #1 is the button
Seat 1: MGodziem ($4.85 in chips) 
Seat 2: aykloz ($11.17 in chips) 
Seat 3: kox44x ($10 in chips) 
Seat 4: WideMonkaW ($10 in chips) 
Seat 5: PuffyDawg ($10.81 in chips) 
Seat 6: Mahu2021 ($9.12 in chips) 
aykloz: posts small blind $0.05
kox44x: posts big blind $0.10
*** HOLE CARDS ***
Dealt to Mahu2021 [2s 9s]
WideMonkaW: raises $0.10 to $0.20
PuffyDawg: folds 
Mahu2021: folds 
MGodziem: folds 
aykloz: folds 
kox44x: folds 
Uncalled bet ($0.10) returned to WideMonkaW
WideMonkaW collected $0.25 from pot
WideMonkaW: doesn't show hand 
*** SUMMARY ***
Total pot $0.25 | Rake $0 
Seat 1: MGodziem (button) folded before Flop (didn't bet)
Seat 2: aykloz (small blind) folded before Flop
Seat 3: kox44x (big blind) folded before Flop
Seat 4: WideMonkaW collected ($0.25)
Seat 5: PuffyDawg folded before Flop (didn't bet)
Seat 6: Mahu2021 folded before Flop (didn't bet)



PokerStars Zoom Hand #254566612365:  Hold'em No Limit ($0.05/$0.10) - 2025/01/26 20:00:59 CET [2025/01/26 14:00:59 ET]
Table 'Aludra' 6-max Seat #1 is the button
Seat 1: jts2011 ($11.65 in chips) 
Seat 2: Ironhelt ($10 in chips) 
Seat 3: al1481 ($17.96 in chips) 
Seat 4: Mahu2021 ($9.12 in chips) 
Seat 5: elektrofu ($23.67 in chips) 
Seat 6: bebasket066 ($7.77 in chips) 
Ironhelt: posts small blind $0.05
al1481: posts big blind $0.10
*** HOLE CARDS ***
Dealt to Mahu2021 [2s Kc]
Mahu2021: folds 
elektrofu: folds 
bebasket066: folds 
jts2011: folds 
Ironhelt: folds 
Uncalled bet ($0.05) returned to al1481
al1481 collected $0.10 from pot
al1481: doesn't show hand 
*** SUMMARY ***
Total pot $0.10 | Rake $0 
Seat 1: jts2011 (button) folded before Flop (didn't bet)
Seat 2: Ironhelt (small blind) folded before Flop
Seat 3: al1481 (big blind) collected ($0.10)
Seat 4: Mahu2021 folded before Flop (didn't bet)
Seat 5: elektrofu folded before Flop (didn't bet)
Seat 6: bebasket066 folded before Flop (didn't bet)



PokerStars Zoom Hand #254566608217:  Hold'em No Limit ($0.05/$0.10) - 2025/01/26 20:00:42 CET [2025/01/26 14:00:42 ET]
Table 'Aludra' 6-max Seat #1 is the button
Seat 1: Calvis_lol ($10.10 in chips) 
Seat 2: VitorArj ($10.54 in chips) 
Seat 3: Mahu2021 ($9.22 in chips) 
Seat 4: Deep_Dark ($10.28 in chips) 
Seat 5: Extecoetter25 ($31.36 in chips) 
Seat 6: Luffy V ($10 in chips) 
VitorArj: posts small blind $0.05
Mahu2021: posts big blind $0.10
*** HOLE CARDS ***
Dealt to Mahu2021 [7s Kh]
Deep_Dark: folds 
Extecoetter25: folds 
Luffy V: folds 
Calvis_lol: raises $0.15 to $0.25
VitorArj: raises $0.75 to $1
Mahu2021: folds 
Calvis_lol: folds 
Uncalled bet ($0.75) returned to VitorArj
VitorArj collected $0.60 from pot
VitorArj: doesn't show hand 
*** SUMMARY ***
Total pot $0.60 | Rake $0 
Seat 1: Calvis_lol (button) folded before Flop
Seat 2: VitorArj (small blind) collected ($0.60)
Seat 3: Mahu2021 (big blind) folded before Flop
Seat 4: Deep_Dark folded before Flop (didn't bet)
Seat 5: Extecoetter25 folded before Flop (didn't bet)
Seat 6: Luffy V folded before Flop (didn't bet)



PokerStars Zoom Hand #254566613465:  Hold'em No Limit ($0.05/$0.10) - 2025/01/26 20:01:03 CET [2025/01/26 14:01:03 ET]
Table 'Aludra' 6-max Seat #1 is the button
Seat 1: PuffyDawg ($10.20 in chips) 
Seat 2: Mahu2021 ($9.12 in chips) 
Seat 3: Bestology ($21.56 in chips) 
Seat 4: Nicijerry ($19.27 in chips) 
Seat 5: rnegraomf ($18.28 in chips) 
Seat 6: ronny2106 ($14.96 in chips) 
Mahu2021: posts small blind $0.05
Bestology: posts big blind $0.10
*** HOLE CARDS ***
Dealt to Mahu2021 [Jh Qs]
Nicijerry: folds 
rnegraomf: folds 
ronny2106: folds 
PuffyDawg: folds 
Mahu2021: raises $0.20 to $0.30
Bestology: folds 
Uncalled bet ($0.20) returned to Mahu2021
Mahu2021 collected $0.20 from pot
Mahu2021: doesn't show hand 
*** SUMMARY ***
Total pot $0.20 | Rake $0 
Seat 1: PuffyDawg (button) folded before Flop (didn't bet)
Seat 2: Mahu2021 (small blind) collected ($0.20)
Seat 3: Bestology (big blind) folded before Flop
Seat 4: Nicijerry folded before Flop (didn't bet)
Seat 5: rnegraomf folded before Flop (didn't bet)
Seat 6: ronny2106 folded before Flop (didn't bet)



PokerStars Zoom Hand #254566604832:  Hold'em No Limit ($0.05/$0.10) - 2025/01/26 20:00:28 CET [2025/01/26 14:00:28 ET]
Table 'Aludra' 6-max Seat #1 is the button
Seat 1: kris_bjork ($10 in chips) 
Seat 2: kox44x ($15.82 in chips) 
Seat 3: Luffy V ($10 in chips) 
Seat 4: Mahu2021 ($9.27 in chips) 
Seat 5: Ironhelt ($10 in chips) 
Seat 6: nikcat7 ($11.10 in chips) 
kox44x: posts small blind $0.05
Luffy V: posts big blind $0.10
*** HOLE CARDS ***
Dealt to Mahu2021 [2d As]
Mahu2021: folds 
Ironhelt: folds 
nikcat7: raises $0.15 to $0.25
kris_bjork: raises $0.55 to $0.80
kox44x: folds 
Luffy V: folds 
nikcat7: calls $0.55
*** FLOP *** [8h 7d 9c]
nikcat7: checks 
kris_bjork: checks 
*** TURN *** [8h 7d 9c] [Qd]
nikcat7: checks 
kris_bjork: checks 
*** RIVER *** [8h 7d 9c Qd] [9d]
nikcat7: checks 
kris_bjork: bets $1
nikcat7: calls $1
*** SHOW DOWN ***
kris_bjork: shows [Kd Qs] (two pair, Queens and Nines)
nikcat7: mucks hand 
kris_bjork collected $3.58 from pot
*** SUMMARY ***
Total pot $3.75 | Rake $0.17 
Board [8h 7d 9c Qd 9d]
Seat 1: kris_bjork (button) showed [Kd Qs] and won ($3.58) with two pair, Queens and Nines
Seat 2: kox44x (small blind) folded before Flop
Seat 3: Luffy V (big blind) folded before Flop
Seat 4: Mahu2021 folded before Flop (didn't bet)
Seat 5: Ironhelt folded before Flop (didn't bet)
Seat 6: nikcat7 mucked [5h 5c]



PokerStars Zoom Hand #254566619682:  Hold'em No Limit ($0.05/$0.10) - 2025/01/26 20:01:26 CET [2025/01/26 14:01:26 ET]
Table 'Aludra' 6-max Seat #1 is the button
Seat 1: mOberdan ($11.61 in chips) 
Seat 2: k1w12 ($10 in chips) 
Seat 3: Mahu2021 ($9.22 in chips) 
Seat 4: AndresAbus88 ($8.90 in chips) 
Seat 5: Christianjtrfc ($19.65 in chips) 
Seat 6: VoltaireReplica ($25.35 in chips) 
k1w12: posts small blind $0.05
Mahu2021: posts big blind $0.10
*** HOLE CARDS ***
Dealt to Mahu2021 [9s Ah]
AndresAbus88: raises $0.10 to $0.20
Christianjtrfc: folds 
VoltaireReplica: folds 
mOberdan: folds 
k1w12: folds 
Mahu2021: calls $0.10
*** FLOP *** [7c 8c Qd]
Mahu2021: checks 
AndresAbus88: bets $0.20
Mahu2021: folds 
Uncalled bet ($0.20) returned to AndresAbus88
AndresAbus88 collected $0.43 from pot
AndresAbus88: doesn't show hand 
*** SUMMARY ***
Total pot $0.45 | Rake $0.02 
Board [7c 8c Qd]
Seat 1: mOberdan (button) folded before Flop (didn't bet)
Seat 2: k1w12 (small blind) folded before Flop
Seat 3: Mahu2021 (big blind) folded on the Flop
Seat 4: AndresAbus88 collected ($0.43)
Seat 5: Christianjtrfc folded before Flop (didn't bet)
Seat 6: VoltaireReplica folded before Flop (didn't bet)



PokerStars Zoom Hand #254566617487:  Hold'em No Limit ($0.05/$0.10) - 2025/01/26 20:01:18 CET [2025/01/26 14:01:18 ET]
Table 'Aludra' 6-max Seat #1 is the button
Seat 1: Mahu2021 ($9.22 in chips) 
Seat 2: ProjectPokerPro ($10 in chips) 
Seat 3: honEybOOx ($36.81 in chips) 
Seat 4: WideMonkaW ($10.18 in chips) 
Seat 5: mOberdan ($10 in chips) 
Seat 6: Call me Alex97 ($14.15 in chips) 
ProjectPokerPro: posts small blind $0.05
honEybOOx: posts big blind $0.10
*** HOLE CARDS ***
Dealt to Mahu2021 [Th 8d]
WideMonkaW: folds 
mOberdan: folds 
Call me Alex97: raises $0.14 to $0.24
Mahu2021: folds 
ProjectPokerPro: folds 
honEybOOx: raises $0.96 to $1.20
Call me Alex97: folds 
Uncalled bet ($0.96) returned to honEybOOx
honEybOOx collected $0.53 from pot
honEybOOx: doesn't show hand 
*** SUMMARY ***
Total pot $0.53 | Rake $0 
Seat 1: Mahu2021 (button) folded before Flop (didn't bet)
Seat 2: ProjectPokerPro (small blind) folded before Flop
Seat 3: honEybOOx (big blind) collected ($0.53)
Seat 4: WideMonkaW folded before Flop (didn't bet)
Seat 5: mOberdan folded before Flop (didn't bet)
Seat 6: Call me Alex97 folded before Flop



PokerStars Zoom Hand #254566625039:  Hold'em No Limit ($0.05/$0.10) - 2025/01/26 20:01:45 CET [2025/01/26 14:01:45 ET]
Table 'Aludra' 6-max Seat #1 is the button
Seat 1: Mahu2021 ($8.97 in chips) 
Seat 2: Luffy V ($11.08 in chips) 
Seat 3: k1w12 ($10.52 in chips) 
Seat 4: Alejandro85s ($7.39 in chips) 
Seat 5: Bestology ($21.41 in chips) 
Seat 6: ppapandppap ($10.15 in chips) 
Luffy V: posts small blind $0.05
k1w12: posts big blind $0.10
*** HOLE CARDS ***
Dealt to Mahu2021 [Th Qs]
Alejandro85s: folds 
Bestology: folds 
ppapandppap: folds 
Mahu2021: raises $0.20 to $0.30
Luffy V: folds 
k1w12: folds 
Uncalled bet ($0.20) returned to Mahu2021
Mahu2021 collected $0.25 from pot
Mahu2021: doesn't show hand 
*** SUMMARY ***
Total pot $0.25 | Rake $0 
Seat 1: Mahu2021 (button) collected ($0.25)
Seat 2: Luffy V (small blind) folded before Flop
Seat 3: k1w12 (big blind) folded before Flop
Seat 4: Alejandro85s folded before Flop (didn't bet)
Seat 5: Bestology folded before Flop (didn't bet)
Seat 6: ppapandppap folded before Flop (didn't bet)



PokerStars Zoom Hand #254566623997:  Hold'em No Limit ($0.05/$0.10) - 2025/01/26 20:01:41 CET [2025/01/26 14:01:41 ET]
Table 'Aludra' 6-max Seat #1 is the button
Seat 1: mOberdan ($28.10 in chips) 
Seat 2: Mahu2021 ($9.02 in chips) 
Seat 3: Braghinn ($10 in chips) 
Seat 4: LassESSon ($8.92 in chips) 
Seat 5: homiesaces85 ($10 in chips) 
Seat 6: Call me Alex97 ($11.77 in chips) 
Mahu2021: posts small blind $0.05
Braghinn: posts big blind $0.10
*** HOLE CARDS ***
Dealt to Mahu2021 [6s Js]
LassESSon has timed out
LassESSon: folds 
homiesaces85: folds 
Call me Alex97: raises $0.14 to $0.24
mOberdan: folds 
Mahu2021: folds 
Braghinn: folds 
Uncalled bet ($0.14) returned to Call me Alex97
Call me Alex97 collected $0.25 from pot
Call me Alex97: doesn't show hand 
*** SUMMARY ***
Total pot $0.25 | Rake $0 
Seat 1: mOberdan (button) folded before Flop (didn't bet)
Seat 2: Mahu2021 (small blind) folded before Flop
Seat 3: Braghinn (big blind) folded before Flop
Seat 4: LassESSon folded before Flop (didn't bet)
Seat 5: homiesaces85 folded before Flop (didn't bet)
Seat 6: Call me Alex97 collected ($0.25)



PokerStars Zoom Hand #254566618542:  Hold'em No Limit ($0.05/$0.10) - 2025/01/26 20:01:22 CET [2025/01/26 14:01:22 ET]
Table 'Aludra' 6-max Seat #1 is the button
Seat 1: LassESSon ($9.02 in chips) 
Seat 2: Oscar__62176 ($10 in chips) 
Seat 3: Bbyoda79 ($9.55 in chips) 
Seat 4: Mahu2021 ($9.22 in chips) 
Seat 5: COVEIROANCAP ($25.26 in chips) 
Seat 6: PuffyDawg ($10.20 in chips) 
Oscar__62176: posts small blind $0.05
Bbyoda79: posts big blind $0.10
*** HOLE CARDS ***
Dealt to Mahu2021 [Qc 5h]
Mahu2021: folds 
COVEIROANCAP: raises $0.15 to $0.25
PuffyDawg: folds 
LassESSon: folds 
Oscar__62176: folds 
Bbyoda79: calls $0.15
*** FLOP *** [Td 4h 6h]
Bbyoda79: checks 
COVEIROANCAP: bets $0.17
Bbyoda79: calls $0.17
*** TURN *** [Td 4h 6h] [Th]
Bbyoda79: checks 
COVEIROANCAP: checks 
*** RIVER *** [Td 4h 6h Th] [7s]
Bbyoda79: checks 
COVEIROANCAP: checks 
*** SHOW DOWN ***
Bbyoda79: shows [Kc 4c] (two pair, Tens and Fours)
COVEIROANCAP: mucks hand 
Bbyoda79 collected $0.85 from pot
*** SUMMARY ***
Total pot $0.89 | Rake $0.04 
Board [Td 4h 6h Th 7s]
Seat 1: LassESSon (button) folded before Flop (didn't bet)
Seat 2: Oscar__62176 (small blind) folded before Flop
Seat 3: Bbyoda79 (big blind) showed [Kc 4c] and won ($0.85) with two pair, Tens and Fours
Seat 4: Mahu2021 folded before Flop (didn't bet)
Seat 5: COVEIROANCAP mucked [Ah Qs]
Seat 6: PuffyDawg folded before Flop (didn't bet)



PokerStars Zoom Hand #254566629738:  Hold'em No Limit ($0.05/$0.10) - 2025/01/26 20:02:00 CET [2025/01/26 14:02:00 ET]
Table 'Aludra' 6-max Seat #1 is the button
Seat 1: ppapandppap ($11.21 in chips) 
Seat 2: Jorgos_Joanu ($9.12 in chips) 
Seat 3: Mahu2021 ($9.12 in chips) 
Seat 4: Siul0619 ($18.77 in chips) 
Seat 5: Oscar__62176 ($10.28 in chips) 
Seat 6: kox44x ($10 in chips) 
Jorgos_Joanu: posts small blind $0.05
Mahu2021: posts big blind $0.10
*** HOLE CARDS ***
Dealt to Mahu2021 [Jd 6s]
Siul0619: folds 
Oscar__62176: folds 
kox44x: raises $0.15 to $0.25
ppapandppap: folds 
Jorgos_Joanu: folds 
Mahu2021: folds 
Uncalled bet ($0.15) returned to kox44x
kox44x collected $0.25 from pot
kox44x: doesn't show hand 
*** SUMMARY ***
Total pot $0.25 | Rake $0 
Seat 1: ppapandppap (button) folded before Flop (didn't bet)
Seat 2: Jorgos_Joanu (small blind) folded before Flop
Seat 3: Mahu2021 (big blind) folded before Flop
Seat 4: Siul0619 folded before Flop (didn't bet)
Seat 5: Oscar__62176 folded before Flop (didn't bet)
Seat 6: kox44x collected ($0.25)



PokerStars Zoom Hand #254566632735:  Hold'em No Limit ($0.05/$0.10) - 2025/01/26 20:02:10 CET [2025/01/26 14:02:10 ET]
Table 'Aludra' 6-max Seat #1 is the button
Seat 1: kris_bjork ($10 in chips) 
Seat 2: mOberdan ($10.05 in chips) 
Seat 3: D.shadoww ($10 in chips) 
Seat 4: waife ($21 in chips) 
Seat 5: Braghinn ($10 in chips) 
Seat 6: Mahu2021 ($9.02 in chips) 
mOberdan: posts small blind $0.05
D.shadoww: posts big blind $0.10
*** HOLE CARDS ***
Dealt to Mahu2021 [3s 5s]
waife: folds 
Braghinn: folds 
Mahu2021: folds 
kris_bjork: folds 
mOberdan: raises $0.20 to $0.30
D.shadoww: folds 
Uncalled bet ($0.20) returned to mOberdan
mOberdan collected $0.20 from pot
mOberdan: doesn't show hand 
*** SUMMARY ***
Total pot $0.20 | Rake $0 
Seat 1: kris_bjork (button) folded before Flop (didn't bet)
Seat 2: mOberdan (small blind) collected ($0.20)
Seat 3: D.shadoww (big blind) folded before Flop
Seat 4: waife folded before Flop (didn't bet)
Seat 5: Braghinn folded before Flop (didn't bet)
Seat 6: Mahu2021 folded before Flop (didn't bet)



PokerStars Zoom Hand #254566634295:  Hold'em No Limit ($0.05/$0.10) - 2025/01/26 20:02:14 CET [2025/01/26 14:02:14 ET]
Table 'Aludra' 6-max Seat #1 is the button
Seat 1: PuffyDawg ($10.89 in chips) 
Seat 2: bebasket066 ($8.73 in chips) 
Seat 3: waife ($21 in chips) 
Seat 4: 013VHMS ($5.14 in chips) 
Seat 5: Mahu2021 ($9.02 in chips) 
Seat 6: Ironhelt ($36.11 in chips) 
bebasket066: posts small blind $0.05
waife: posts big blind $0.10
*** HOLE CARDS ***
Dealt to Mahu2021 [Kd 5h]
013VHMS: folds 
Mahu2021: folds 
Ironhelt: folds 
PuffyDawg: folds 
bebasket066: raises $0.10 to $0.20
waife: folds 
Uncalled bet ($0.10) returned to bebasket066
bebasket066 collected $0.20 from pot
bebasket066: doesn't show hand 
*** SUMMARY ***
Total pot $0.20 | Rake $0 
Seat 1: PuffyDawg (button) folded before Flop (didn't bet)
Seat 2: bebasket066 (small blind) collected ($0.20)
Seat 3: waife (big blind) folded before Flop
Seat 4: 013VHMS folded before Flop (didn't bet)
Seat 5: Mahu2021 folded before Flop (didn't bet)
Seat 6: Ironhelt folded before Flop (didn't bet)



PokerStars Zoom Hand #254566635859:  Hold'em No Limit ($0.05/$0.10) - 2025/01/26 20:02:19 CET [2025/01/26 14:02:19 ET]
Table 'Aludra' 6-max Seat #1 is the button
Seat 1: Mahu2021 ($9.02 in chips) 
Seat 2: Bestology ($21.31 in chips) 
Seat 3: ProjectPokerPro ($10 in chips) 
Seat 4: JoeyTheOnly ($11.89 in chips) 
Seat 5: Black199509 ($12.89 in chips) 
Seat 6: WideMonkaW ($13.89 in chips) 
Bestology: posts small blind $0.05
ProjectPokerPro: posts big blind $0.10
*** HOLE CARDS ***
Dealt to Mahu2021 [6s 4d]
JoeyTheOnly: raises $0.20 to $0.30
Black199509: folds 
WideMonkaW: folds 
Mahu2021: folds 
Bestology: folds 
ProjectPokerPro: folds 
Uncalled bet ($0.20) returned to JoeyTheOnly
JoeyTheOnly collected $0.25 from pot
JoeyTheOnly: doesn't show hand 
*** SUMMARY ***
Total pot $0.25 | Rake $0 
Seat 1: Mahu2021 (button) folded before Flop (didn't bet)
Seat 2: Bestology (small blind) folded before Flop
Seat 3: ProjectPokerPro (big blind) folded before Flop
Seat 4: JoeyTheOnly collected ($0.25)
Seat 5: Black199509 folded before Flop (didn't bet)
Seat 6: WideMonkaW folded before Flop (didn't bet)



PokerStars Zoom Hand #254566628243:  Hold'em No Limit ($0.05/$0.10) - 2025/01/26 20:01:55 CET [2025/01/26 14:01:55 ET]
Table 'Aludra' 6-max Seat #1 is the button
Seat 1: ChoboPower ($19.23 in chips) 
Seat 2: ppapandppap ($11.26 in chips) 
Seat 3: Deep_Dark ($9.93 in chips) 
Seat 4: Oscar__62176 ($10.28 in chips) 
Seat 5: Gxzd ($5.49 in chips) 
Seat 6: Mahu2021 ($9.12 in chips) 
ppapandppap: posts small blind $0.05
Deep_Dark: posts big blind $0.10
*** HOLE CARDS ***
Dealt to Mahu2021 [3h Jh]
Oscar__62176: folds 
Gxzd: folds 
Mahu2021: folds 
ChoboPower: raises $0.15 to $0.25
ppapandppap: folds 
Deep_Dark: calls $0.15
*** FLOP *** [8s 3s 6h]
Deep_Dark: checks 
ChoboPower: checks 
*** TURN *** [8s 3s 6h] [9d]
Deep_Dark: bets $0.47
ChoboPower: folds 
Uncalled bet ($0.47) returned to Deep_Dark
Deep_Dark collected $0.53 from pot
Deep_Dark: doesn't show hand 
*** SUMMARY ***
Total pot $0.55 | Rake $0.02 
Board [8s 3s 6h 9d]
Seat 1: ChoboPower (button) folded on the Turn
Seat 2: ppapandppap (small blind) folded before Flop
Seat 3: Deep_Dark (big blind) collected ($0.53)
Seat 4: Oscar__62176 folded before Flop (didn't bet)
Seat 5: Gxzd folded before Flop (didn't bet)
Seat 6: Mahu2021 folded before Flop (didn't bet)



PokerStars Zoom Hand #254566637858:  Hold'em No Limit ($0.05/$0.10) - 2025/01/26 20:02:26 CET [2025/01/26 14:02:26 ET]
Table 'Aludra' 6-max Seat #1 is the button
Seat 1: Bestology ($12.70 in chips) 
Seat 2: holzhacker1 ($6.98 in chips) 
Seat 3: Call me Alex97 ($38.41 in chips) 
Seat 4: Luffy V ($10.15 in chips) 
Seat 5: Mahu2021 ($9.02 in chips) 
Seat 6: sKaR10 ($10.56 in chips) 
holzhacker1: posts small blind $0.05
Call me Alex97: posts big blind $0.10
*** HOLE CARDS ***
Dealt to Mahu2021 [Jd 2d]
Luffy V: folds 
Mahu2021: folds 
sKaR10: folds 
Bestology: folds 
holzhacker1: folds 
Uncalled bet ($0.05) returned to Call me Alex97
Call me Alex97 collected $0.10 from pot
Call me Alex97: doesn't show hand 
*** SUMMARY ***
Total pot $0.10 | Rake $0 
Seat 1: Bestology (button) folded before Flop (didn't bet)
Seat 2: holzhacker1 (small blind) folded before Flop
Seat 3: Call me Alex97 (big blind) collected ($0.10)
Seat 4: Luffy V folded before Flop (didn't bet)
Seat 5: Mahu2021 folded before Flop (didn't bet)
Seat 6: sKaR10 folded before Flop (didn't bet)



PokerStars Zoom Hand #254566640398:  Hold'em No Limit ($0.05/$0.10) - 2025/01/26 20:02:34 CET [2025/01/26 14:02:34 ET]
Table 'Aludra' 6-max Seat #1 is the button
Seat 1: PuffyDawg ($10.84 in chips) 
Seat 2: Mahu2021 ($9.02 in chips) 
Seat 3: mOberdan ($28.05 in chips) 
Seat 4: kox44x ($15.77 in chips) 
Seat 5: Gxzd ($5.49 in chips) 
Seat 6: Christianjtrfc ($17.41 in chips) 
Mahu2021: posts small blind $0.05
mOberdan: posts big blind $0.10
*** HOLE CARDS ***
Dealt to Mahu2021 [8c Ks]
kox44x: folds 
Gxzd: raises $0.15 to $0.25
Christianjtrfc: folds 
PuffyDawg: folds 
Mahu2021: folds 
mOberdan: folds 
Uncalled bet ($0.15) returned to Gxzd
Gxzd collected $0.25 from pot
Gxzd: doesn't show hand 
*** SUMMARY ***
Total pot $0.25 | Rake $0 
Seat 1: PuffyDawg (button) folded before Flop (didn't bet)
Seat 2: Mahu2021 (small blind) folded before Flop
Seat 3: mOberdan (big blind) folded before Flop
Seat 4: kox44x folded before Flop (didn't bet)
Seat 5: Gxzd collected ($0.25)
Seat 6: Christianjtrfc folded before Flop (didn't bet)



PokerStars Zoom Hand #254566646875:  Hold'em No Limit ($0.05/$0.10) - 2025/01/26 20:02:53 CET [2025/01/26 14:02:53 ET]
Table 'Aludra' 6-max Seat #1 is the button
Seat 1: szabarna ($10.90 in chips) 
Seat 2: Bestology ($12.75 in chips) 
Seat 3: Mahu2021 ($8.97 in chips) 
Seat 4: Christianjtrfc ($17.36 in chips) 
Seat 5: Tsitsomitsos ($10.47 in chips) 
Seat 6: VêPeres ($10.13 in chips) 
Bestology: posts small blind $0.05
Mahu2021: posts big blind $0.10
*** HOLE CARDS ***
Dealt to Mahu2021 [2c 6s]
Christianjtrfc: folds 
Tsitsomitsos: folds 
VêPeres: folds 
szabarna: raises $0.20 to $0.30
Bestology: folds 
Mahu2021: folds 
Uncalled bet ($0.20) returned to szabarna
szabarna collected $0.25 from pot
szabarna: doesn't show hand 
*** SUMMARY ***
Total pot $0.25 | Rake $0 
Seat 1: szabarna (button) collected ($0.25)
Seat 2: Bestology (small blind) folded before Flop
Seat 3: Mahu2021 (big blind) folded before Flop
Seat 4: Christianjtrfc folded before Flop (didn't bet)
Seat 5: Tsitsomitsos folded before Flop (didn't bet)
Seat 6: VêPeres folded before Flop (didn't bet)



PokerStars Zoom Hand #254566639361:  Hold'em No Limit ($0.05/$0.10) - 2025/01/26 20:02:31 CET [2025/01/26 14:02:31 ET]
Table 'Aludra' 6-max Seat #1 is the button
Seat 1: baddyby ($10 in chips) 
Seat 2: Bumbulbee_G ($10 in chips) 
Seat 3: bebasket066 ($8.83 in chips) 
Seat 4: Mahu2021 ($9.02 in chips) 
Seat 5: WideMonkaW ($13.89 in chips) 
Seat 6: Bestology ($21.26 in chips) 
Bumbulbee_G: posts small blind $0.05
bebasket066: posts big blind $0.10
*** HOLE CARDS ***
Dealt to Mahu2021 [9h 4c]
Mahu2021: folds 
WideMonkaW: folds 
Bestology: calls $0.10
baddyby: raises $0.35 to $0.45
Bumbulbee_G: folds 
bebasket066: folds 
Bestology: calls $0.35
*** FLOP *** [6c Qc 2s]
Bestology: bets $0.10
baddyby: raises $0.20 to $0.30
Bestology: calls $0.20
*** TURN *** [6c Qc 2s] [3c]
Bestology: bets $0.10
baddyby: calls $0.10
*** RIVER *** [6c Qc 2s 3c] [Th]
Bestology: bets $0.10
baddyby: calls $0.10
*** SHOW DOWN ***
Bestology: shows [8s 8h] (a pair of Eights)
baddyby: shows [Js Ts] (a pair of Tens)
baddyby collected $1.96 from pot
*** SUMMARY ***
Total pot $2.05 | Rake $0.09 
Board [6c Qc 2s 3c Th]
Seat 1: baddyby (button) showed [Js Ts] and won ($1.96) with a pair of Tens
Seat 2: Bumbulbee_G (small blind) folded before Flop
Seat 3: bebasket066 (big blind) folded before Flop
Seat 4: Mahu2021 folded before Flop (didn't bet)
Seat 5: WideMonkaW folded before Flop (didn't bet)
Seat 6: Bestology showed [8s 8h] and lost with a pair of Eights



PokerStars Zoom Hand #254566650193:  Hold'em No Limit ($0.05/$0.10) - 2025/01/26 20:03:03 CET [2025/01/26 14:03:03 ET]
Table 'Aludra' 6-max Seat #1 is the button
Seat 1: Mahu2021 ($8.87 in chips) 
Seat 2: sKaR10 ($10.36 in chips) 
Seat 3: dodeer ($16.04 in chips) 
Seat 4: Siul0619 ($21.92 in chips) 
Seat 5: Baratrum777 ($10.92 in chips) 
Seat 6: ppapandppap ($10.53 in chips) 
sKaR10: posts small blind $0.05
dodeer: posts big blind $0.10
*** HOLE CARDS ***
Dealt to Mahu2021 [Jd 6h]
Siul0619: folds 
Baratrum777: folds 
ppapandppap: folds 
Mahu2021: folds 
sKaR10: folds 
Uncalled bet ($0.05) returned to dodeer
dodeer collected $0.10 from pot
dodeer: doesn't show hand 
*** SUMMARY ***
Total pot $0.10 | Rake $0 
Seat 1: Mahu2021 (button) folded before Flop (didn't bet)
Seat 2: sKaR10 (small blind) folded before Flop
Seat 3: dodeer (big blind) collected ($0.10)
Seat 4: Siul0619 folded before Flop (didn't bet)
Seat 5: Baratrum777 folded before Flop (didn't bet)
Seat 6: ppapandppap folded before Flop (didn't bet)



PokerStars Zoom Hand #254566653369:  Hold'em No Limit ($0.05/$0.10) - 2025/01/26 20:03:12 CET [2025/01/26 14:03:12 ET]
Table 'Aludra' 6-max Seat #1 is the button
Seat 1: innocent99 ($23.72 in chips) 
Seat 2: Mahu2021 ($8.87 in chips) 
Seat 3: Kraisecaller ($10.41 in chips) 
Seat 4: Oscar__62176 ($24.59 in chips) 
Seat 5: Bestology ($20.31 in chips) 
Seat 6: honEybOOx ($36.53 in chips) 
Mahu2021: posts small blind $0.05
Kraisecaller: posts big blind $0.10
*** HOLE CARDS ***
Dealt to Mahu2021 [6h 3c]
Oscar__62176: folds 
Bestology: folds 
honEybOOx: folds 
innocent99: folds 
Mahu2021: folds 
Uncalled bet ($0.05) returned to Kraisecaller
Kraisecaller collected $0.10 from pot
Kraisecaller: doesn't show hand 
*** SUMMARY ***
Total pot $0.10 | Rake $0 
Seat 1: innocent99 (button) folded before Flop (didn't bet)
Seat 2: Mahu2021 (small blind) folded before Flop
Seat 3: Kraisecaller (big blind) collected ($0.10)
Seat 4: Oscar__62176 folded before Flop (didn't bet)
Seat 5: Bestology folded before Flop (didn't bet)
Seat 6: honEybOOx folded before Flop (didn't bet)



PokerStars Zoom Hand #254566643499:  Hold'em No Limit ($0.05/$0.10) - 2025/01/26 20:02:45 CET [2025/01/26 14:02:45 ET]
Table 'Aludra' 6-max Seat #1 is the button
Seat 1: Braghinn ($10.05 in chips) 
Seat 2: Gatos y Rosas ($16.24 in chips) 
Seat 3: jogy-Frey ($5 in chips) 
Seat 4: COVEIROANCAP ($11.92 in chips) 
Seat 5: Mahu2021 ($8.97 in chips) 
Seat 6: D.shadoww ($12.09 in chips) 
Gatos y Rosas: posts small blind $0.05
jogy-Frey: posts big blind $0.10
*** HOLE CARDS ***
Dealt to Mahu2021 [Jh 7h]
COVEIROANCAP: raises $0.15 to $0.25
Mahu2021: folds 
D.shadoww: raises $0.50 to $0.75
Braghinn: folds 
Gatos y Rosas: folds 
jogy-Frey: folds 
COVEIROANCAP: calls $0.50
*** FLOP *** [5c 4s 5s]
COVEIROANCAP: checks 
D.shadoww: bets $1.05
COVEIROANCAP: folds 
Uncalled bet ($1.05) returned to D.shadoww
D.shadoww collected $1.58 from pot
D.shadoww: doesn't show hand 
*** SUMMARY ***
Total pot $1.65 | Rake $0.07 
Board [5c 4s 5s]
Seat 1: Braghinn (button) folded before Flop (didn't bet)
Seat 2: Gatos y Rosas (small blind) folded before Flop
Seat 3: jogy-Frey (big blind) folded before Flop
Seat 4: COVEIROANCAP folded on the Flop
Seat 5: Mahu2021 folded before Flop (didn't bet)
Seat 6: D.shadoww collected ($1.58)



PokerStars Zoom Hand #254566645135:  Hold'em No Limit ($0.05/$0.10) - 2025/01/26 20:02:50 CET [2025/01/26 14:02:50 ET]
Table 'Aludra' 6-max Seat #1 is the button
Seat 1: Ironhelt ($22.25 in chips) 
Seat 2: COVEIROANCAP ($24.74 in chips) 
Seat 3: Ripper121 ($10 in chips) 
Seat 4: ppapandppap ($9.95 in chips) 
Seat 5: k1w12 ($10.52 in chips) 
Seat 6: Mahu2021 ($8.97 in chips) 
COVEIROANCAP: posts small blind $0.05
Ripper121: posts big blind $0.10
*** HOLE CARDS ***
Dealt to Mahu2021 [2h 9h]
ppapandppap: folds 
k1w12: folds 
Mahu2021: folds 
Ironhelt: folds 
COVEIROANCAP: raises $0.20 to $0.30
Ripper121: calls $0.20
*** FLOP *** [2d Ac Kc]
COVEIROANCAP: checks 
Ripper121: bets $0.29
COVEIROANCAP: calls $0.29
*** TURN *** [2d Ac Kc] [Qc]
COVEIROANCAP: checks 
Ripper121: bets $0.57
COVEIROANCAP: folds 
Uncalled bet ($0.57) returned to Ripper121
Ripper121 collected $1.13 from pot
Ripper121: doesn't show hand 
*** SUMMARY ***
Total pot $1.18 | Rake $0.05 
Board [2d Ac Kc Qc]
Seat 1: Ironhelt (button) folded before Flop (didn't bet)
Seat 2: COVEIROANCAP (small blind) folded on the Turn
Seat 3: Ripper121 (big blind) collected ($1.13)
Seat 4: ppapandppap folded before Flop (didn't bet)
Seat 5: k1w12 folded before Flop (didn't bet)
Seat 6: Mahu2021 folded before Flop (didn't bet)



PokerStars Zoom Hand #254566656396:  Hold'em No Limit ($0.05/$0.10) - 2025/01/26 20:03:21 CET [2025/01/26 14:03:21 ET]
Table 'Aludra' 6-max Seat #1 is the button
Seat 1: Ironhelt ($10.30 in chips) 
Seat 2: dodeer ($10 in chips) 
Seat 3: Mahu2021 ($8.82 in chips) 
Seat 4: Deep_Dark ($6.36 in chips) 
Seat 5: vovo4kapooh ($11.46 in chips) 
Seat 6: Gatos y Rosas ($16.19 in chips) 
dodeer: posts small blind $0.05
Mahu2021: posts big blind $0.10
*** HOLE CARDS ***
Dealt to Mahu2021 [6s 3s]
Deep_Dark: folds 
vovo4kapooh: folds 
Gatos y Rosas: folds 
Ironhelt: folds 
dodeer: folds 
Uncalled bet ($0.05) returned to Mahu2021
Mahu2021 collected $0.10 from pot
Mahu2021: doesn't show hand 
*** SUMMARY ***
Total pot $0.10 | Rake $0 
Seat 1: Ironhelt (button) folded before Flop (didn't bet)
Seat 2: dodeer (small blind) folded before Flop
Seat 3: Mahu2021 (big blind) collected ($0.10)
Seat 4: Deep_Dark folded before Flop (didn't bet)
Seat 5: vovo4kapooh folded before Flop (didn't bet)
Seat 6: Gatos y Rosas folded before Flop (didn't bet)



PokerStars Zoom Hand #254566642603:  Hold'em No Limit ($0.05/$0.10) - 2025/01/26 20:02:42 CET [2025/01/26 14:02:42 ET]
Table 'Aludra' 6-max Seat #1 is the button
Seat 1: dodeer ($12.65 in chips) 
Seat 2: k1w12 ($10.57 in chips) 
Seat 3: Calvis_lol ($12.43 in chips) 
Seat 4: WideMonkaW ($10 in chips) 
Seat 5: ProjectPokerPro ($10 in chips) 
Seat 6: Mahu2021 ($8.97 in chips) 
k1w12: posts small blind $0.05
Calvis_lol: posts big blind $0.10
*** HOLE CARDS ***
Dealt to Mahu2021 [3c 9s]
WideMonkaW: raises $0.10 to $0.20
ProjectPokerPro: folds 
Mahu2021: folds 
dodeer: folds 
k1w12: folds 
Calvis_lol: calls $0.10
*** FLOP *** [4s 4h 2c]
Calvis_lol: checks 
WideMonkaW: checks 
*** TURN *** [4s 4h 2c] [Td]
Calvis_lol: checks 
WideMonkaW: checks 
*** RIVER *** [4s 4h 2c Td] [Ah]
Calvis_lol: checks 
WideMonkaW: checks 
*** SHOW DOWN ***
Calvis_lol: shows [Tc Kh] (two pair, Tens and Fours)
WideMonkaW: mucks hand 
Calvis_lol collected $0.43 from pot
*** SUMMARY ***
Total pot $0.45 | Rake $0.02 
Board [4s 4h 2c Td Ah]
Seat 1: dodeer (button) folded before Flop (didn't bet)
Seat 2: k1w12 (small blind) folded before Flop
Seat 3: Calvis_lol (big blind) showed [Tc Kh] and won ($0.43) with two pair, Tens and Fours
Seat 4: WideMonkaW mucked [Jd Kc]
Seat 5: ProjectPokerPro folded before Flop (didn't bet)
Seat 6: Mahu2021 folded before Flop (didn't bet)



PokerStars Zoom Hand #254566661796:  Hold'em No Limit ($0.05/$0.10) - 2025/01/26 20:03:35 CET [2025/01/26 14:03:35 ET]
Table 'Aludra' 6-max Seat #1 is the button
Seat 1: waife ($13.66 in chips) 
Seat 2: JacDs ($10 in chips) 
Seat 3: VitorArj ($14.97 in chips) 
Seat 4: Mahu2021 ($8.87 in chips) 
Seat 5: Baratrum777 ($10.82 in chips) 
Seat 6: VoltaireReplica ($10.30 in chips) 
JacDs: posts small blind $0.05
VitorArj: posts big blind $0.10
*** HOLE CARDS ***
Dealt to Mahu2021 [4h Kh]
Mahu2021: folds 
Baratrum777: folds 
VoltaireReplica: folds 
waife: folds 
JacDs: folds 
Uncalled bet ($0.05) returned to VitorArj
VitorArj collected $0.10 from pot
VitorArj: doesn't show hand 
*** SUMMARY ***
Total pot $0.10 | Rake $0 
Seat 1: waife (button) folded before Flop (didn't bet)
Seat 2: JacDs (small blind) folded before Flop
Seat 3: VitorArj (big blind) collected ($0.10)
Seat 4: Mahu2021 folded before Flop (didn't bet)
Seat 5: Baratrum777 folded before Flop (didn't bet)
Seat 6: VoltaireReplica folded before Flop (didn't bet)



PokerStars Zoom Hand #254566654972:  Hold'em No Limit ($0.05/$0.10) - 2025/01/26 20:03:17 CET [2025/01/26 14:03:17 ET]
Table 'Aludra' 6-max Seat #1 is the button
Seat 1: honEybOOx ($58.25 in chips) 
Seat 2: WhiteMike905 ($10.07 in chips) 
Seat 3: Baratrum777 ($10.92 in chips) 
Seat 4: Siul0619 ($21.92 in chips) 
Seat 5: Mahu2021 ($8.82 in chips) 
Seat 6: seiji140 ($15.86 in chips) 
WhiteMike905: posts small blind $0.05
Baratrum777: posts big blind $0.10
*** HOLE CARDS ***
Dealt to Mahu2021 [7h 5s]
Siul0619: folds 
Mahu2021: folds 
seiji140: folds 
honEybOOx: raises $0.12 to $0.22
WhiteMike905: calls $0.17
Baratrum777: folds 
*** FLOP *** [Th Kc Ac]
WhiteMike905: checks 
honEybOOx: bets $0.16
WhiteMike905: raises $0.36 to $0.52
honEybOOx: folds 
Uncalled bet ($0.36) returned to WhiteMike905
WhiteMike905 collected $0.82 from pot
WhiteMike905: doesn't show hand 
*** SUMMARY ***
Total pot $0.86 | Rake $0.04 
Board [Th Kc Ac]
Seat 1: honEybOOx (button) folded on the Flop
Seat 2: WhiteMike905 (small blind) collected ($0.82)
Seat 3: Baratrum777 (big blind) folded before Flop
Seat 4: Siul0619 folded before Flop (didn't bet)
Seat 5: Mahu2021 folded before Flop (didn't bet)
Seat 6: seiji140 folded before Flop (didn't bet)



PokerStars Zoom Hand #254566662925:  Hold'em No Limit ($0.05/$0.10) - 2025/01/26 20:03:38 CET [2025/01/26 14:03:38 ET]
Table 'Aludra' 6-max Seat #1 is the button
Seat 1: Mahu2021 ($8.87 in chips) 
Seat 2: Ironhelt ($11.24 in chips) 
Seat 3: waife ($20.30 in chips) 
Seat 4: Oscar__62176 ($10 in chips) 
Seat 5: D.shadoww ($12.92 in chips) 
Seat 6: ronny2106 ($11.05 in chips) 
Ironhelt: posts small blind $0.05
waife: posts big blind $0.10
*** HOLE CARDS ***
Dealt to Mahu2021 [6c 6s]
Oscar__62176: folds 
D.shadoww: raises $0.10 to $0.20
ronny2106: folds 
Mahu2021: calls $0.20
Ironhelt: folds 
waife: folds 
*** FLOP *** [7c Ah Js]
D.shadoww: checks 
Mahu2021: checks 
*** TURN *** [7c Ah Js] [3d]
D.shadoww: checks 
Mahu2021: bets $0.20
D.shadoww: folds 
Uncalled bet ($0.20) returned to Mahu2021
Mahu2021 collected $0.53 from pot
Mahu2021: doesn't show hand 
*** SUMMARY ***
Total pot $0.55 | Rake $0.02 
Board [7c Ah Js 3d]
Seat 1: Mahu2021 (button) collected ($0.53)
Seat 2: Ironhelt (small blind) folded before Flop
Seat 3: waife (big blind) folded before Flop
Seat 4: Oscar__62176 folded before Flop (didn't bet)
Seat 5: D.shadoww folded on the Turn
Seat 6: ronny2106 folded before Flop (didn't bet)



PokerStars Zoom Hand #254566674175:  Hold'em No Limit ($0.05/$0.10) - 2025/01/26 20:04:09 CET [2025/01/26 14:04:09 ET]
Table 'Aludra' 6-max Seat #1 is the button
Seat 1: aurelian400 ($9.75 in chips) 
Seat 2: Mahu2021 ($9.20 in chips) 
Seat 3: Hopewar ($19.13 in chips) 
Seat 4: bebasket066 ($4.93 in chips) 
Seat 5: kiks220272 ($10.15 in chips) 
Seat 6: Ironhelt ($10 in chips) 
Mahu2021: posts small blind $0.05
Hopewar: posts big blind $0.10
*** HOLE CARDS ***
Dealt to Mahu2021 [9s Ad]
bebasket066: folds 
kiks220272: folds 
Ironhelt: folds 
aurelian400: folds 
Mahu2021: raises $0.20 to $0.30
Hopewar: calls $0.20
*** FLOP *** [2d Ts 5c]
Mahu2021: checks 
Hopewar: bets $0.20
Mahu2021: calls $0.20
*** TURN *** [2d Ts 5c] [3d]
Mahu2021: checks 
Hopewar: bets $0.48
Mahu2021: calls $0.48
*** RIVER *** [2d Ts 5c 3d] [4c]
Mahu2021: bets $1.87
Hopewar: raises $1.87 to $3.74
Mahu2021: calls $1.87
*** SHOW DOWN ***
Hopewar: shows [Kc Ac] (a straight, Ace to Five)
Mahu2021: shows [9s Ad] (a straight, Ace to Five)
Mahu2021 collected $4.51 from pot
Hopewar collected $4.51 from pot
*** SUMMARY ***
Total pot $9.44 | Rake $0.42 
Board [2d Ts 5c 3d 4c]
Seat 1: aurelian400 (button) folded before Flop (didn't bet)
Seat 2: Mahu2021 (small blind) showed [9s Ad] and won ($4.51) with a straight, Ace to Five
Seat 3: Hopewar (big blind) showed [Kc Ac] and won ($4.51) with a straight, Ace to Five
Seat 4: bebasket066 folded before Flop (didn't bet)
Seat 5: kiks220272 folded before Flop (didn't bet)
Seat 6: Ironhelt folded before Flop (didn't bet)



PokerStars Zoom Hand #254566688415:  Hold'em No Limit ($0.05/$0.10) - 2025/01/26 20:04:49 CET [2025/01/26 14:04:49 ET]
Table 'Aludra' 6-max Seat #1 is the button
Seat 1: WideMonkaW ($13.52 in chips) 
Seat 2: Hopewar ($18.92 in chips) 
Seat 3: MGodziem ($4.89 in chips) 
Seat 4: honEybOOx ($36.59 in chips) 
Seat 5: Mahu2021 ($8.99 in chips) 
Seat 6: aykloz ($10 in chips) 
Hopewar: posts small blind $0.05
MGodziem: posts big blind $0.10
*** HOLE CARDS ***
Dealt to Mahu2021 [4h 9c]
honEybOOx: folds 
Mahu2021: folds 
aykloz: folds 
WideMonkaW: raises $0.15 to $0.25
Hopewar: folds 
MGodziem: folds 
Uncalled bet ($0.15) returned to WideMonkaW
WideMonkaW collected $0.25 from pot
WideMonkaW: doesn't show hand 
*** SUMMARY ***
Total pot $0.25 | Rake $0 
Seat 1: WideMonkaW (button) collected ($0.25)
Seat 2: Hopewar (small blind) folded before Flop
Seat 3: MGodziem (big blind) folded before Flop
Seat 4: honEybOOx folded before Flop (didn't bet)
Seat 5: Mahu2021 folded before Flop (didn't bet)
Seat 6: aykloz folded before Flop (didn't bet)



PokerStars Zoom Hand #254566691394:  Hold'em No Limit ($0.05/$0.10) - 2025/01/26 20:04:57 CET [2025/01/26 14:04:57 ET]
Table 'Aludra' 6-max Seat #1 is the button
Seat 1: kiks220272 ($17 in chips) 
Seat 2: Oscar__62176 ($17.14 in chips) 
Seat 3: JacDs ($10 in chips) 
Seat 4: Black199509 ($14.39 in chips) 
Seat 5: jotadedios1322 ($13.17 in chips) 
Seat 6: Mahu2021 ($8.99 in chips) 
Oscar__62176: posts small blind $0.05
JacDs: posts big blind $0.10
*** HOLE CARDS ***
Dealt to Mahu2021 [8d 6c]
Black199509: folds 
jotadedios1322: folds 
Mahu2021: folds 
kiks220272: raises $0.10 to $0.20
Oscar__62176: folds 
JacDs: folds 
Uncalled bet ($0.10) returned to kiks220272
kiks220272 collected $0.25 from pot
kiks220272: doesn't show hand 
*** SUMMARY ***
Total pot $0.25 | Rake $0 
Seat 1: kiks220272 (button) collected ($0.25)
Seat 2: Oscar__62176 (small blind) folded before Flop
Seat 3: JacDs (big blind) folded before Flop
Seat 4: Black199509 folded before Flop (didn't bet)
Seat 5: jotadedios1322 folded before Flop (didn't bet)
Seat 6: Mahu2021 folded before Flop (didn't bet)



PokerStars Zoom Hand #254566690154:  Hold'em No Limit ($0.05/$0.10) - 2025/01/26 20:04:53 CET [2025/01/26 14:04:53 ET]
Table 'Aludra' 6-max Seat #1 is the button
Seat 1: vovo4kapooh ($14.70 in chips) 
Seat 2: Alejandro85s ($6.01 in chips) 
Seat 3: dodeer ($23.95 in chips) 
Seat 4: Mahu2021 ($8.99 in chips) 
Seat 5: holzhacker1 ($6.37 in chips) 
Seat 6: nikcat7 ($10.25 in chips) 
Alejandro85s: posts small blind $0.05
dodeer: posts big blind $0.10
*** HOLE CARDS ***
Dealt to Mahu2021 [7h Jh]
Mahu2021: folds 
holzhacker1: folds 
nikcat7: raises $0.15 to $0.25
vovo4kapooh: folds 
Alejandro85s: folds 
dodeer: folds 
Uncalled bet ($0.15) returned to nikcat7
nikcat7 collected $0.25 from pot
nikcat7: doesn't show hand 
*** SUMMARY ***
Total pot $0.25 | Rake $0 
Seat 1: vovo4kapooh (button) folded before Flop (didn't bet)
Seat 2: Alejandro85s (small blind) folded before Flop
Seat 3: dodeer (big blind) folded before Flop
Seat 4: Mahu2021 folded before Flop (didn't bet)
Seat 5: holzhacker1 folded before Flop (didn't bet)
Seat 6: nikcat7 collected ($0.25)



PokerStars Zoom Hand #254566694993:  Hold'em No Limit ($0.05/$0.10) - 2025/01/26 20:05:07 CET [2025/01/26 14:05:07 ET]
Table 'Aludra' 6-max Seat #1 is the button
Seat 1: Mahu2021 ($8.89 in chips) 
Seat 2: dodeer ($10 in chips) 
Seat 3: Oscar__62176 ($17.09 in chips) 
Seat 4: ronny2106 ($14.22 in chips) 
Seat 5: homiesaces85 ($10.78 in chips) 
Seat 6: VitorArj ($11.82 in chips) 
dodeer: posts small blind $0.05
Oscar__62176: posts big blind $0.10
*** HOLE CARDS ***
Dealt to Mahu2021 [Ac Jh]
ronny2106: folds 
homiesaces85: folds 
VitorArj: folds 
Mahu2021: raises $0.20 to $0.30
dodeer: raises $0.90 to $1.20
Oscar__62176: folds 
Mahu2021: folds 
Uncalled bet ($0.90) returned to dodeer
dodeer collected $0.70 from pot
dodeer: doesn't show hand 
*** SUMMARY ***
Total pot $0.70 | Rake $0 
Seat 1: Mahu2021 (button) folded before Flop
Seat 2: dodeer (small blind) collected ($0.70)
Seat 3: Oscar__62176 (big blind) folded before Flop
Seat 4: ronny2106 folded before Flop (didn't bet)
Seat 5: homiesaces85 folded before Flop (didn't bet)
Seat 6: VitorArj folded before Flop (didn't bet)



PokerStars Zoom Hand #254566692741:  Hold'em No Limit ($0.05/$0.10) - 2025/01/26 20:05:01 CET [2025/01/26 14:05:01 ET]
Table 'Aludra' 6-max Seat #1 is the button
Seat 1: bmh9310 ($11.37 in chips) 
Seat 2: WhiteMike905 ($10.56 in chips) 
Seat 3: Mahu2021 ($8.99 in chips) 
Seat 4: Luffy V ($10 in chips) 
Seat 5: ChoboPower ($24.14 in chips) 
Seat 6: jotadedios1322 ($13.17 in chips) 
WhiteMike905: posts small blind $0.05
Mahu2021: posts big blind $0.10
*** HOLE CARDS ***
Dealt to Mahu2021 [5h 2d]
Luffy V: folds 
ChoboPower: raises $0.20 to $0.30
jotadedios1322: folds 
bmh9310: calls $0.30
WhiteMike905: folds 
Mahu2021: folds 
*** FLOP *** [6c Jh Ts]
ChoboPower: checks 
bmh9310: checks 
*** TURN *** [6c Jh Ts] [3c]
ChoboPower: checks 
bmh9310: checks 
*** RIVER *** [6c Jh Ts 3c] [2h]
ChoboPower: checks 
bmh9310: checks 
*** SHOW DOWN ***
ChoboPower: shows [5s 5c] (a pair of Fives)
bmh9310: mucks hand 
ChoboPower collected $0.72 from pot
*** SUMMARY ***
Total pot $0.75 | Rake $0.03 
Board [6c Jh Ts 3c 2h]
Seat 1: bmh9310 (button) mucked [Qd 5d]
Seat 2: WhiteMike905 (small blind) folded before Flop
Seat 3: Mahu2021 (big blind) folded before Flop
Seat 4: Luffy V folded before Flop (didn't bet)
Seat 5: ChoboPower showed [5s 5c] and won ($0.72) with a pair of Fives
Seat 6: jotadedios1322 folded before Flop (didn't bet)



PokerStars Zoom Hand #254566727102:  Hold'em No Limit ($0.05/$0.10) - 2025/01/26 20:06:35 CET [2025/01/26 14:06:35 ET]
Table 'Aludra' 6-max Seat #1 is the button
Seat 1: COVEIROANCAP ($11.56 in chips) 
Seat 2: k1w12 ($10.61 in chips) 
Seat 3: Bestology ($19.61 in chips) 
Seat 4: Mahu2021 ($8.59 in chips) 
Seat 5: Ironhelt ($39.95 in chips) 
Seat 6: vovo4kapooh ($15.46 in chips) 
k1w12: posts small blind $0.05
Bestology: posts big blind $0.10
*** HOLE CARDS ***
Dealt to Mahu2021 [Td Ah]
Mahu2021: raises $0.14 to $0.24
Ironhelt: folds 
vovo4kapooh: folds 
COVEIROANCAP: folds 
k1w12: raises $0.86 to $1.10
Bestology: folds 
Mahu2021: folds 
Uncalled bet ($0.86) returned to k1w12
k1w12 collected $0.58 from pot
k1w12: doesn't show hand 
*** SUMMARY ***
Total pot $0.58 | Rake $0 
Seat 1: COVEIROANCAP (button) folded before Flop (didn't bet)
Seat 2: k1w12 (small blind) collected ($0.58)
Seat 3: Bestology (big blind) folded before Flop
Seat 4: Mahu2021 folded before Flop
Seat 5: Ironhelt folded before Flop (didn't bet)
Seat 6: vovo4kapooh folded before Flop (didn't bet)



PokerStars Zoom Hand #254566736420:  Hold'em No Limit ($0.05/$0.10) - 2025/01/26 20:07:00 CET [2025/01/26 14:07:00 ET]
Table 'Aludra' 6-max Seat #1 is the button
Seat 1: nikcat7 ($10.40 in chips) 
Seat 2: Call me Alex97 ($10 in chips) 
Seat 3: Mahu2021 ($8.30 in chips) 
Seat 4: Bumbulbee_G ($11 in chips) 
Seat 5: vovo4kapooh ($14.40 in chips) 
Seat 6: Siul0619 ($20.37 in chips) 
Call me Alex97: posts small blind $0.05
Mahu2021: posts big blind $0.10
*** HOLE CARDS ***
Dealt to Mahu2021 [5s 2h]
Bumbulbee_G: folds 
vovo4kapooh: folds 
Siul0619: folds 
nikcat7: folds 
Call me Alex97: folds 
Uncalled bet ($0.05) returned to Mahu2021
Mahu2021 collected $0.10 from pot
Mahu2021: doesn't show hand 
*** SUMMARY ***
Total pot $0.10 | Rake $0 
Seat 1: nikcat7 (button) folded before Flop (didn't bet)
Seat 2: Call me Alex97 (small blind) folded before Flop
Seat 3: Mahu2021 (big blind) collected ($0.10)
Seat 4: Bumbulbee_G folded before Flop (didn't bet)
Seat 5: vovo4kapooh folded before Flop (didn't bet)
Seat 6: Siul0619 folded before Flop (didn't bet)



PokerStars Zoom Hand #254566740777:  Hold'em No Limit ($0.05/$0.10) - 2025/01/26 20:07:12 CET [2025/01/26 14:07:12 ET]
Table 'Aludra' 6-max Seat #1 is the button
Seat 1: ProjectPokerPro ($10 in chips) 
Seat 2: bmh9310 ($10.38 in chips) 
Seat 3: honEybOOx ($36.07 in chips) 
Seat 4: WideMonkaW ($10 in chips) 
Seat 5: baddyby ($11.04 in chips) 
Seat 6: Mahu2021 ($8.35 in chips) 
bmh9310: posts small blind $0.05
honEybOOx: posts big blind $0.10
*** HOLE CARDS ***
Dealt to Mahu2021 [3d Qs]
WideMonkaW: folds 
baddyby: folds 
Mahu2021: folds 
ProjectPokerPro: folds 
bmh9310: folds 
Uncalled bet ($0.05) returned to honEybOOx
honEybOOx collected $0.10 from pot
honEybOOx: doesn't show hand 
*** SUMMARY ***
Total pot $0.10 | Rake $0 
Seat 1: ProjectPokerPro (button) folded before Flop (didn't bet)
Seat 2: bmh9310 (small blind) folded before Flop
Seat 3: honEybOOx (big blind) collected ($0.10)
Seat 4: WideMonkaW folded before Flop (didn't bet)
Seat 5: baddyby folded before Flop (didn't bet)
Seat 6: Mahu2021 folded before Flop (didn't bet)



PokerStars Zoom Hand #254566742084:  Hold'em No Limit ($0.05/$0.10) - 2025/01/26 20:07:16 CET [2025/01/26 14:07:16 ET]
Table 'Aludra' 6-max Seat #1 is the button
Seat 1: Mahu2021 ($8.35 in chips) 
Seat 2: aykloz ($10.05 in chips) 
Seat 3: bmh9310 ($10.33 in chips) 
Seat 4: VoltaireReplica ($10.50 in chips) 
Seat 5: easy250000 ($5.50 in chips) 
Seat 6: Gxzd ($3.92 in chips) 
aykloz: posts small blind $0.05
bmh9310: posts big blind $0.10
*** HOLE CARDS ***
Dealt to Mahu2021 [Jd 7h]
VoltaireReplica: raises $0.15 to $0.25
easy250000: folds 
Gxzd: folds 
Mahu2021: folds 
aykloz: folds 
bmh9310: folds 
Uncalled bet ($0.15) returned to VoltaireReplica
VoltaireReplica collected $0.25 from pot
VoltaireReplica: doesn't show hand 
*** SUMMARY ***
Total pot $0.25 | Rake $0 
Seat 1: Mahu2021 (button) folded before Flop (didn't bet)
Seat 2: aykloz (small blind) folded before Flop
Seat 3: bmh9310 (big blind) folded before Flop
Seat 4: VoltaireReplica collected ($0.25)
Seat 5: easy250000 folded before Flop (didn't bet)
Seat 6: Gxzd folded before Flop (didn't bet)



PokerStars Zoom Hand #254566734907:  Hold'em No Limit ($0.05/$0.10) - 2025/01/26 20:06:56 CET [2025/01/26 14:06:56 ET]
Table 'Aludra' 6-max Seat #1 is the button
Seat 1: WideMonkaW ($10 in chips) 
Seat 2: Mahu2021 ($8.35 in chips) 
Seat 3: dodeer ($24.20 in chips) 
Seat 4: kris_bjork ($10.30 in chips) 
Seat 5: nikcat7 ($10 in chips) 
Seat 6: Bestology ($19.46 in chips) 
Mahu2021: posts small blind $0.05
dodeer: posts big blind $0.10
*** HOLE CARDS ***
Dealt to Mahu2021 [7h 8d]
kris_bjork: folds 
nikcat7: folds 
Bestology: calls $0.10
WideMonkaW: folds 
Mahu2021: folds 
dodeer: raises $0.65 to $0.75
Bestology: calls $0.65
*** FLOP *** [Ks Ts 8c]
dodeer: bets $0.37
Bestology: raises $0.37 to $0.74
dodeer: calls $0.37
*** TURN *** [Ks Ts 8c] [4h]
dodeer: checks 
Bestology: bets $1.45
dodeer: folds 
Uncalled bet ($1.45) returned to Bestology
Bestology collected $2.85 from pot
Bestology: doesn't show hand 
*** SUMMARY ***
Total pot $3.03 | Rake $0.18 
Board [Ks Ts 8c 4h]
Seat 1: WideMonkaW (button) folded before Flop (didn't bet)
Seat 2: Mahu2021 (small blind) folded before Flop
Seat 3: dodeer (big blind) folded on the Turn
Seat 4: kris_bjork folded before Flop (didn't bet)
Seat 5: nikcat7 folded before Flop (didn't bet)
Seat 6: Bestology collected ($2.85)



PokerStars Zoom Hand #254566745030:  Hold'em No Limit ($0.05/$0.10) - 2025/01/26 20:07:24 CET [2025/01/26 14:07:24 ET]
Table 'Aludra' 6-max Seat #1 is the button
Seat 1: VoltaireReplica ($10.65 in chips) 
Seat 2: PuffyDawg ($10.32 in chips) 
Seat 3: ProjectPokerPro ($10 in chips) 
Seat 4: rnegraomf ($17.22 in chips) 
Seat 5: Mahu2021 ($8.35 in chips) 
Seat 6: aurelian400 ($8.69 in chips) 
PuffyDawg: posts small blind $0.05
ProjectPokerPro: posts big blind $0.10
*** HOLE CARDS ***
Dealt to Mahu2021 [6c 6h]
rnegraomf: raises $0.10 to $0.20
Mahu2021: calls $0.20
aurelian400: calls $0.20
VoltaireReplica: calls $0.20
PuffyDawg: folds 
ProjectPokerPro: folds 
*** FLOP *** [Ks 9d Ts]
rnegraomf: bets $0.73
Mahu2021: folds 
aurelian400: folds 
VoltaireReplica: folds 
Uncalled bet ($0.73) returned to rnegraomf
rnegraomf collected $0.91 from pot
rnegraomf: doesn't show hand 
*** SUMMARY ***
Total pot $0.95 | Rake $0.04 
Board [Ks 9d Ts]
Seat 1: VoltaireReplica (button) folded on the Flop
Seat 2: PuffyDawg (small blind) folded before Flop
Seat 3: ProjectPokerPro (big blind) folded before Flop
Seat 4: rnegraomf collected ($0.91)
Seat 5: Mahu2021 folded on the Flop
Seat 6: aurelian400 folded on the Flop



PokerStars Zoom Hand #254566754413:  Hold'em No Limit ($0.05/$0.10) - 2025/01/26 20:07:50 CET [2025/01/26 14:07:50 ET]
Table 'Aludra' 6-max Seat #1 is the button
Seat 1: Oscar__62176 ($10 in chips) 
Seat 2: Mahu2021 ($8.15 in chips) 
Seat 3: FIOMAD ($10.40 in chips) 
Seat 4: k1w12 ($16.06 in chips) 
Seat 5: VêPeres ($8.91 in chips) 
Seat 6: nikcat7 ($10.72 in chips) 
Mahu2021: posts small blind $0.05
FIOMAD: posts big blind $0.10
*** HOLE CARDS ***
Dealt to Mahu2021 [4c Ac]
k1w12: folds 
VêPeres: folds 
nikcat7: folds 
Oscar__62176: folds 
Mahu2021: raises $0.20 to $0.30
FIOMAD: raises $0.60 to $0.90
Mahu2021: folds 
Uncalled bet ($0.60) returned to FIOMAD
FIOMAD collected $0.60 from pot
FIOMAD: doesn't show hand 
*** SUMMARY ***
Total pot $0.60 | Rake $0 
Seat 1: Oscar__62176 (button) folded before Flop (didn't bet)
Seat 2: Mahu2021 (small blind) folded before Flop
Seat 3: FIOMAD (big blind) collected ($0.60)
Seat 4: k1w12 folded before Flop (didn't bet)
Seat 5: VêPeres folded before Flop (didn't bet)
Seat 6: nikcat7 folded before Flop (didn't bet)



PokerStars Zoom Hand #254566743602:  Hold'em No Limit ($0.05/$0.10) - 2025/01/26 20:07:20 CET [2025/01/26 14:07:20 ET]
Table 'Aludra' 6-max Seat #1 is the button
Seat 1: 013VHMS ($3.55 in chips) 
Seat 2: honEybOOx ($36.12 in chips) 
Seat 3: WideMonkaW ($20.20 in chips) 
Seat 4: Mahu2021 ($8.35 in chips) 
Seat 5: bmh9310 ($10.23 in chips) 
Seat 6: ProjectPokerPro ($10 in chips) 
honEybOOx: posts small blind $0.05
WideMonkaW: posts big blind $0.10
*** HOLE CARDS ***
Dealt to Mahu2021 [2c 2s]
Mahu2021: folds 
bmh9310: raises $0.20 to $0.30
ProjectPokerPro: folds 
013VHMS: folds 
honEybOOx: calls $0.25
WideMonkaW: folds 
*** FLOP *** [Td 7d Jc]
honEybOOx: checks 
bmh9310: bets $0.67
honEybOOx: calls $0.67
*** TURN *** [Td 7d Jc] [Jh]
honEybOOx: checks 
bmh9310: checks 
*** RIVER *** [Td 7d Jc Jh] [Ks]
honEybOOx: checks 
bmh9310: bets $0.90
honEybOOx: folds 
Uncalled bet ($0.90) returned to bmh9310
bmh9310 collected $1.95 from pot
bmh9310: doesn't show hand 
*** SUMMARY ***
Total pot $2.04 | Rake $0.09 
Board [Td 7d Jc Jh Ks]
Seat 1: 013VHMS (button) folded before Flop (didn't bet)
Seat 2: honEybOOx (small blind) folded on the River
Seat 3: WideMonkaW (big blind) folded before Flop
Seat 4: Mahu2021 folded before Flop (didn't bet)
Seat 5: bmh9310 collected ($1.95)
Seat 6: ProjectPokerPro folded before Flop (didn't bet)



PokerStars Zoom Hand #254566761661:  Hold'em No Limit ($0.05/$0.10) - 2025/01/26 20:08:10 CET [2025/01/26 14:08:10 ET]
Table 'Aludra' 6-max Seat #1 is the button
Seat 1: D.shadoww ($10.32 in chips) 
Seat 2: FIOMAD ($10.55 in chips) 
Seat 3: Mahu2021 ($7.85 in chips) 
Seat 4: Ironhelt ($40.79 in chips) 
Seat 5: Christianjtrfc ($15.05 in chips) 
Seat 6: mOberdan ($28.69 in chips) 
FIOMAD: posts small blind $0.05
Mahu2021: posts big blind $0.10
*** HOLE CARDS ***
Dealt to Mahu2021 [7h Tc]
Ironhelt: folds 
Christianjtrfc: raises $0.15 to $0.25
mOberdan: raises $0.55 to $0.80
D.shadoww: folds 
FIOMAD: folds 
Mahu2021: folds 
Christianjtrfc: calls $0.55
*** FLOP *** [4d 5h 6d]
Christianjtrfc: checks 
mOberdan: bets $0.84
Christianjtrfc: folds 
Uncalled bet ($0.84) returned to mOberdan
mOberdan collected $1.67 from pot
mOberdan: doesn't show hand 
*** SUMMARY ***
Total pot $1.75 | Rake $0.08 
Board [4d 5h 6d]
Seat 1: D.shadoww (button) folded before Flop (didn't bet)
Seat 2: FIOMAD (small blind) folded before Flop
Seat 3: Mahu2021 (big blind) folded before Flop
Seat 4: Ironhelt folded before Flop (didn't bet)
Seat 5: Christianjtrfc folded on the Flop
Seat 6: mOberdan collected ($1.67)



PokerStars Zoom Hand #254566768236:  Hold'em No Limit ($0.05/$0.10) - 2025/01/26 20:08:28 CET [2025/01/26 14:08:28 ET]
Table 'Aludra' 6-max Seat #1 is the button
Seat 1: LittleBigWil ($17.11 in chips) 
Seat 2: PuffyDawg ($13.79 in chips) 
Seat 3: jezza71 ($9.70 in chips) 
Seat 4: FIOMAD ($21.44 in chips) 
Seat 5: vovo4kapooh ($15.79 in chips) 
Seat 6: Mahu2021 ($7.75 in chips) 
PuffyDawg: posts small blind $0.05
jezza71: posts big blind $0.10
*** HOLE CARDS ***
Dealt to Mahu2021 [Kc 9h]
FIOMAD: folds 
vovo4kapooh: raises $0.15 to $0.25
Mahu2021: folds 
LittleBigWil: folds 
PuffyDawg: folds 
jezza71: raises $0.55 to $0.80
vovo4kapooh: folds 
Uncalled bet ($0.55) returned to jezza71
jezza71 collected $0.55 from pot
jezza71: doesn't show hand 
*** SUMMARY ***
Total pot $0.55 | Rake $0 
Seat 1: LittleBigWil (button) folded before Flop (didn't bet)
Seat 2: PuffyDawg (small blind) folded before Flop
Seat 3: jezza71 (big blind) collected ($0.55)
Seat 4: FIOMAD folded before Flop (didn't bet)
Seat 5: vovo4kapooh folded before Flop
Seat 6: Mahu2021 folded before Flop (didn't bet)



PokerStars Zoom Hand #254566773244:  Hold'em No Limit ($0.05/$0.10) - 2025/01/26 20:08:42 CET [2025/01/26 14:08:42 ET]
Table 'Aludra' 6-max Seat #1 is the button
Seat 1: LittleBigWil ($21.01 in chips) 
Seat 2: ryansscn26 ($9.34 in chips) 
Seat 3: elektrofu ($22.82 in chips) 
Seat 4: Mahu2021 ($7.75 in chips) 
Seat 5: Deep_Dark ($7.45 in chips) 
Seat 6: bebasket066 ($10.40 in chips) 
ryansscn26: posts small blind $0.05
elektrofu: posts big blind $0.10
*** HOLE CARDS ***
Dealt to Mahu2021 [Jc 9h]
Mahu2021: folds 
Deep_Dark: folds 
bebasket066: raises $0.20 to $0.30
LittleBigWil: folds 
ryansscn26: folds 
elektrofu: folds 
Uncalled bet ($0.20) returned to bebasket066
bebasket066 collected $0.25 from pot
bebasket066: doesn't show hand 
*** SUMMARY ***
Total pot $0.25 | Rake $0 
Seat 1: LittleBigWil (button) folded before Flop (didn't bet)
Seat 2: ryansscn26 (small blind) folded before Flop
Seat 3: elektrofu (big blind) folded before Flop
Seat 4: Mahu2021 folded before Flop (didn't bet)
Seat 5: Deep_Dark folded before Flop (didn't bet)
Seat 6: bebasket066 collected ($0.25)



PokerStars Zoom Hand #254566774364:  Hold'em No Limit ($0.05/$0.10) - 2025/01/26 20:08:45 CET [2025/01/26 14:08:45 ET]
Table 'Aludra' 6-max Seat #1 is the button
Seat 1: Christianjtrfc ($14.25 in chips) 
Seat 2: Mahu2021 ($7.75 in chips) 
Seat 3: kox44x ($44.98 in chips) 
Seat 4: Deep_Dark ($7.45 in chips) 
Seat 5: Luffy V ($19.45 in chips) 
Seat 6: Call me Alex97 ($11.79 in chips) 
Mahu2021: posts small blind $0.05
kox44x: posts big blind $0.10
*** HOLE CARDS ***
Dealt to Mahu2021 [2d Kd]
Deep_Dark: folds 
Luffy V: folds 
Call me Alex97: folds 
Christianjtrfc: folds 
Mahu2021: raises $0.20 to $0.30
kox44x: calls $0.20
*** FLOP *** [Jd Ad Qd]
Mahu2021: checks 
kox44x: checks 
*** TURN *** [Jd Ad Qd] [7c]
Mahu2021: checks 
kox44x: checks 
*** RIVER *** [Jd Ad Qd 7c] [Kh]
Mahu2021: bets $7.45 and is all-in
kox44x: folds 
Uncalled bet ($7.45) returned to Mahu2021
Mahu2021 collected $0.57 from pot
Mahu2021: doesn't show hand 
*** SUMMARY ***
Total pot $0.60 | Rake $0.03 
Board [Jd Ad Qd 7c Kh]
Seat 1: Christianjtrfc (button) folded before Flop (didn't bet)
Seat 2: Mahu2021 (small blind) collected ($0.57)
Seat 3: kox44x (big blind) folded on the River
Seat 4: Deep_Dark folded before Flop (didn't bet)
Seat 5: Luffy V folded before Flop (didn't bet)
Seat 6: Call me Alex97 folded before Flop (didn't bet)



PokerStars Zoom Hand #254566771880:  Hold'em No Limit ($0.05/$0.10) - 2025/01/26 20:08:38 CET [2025/01/26 14:08:38 ET]
Table 'Aludra' 6-max Seat #1 is the button
Seat 1: kris_bjork ($10.05 in chips) 
Seat 2: homiesaces85 ($10.93 in chips) 
Seat 3: al1481 ($14.04 in chips) 
Seat 4: etrejogiri ($1.79 in chips) 
Seat 5: Mahu2021 ($7.75 in chips) 
Seat 6: marosthebest ($11.84 in chips) 
homiesaces85: posts small blind $0.05
al1481: posts big blind $0.10
*** HOLE CARDS ***
Dealt to Mahu2021 [8h 7s]
etrejogiri: folds 
Mahu2021: folds 
marosthebest: raises $0.15 to $0.25
kris_bjork: folds 
homiesaces85: folds 
al1481: calls $0.15
*** FLOP *** [As 5s Ah]
al1481: bets $0.20
marosthebest: calls $0.20
*** TURN *** [As 5s Ah] [2d]
al1481: bets $0.10
marosthebest: raises $0.56 to $0.66
al1481: calls $0.56
*** RIVER *** [As 5s Ah 2d] [3c]
al1481: checks 
marosthebest: bets $1.91
al1481: folds 
Uncalled bet ($1.91) returned to marosthebest
marosthebest collected $2.17 from pot
marosthebest: doesn't show hand 
*** SUMMARY ***
Total pot $2.27 | Rake $0.10 
Board [As 5s Ah 2d 3c]
Seat 1: kris_bjork (button) folded before Flop (didn't bet)
Seat 2: homiesaces85 (small blind) folded before Flop
Seat 3: al1481 (big blind) folded on the River
Seat 4: etrejogiri folded before Flop (didn't bet)
Seat 5: Mahu2021 folded before Flop (didn't bet)
Seat 6: marosthebest collected ($2.17)



PokerStars Zoom Hand #254566786971:  Hold'em No Limit ($0.05/$0.10) - 2025/01/26 20:09:20 CET [2025/01/26 14:09:20 ET]
Table 'Aludra' 6-max Seat #1 is the button
Seat 1: Mahu2021 ($8.02 in chips) 
Seat 2: D.shadoww ($11.13 in chips) 
Seat 3: kiks220272 ($16.84 in chips) 
Seat 4: VoltaireReplica ($29.40 in chips) 
Seat 5: lichistoria ($14.76 in chips) 
Seat 6: vovo4kapooh ($15.34 in chips) 
D.shadoww: posts small blind $0.05
kiks220272: posts big blind $0.10
*** HOLE CARDS ***
Dealt to Mahu2021 [Kd Jh]
VoltaireReplica: folds 
lichistoria: folds 
vovo4kapooh: folds 
Mahu2021: raises $0.20 to $0.30
D.shadoww: folds 
kiks220272: folds 
Uncalled bet ($0.20) returned to Mahu2021
Mahu2021 collected $0.25 from pot
Mahu2021: doesn't show hand 
*** SUMMARY ***
Total pot $0.25 | Rake $0 
Seat 1: Mahu2021 (button) collected ($0.25)
Seat 2: D.shadoww (small blind) folded before Flop
Seat 3: kiks220272 (big blind) folded before Flop
Seat 4: VoltaireReplica folded before Flop (didn't bet)
Seat 5: lichistoria folded before Flop (didn't bet)
Seat 6: vovo4kapooh folded before Flop (didn't bet)



PokerStars Zoom Hand #254566793666:  Hold'em No Limit ($0.05/$0.10) - 2025/01/26 20:09:38 CET [2025/01/26 14:09:38 ET]
Table 'Aludra' 6-max Seat #1 is the button
Seat 1: WideMonkaW ($10 in chips) 
Seat 2: ProjectPokerPro ($20.65 in chips) 
Seat 3: seiji140 ($22.18 in chips) 
Seat 4: nikcat7 ($10.54 in chips) 
Seat 5: Mahu2021 ($8.17 in chips) 
Seat 6: mOberdan ($10 in chips) 
ProjectPokerPro: posts small blind $0.05
seiji140: posts big blind $0.10
*** HOLE CARDS ***
Dealt to Mahu2021 [5d 6s]
nikcat7: folds 
Mahu2021: folds 
mOberdan: folds 
WideMonkaW: folds 
ProjectPokerPro: folds 
Uncalled bet ($0.05) returned to seiji140
seiji140 collected $0.10 from pot
seiji140: doesn't show hand 
*** SUMMARY ***
Total pot $0.10 | Rake $0 
Seat 1: WideMonkaW (button) folded before Flop (didn't bet)
Seat 2: ProjectPokerPro (small blind) folded before Flop
Seat 3: seiji140 (big blind) collected ($0.10)
Seat 4: nikcat7 folded before Flop (didn't bet)
Seat 5: Mahu2021 folded before Flop (didn't bet)
Seat 6: mOberdan folded before Flop (didn't bet)



PokerStars Zoom Hand #254566795130:  Hold'em No Limit ($0.05/$0.10) - 2025/01/26 20:09:42 CET [2025/01/26 14:09:42 ET]
Table 'Aludra' 6-max Seat #1 is the button
Seat 1: Luffy V ($13.34 in chips) 
Seat 2: icallu72 ($19.71 in chips) 
Seat 3: ronny2106 ($11.47 in chips) 
Seat 4: Mahu2021 ($8.17 in chips) 
Seat 5: Gxzd ($7.80 in chips) 
Seat 6: Call me Alex97 ($21.08 in chips) 
icallu72: posts small blind $0.05
ronny2106: posts big blind $0.10
*** HOLE CARDS ***
Dealt to Mahu2021 [9d Jh]
Mahu2021: folds 
Gxzd: folds 
Call me Alex97: raises $0.14 to $0.24
Luffy V: folds 
icallu72: folds 
ronny2106: folds 
Uncalled bet ($0.14) returned to Call me Alex97
Call me Alex97 collected $0.25 from pot
Call me Alex97: doesn't show hand 
*** SUMMARY ***
Total pot $0.25 | Rake $0 
Seat 1: Luffy V (button) folded before Flop (didn't bet)
Seat 2: icallu72 (small blind) folded before Flop
Seat 3: ronny2106 (big blind) folded before Flop
Seat 4: Mahu2021 folded before Flop (didn't bet)
Seat 5: Gxzd folded before Flop (didn't bet)
Seat 6: Call me Alex97 collected ($0.25)



PokerStars Zoom Hand #254566796590:  Hold'em No Limit ($0.05/$0.10) - 2025/01/26 20:09:46 CET [2025/01/26 14:09:46 ET]
Table 'Aludra' 6-max Seat #1 is the button
Seat 1: icallu72 ($19.66 in chips) 
Seat 2: Mahu2021 ($8.17 in chips) 
Seat 3: Oscar__62176 ($10.36 in chips) 
Seat 4: Gxzd ($7.80 in chips) 
Seat 5: Bestology ($12.25 in chips) 
Seat 6: bebasket066 ($10.25 in chips) 
Mahu2021: posts small blind $0.05
Oscar__62176: posts big blind $0.10
*** HOLE CARDS ***
Dealt to Mahu2021 [Ah 8h]
Gxzd: folds 
Bestology: folds 
bebasket066: folds 
icallu72: raises $0.20 to $0.30
Mahu2021: calls $0.25
Oscar__62176: folds 
*** FLOP *** [3d Jd 2c]
Mahu2021: checks 
icallu72: checks 
*** TURN *** [3d Jd 2c] [Ks]
Mahu2021: checks 
icallu72: checks 
*** RIVER *** [3d Jd 2c Ks] [Kd]
Mahu2021: bets $0.67
icallu72: folds 
Uncalled bet ($0.67) returned to Mahu2021
Mahu2021 collected $0.67 from pot
Mahu2021: doesn't show hand 
*** SUMMARY ***
Total pot $0.70 | Rake $0.03 
Board [3d Jd 2c Ks Kd]
Seat 1: icallu72 (button) folded on the River
Seat 2: Mahu2021 (small blind) collected ($0.67)
Seat 3: Oscar__62176 (big blind) folded before Flop
Seat 4: Gxzd folded before Flop (didn't bet)
Seat 5: Bestology folded before Flop (didn't bet)
Seat 6: bebasket066 folded before Flop (didn't bet)



PokerStars Zoom Hand #254566812360:  Hold'em No Limit ($0.05/$0.10) - 2025/01/26 20:10:30 CET [2025/01/26 14:10:30 ET]
Table 'Aludra' 6-max Seat #1 is the button
Seat 1: bebasket066 ($4.22 in chips) 
Seat 2: Black199509 ($11.54 in chips) 
Seat 3: Mahu2021 ($8.54 in chips) 
Seat 4: kox44x ($14.05 in chips) 
Seat 5: szabarna ($11.23 in chips) 
Seat 6: ChoboPower ($24.03 in chips) 
Black199509: posts small blind $0.05
Mahu2021: posts big blind $0.10
*** HOLE CARDS ***
Dealt to Mahu2021 [Js 7s]
kox44x: folds 
szabarna: folds 
ChoboPower: folds 
bebasket066: folds 
Black199509: folds 
Uncalled bet ($0.05) returned to Mahu2021
Mahu2021 collected $0.10 from pot
Mahu2021: doesn't show hand 
*** SUMMARY ***
Total pot $0.10 | Rake $0 
Seat 1: bebasket066 (button) folded before Flop (didn't bet)
Seat 2: Black199509 (small blind) folded before Flop
Seat 3: Mahu2021 (big blind) collected ($0.10)
Seat 4: kox44x folded before Flop (didn't bet)
Seat 5: szabarna folded before Flop (didn't bet)
Seat 6: ChoboPower folded before Flop (didn't bet)



PokerStars Zoom Hand #254566824021:  Hold'em No Limit ($0.05/$0.10) - 2025/01/26 20:11:02 CET [2025/01/26 14:11:02 ET]
Table 'Aludra' 6-max Seat #1 is the button
Seat 1: vovo4kapooh ($11.35 in chips) 
Seat 2: tallist_jm ($8.82 in chips) 
Seat 3: szabarna ($11.33 in chips) 
Seat 4: mOberdan ($11.61 in chips) 
Seat 5: Mahu2021 ($8.29 in chips) 
Seat 6: Gatos y Rosas ($18.83 in chips) 
tallist_jm: posts small blind $0.05
szabarna: posts big blind $0.10
*** HOLE CARDS ***
Dealt to Mahu2021 [4h 4s]
mOberdan: folds 
Mahu2021: raises $0.14 to $0.24
Gatos y Rosas: folds 
vovo4kapooh: folds 
tallist_jm: folds 
szabarna: folds 
Uncalled bet ($0.14) returned to Mahu2021
Mahu2021 collected $0.25 from pot
Mahu2021: doesn't show hand 
*** SUMMARY ***
Total pot $0.25 | Rake $0 
Seat 1: vovo4kapooh (button) folded before Flop (didn't bet)
Seat 2: tallist_jm (small blind) folded before Flop
Seat 3: szabarna (big blind) folded before Flop
Seat 4: mOberdan folded before Flop (didn't bet)
Seat 5: Mahu2021 collected ($0.25)
Seat 6: Gatos y Rosas folded before Flop (didn't bet)



PokerStars Zoom Hand #254566816412:  Hold'em No Limit ($0.05/$0.10) - 2025/01/26 20:10:41 CET [2025/01/26 14:10:41 ET]
Table 'Aludra' 6-max Seat #1 is the button
Seat 1: marosthebest ($12.35 in chips) 
Seat 2: nikcat7 ($10.05 in chips) 
Seat 3: Deep_Dark ($7.45 in chips) 
Seat 4: vovo4kapooh ($11.40 in chips) 
Seat 5: LittleBigWil ($17.71 in chips) 
Seat 6: Mahu2021 ($8.59 in chips) 
nikcat7: posts small blind $0.05
Deep_Dark: posts big blind $0.10
*** HOLE CARDS ***
Dealt to Mahu2021 [4h 5h]
vovo4kapooh: folds 
LittleBigWil: folds 
Mahu2021: folds 
marosthebest: folds 
nikcat7: raises $0.15 to $0.25
Deep_Dark: calls $0.15
*** FLOP *** [Jh Qc 9d]
nikcat7: bets $0.26
Deep_Dark: calls $0.26
*** TURN *** [Jh Qc 9d] [Ts]
nikcat7: checks 
Deep_Dark: bets $0.68
nikcat7: folds 
Uncalled bet ($0.68) returned to Deep_Dark
Deep_Dark collected $0.96 from pot
Deep_Dark: doesn't show hand 
*** SUMMARY ***
Total pot $1.02 | Rake $0.06 
Board [Jh Qc 9d Ts]
Seat 1: marosthebest (button) folded before Flop (didn't bet)
Seat 2: nikcat7 (small blind) folded on the Turn
Seat 3: Deep_Dark (big blind) collected ($0.96)
Seat 4: vovo4kapooh folded before Flop (didn't bet)
Seat 5: LittleBigWil folded before Flop (didn't bet)
Seat 6: Mahu2021 folded before Flop (didn't bet)



PokerStars Zoom Hand #254566827198:  Hold'em No Limit ($0.05/$0.10) - 2025/01/26 20:11:11 CET [2025/01/26 14:11:11 ET]
Table 'Aludra' 6-max Seat #1 is the button
Seat 1: Mahu2021 ($8.44 in chips) 
Seat 2: etrejogiri ($2.69 in chips) 
Seat 3: Bumbulbee_G ($10 in chips) 
Seat 4: D.shadoww ($11.13 in chips) 
Seat 5: dodeer ($21.66 in chips) 
Seat 6: Siul0619 ($20.26 in chips) 
etrejogiri: posts small blind $0.05
Bumbulbee_G: posts big blind $0.10
*** HOLE CARDS ***
Dealt to Mahu2021 [Qh 5d]
D.shadoww: folds 
dodeer: folds 
Siul0619: folds 
Mahu2021: folds 
etrejogiri: folds 
Uncalled bet ($0.05) returned to Bumbulbee_G
Bumbulbee_G collected $0.10 from pot
Bumbulbee_G: doesn't show hand 
*** SUMMARY ***
Total pot $0.10 | Rake $0 
Seat 1: Mahu2021 (button) folded before Flop (didn't bet)
Seat 2: etrejogiri (small blind) folded before Flop
Seat 3: Bumbulbee_G (big blind) collected ($0.10)
Seat 4: D.shadoww folded before Flop (didn't bet)
Seat 5: dodeer folded before Flop (didn't bet)
Seat 6: Siul0619 folded before Flop (didn't bet)



PokerStars Zoom Hand #254566829817:  Hold'em No Limit ($0.05/$0.10) - 2025/01/26 20:11:18 CET [2025/01/26 14:11:18 ET]
Table 'Aludra' 6-max Seat #1 is the button
Seat 1: Luffy V ($17.04 in chips) 
Seat 2: VêPeres ($10.68 in chips) 
Seat 3: Mahu2021 ($8.44 in chips) 
Seat 4: k1w12 ($16.98 in chips) 
Seat 5: ProjectPokerPro ($20.27 in chips) 
Seat 6: vovo4kapooh ($11.25 in chips) 
VêPeres: posts small blind $0.05
Mahu2021: posts big blind $0.10
*** HOLE CARDS ***
Dealt to Mahu2021 [3s Td]
k1w12: folds 
ProjectPokerPro: folds 
vovo4kapooh: folds 
Luffy V: folds 
VêPeres: raises $0.15 to $0.25
Mahu2021: folds 
Uncalled bet ($0.15) returned to VêPeres
VêPeres collected $0.20 from pot
VêPeres: doesn't show hand 
*** SUMMARY ***
Total pot $0.20 | Rake $0 
Seat 1: Luffy V (button) folded before Flop (didn't bet)
Seat 2: VêPeres (small blind) collected ($0.20)
Seat 3: Mahu2021 (big blind) folded before Flop
Seat 4: k1w12 folded before Flop (didn't bet)
Seat 5: ProjectPokerPro folded before Flop (didn't bet)
Seat 6: vovo4kapooh folded before Flop (didn't bet)



PokerStars Zoom Hand #254566822878:  Hold'em No Limit ($0.05/$0.10) - 2025/01/26 20:10:58 CET [2025/01/26 14:10:58 ET]
Table 'Aludra' 6-max Seat #1 is the button
Seat 1: Ironhelt ($10 in chips) 
Seat 2: Maxim_Otto13 ($26.14 in chips) 
Seat 3: Tsitsomitsos ($12.88 in chips) 
Seat 4: der_dennis_d ($6.48 in chips) 
Seat 5: putzkedudu ($10 in chips) 
Seat 6: Mahu2021 ($8.29 in chips) 
Maxim_Otto13: posts small blind $0.05
Tsitsomitsos: posts big blind $0.10
*** HOLE CARDS ***
Dealt to Mahu2021 [7h 4d]
der_dennis_d: folds 
putzkedudu: folds 
Mahu2021: folds 
Ironhelt: raises $0.15 to $0.25
Maxim_Otto13: raises $0.75 to $1
Tsitsomitsos: folds 
Ironhelt: calls $0.75
*** FLOP *** [3d 5s 6h]
Maxim_Otto13: bets $0.50
Ironhelt: calls $0.50
*** TURN *** [3d 5s 6h] [Tc]
Maxim_Otto13: checks 
Ironhelt: bets $1
Maxim_Otto13: folds 
Uncalled bet ($1) returned to Ironhelt
Ironhelt collected $2.92 from pot
Ironhelt: doesn't show hand 
*** SUMMARY ***
Total pot $3.10 | Rake $0.18 
Board [3d 5s 6h Tc]
Seat 1: Ironhelt (button) collected ($2.92)
Seat 2: Maxim_Otto13 (small blind) folded on the Turn
Seat 3: Tsitsomitsos (big blind) folded before Flop
Seat 4: der_dennis_d folded before Flop (didn't bet)
Seat 5: putzkedudu folded before Flop (didn't bet)
Seat 6: Mahu2021 folded before Flop (didn't bet)



PokerStars Zoom Hand #254566834151:  Hold'em No Limit ($0.05/$0.10) - 2025/01/26 20:11:30 CET [2025/01/26 14:11:30 ET]
Table 'Aludra' 6-max Seat #1 is the button
Seat 1: mOberdan ($11.61 in chips) 
Seat 2: Mahu2021 ($8.34 in chips) 
Seat 3: Bbyoda79 ($7.47 in chips) 
Seat 4: Siul0619 ($20.21 in chips) 
Seat 5: nikcat7 ($10.66 in chips) 
Seat 6: ryansscn26 ($11.86 in chips) 
Mahu2021: posts small blind $0.05
Bbyoda79: posts big blind $0.10
*** HOLE CARDS ***
Dealt to Mahu2021 [Ts 5h]
Siul0619: folds 
nikcat7: raises $0.15 to $0.25
ryansscn26: folds 
mOberdan: folds 
Mahu2021: folds 
Bbyoda79: folds 
Uncalled bet ($0.15) returned to nikcat7
nikcat7 collected $0.25 from pot
nikcat7: doesn't show hand 
*** SUMMARY ***
Total pot $0.25 | Rake $0 
Seat 1: mOberdan (button) folded before Flop (didn't bet)
Seat 2: Mahu2021 (small blind) folded before Flop
Seat 3: Bbyoda79 (big blind) folded before Flop
Seat 4: Siul0619 folded before Flop (didn't bet)
Seat 5: nikcat7 collected ($0.25)
Seat 6: ryansscn26 folded before Flop (didn't bet)



PokerStars Zoom Hand #254566818150:  Hold'em No Limit ($0.05/$0.10) - 2025/01/26 20:10:46 CET [2025/01/26 14:10:46 ET]
Table 'Aludra' 6-max Seat #1 is the button
Seat 1: Mahu2021 ($8.59 in chips) 
Seat 2: Alejandro85s ($8.88 in chips) 
Seat 3: Luffy V ($19 in chips) 
Seat 4: putzkedudu ($10.15 in chips) 
Seat 5: Nicijerry ($14.02 in chips) 
Seat 6: offodds ($10.30 in chips) 
Alejandro85s: posts small blind $0.05
Luffy V: posts big blind $0.10
*** HOLE CARDS ***
Dealt to Mahu2021 [5d 4d]
putzkedudu: folds 
Nicijerry: folds 
offodds: folds 
Mahu2021: raises $0.20 to $0.30
Alejandro85s: raises $0.70 to $1
Luffy V: raises $1.85 to $2.85
Mahu2021: folds 
Alejandro85s: calls $1.85
*** FLOP *** [2c Tc 5s]
Alejandro85s: checks 
Luffy V: bets $1.40
Alejandro85s: raises $4.63 to $6.03 and is all-in
Luffy V: calls $4.63
*** TURN *** [2c Tc 5s] [7s]
*** RIVER *** [2c Tc 5s 7s] [9d]
*** SHOW DOWN ***
Alejandro85s: shows [Qs Qd] (a pair of Queens)
Luffy V: shows [Ah As] (a pair of Aces)
Luffy V collected $17.25 from pot
*** SUMMARY ***
Total pot $18.06 | Rake $0.81 
Board [2c Tc 5s 7s 9d]
Seat 1: Mahu2021 (button) folded before Flop
Seat 2: Alejandro85s (small blind) showed [Qs Qd] and lost with a pair of Queens
Seat 3: Luffy V (big blind) showed [Ah As] and won ($17.25) with a pair of Aces
Seat 4: putzkedudu folded before Flop (didn't bet)
Seat 5: Nicijerry folded before Flop (didn't bet)
Seat 6: offodds folded before Flop (didn't bet)



PokerStars Zoom Hand #254566835958:  Hold'em No Limit ($0.05/$0.10) - 2025/01/26 20:11:35 CET [2025/01/26 14:11:35 ET]
Table 'Aludra' 6-max Seat #1 is the button
Seat 1: Izabyx ($8.13 in chips) 
Seat 2: PuffyDawg ($10.30 in chips) 
Seat 3: 013VHMS ($4.50 in chips) 
Seat 4: honEybOOx ($35.84 in chips) 
Seat 5: kar4tune ($9.95 in chips) 
Seat 6: Mahu2021 ($8.29 in chips) 
PuffyDawg: posts small blind $0.05
013VHMS: posts big blind $0.10
*** HOLE CARDS ***
Dealt to Mahu2021 [5d 8d]
honEybOOx: folds 
kar4tune: folds 
Mahu2021: folds 
Izabyx: folds 
PuffyDawg: folds 
Uncalled bet ($0.05) returned to 013VHMS
013VHMS collected $0.10 from pot
013VHMS: doesn't show hand 
*** SUMMARY ***
Total pot $0.10 | Rake $0 
Seat 1: Izabyx (button) folded before Flop (didn't bet)
Seat 2: PuffyDawg (small blind) folded before Flop
Seat 3: 013VHMS (big blind) collected ($0.10)
Seat 4: honEybOOx folded before Flop (didn't bet)
Seat 5: kar4tune folded before Flop (didn't bet)
Seat 6: Mahu2021 folded before Flop (didn't bet)



PokerStars Zoom Hand #254566837054:  Hold'em No Limit ($0.05/$0.10) - 2025/01/26 20:11:38 CET [2025/01/26 14:11:38 ET]
Table 'Aludra' 6-max Seat #1 is the button
Seat 1: Mahu2021 ($8.29 in chips) 
Seat 2: Bumbulbee_G ($10.05 in chips) 
Seat 3: easy250000 ($5.73 in chips) 
Seat 4: bebasket066 ($12.22 in chips) 
Seat 5: Nicijerry ($13.92 in chips) 
Seat 6: icallu72 ($19.55 in chips) 
Bumbulbee_G: posts small blind $0.05
easy250000: posts big blind $0.10
*** HOLE CARDS ***
Dealt to Mahu2021 [Ah 3d]
bebasket066: folds 
Nicijerry: raises $0.25 to $0.35
icallu72: folds 
Mahu2021: folds 
Bumbulbee_G: folds 
easy250000: folds 
Uncalled bet ($0.25) returned to Nicijerry
Nicijerry collected $0.25 from pot
Nicijerry: doesn't show hand 
*** SUMMARY ***
Total pot $0.25 | Rake $0 
Seat 1: Mahu2021 (button) folded before Flop (didn't bet)
Seat 2: Bumbulbee_G (small blind) folded before Flop
Seat 3: easy250000 (big blind) folded before Flop
Seat 4: bebasket066 folded before Flop (didn't bet)
Seat 5: Nicijerry collected ($0.25)
Seat 6: icallu72 folded before Flop (didn't bet)



PokerStars Zoom Hand #254566839987:  Hold'em No Limit ($0.05/$0.10) - 2025/01/26 20:11:46 CET [2025/01/26 14:11:46 ET]
Table 'Aludra' 6-max Seat #1 is the button
Seat 1: seiji140 ($21.63 in chips) 
Seat 2: ProjectPokerPro ($12.98 in chips) 
Seat 3: Mahu2021 ($8.29 in chips) 
Seat 4: Bbyoda79 ($7.37 in chips) 
Seat 5: Oscar__62176 ($11.79 in chips) 
Seat 6: PuffyDawg ($10 in chips) 
ProjectPokerPro: posts small blind $0.05
Mahu2021: posts big blind $0.10
*** HOLE CARDS ***
Dealt to Mahu2021 [6c 2h]
Bbyoda79: raises $0.20 to $0.30
Oscar__62176: folds 
PuffyDawg: folds 
seiji140: folds 
ProjectPokerPro: folds 
Mahu2021: folds 
Uncalled bet ($0.20) returned to Bbyoda79
Bbyoda79 collected $0.25 from pot
Bbyoda79: doesn't show hand 
*** SUMMARY ***
Total pot $0.25 | Rake $0 
Seat 1: seiji140 (button) folded before Flop (didn't bet)
Seat 2: ProjectPokerPro (small blind) folded before Flop
Seat 3: Mahu2021 (big blind) folded before Flop
Seat 4: Bbyoda79 collected ($0.25)
Seat 5: Oscar__62176 folded before Flop (didn't bet)
Seat 6: PuffyDawg folded before Flop (didn't bet)



PokerStars Zoom Hand #254566844850:  Hold'em No Limit ($0.05/$0.10) - 2025/01/26 20:11:59 CET [2025/01/26 14:11:59 ET]
Table 'Aludra' 6-max Seat #1 is the button
Seat 1: Maxim_Otto13 ($24.54 in chips) 
Seat 2: Mahu2021 ($8.19 in chips) 
Seat 3: putzkedudu ($10 in chips) 
Seat 4: easy250000 ($5.63 in chips) 
Seat 5: VitorArj ($10.25 in chips) 
Seat 6: Bbyoda79 ($7.52 in chips) 
Mahu2021: posts small blind $0.05
putzkedudu: posts big blind $0.10
*** HOLE CARDS ***
Dealt to Mahu2021 [9h 2c]
easy250000: folds 
VitorArj: folds 
Bbyoda79: folds 
Maxim_Otto13: raises $0.15 to $0.25
Mahu2021: folds 
putzkedudu: folds 
Uncalled bet ($0.15) returned to Maxim_Otto13
Maxim_Otto13 collected $0.25 from pot
Maxim_Otto13: doesn't show hand 
*** SUMMARY ***
Total pot $0.25 | Rake $0 
Seat 1: Maxim_Otto13 (button) collected ($0.25)
Seat 2: Mahu2021 (small blind) folded before Flop
Seat 3: putzkedudu (big blind) folded before Flop
Seat 4: easy250000 folded before Flop (didn't bet)
Seat 5: VitorArj folded before Flop (didn't bet)
Seat 6: Bbyoda79 folded before Flop (didn't bet)



PokerStars Zoom Hand #254566846297:  Hold'em No Limit ($0.05/$0.10) - 2025/01/26 20:12:03 CET [2025/01/26 14:12:03 ET]
Table 'Aludra' 6-max Seat #1 is the button
Seat 1: Oscar__62176 ($11.69 in chips) 
Seat 2: Ironhelt ($10.57 in chips) 
Seat 3: kox44x ($14.25 in chips) 
Seat 4: picurul ($8.33 in chips) 
Seat 5: Mahu2021 ($8.14 in chips) 
Seat 6: homiesaces85 ($13.06 in chips) 
Ironhelt: posts small blind $0.05
kox44x: posts big blind $0.10
*** HOLE CARDS ***
Dealt to Mahu2021 [9c 5c]
picurul: folds 
Mahu2021: folds 
homiesaces85: folds 
Oscar__62176: raises $0.12 to $0.22
Ironhelt: folds 
kox44x: folds 
Uncalled bet ($0.12) returned to Oscar__62176
Oscar__62176 collected $0.25 from pot
Oscar__62176: doesn't show hand 
*** SUMMARY ***
Total pot $0.25 | Rake $0 
Seat 1: Oscar__62176 (button) collected ($0.25)
Seat 2: Ironhelt (small blind) folded before Flop
Seat 3: kox44x (big blind) folded before Flop
Seat 4: picurul folded before Flop (didn't bet)
Seat 5: Mahu2021 folded before Flop (didn't bet)
Seat 6: homiesaces85 folded before Flop (didn't bet)



PokerStars Zoom Hand #254566841850:  Hold'em No Limit ($0.05/$0.10) - 2025/01/26 20:11:51 CET [2025/01/26 14:11:51 ET]
Table 'Aludra' 6-max Seat #1 is the button
Seat 1: Siul0619 ($20.54 in chips) 
Seat 2: 013VHMS ($4.55 in chips) 
Seat 3: D.shadoww ($13.96 in chips) 
Seat 4: Mahu2021 ($8.19 in chips) 
Seat 5: offodds ($10.30 in chips) 
Seat 6: Call me Alex97 ($12.34 in chips) 
013VHMS: posts small blind $0.05
D.shadoww: posts big blind $0.10
*** HOLE CARDS ***
Dealt to Mahu2021 [6h Ac]
Mahu2021: folds 
offodds: folds 
Call me Alex97: raises $0.14 to $0.24
Siul0619: folds 
013VHMS: folds 
D.shadoww: folds 
Uncalled bet ($0.14) returned to Call me Alex97
Call me Alex97 collected $0.25 from pot
Call me Alex97: doesn't show hand 
*** SUMMARY ***
Total pot $0.25 | Rake $0 
Seat 1: Siul0619 (button) folded before Flop (didn't bet)
Seat 2: 013VHMS (small blind) folded before Flop
Seat 3: D.shadoww (big blind) folded before Flop
Seat 4: Mahu2021 folded before Flop (didn't bet)
Seat 5: offodds folded before Flop (didn't bet)
Seat 6: Call me Alex97 collected ($0.25)



PokerStars Zoom Hand #254566847774:  Hold'em No Limit ($0.05/$0.10) - 2025/01/26 20:12:07 CET [2025/01/26 14:12:07 ET]
Table 'Aludra' 6-max Seat #1 is the button
Seat 1: LittleBigWil ($20.41 in chips) 
Seat 2: honEybOOx ($54.16 in chips) 
Seat 3: easy250000 ($5.63 in chips) 
Seat 4: ProjectPokerPro ($19.90 in chips) 
Seat 5: Siul0619 ($20.54 in chips) 
Seat 6: Mahu2021 ($8.14 in chips) 
honEybOOx: posts small blind $0.05
easy250000: posts big blind $0.10
*** HOLE CARDS ***
Dealt to Mahu2021 [Tc 7c]
ProjectPokerPro: folds 
Siul0619: folds 
Mahu2021: folds 
LittleBigWil: raises $0.12 to $0.22
honEybOOx: folds 
easy250000: folds 
Uncalled bet ($0.12) returned to LittleBigWil
LittleBigWil collected $0.25 from pot
LittleBigWil: doesn't show hand 
*** SUMMARY ***
Total pot $0.25 | Rake $0 
Seat 1: LittleBigWil (button) collected ($0.25)
Seat 2: honEybOOx (small blind) folded before Flop
Seat 3: easy250000 (big blind) folded before Flop
Seat 4: ProjectPokerPro folded before Flop (didn't bet)
Seat 5: Siul0619 folded before Flop (didn't bet)
Seat 6: Mahu2021 folded before Flop (didn't bet)



PokerStars Zoom Hand #254566843374:  Hold'em No Limit ($0.05/$0.10) - 2025/01/26 20:11:55 CET [2025/01/26 14:11:55 ET]
Table 'Aludra' 6-max Seat #1 is the button
Seat 1: 013VHMS ($4.50 in chips) 
Seat 2: picurul ($8.38 in chips) 
Seat 3: geo3pokerr ($8.05 in chips) 
Seat 4: vovo4kapooh ($17.35 in chips) 
Seat 5: Mahu2021 ($8.19 in chips) 
Seat 6: VêPeres ($9.98 in chips) 
picurul: posts small blind $0.05
geo3pokerr: posts big blind $0.10
*** HOLE CARDS ***
Dealt to Mahu2021 [9c 8h]
vovo4kapooh: raises $0.10 to $0.20
Mahu2021: folds 
VêPeres: folds 
013VHMS: calls $0.20
picurul: folds 
geo3pokerr: folds 
*** FLOP *** [Jh Jd 4s]
vovo4kapooh: checks 
013VHMS: checks 
*** TURN *** [Jh Jd 4s] [6d]
vovo4kapooh: bets $0.13
013VHMS: raises $0.43 to $0.56
vovo4kapooh: folds 
Uncalled bet ($0.43) returned to 013VHMS
013VHMS collected $0.77 from pot
013VHMS: doesn't show hand 
*** SUMMARY ***
Total pot $0.81 | Rake $0.04 
Board [Jh Jd 4s 6d]
Seat 1: 013VHMS (button) collected ($0.77)
Seat 2: picurul (small blind) folded before Flop
Seat 3: geo3pokerr (big blind) folded before Flop
Seat 4: vovo4kapooh folded on the Turn
Seat 5: Mahu2021 folded before Flop (didn't bet)
Seat 6: VêPeres folded before Flop (didn't bet)



PokerStars Zoom Hand #254566850324:  Hold'em No Limit ($0.05/$0.10) - 2025/01/26 20:12:14 CET [2025/01/26 14:12:14 ET]
Table 'Aludra' 6-max Seat #1 is the button
Seat 1: Bumbulbee_G ($10.05 in chips) 
Seat 2: Luffy V ($27.32 in chips) 
Seat 3: k1w12 ($16.78 in chips) 
Seat 4: Mahu2021 ($8.14 in chips) 
Seat 5: Ironhelt ($10.52 in chips) 
Seat 6: seiji140 ($21.58 in chips) 
Luffy V: posts small blind $0.05
k1w12: posts big blind $0.10
*** HOLE CARDS ***
Dealt to Mahu2021 [2c 9s]
Mahu2021: folds 
Ironhelt: folds 
seiji140: folds 
Bumbulbee_G: folds 
Luffy V: raises $0.20 to $0.30
k1w12: calls $0.20
*** FLOP *** [3c 6s 8d]
Luffy V: bets $0.17
k1w12: calls $0.17
*** TURN *** [3c 6s 8d] [Qs]
Luffy V: bets $0.68
k1w12: folds 
Uncalled bet ($0.68) returned to Luffy V
Luffy V collected $0.90 from pot
Luffy V: doesn't show hand 
*** SUMMARY ***
Total pot $0.94 | Rake $0.04 
Board [3c 6s 8d Qs]
Seat 1: Bumbulbee_G (button) folded before Flop (didn't bet)
Seat 2: Luffy V (small blind) collected ($0.90)
Seat 3: k1w12 (big blind) folded on the Turn
Seat 4: Mahu2021 folded before Flop (didn't bet)
Seat 5: Ironhelt folded before Flop (didn't bet)
Seat 6: seiji140 folded before Flop (didn't bet)



PokerStars Zoom Hand #254566853170:  Hold'em No Limit ($0.05/$0.10) - 2025/01/26 20:12:22 CET [2025/01/26 14:12:22 ET]
Table 'Aludra' 6-max Seat #1 is the button
Seat 1: honEybOOx ($36.37 in chips) 
Seat 2: jts2011 ($11.43 in chips) 
Seat 3: Mahu2021 ($8.14 in chips) 
Seat 4: pietrohineni_ ($6.09 in chips) 
Seat 5: Luffy V ($17.90 in chips) 
Seat 6: Ironhelt ($19.65 in chips) 
jts2011: posts small blind $0.05
Mahu2021: posts big blind $0.10
*** HOLE CARDS ***
Dealt to Mahu2021 [As 8d]
pietrohineni_: calls $0.10
Luffy V: folds 
Ironhelt: folds 
honEybOOx: folds 
jts2011: raises $0.20 to $0.30
Mahu2021: folds 
pietrohineni_: calls $0.20
*** FLOP *** [Kc Th 4s]
jts2011: checks 
pietrohineni_: bets $0.67
jts2011: folds 
Uncalled bet ($0.67) returned to pietrohineni_
pietrohineni_ collected $0.67 from pot
pietrohineni_: doesn't show hand 
*** SUMMARY ***
Total pot $0.70 | Rake $0.03 
Board [Kc Th 4s]
Seat 1: honEybOOx (button) folded before Flop (didn't bet)
Seat 2: jts2011 (small blind) folded on the Flop
Seat 3: Mahu2021 (big blind) folded before Flop
Seat 4: pietrohineni_ collected ($0.67)
Seat 5: Luffy V folded before Flop (didn't bet)
Seat 6: Ironhelt folded before Flop (didn't bet)



PokerStars Zoom Hand #254566861350:  Hold'em No Limit ($0.05/$0.10) - 2025/01/26 20:12:44 CET [2025/01/26 14:12:44 ET]
Table 'Aludra' 6-max Seat #1 is the button
Seat 1: kar4tune ($11.05 in chips) 
Seat 2: Mahu2021 ($8.04 in chips) 
Seat 3: marosthebest ($10 in chips) 
Seat 4: aurelian400 ($8.22 in chips) 
Seat 5: vovo4kapooh ($13.19 in chips) 
Seat 6: mOberdan ($11.26 in chips) 
Mahu2021: posts small blind $0.05
marosthebest: posts big blind $0.10
*** HOLE CARDS ***
Dealt to Mahu2021 [5d 3d]
aurelian400: folds 
vovo4kapooh: folds 
mOberdan: folds 
kar4tune: folds 
Mahu2021: folds 
Uncalled bet ($0.05) returned to marosthebest
marosthebest collected $0.10 from pot
marosthebest: doesn't show hand 
*** SUMMARY ***
Total pot $0.10 | Rake $0 
Seat 1: kar4tune (button) folded before Flop (didn't bet)
Seat 2: Mahu2021 (small blind) folded before Flop
Seat 3: marosthebest (big blind) collected ($0.10)
Seat 4: aurelian400 folded before Flop (didn't bet)
Seat 5: vovo4kapooh folded before Flop (didn't bet)
Seat 6: mOberdan folded before Flop (didn't bet)



PokerStars Zoom Hand #254566862730:  Hold'em No Limit ($0.05/$0.10) - 2025/01/26 20:12:48 CET [2025/01/26 14:12:48 ET]
Table 'Aludra' 6-max Seat #1 is the button
Seat 1: ppapandppap ($11.69 in chips) 
Seat 2: aurelian400 ($8.22 in chips) 
Seat 3: Oscar__62176 ($29.34 in chips) 
Seat 4: 013VHMS ($4.89 in chips) 
Seat 5: LittleBigWil ($20.41 in chips) 
Seat 6: Mahu2021 ($7.99 in chips) 
aurelian400: posts small blind $0.05
Oscar__62176: posts big blind $0.10
*** HOLE CARDS ***
Dealt to Mahu2021 [7s Kh]
013VHMS: folds 
LittleBigWil: folds 
Mahu2021: folds 
ppapandppap: folds 
aurelian400: folds 
Uncalled bet ($0.05) returned to Oscar__62176
Oscar__62176 collected $0.10 from pot
Oscar__62176: doesn't show hand 
*** SUMMARY ***
Total pot $0.10 | Rake $0 
Seat 1: ppapandppap (button) folded before Flop (didn't bet)
Seat 2: aurelian400 (small blind) folded before Flop
Seat 3: Oscar__62176 (big blind) collected ($0.10)
Seat 4: 013VHMS folded before Flop (didn't bet)
Seat 5: LittleBigWil folded before Flop (didn't bet)
Seat 6: Mahu2021 folded before Flop (didn't bet)



PokerStars Zoom Hand #254566859558:  Hold'em No Limit ($0.05/$0.10) - 2025/01/26 20:12:39 CET [2025/01/26 14:12:39 ET]
Table 'Aludra' 6-max Seat #1 is the button
Seat 1: Mahu2021 ($8.04 in chips) 
Seat 2: ronny2106 ($10.46 in chips) 
Seat 3: Maxim_Otto13 ($24.79 in chips) 
Seat 4: bebasket066 ($11.87 in chips) 
Seat 5: k1w12 ($12.40 in chips) 
Seat 6: sonisaab ($4.75 in chips) 
ronny2106: posts small blind $0.05
Maxim_Otto13: posts big blind $0.10
*** HOLE CARDS ***
Dealt to Mahu2021 [8c 7h]
bebasket066: folds 
k1w12: raises $0.12 to $0.22
sonisaab: calls $0.22
Mahu2021: folds 
ronny2106: folds 
Maxim_Otto13: folds 
*** FLOP *** [4h Ts 6h]
k1w12: checks 
sonisaab: checks 
*** TURN *** [4h Ts 6h] [3c]
k1w12: checks 
sonisaab: bets $0.30
k1w12: calls $0.30
*** RIVER *** [4h Ts 6h 3c] [7d]
k1w12: checks 
sonisaab: checks 
*** SHOW DOWN ***
k1w12: shows [Kd As] (high card Ace)
sonisaab: shows [Ad 7s] (a pair of Sevens)
sonisaab collected $1.14 from pot
*** SUMMARY ***
Total pot $1.19 | Rake $0.05 
Board [4h Ts 6h 3c 7d]
Seat 1: Mahu2021 (button) folded before Flop (didn't bet)
Seat 2: ronny2106 (small blind) folded before Flop
Seat 3: Maxim_Otto13 (big blind) folded before Flop
Seat 4: bebasket066 folded before Flop (didn't bet)
Seat 5: k1w12 showed [Kd As] and lost with high card Ace
Seat 6: sonisaab showed [Ad 7s] and won ($1.14) with a pair of Sevens



PokerStars Zoom Hand #254566864506:  Hold'em No Limit ($0.05/$0.10) - 2025/01/26 20:12:53 CET [2025/01/26 14:12:53 ET]
Table 'Aludra' 6-max Seat #1 is the button
Seat 1: aurelian400 ($8.17 in chips) 
Seat 2: putzkedudu ($12.27 in chips) 
Seat 3: al1481 ($7.49 in chips) 
Seat 4: lichistoria ($14.51 in chips) 
Seat 5: Mahu2021 ($7.99 in chips) 
Seat 6: LittleBigWil ($20.41 in chips) 
putzkedudu: posts small blind $0.05
al1481: posts big blind $0.10
*** HOLE CARDS ***
Dealt to Mahu2021 [Qs Th]
lichistoria: folds 
Mahu2021: raises $0.14 to $0.24
LittleBigWil: folds 
aurelian400: folds 
putzkedudu: folds 
al1481: calls $0.14
*** FLOP *** [Tc Kc 4h]
al1481: bets $0.51
Mahu2021: calls $0.51
*** TURN *** [Tc Kc 4h] [Ah]
al1481: checks 
Mahu2021: checks 
*** RIVER *** [Tc Kc 4h Ah] [Td]
al1481: checks 
Mahu2021: bets $1.48
al1481: folds 
Uncalled bet ($1.48) returned to Mahu2021
Mahu2021 collected $1.48 from pot
Mahu2021: doesn't show hand 
*** SUMMARY ***
Total pot $1.55 | Rake $0.07 
Board [Tc Kc 4h Ah Td]
Seat 1: aurelian400 (button) folded before Flop (didn't bet)
Seat 2: putzkedudu (small blind) folded before Flop
Seat 3: al1481 (big blind) folded on the River
Seat 4: lichistoria folded before Flop (didn't bet)
Seat 5: Mahu2021 collected ($1.48)
Seat 6: LittleBigWil folded before Flop (didn't bet)



PokerStars Zoom Hand #254566851733:  Hold'em No Limit ($0.05/$0.10) - 2025/01/26 20:12:18 CET [2025/01/26 14:12:18 ET]
Table 'Aludra' 6-max Seat #1 is the button
Seat 1: ppapandppap ($10.65 in chips) 
Seat 2: quipstr ($17.54 in chips) 
Seat 3: Gatos y Rosas ($18.93 in chips) 
Seat 4: Mahu2021 ($8.14 in chips) 
Seat 5: ryansscn26 ($11.57 in chips) 
Seat 6: kox44x ($14.15 in chips) 
quipstr: posts small blind $0.05
Gatos y Rosas: posts big blind $0.10
*** HOLE CARDS ***
Dealt to Mahu2021 [5h 6c]
Mahu2021: folds 
ryansscn26: folds 
kox44x: raises $0.15 to $0.25
ppapandppap: folds 
quipstr: folds 
Gatos y Rosas: calls $0.15
*** FLOP *** [2d 9s Kh]
Gatos y Rosas: checks 
kox44x: bets $0.17
Gatos y Rosas: raises $0.53 to $0.70
kox44x: calls $0.53
*** TURN *** [2d 9s Kh] [Qs]
Gatos y Rosas: bets $1.55
kox44x: calls $1.55
*** RIVER *** [2d 9s Kh Qs] [2c]
Gatos y Rosas: checks 
kox44x: checks 
*** SHOW DOWN ***
Gatos y Rosas: shows [As Jh] (a pair of Deuces)
kox44x: shows [9d Kd] (two pair, Kings and Nines)
kox44x collected $4.82 from pot
*** SUMMARY ***
Total pot $5.05 | Rake $0.23 
Board [2d 9s Kh Qs 2c]
Seat 1: ppapandppap (button) folded before Flop (didn't bet)
Seat 2: quipstr (small blind) folded before Flop
Seat 3: Gatos y Rosas (big blind) showed [As Jh] and lost with a pair of Deuces
Seat 4: Mahu2021 folded before Flop (didn't bet)
Seat 5: ryansscn26 folded before Flop (didn't bet)
Seat 6: kox44x showed [9d Kd] and won ($4.82) with two pair, Kings and Nines



PokerStars Zoom Hand #254566883707:  Hold'em No Limit ($0.05/$0.10) - 2025/01/26 20:13:46 CET [2025/01/26 14:13:46 ET]
Table 'Aludra' 6-max Seat #1 is the button
Seat 1: kiks220272 ($17.78 in chips) 
Seat 2: D.shadoww ($10 in chips) 
Seat 3: wdb124036 ($11.16 in chips) 
Seat 4: Mahu2021 ($8.62 in chips) 
Seat 5: Luffy V ($27.40 in chips) 
Seat 6: Braghinn ($13.61 in chips) 
D.shadoww: posts small blind $0.05
wdb124036: posts big blind $0.10
*** HOLE CARDS ***
Dealt to Mahu2021 [9c Qd]
Mahu2021: folds 
Luffy V: folds 
Braghinn: folds 
kiks220272: raises $0.25 to $0.35
D.shadoww: folds 
wdb124036: folds 
Uncalled bet ($0.25) returned to kiks220272
kiks220272 collected $0.25 from pot
kiks220272: doesn't show hand 
*** SUMMARY ***
Total pot $0.25 | Rake $0 
Seat 1: kiks220272 (button) collected ($0.25)
Seat 2: D.shadoww (small blind) folded before Flop
Seat 3: wdb124036 (big blind) folded before Flop
Seat 4: Mahu2021 folded before Flop (didn't bet)
Seat 5: Luffy V folded before Flop (didn't bet)
Seat 6: Braghinn folded before Flop (didn't bet)



PokerStars Zoom Hand #254566879456:  Hold'em No Limit ($0.05/$0.10) - 2025/01/26 20:13:34 CET [2025/01/26 14:13:34 ET]
Table 'Aludra' 6-max Seat #1 is the button
Seat 1: Allvisa ($11.45 in chips) 
Seat 2: im570rm ($10.70 in chips) 
Seat 3: Mahu2021 ($8.72 in chips) 
Seat 4: D.shadoww ($10 in chips) 
Seat 5: Christianjtrfc ($10.33 in chips) 
Seat 6: k1w12 ($11.78 in chips) 
im570rm: posts small blind $0.05
Mahu2021: posts big blind $0.10
*** HOLE CARDS ***
Dealt to Mahu2021 [3s 3c]
D.shadoww: folds 
Christianjtrfc: raises $0.15 to $0.25
k1w12: folds 
Allvisa: folds 
im570rm: raises $0.75 to $1
Mahu2021: folds 
Christianjtrfc: calls $0.75
*** FLOP *** [8d 4h Kd]
im570rm: bets $0.90
Christianjtrfc: calls $0.90
*** TURN *** [8d 4h Kd] [7d]
im570rm: bets $1.90
Christianjtrfc: calls $1.90
*** RIVER *** [8d 4h Kd 7d] [Jd]
im570rm: bets $3.90
Christianjtrfc: calls $3.90
*** SHOW DOWN ***
im570rm: shows [Ad Kh] (a flush, Ace high)
Christianjtrfc: mucks hand 
im570rm collected $14.80 from pot
*** SUMMARY ***
Total pot $15.50 | Rake $0.70 
Board [8d 4h Kd 7d Jd]
Seat 1: Allvisa (button) folded before Flop (didn't bet)
Seat 2: im570rm (small blind) showed [Ad Kh] and won ($14.80) with a flush, Ace high
Seat 3: Mahu2021 (big blind) folded before Flop
Seat 4: D.shadoww folded before Flop (didn't bet)
Seat 5: Christianjtrfc mucked [8s 8c]
Seat 6: k1w12 folded before Flop (didn't bet)



PokerStars Zoom Hand #254566885484:  Hold'em No Limit ($0.05/$0.10) - 2025/01/26 20:13:51 CET [2025/01/26 14:13:51 ET]
Table 'Aludra' 6-max Seat #1 is the button
Seat 1: Luffy V ($13.99 in chips) 
Seat 2: Mahu2021 ($8.62 in chips) 
Seat 3: dodeer ($13 in chips) 
Seat 4: Calvis_lol ($10.15 in chips) 
Seat 5: ppapandppap ($10.25 in chips) 
Seat 6: seiji140 ($21.07 in chips) 
Mahu2021: posts small blind $0.05
dodeer: posts big blind $0.10
*** HOLE CARDS ***
Dealt to Mahu2021 [Qd Ah]
Calvis_lol: folds 
ppapandppap: folds 
seiji140: folds 
Luffy V: folds 
Mahu2021: raises $0.20 to $0.30
dodeer: calls $0.20
*** FLOP *** [9d 3s 6d]
Mahu2021: checks 
dodeer: checks 
*** TURN *** [9d 3s 6d] [As]
Mahu2021: bets $0.57
dodeer: folds 
Uncalled bet ($0.57) returned to Mahu2021
Mahu2021 collected $0.57 from pot
Mahu2021: doesn't show hand 
*** SUMMARY ***
Total pot $0.60 | Rake $0.03 
Board [9d 3s 6d As]
Seat 1: Luffy V (button) folded before Flop (didn't bet)
Seat 2: Mahu2021 (small blind) collected ($0.57)
Seat 3: dodeer (big blind) folded on the Turn
Seat 4: Calvis_lol folded before Flop (didn't bet)
Seat 5: ppapandppap folded before Flop (didn't bet)
Seat 6: seiji140 folded before Flop (didn't bet)



PokerStars Zoom Hand #254566901212:  Hold'em No Limit ($0.05/$0.10) - 2025/01/26 20:14:35 CET [2025/01/26 14:14:35 ET]
Table 'Aludra' 6-max Seat #1 is the button
Seat 1: Mahu2021 ($8.89 in chips) 
Seat 2: VitorArj ($12 in chips) 
Seat 3: teebeutel16 ($4.05 in chips) 
Seat 4: im570rm ($17.80 in chips) 
Seat 5: Gxzd ($4.82 in chips) 
Seat 6: k1w12 ($15.21 in chips) 
VitorArj: posts small blind $0.05
teebeutel16: posts big blind $0.10
*** HOLE CARDS ***
Dealt to Mahu2021 [Ad 6h]
im570rm: folds 
Gxzd: folds 
k1w12: folds 
Mahu2021: raises $0.20 to $0.30
VitorArj: folds 
teebeutel16: calls $0.20
*** FLOP *** [5s 7h 7c]
teebeutel16: checks 
Mahu2021: checks 
*** TURN *** [5s 7h 7c] [4h]
teebeutel16: checks 
Mahu2021: bets $0.62
teebeutel16: folds 
Uncalled bet ($0.62) returned to Mahu2021
Mahu2021 collected $0.62 from pot
Mahu2021: doesn't show hand 
*** SUMMARY ***
Total pot $0.65 | Rake $0.03 
Board [5s 7h 7c 4h]
Seat 1: Mahu2021 (button) collected ($0.62)
Seat 2: VitorArj (small blind) folded before Flop
Seat 3: teebeutel16 (big blind) folded on the Turn
Seat 4: im570rm folded before Flop (didn't bet)
Seat 5: Gxzd folded before Flop (didn't bet)
Seat 6: k1w12 folded before Flop (didn't bet)



PokerStars Zoom Hand #254566913546:  Hold'em No Limit ($0.05/$0.10) - 2025/01/26 20:15:09 CET [2025/01/26 14:15:09 ET]
Table 'Aludra' 6-max Seat #1 is the button
Seat 1: QKJope ($11.15 in chips) 
Seat 2: kar4tune ($10 in chips) 
Seat 3: OeTen101 ($10 in chips) 
Seat 4: mOberdan ($11.92 in chips) 
Seat 5: Mahu2021 ($9.21 in chips) 
Seat 6: Bumbulbee_G ($10 in chips) 
kar4tune: posts small blind $0.05
OeTen101: posts big blind $0.10
*** HOLE CARDS ***
Dealt to Mahu2021 [7s 9c]
mOberdan: raises $0.10 to $0.20
Mahu2021: folds 
Bumbulbee_G: folds 
QKJope: folds 
kar4tune: folds 
OeTen101: folds 
Uncalled bet ($0.10) returned to mOberdan
mOberdan collected $0.25 from pot
mOberdan: doesn't show hand 
*** SUMMARY ***
Total pot $0.25 | Rake $0 
Seat 1: QKJope (button) folded before Flop (didn't bet)
Seat 2: kar4tune (small blind) folded before Flop
Seat 3: OeTen101 (big blind) folded before Flop
Seat 4: mOberdan collected ($0.25)
Seat 5: Mahu2021 folded before Flop (didn't bet)
Seat 6: Bumbulbee_G folded before Flop (didn't bet)



PokerStars Zoom Hand #254566915894:  Hold'em No Limit ($0.05/$0.10) - 2025/01/26 20:15:15 CET [2025/01/26 14:15:15 ET]
Table 'Aludra' 6-max Seat #1 is the button
Seat 1: dodeer ($10.22 in chips) 
Seat 2: ProjectPokerPro ($15.55 in chips) 
Seat 3: aykloz ($10.30 in chips) 
Seat 4: lichistoria ($29.05 in chips) 
Seat 5: Jezterscap ($10.27 in chips) 
Seat 6: Mahu2021 ($9.21 in chips) 
ProjectPokerPro: posts small blind $0.05
aykloz: posts big blind $0.10
*** HOLE CARDS ***
Dealt to Mahu2021 [Ts 6d]
lichistoria: raises $0.15 to $0.25
Jezterscap: folds 
Mahu2021: folds 
dodeer: folds 
ProjectPokerPro: folds 
aykloz: folds 
Uncalled bet ($0.15) returned to lichistoria
lichistoria collected $0.25 from pot
lichistoria: doesn't show hand 
*** SUMMARY ***
Total pot $0.25 | Rake $0 
Seat 1: dodeer (button) folded before Flop (didn't bet)
Seat 2: ProjectPokerPro (small blind) folded before Flop
Seat 3: aykloz (big blind) folded before Flop
Seat 4: lichistoria collected ($0.25)
Seat 5: Jezterscap folded before Flop (didn't bet)
Seat 6: Mahu2021 folded before Flop (didn't bet)



PokerStars Zoom Hand #254566919571:  Hold'em No Limit ($0.05/$0.10) - 2025/01/26 20:15:25 CET [2025/01/26 14:15:25 ET]
Table 'Aludra' 6-max Seat #1 is the button
Seat 1: FIOMAD ($10.30 in chips) 
Seat 2: aykloz ($10.20 in chips) 
Seat 3: Mahu2021 ($9.21 in chips) 
Seat 4: ppapandppap ($10.25 in chips) 
Seat 5: kiks220272 ($14.75 in chips) 
Seat 6: wdb124036 ($10.56 in chips) 
aykloz: posts small blind $0.05
Mahu2021: posts big blind $0.10
*** HOLE CARDS ***
Dealt to Mahu2021 [4h Ah]
ppapandppap: folds 
kiks220272: folds 
wdb124036: raises $0.25 to $0.35
FIOMAD: calls $0.35
aykloz: folds 
Mahu2021: calls $0.25
*** FLOP *** [8d 3s 9c]
Mahu2021: checks 
wdb124036: bets $0.73
FIOMAD: folds 
Mahu2021: folds 
Uncalled bet ($0.73) returned to wdb124036
wdb124036 collected $1.05 from pot
wdb124036: doesn't show hand 
*** SUMMARY ***
Total pot $1.10 | Rake $0.05 
Board [8d 3s 9c]
Seat 1: FIOMAD (button) folded on the Flop
Seat 2: aykloz (small blind) folded before Flop
Seat 3: Mahu2021 (big blind) folded on the Flop
Seat 4: ppapandppap folded before Flop (didn't bet)
Seat 5: kiks220272 folded before Flop (didn't bet)
Seat 6: wdb124036 collected ($1.05)



PokerStars Zoom Hand #254566933372:  Hold'em No Limit ($0.05/$0.10) - 2025/01/26 20:16:03 CET [2025/01/26 14:16:03 ET]
Table 'Aludra' 6-max Seat #1 is the button
Seat 1: Mahu2021 ($8.86 in chips) 
Seat 2: bmh9310 ($12.75 in chips) 
Seat 3: Jezterscap ($14.94 in chips) 
Seat 4: aykloz ($10.25 in chips) 
Seat 5: dodeer ($10.32 in chips) 
Seat 6: marosthebest ($10.19 in chips) 
bmh9310: posts small blind $0.05
Jezterscap: posts big blind $0.10
*** HOLE CARDS ***
Dealt to Mahu2021 [Jd Js]
aykloz: folds 
dodeer: folds 
marosthebest: folds 
Mahu2021: raises $0.20 to $0.30
bmh9310: calls $0.25
Jezterscap: calls $0.20
*** FLOP *** [6c 9h 6d]
bmh9310: checks 
Jezterscap: checks 
Mahu2021: bets $0.86
bmh9310: calls $0.86
Jezterscap: folds 
*** TURN *** [6c 9h 6d] [8s]
bmh9310: checks 
Mahu2021: bets $2.50
bmh9310: folds 
Uncalled bet ($2.50) returned to Mahu2021
Mahu2021 collected $2.50 from pot
Mahu2021: doesn't show hand 
*** SUMMARY ***
Total pot $2.62 | Rake $0.12 
Board [6c 9h 6d 8s]
Seat 1: Mahu2021 (button) collected ($2.50)
Seat 2: bmh9310 (small blind) folded on the Turn
Seat 3: Jezterscap (big blind) folded on the Flop
Seat 4: aykloz folded before Flop (didn't bet)
Seat 5: dodeer folded before Flop (didn't bet)
Seat 6: marosthebest folded before Flop (didn't bet)



PokerStars Zoom Hand #254566952802:  Hold'em No Limit ($0.05/$0.10) - 2025/01/26 20:16:56 CET [2025/01/26 14:16:56 ET]
Table 'Aludra' 6-max Seat #1 is the button
Seat 1: Alejandro85s ($9.26 in chips) 
Seat 2: albatros9945 ($5.92 in chips) 
Seat 3: QKJope ($11.30 in chips) 
Seat 4: nikcat7 ($10.05 in chips) 
Seat 5: Mahu2021 ($10.20 in chips) 
Seat 6: Ironhelt ($10 in chips) 
albatros9945: posts small blind $0.05
QKJope: posts big blind $0.10
*** HOLE CARDS ***
Dealt to Mahu2021 [3d 2c]
nikcat7: folds 
Mahu2021: folds 
Ironhelt: folds 
Alejandro85s: folds 
albatros9945: folds 
Uncalled bet ($0.05) returned to QKJope
QKJope collected $0.10 from pot
QKJope: doesn't show hand 
*** SUMMARY ***
Total pot $0.10 | Rake $0 
Seat 1: Alejandro85s (button) folded before Flop (didn't bet)
Seat 2: albatros9945 (small blind) folded before Flop
Seat 3: QKJope (big blind) collected ($0.10)
Seat 4: nikcat7 folded before Flop (didn't bet)
Seat 5: Mahu2021 folded before Flop (didn't bet)
Seat 6: Ironhelt folded before Flop (didn't bet)



PokerStars Zoom Hand #254566956568:  Hold'em No Limit ($0.05/$0.10) - 2025/01/26 20:17:06 CET [2025/01/26 14:17:06 ET]
Table 'Aludra' 6-max Seat #1 is the button
Seat 1: ronny2106 ($10.01 in chips) 
Seat 2: WhiteMike905 ($13.03 in chips) 
Seat 3: aykloz ($10.65 in chips) 
Seat 4: Gxzd ($6.19 in chips) 
Seat 5: liebhabär ($15.30 in chips) 
Seat 6: Mahu2021 ($10.20 in chips) 
WhiteMike905: posts small blind $0.05
aykloz: posts big blind $0.10
*** HOLE CARDS ***
Dealt to Mahu2021 [6d Td]
Gxzd: raises $0.15 to $0.25
liebhabär: folds 
Mahu2021: folds 
ronny2106: folds 
WhiteMike905: folds 
aykloz: folds 
Uncalled bet ($0.15) returned to Gxzd
Gxzd collected $0.25 from pot
Gxzd: doesn't show hand 
*** SUMMARY ***
Total pot $0.25 | Rake $0 
Seat 1: ronny2106 (button) folded before Flop (didn't bet)
Seat 2: WhiteMike905 (small blind) folded before Flop
Seat 3: aykloz (big blind) folded before Flop
Seat 4: Gxzd collected ($0.25)
Seat 5: liebhabär folded before Flop (didn't bet)
Seat 6: Mahu2021 folded before Flop (didn't bet)



PokerStars Zoom Hand #254566959648:  Hold'em No Limit ($0.05/$0.10) - 2025/01/26 20:17:15 CET [2025/01/26 14:17:15 ET]
Table 'Aludra' 6-max Seat #1 is the button
Seat 1: albatros9945 ($6.02 in chips) 
Seat 2: Mahu2021 ($10.20 in chips) 
Seat 3: kox44x ($10 in chips) 
Seat 4: picurul ($15.20 in chips) 
Seat 5: aykloz ($10.55 in chips) 
Seat 6: dodeer ($11.74 in chips) 
Mahu2021: posts small blind $0.05
kox44x: posts big blind $0.10
*** HOLE CARDS ***
Dealt to Mahu2021 [4s 9s]
picurul: folds 
aykloz: raises $0.10 to $0.20
dodeer: folds 
albatros9945: folds 
Mahu2021: folds 
kox44x: folds 
Uncalled bet ($0.10) returned to aykloz
aykloz collected $0.25 from pot
aykloz: doesn't show hand 
*** SUMMARY ***
Total pot $0.25 | Rake $0 
Seat 1: albatros9945 (button) folded before Flop (didn't bet)
Seat 2: Mahu2021 (small blind) folded before Flop
Seat 3: kox44x (big blind) folded before Flop
Seat 4: picurul folded before Flop (didn't bet)
Seat 5: aykloz collected ($0.25)
Seat 6: dodeer folded before Flop (didn't bet)



PokerStars Zoom Hand #254566963334:  Hold'em No Limit ($0.05/$0.10) - 2025/01/26 20:17:25 CET [2025/01/26 14:17:25 ET]
Table 'Aludra' 6-max Seat #1 is the button
Seat 1: Jezterscap ($10 in chips) 
Seat 2: offodds ($11.47 in chips) 
Seat 3: lichistoria ($29 in chips) 
Seat 4: Mahu2021 ($10.15 in chips) 
Seat 5: putzkedudu ($18.93 in chips) 
Seat 6: OeTen101 ($10.67 in chips) 
offodds: posts small blind $0.05
lichistoria: posts big blind $0.10
*** HOLE CARDS ***
Dealt to Mahu2021 [3c 4c]
Mahu2021: folds 
putzkedudu: folds 
OeTen101: folds 
Jezterscap: folds 
offodds: folds 
Uncalled bet ($0.05) returned to lichistoria
lichistoria collected $0.10 from pot
lichistoria: doesn't show hand 
*** SUMMARY ***
Total pot $0.10 | Rake $0 
Seat 1: Jezterscap (button) folded before Flop (didn't bet)
Seat 2: offodds (small blind) folded before Flop
Seat 3: lichistoria (big blind) collected ($0.10)
Seat 4: Mahu2021 folded before Flop (didn't bet)
Seat 5: putzkedudu folded before Flop (didn't bet)
Seat 6: OeTen101 folded before Flop (didn't bet)



PokerStars Zoom Hand #254566964527:  Hold'em No Limit ($0.05/$0.10) - 2025/01/26 20:17:28 CET [2025/01/26 14:17:28 ET]
Table 'Aludra' 6-max Seat #1 is the button
Seat 1: VitorArj ($10 in chips) 
Seat 2: aykloz ($10.70 in chips) 
Seat 3: Mahu2021 ($10.15 in chips) 
Seat 4: ronny2106 ($9.96 in chips) 
Seat 5: vovo4kapooh ($16.22 in chips) 
Seat 6: offodds ($13.85 in chips) 
aykloz: posts small blind $0.05
Mahu2021: posts big blind $0.10
*** HOLE CARDS ***
Dealt to Mahu2021 [6c Kd]
ronny2106: folds 
vovo4kapooh: folds 
offodds: raises $0.12 to $0.22
VitorArj: folds 
aykloz: folds 
Mahu2021: folds 
Uncalled bet ($0.12) returned to offodds
offodds collected $0.25 from pot
offodds: doesn't show hand 
*** SUMMARY ***
Total pot $0.25 | Rake $0 
Seat 1: VitorArj (button) folded before Flop (didn't bet)
Seat 2: aykloz (small blind) folded before Flop
Seat 3: Mahu2021 (big blind) folded before Flop
Seat 4: ronny2106 folded before Flop (didn't bet)
Seat 5: vovo4kapooh folded before Flop (didn't bet)
Seat 6: offodds collected ($0.25)



PokerStars Zoom Hand #254566961866:  Hold'em No Limit ($0.05/$0.10) - 2025/01/26 20:17:21 CET [2025/01/26 14:17:21 ET]
Table 'Aludra' 6-max Seat #1 is the button
Seat 1: Mahu2021 ($10.15 in chips) 
Seat 2: VêPeres ($9.75 in chips) 
Seat 3: jts2011 ($12.06 in chips) 
Seat 4: liebhabär ($15.30 in chips) 
Seat 5: SmallKick88 ($9.88 in chips) 
Seat 6: teebeutel16 ($3.54 in chips) 
VêPeres: posts small blind $0.05
jts2011: posts big blind $0.10
*** HOLE CARDS ***
Dealt to Mahu2021 [8d Kc]
liebhabär: folds 
SmallKick88: folds 
teebeutel16: folds 
Mahu2021: folds 
VêPeres: raises $0.15 to $0.25
jts2011: calls $0.15
*** FLOP *** [9h 6d Ac]
VêPeres: bets $0.15
jts2011: calls $0.15
*** TURN *** [9h 6d Ac] [Tc]
VêPeres: bets $0.55
jts2011: folds 
Uncalled bet ($0.55) returned to VêPeres
VêPeres collected $0.76 from pot
VêPeres: doesn't show hand 
*** SUMMARY ***
Total pot $0.80 | Rake $0.04 
Board [9h 6d Ac Tc]
Seat 1: Mahu2021 (button) folded before Flop (didn't bet)
Seat 2: VêPeres (small blind) collected ($0.76)
Seat 3: jts2011 (big blind) folded on the Turn
Seat 4: liebhabär folded before Flop (didn't bet)
Seat 5: SmallKick88 folded before Flop (didn't bet)
Seat 6: teebeutel16 folded before Flop (didn't bet)



PokerStars Zoom Hand #254566969213:  Hold'em No Limit ($0.05/$0.10) - 2025/01/26 20:17:41 CET [2025/01/26 14:17:41 ET]
Table 'Aludra' 6-max Seat #1 is the button
Seat 1: bmh9310 ($12.05 in chips) 
Seat 2: Mahu2021 ($10.05 in chips) 
Seat 3: szabarna ($10.47 in chips) 
Seat 4: ProjectPokerPro ($19.08 in chips) 
Seat 5: Oscar__62176 ($12.65 in chips) 
Seat 6: VoltaireReplica ($10.05 in chips) 
Mahu2021: posts small blind $0.05
szabarna: posts big blind $0.10
*** HOLE CARDS ***
Dealt to Mahu2021 [Td Kd]
ProjectPokerPro: raises $0.10 to $0.20
Oscar__62176: folds 
VoltaireReplica: folds 
bmh9310: raises $0.10 to $0.30
Mahu2021: calls $0.25
szabarna: folds 
ProjectPokerPro: calls $0.10
*** FLOP *** [Tc 3d Qs]
Mahu2021: checks 
ProjectPokerPro: checks 
bmh9310: bets $0.48
Mahu2021: calls $0.48
ProjectPokerPro: folds 
*** TURN *** [Tc 3d Qs] [5s]
Mahu2021: checks 
bmh9310: bets $0.94
Mahu2021: folds 
Uncalled bet ($0.94) returned to bmh9310
bmh9310 collected $1.87 from pot
bmh9310: doesn't show hand 
*** SUMMARY ***
Total pot $1.96 | Rake $0.09 
Board [Tc 3d Qs 5s]
Seat 1: bmh9310 (button) collected ($1.87)
Seat 2: Mahu2021 (small blind) folded on the Turn
Seat 3: szabarna (big blind) folded before Flop
Seat 4: ProjectPokerPro folded on the Flop
Seat 5: Oscar__62176 folded before Flop (didn't bet)
Seat 6: VoltaireReplica folded before Flop (didn't bet)



PokerStars Zoom Hand #254566984508:  Hold'em No Limit ($0.05/$0.10) - 2025/01/26 20:18:23 CET [2025/01/26 14:18:23 ET]
Table 'Aludra' 6-max Seat #1 is the button
Seat 1: kar4tune ($9.70 in chips) 
Seat 2: tallist_jm ($7.72 in chips) 
Seat 3: Ironhelt ($10.55 in chips) 
Seat 4: Mahu2021 ($9.27 in chips) 
Seat 5: im570rm ($10.83 in chips) 
Seat 6: Nicijerry ($16.12 in chips) 
tallist_jm: posts small blind $0.05
Ironhelt: posts big blind $0.10
*** HOLE CARDS ***
Dealt to Mahu2021 [5d 8s]
Mahu2021: folds 
im570rm: folds 
Nicijerry: raises $0.25 to $0.35
kar4tune: folds 
tallist_jm: folds 
Ironhelt: folds 
Uncalled bet ($0.25) returned to Nicijerry
Nicijerry collected $0.25 from pot
Nicijerry: doesn't show hand 
*** SUMMARY ***
Total pot $0.25 | Rake $0 
Seat 1: kar4tune (button) folded before Flop (didn't bet)
Seat 2: tallist_jm (small blind) folded before Flop
Seat 3: Ironhelt (big blind) folded before Flop
Seat 4: Mahu2021 folded before Flop (didn't bet)
Seat 5: im570rm folded before Flop (didn't bet)
Seat 6: Nicijerry collected ($0.25)



PokerStars Zoom Hand #254566985908:  Hold'em No Limit ($0.05/$0.10) - 2025/01/26 20:18:27 CET [2025/01/26 14:18:27 ET]
Table 'Aludra' 6-max Seat #1 is the button
Seat 1: Jezterscap ($27.91 in chips) 
Seat 2: offodds ($10.25 in chips) 
Seat 3: Mahu2021 ($9.27 in chips) 
Seat 4: hurl77 ($13.61 in chips) 
Seat 5: Deep_Dark ($12.30 in chips) 
Seat 6: VêPeres ($9.90 in chips) 
offodds: posts small blind $0.05
Mahu2021: posts big blind $0.10
*** HOLE CARDS ***
Dealt to Mahu2021 [8d 6h]
hurl77: raises $0.25 to $0.35
Deep_Dark: folds 
VêPeres: folds 
Jezterscap: folds 
offodds: folds 
Mahu2021: folds 
Uncalled bet ($0.25) returned to hurl77
hurl77 collected $0.25 from pot
hurl77: doesn't show hand 
*** SUMMARY ***
Total pot $0.25 | Rake $0 
Seat 1: Jezterscap (button) folded before Flop (didn't bet)
Seat 2: offodds (small blind) folded before Flop
Seat 3: Mahu2021 (big blind) folded before Flop
Seat 4: hurl77 collected ($0.25)
Seat 5: Deep_Dark folded before Flop (didn't bet)
Seat 6: VêPeres folded before Flop (didn't bet)



PokerStars Zoom Hand #254566982764:  Hold'em No Limit ($0.05/$0.10) - 2025/01/26 20:18:18 CET [2025/01/26 14:18:18 ET]
Table 'Aludra' 6-max Seat #1 is the button
Seat 1: wdb124036 ($11.31 in chips) 
Seat 2: Gxzd ($6.04 in chips) 
Seat 3: CELESTINA979 ($4.51 in chips) 
Seat 4: Mahu2021 ($9.27 in chips) 
Seat 5: venywny ($6.81 in chips) 
Seat 6: nikcat7 ($10.15 in chips) 
Gxzd: posts small blind $0.05
CELESTINA979: posts big blind $0.10
*** HOLE CARDS ***
Dealt to Mahu2021 [3h Kh]
Mahu2021: folds 
venywny: raises $0.10 to $0.20
nikcat7: folds 
wdb124036: folds 
Gxzd: calls $0.15
CELESTINA979: calls $0.10
*** FLOP *** [Qc Qs Th]
Gxzd: checks 
CELESTINA979: checks 
venywny: checks 
*** TURN *** [Qc Qs Th] [5c]
Gxzd: checks 
CELESTINA979: checks 
venywny: bets $0.35
Gxzd: calls $0.35
CELESTINA979: folds 
*** RIVER *** [Qc Qs Th 5c] [7h]
Gxzd: checks 
venywny: checks 
*** SHOW DOWN ***
Gxzd: shows [Td Jh] (two pair, Queens and Tens)
venywny: mucks hand 
Gxzd collected $1.24 from pot
*** SUMMARY ***
Total pot $1.30 | Rake $0.06 
Board [Qc Qs Th 5c 7h]
Seat 1: wdb124036 (button) folded before Flop (didn't bet)
Seat 2: Gxzd (small blind) showed [Td Jh] and won ($1.24) with two pair, Queens and Tens
Seat 3: CELESTINA979 (big blind) folded on the Turn
Seat 4: Mahu2021 folded before Flop (didn't bet)
Seat 5: venywny mucked [7c 6c]
Seat 6: nikcat7 folded before Flop (didn't bet)



PokerStars Zoom Hand #254566989518:  Hold'em No Limit ($0.05/$0.10) - 2025/01/26 20:18:37 CET [2025/01/26 14:18:37 ET]
Table 'Aludra' 6-max Seat #1 is the button
Seat 1: mOberdan ($22.69 in chips) 
Seat 2: Oscar__62176 ($24.51 in chips) 
Seat 3: Tsitsomitsos ($14.12 in chips) 
Seat 4: ppapandppap ($10.84 in chips) 
Seat 5: ianuaXII ($23.83 in chips) 
Seat 6: Mahu2021 ($9.17 in chips) 
Oscar__62176: posts small blind $0.05
Tsitsomitsos: posts big blind $0.10
*** HOLE CARDS ***
Dealt to Mahu2021 [9d Ah]
ppapandppap: folds 
ianuaXII: folds 
Mahu2021: raises $0.20 to $0.30
mOberdan: folds 
Oscar__62176: folds 
Tsitsomitsos: folds 
Uncalled bet ($0.20) returned to Mahu2021
Mahu2021 collected $0.25 from pot
Mahu2021: doesn't show hand 
*** SUMMARY ***
Total pot $0.25 | Rake $0 
Seat 1: mOberdan (button) folded before Flop (didn't bet)
Seat 2: Oscar__62176 (small blind) folded before Flop
Seat 3: Tsitsomitsos (big blind) folded before Flop
Seat 4: ppapandppap folded before Flop (didn't bet)
Seat 5: ianuaXII folded before Flop (didn't bet)
Seat 6: Mahu2021 collected ($0.25)



PokerStars Zoom Hand #254566993793:  Hold'em No Limit ($0.05/$0.10) - 2025/01/26 20:18:49 CET [2025/01/26 14:18:49 ET]
Table 'Aludra' 6-max Seat #1 is the button
Seat 1: marosthebest ($11.98 in chips) 
Seat 2: Mahu2021 ($9.32 in chips) 
Seat 3: Oscar__62176 ($24.46 in chips) 
Seat 4: WideMonkaW ($24.43 in chips) 
Seat 5: Allvisa ($21.22 in chips) 
Seat 6: putzkedudu ($10.15 in chips) 
Mahu2021: posts small blind $0.05
Oscar__62176: posts big blind $0.10
*** HOLE CARDS ***
Dealt to Mahu2021 [Ks Ac]
WideMonkaW: folds 
Allvisa: folds 
putzkedudu: folds 
marosthebest: folds 
Mahu2021: raises $0.20 to $0.30
Oscar__62176: folds 
Uncalled bet ($0.20) returned to Mahu2021
Mahu2021 collected $0.20 from pot
Mahu2021: doesn't show hand 
*** SUMMARY ***
Total pot $0.20 | Rake $0 
Seat 1: marosthebest (button) folded before Flop (didn't bet)
Seat 2: Mahu2021 (small blind) collected ($0.20)
Seat 3: Oscar__62176 (big blind) folded before Flop
Seat 4: WideMonkaW folded before Flop (didn't bet)
Seat 5: Allvisa folded before Flop (didn't bet)
Seat 6: putzkedudu folded before Flop (didn't bet)



PokerStars Zoom Hand #254567000010:  Hold'em No Limit ($0.05/$0.10) - 2025/01/26 20:19:06 CET [2025/01/26 14:19:06 ET]
Table 'Aludra' 6-max Seat #1 is the button
Seat 1: nikcat7 ($12.76 in chips) 
Seat 2: dodeer ($10.40 in chips) 
Seat 3: offodds ($11.05 in chips) 
Seat 4: jul_dec ($9.85 in chips) 
Seat 5: Mahu2021 ($9.42 in chips) 
Seat 6: vovo4kapooh ($15.72 in chips) 
dodeer: posts small blind $0.05
offodds: posts big blind $0.10
*** HOLE CARDS ***
Dealt to Mahu2021 [Jd 6d]
jul_dec: folds 
Mahu2021: folds 
vovo4kapooh: folds 
nikcat7: raises $0.15 to $0.25
dodeer: folds 
offodds: folds 
Uncalled bet ($0.15) returned to nikcat7
nikcat7 collected $0.25 from pot
nikcat7: doesn't show hand 
*** SUMMARY ***
Total pot $0.25 | Rake $0 
Seat 1: nikcat7 (button) collected ($0.25)
Seat 2: dodeer (small blind) folded before Flop
Seat 3: offodds (big blind) folded before Flop
Seat 4: jul_dec folded before Flop (didn't bet)
Seat 5: Mahu2021 folded before Flop (didn't bet)
Seat 6: vovo4kapooh folded before Flop (didn't bet)



PokerStars Zoom Hand #254567001717:  Hold'em No Limit ($0.05/$0.10) - 2025/01/26 20:19:11 CET [2025/01/26 14:19:11 ET]
Table 'Aludra' 6-max Seat #1 is the button
Seat 1: Mahu2021 ($9.42 in chips) 
Seat 2: jul_dec ($9.85 in chips) 
Seat 3: QKJope ($11.87 in chips) 
Seat 4: SmallKick88 ($9.28 in chips) 
Seat 5: Allvisa ($10.16 in chips) 
Seat 6: mOberdan ($10.20 in chips) 
jul_dec: posts small blind $0.05
QKJope: posts big blind $0.10
*** HOLE CARDS ***
Dealt to Mahu2021 [3h 4h]
SmallKick88: folds 
Allvisa: raises $0.12 to $0.22
mOberdan: folds 
Mahu2021: calls $0.22
jul_dec: folds 
QKJope: calls $0.12
*** FLOP *** [9c 6s 5d]
QKJope: bets $0.30
Allvisa: folds 
Mahu2021: calls $0.30
*** TURN *** [9c 6s 5d] [Jh]
QKJope: bets $0.38
Mahu2021: calls $0.38
*** RIVER *** [9c 6s 5d Jh] [Qc]
QKJope: checks 
Mahu2021: checks 
*** SHOW DOWN ***
QKJope: shows [9h Ad] (a pair of Nines)
Mahu2021: mucks hand 
QKJope collected $1.98 from pot
*** SUMMARY ***
Total pot $2.07 | Rake $0.09 
Board [9c 6s 5d Jh Qc]
Seat 1: Mahu2021 (button) mucked [3h 4h]
Seat 2: jul_dec (small blind) folded before Flop
Seat 3: QKJope (big blind) showed [9h Ad] and won ($1.98) with a pair of Nines
Seat 4: SmallKick88 folded before Flop (didn't bet)
Seat 5: Allvisa folded on the Flop
Seat 6: mOberdan folded before Flop (didn't bet)



PokerStars Zoom Hand #254567021111:  Hold'em No Limit ($0.05/$0.10) - 2025/01/26 20:20:04 CET [2025/01/26 14:20:04 ET]
Table 'Aludra' 6-max Seat #1 is the button
Seat 1: JJQQKKAA554 ($5.72 in chips) 
Seat 2: Machestr ($9.53 in chips) 
Seat 3: Mahu2021 ($8.52 in chips) 
Seat 4: Oscar__62176 ($11 in chips) 
Seat 5: ProjectPokerPro ($17.54 in chips) 
Seat 6: Sognimodstar ($5.93 in chips) 
Machestr: posts small blind $0.05
Mahu2021: posts big blind $0.10
*** HOLE CARDS ***
Dealt to Mahu2021 [5c 6s]
Oscar__62176: folds 
ProjectPokerPro: raises $0.10 to $0.20
Sognimodstar: folds 
JJQQKKAA554: folds 
Machestr: folds 
Mahu2021: calls $0.10
*** FLOP *** [4d Js Qd]
Mahu2021: checks 
ProjectPokerPro: bets $0.28
Mahu2021: folds 
Uncalled bet ($0.28) returned to ProjectPokerPro
ProjectPokerPro collected $0.43 from pot
ProjectPokerPro: doesn't show hand 
*** SUMMARY ***
Total pot $0.45 | Rake $0.02 
Board [4d Js Qd]
Seat 1: JJQQKKAA554 (button) folded before Flop (didn't bet)
Seat 2: Machestr (small blind) folded before Flop
Seat 3: Mahu2021 (big blind) folded on the Flop
Seat 4: Oscar__62176 folded before Flop (didn't bet)
Seat 5: ProjectPokerPro collected ($0.43)
Seat 6: Sognimodstar folded before Flop (didn't bet)



PokerStars Zoom Hand #254567018556:  Hold'em No Limit ($0.05/$0.10) - 2025/01/26 20:19:57 CET [2025/01/26 14:19:57 ET]
Table 'Aludra' 6-max Seat #1 is the button
Seat 1: LittleBigWil ($22.50 in chips) 
Seat 2: jts2011 ($11.98 in chips) 
Seat 3: lichistoria ($12.78 in chips) 
Seat 4: Mahu2021 ($8.52 in chips) 
Seat 5: kox44x ($16.48 in chips) 
Seat 6: hurl77 ($7.33 in chips) 
jts2011: posts small blind $0.05
lichistoria: posts big blind $0.10
*** HOLE CARDS ***
Dealt to Mahu2021 [6c 9c]
Mahu2021: folds 
kox44x: raises $0.15 to $0.25
hurl77: raises $0.45 to $0.70
LittleBigWil: folds 
jts2011: folds 
lichistoria: folds 
kox44x: folds 
Uncalled bet ($0.45) returned to hurl77
hurl77 collected $0.65 from pot
hurl77: doesn't show hand 
*** SUMMARY ***
Total pot $0.65 | Rake $0 
Seat 1: LittleBigWil (button) folded before Flop (didn't bet)
Seat 2: jts2011 (small blind) folded before Flop
Seat 3: lichistoria (big blind) folded before Flop
Seat 4: Mahu2021 folded before Flop (didn't bet)
Seat 5: kox44x folded before Flop
Seat 6: hurl77 collected ($0.65)



PokerStars Zoom Hand #254567019765:  Hold'em No Limit ($0.05/$0.10) - 2025/01/26 20:20:00 CET [2025/01/26 14:20:00 ET]
Table 'Aludra' 6-max Seat #1 is the button
Seat 1: Mahu2021 ($8.52 in chips) 
Seat 2: kar4tune ($9.87 in chips) 
Seat 3: Christianjtrfc ($10.74 in chips) 
Seat 4: ProjectPokerPro ($17.54 in chips) 
Seat 5: iza_doria ($5 in chips) 
Seat 6: elektrofu ($14.54 in chips) 
kar4tune: posts small blind $0.05
Christianjtrfc: posts big blind $0.10
*** HOLE CARDS ***
Dealt to Mahu2021 [3c 2s]
ProjectPokerPro: folds 
iza_doria: folds 
elektrofu: folds 
Mahu2021: folds 
kar4tune: folds 
Uncalled bet ($0.05) returned to Christianjtrfc
Christianjtrfc collected $0.10 from pot
Christianjtrfc: doesn't show hand 
*** SUMMARY ***
Total pot $0.10 | Rake $0 
Seat 1: Mahu2021 (button) folded before Flop (didn't bet)
Seat 2: kar4tune (small blind) folded before Flop
Seat 3: Christianjtrfc (big blind) collected ($0.10)
Seat 4: ProjectPokerPro folded before Flop (didn't bet)
Seat 5: iza_doria folded before Flop (didn't bet)
Seat 6: elektrofu folded before Flop (didn't bet)



PokerStars Zoom Hand #254567016828:  Hold'em No Limit ($0.05/$0.10) - 2025/01/26 20:19:52 CET [2025/01/26 14:19:52 ET]
Table 'Aludra' 6-max Seat #1 is the button
Seat 1: iza_doria ($5 in chips) 
Seat 2: Jorgos_Joanu ($12.42 in chips) 
Seat 3: picurul ($16.93 in chips) 
Seat 4: Bestology ($19.45 in chips) 
Seat 5: QKJope ($12.95 in chips) 
Seat 6: Mahu2021 ($8.52 in chips) 
Jorgos_Joanu: posts small blind $0.05
picurul: posts big blind $0.10
*** HOLE CARDS ***
Dealt to Mahu2021 [2d 8d]
Bestology: calls $0.10
QKJope: raises $0.25 to $0.35
Mahu2021: folds 
iza_doria: folds 
Jorgos_Joanu: folds 
picurul: calls $0.25
Bestology: calls $0.25
*** FLOP *** [4d 6d 3d]
picurul: checks 
Bestology: bets $0.10
QKJope: calls $0.10
picurul: calls $0.10
*** TURN *** [4d 6d 3d] [3c]
picurul: checks 
Bestology: bets $1.34
QKJope: folds 
picurul: folds 
Uncalled bet ($1.34) returned to Bestology
Bestology collected $1.32 from pot
Bestology: doesn't show hand 
*** SUMMARY ***
Total pot $1.40 | Rake $0.08 
Board [4d 6d 3d 3c]
Seat 1: iza_doria (button) folded before Flop (didn't bet)
Seat 2: Jorgos_Joanu (small blind) folded before Flop
Seat 3: picurul (big blind) folded on the Turn
Seat 4: Bestology collected ($1.32)
Seat 5: QKJope folded on the Turn
Seat 6: Mahu2021 folded before Flop (didn't bet)



PokerStars Zoom Hand #254567026709:  Hold'em No Limit ($0.05/$0.10) - 2025/01/26 20:20:19 CET [2025/01/26 14:20:19 ET]
Table 'Aludra' 6-max Seat #1 is the button
Seat 1: Jean-paul905 ($7.06 in chips) 
Seat 2: Mahu2021 ($8.32 in chips) 
Seat 3: Calvis_lol ($13.48 in chips) 
Seat 4: marosthebest ($11.78 in chips) 
Seat 5: VoltaireReplica ($10 in chips) 
Seat 6: WideMonkaW ($10.49 in chips) 
Mahu2021: posts small blind $0.05
Calvis_lol: posts big blind $0.10
*** HOLE CARDS ***
Dealt to Mahu2021 [Kh 8h]
marosthebest: raises $0.15 to $0.25
VoltaireReplica: folds 
WideMonkaW: folds 
Jean-paul905: folds 
Mahu2021: calls $0.20
Calvis_lol: folds 
*** FLOP *** [3s 5s Js]
Mahu2021: checks 
marosthebest: checks 
*** TURN *** [3s 5s Js] [6c]
Mahu2021: checks 
marosthebest: checks 
*** RIVER *** [3s 5s Js 6c] [3h]
Mahu2021: checks 
marosthebest: checks 
*** SHOW DOWN ***
Mahu2021: shows [Kh 8h] (a pair of Threes)
marosthebest: shows [Qs Kd] (a pair of Threes - King+Queen kicker)
marosthebest collected $0.57 from pot
*** SUMMARY ***
Total pot $0.60 | Rake $0.03 
Board [3s 5s Js 6c 3h]
Seat 1: Jean-paul905 (button) folded before Flop (didn't bet)
Seat 2: Mahu2021 (small blind) showed [Kh 8h] and lost with a pair of Threes
Seat 3: Calvis_lol (big blind) folded before Flop
Seat 4: marosthebest showed [Qs Kd] and won ($0.57) with a pair of Threes
Seat 5: VoltaireReplica folded before Flop (didn't bet)
Seat 6: WideMonkaW folded before Flop (didn't bet)



PokerStars Zoom Hand #254567037999:  Hold'em No Limit ($0.05/$0.10) - 2025/01/26 20:20:50 CET [2025/01/26 14:20:50 ET]
Table 'Aludra' 6-max Seat #1 is the button
Seat 1: ronny2106 ($10.01 in chips) 
Seat 2: Allvisa ($11.66 in chips) 
Seat 3: D.shadoww ($15.46 in chips) 
Seat 4: aykloz ($10.30 in chips) 
Seat 5: Luffy V ($16.84 in chips) 
Seat 6: Mahu2021 ($8.07 in chips) 
Allvisa: posts small blind $0.05
D.shadoww: posts big blind $0.10
*** HOLE CARDS ***
Dealt to Mahu2021 [9h 9d]
aykloz: folds 
Luffy V: raises $0.15 to $0.25
Mahu2021: calls $0.25
ronny2106: folds 
Allvisa: folds 
D.shadoww: folds 
*** FLOP *** [2d Ad 7d]
Luffy V: checks 
Mahu2021: bets $0.20
Luffy V: calls $0.20
*** TURN *** [2d Ad 7d] [7c]
Luffy V: checks 
Mahu2021: bets $0.20
Luffy V: calls $0.20
*** RIVER *** [2d Ad 7d 7c] [Kc]
Luffy V: checks 
Mahu2021: bets $1.38
Luffy V: calls $1.38
*** SHOW DOWN ***
Mahu2021: shows [9h 9d] (two pair, Nines and Sevens)
Luffy V: shows [As Jc] (two pair, Aces and Sevens)
Luffy V collected $4.02 from pot
*** SUMMARY ***
Total pot $4.21 | Rake $0.19 
Board [2d Ad 7d 7c Kc]
Seat 1: ronny2106 (button) folded before Flop (didn't bet)
Seat 2: Allvisa (small blind) folded before Flop
Seat 3: D.shadoww (big blind) folded before Flop
Seat 4: aykloz folded before Flop (didn't bet)
Seat 5: Luffy V showed [As Jc] and won ($4.02) with two pair, Aces and Sevens
Seat 6: Mahu2021 showed [9h 9d] and lost with two pair, Nines and Sevens



PokerStars Zoom Hand #254567050694:  Hold'em No Limit ($0.05/$0.10) - 2025/01/26 20:21:25 CET [2025/01/26 14:21:25 ET]
Table 'Aludra' 6-max Seat #1 is the button
Seat 1: kar4tune ($9.73 in chips) 
Seat 2: QKJope ($9.90 in chips) 
Seat 3: felga1987 ($14.30 in chips) 
Seat 4: Master205 ($10 in chips) 
Seat 5: Mahu2021 ($6.04 in chips) 
Seat 6: OeTen101 ($10 in chips) 
QKJope: posts small blind $0.05
felga1987: posts big blind $0.10
*** HOLE CARDS ***
Dealt to Mahu2021 [4c 5c]
Master205: folds 
Mahu2021: folds 
OeTen101: folds 
kar4tune: folds 
QKJope: folds 
Uncalled bet ($0.05) returned to felga1987
felga1987 collected $0.10 from pot
felga1987: doesn't show hand 
*** SUMMARY ***
Total pot $0.10 | Rake $0 
Seat 1: kar4tune (button) folded before Flop (didn't bet)
Seat 2: QKJope (small blind) folded before Flop
Seat 3: felga1987 (big blind) collected ($0.10)
Seat 4: Master205 folded before Flop (didn't bet)
Seat 5: Mahu2021 folded before Flop (didn't bet)
Seat 6: OeTen101 folded before Flop (didn't bet)



PokerStars Zoom Hand #254567053189:  Hold'em No Limit ($0.05/$0.10) - 2025/01/26 20:21:31 CET [2025/01/26 14:21:31 ET]
Table 'Aludra' 6-max Seat #1 is the button
Seat 1: Call me Alex97 ($48.11 in chips) 
Seat 2: ppapandppap ($13.49 in chips) 
Seat 3: Jorgos_Joanu ($12.37 in chips) 
Seat 4: Mahu2021 ($6.04 in chips) 
Seat 5: szabarna ($10.74 in chips) 
Seat 6: Luffy V ($14.49 in chips) 
ppapandppap: posts small blind $0.05
Jorgos_Joanu: posts big blind $0.10
*** HOLE CARDS ***
Dealt to Mahu2021 [2c As]
Mahu2021: folds 
szabarna: folds 
Luffy V: folds 
Call me Alex97: folds 
ppapandppap: raises $0.20 to $0.30
Jorgos_Joanu: folds 
Uncalled bet ($0.20) returned to ppapandppap
ppapandppap collected $0.20 from pot
ppapandppap: doesn't show hand 
*** SUMMARY ***
Total pot $0.20 | Rake $0 
Seat 1: Call me Alex97 (button) folded before Flop (didn't bet)
Seat 2: ppapandppap (small blind) collected ($0.20)
Seat 3: Jorgos_Joanu (big blind) folded before Flop
Seat 4: Mahu2021 folded before Flop (didn't bet)
Seat 5: szabarna folded before Flop (didn't bet)
Seat 6: Luffy V folded before Flop (didn't bet)



PokerStars Zoom Hand #254567054514:  Hold'em No Limit ($0.05/$0.10) - 2025/01/26 20:21:35 CET [2025/01/26 14:21:35 ET]
Table 'Aludra' 6-max Seat #1 is the button
Seat 1: Mahu2021 ($6.04 in chips) 
Seat 2: mOberdan ($38.47 in chips) 
Seat 3: liebhabär ($14.84 in chips) 
Seat 4: kox44x ($15.78 in chips) 
Seat 5: SmallKick88 ($7.12 in chips) 
Seat 6: Luffy V ($18.83 in chips) 
mOberdan: posts small blind $0.05
liebhabär: posts big blind $0.10
*** HOLE CARDS ***
Dealt to Mahu2021 [Jh Js]
kox44x: folds 
SmallKick88: raises $0.15 to $0.25
Luffy V: folds 
Mahu2021: raises $0.85 to $1.10
mOberdan: folds 
liebhabär: folds 
SmallKick88: folds 
Uncalled bet ($0.85) returned to Mahu2021
Mahu2021 collected $0.65 from pot
Mahu2021: doesn't show hand 
*** SUMMARY ***
Total pot $0.65 | Rake $0 
Seat 1: Mahu2021 (button) collected ($0.65)
Seat 2: mOberdan (small blind) folded before Flop
Seat 3: liebhabär (big blind) folded before Flop
Seat 4: kox44x folded before Flop (didn't bet)
Seat 5: SmallKick88 folded before Flop
Seat 6: Luffy V folded before Flop (didn't bet)



PokerStars Zoom Hand #254567060772:  Hold'em No Limit ($0.05/$0.10) - 2025/01/26 20:21:52 CET [2025/01/26 14:21:52 ET]
Table 'Aludra' 6-max Seat #1 is the button
Seat 1: SmallKick88 ($6.77 in chips) 
Seat 2: CELESTINA979 ($2.40 in chips) 
Seat 3: Mahu2021 ($6.44 in chips) 
Seat 4: VitorArj ($10.75 in chips) 
Seat 5: Calvis_lol ($10 in chips) 
Seat 6: szabarna ($10.59 in chips) 
CELESTINA979: posts small blind $0.05
Mahu2021: posts big blind $0.10
*** HOLE CARDS ***
Dealt to Mahu2021 [Ts 3h]
VitorArj: raises $0.15 to $0.25
Calvis_lol: folds 
szabarna: folds 
SmallKick88: raises $0.45 to $0.70
CELESTINA979: folds 
Mahu2021: folds 
VitorArj: folds 
Uncalled bet ($0.45) returned to SmallKick88
SmallKick88 collected $0.65 from pot
SmallKick88: doesn't show hand 
*** SUMMARY ***
Total pot $0.65 | Rake $0 
Seat 1: SmallKick88 (button) collected ($0.65)
Seat 2: CELESTINA979 (small blind) folded before Flop
Seat 3: Mahu2021 (big blind) folded before Flop
Seat 4: VitorArj folded before Flop
Seat 5: Calvis_lol folded before Flop (didn't bet)
Seat 6: szabarna folded before Flop (didn't bet)



PokerStars Zoom Hand #254567072689:  Hold'em No Limit ($0.05/$0.10) - 2025/01/26 20:22:25 CET [2025/01/26 14:22:25 ET]
Table 'Aludra' 6-max Seat #1 is the button
Seat 1: ianuaXII ($23.90 in chips) 
Seat 2: putzkedudu ($20.47 in chips) 
Seat 3: wheresdaluck ($10 in chips) 
Seat 4: Mahu2021 ($6.34 in chips) 
Seat 5: Master205 ($11.12 in chips) 
Seat 6: VêPeres ($10.33 in chips) 
putzkedudu: posts small blind $0.05
wheresdaluck: posts big blind $0.10
*** HOLE CARDS ***
Dealt to Mahu2021 [Jd Th]
Mahu2021: folds 
Master205: raises $0.10 to $0.20
VêPeres: folds 
ianuaXII: folds 
putzkedudu: folds 
wheresdaluck: folds 
Uncalled bet ($0.10) returned to Master205
Master205 collected $0.25 from pot
Master205: doesn't show hand 
*** SUMMARY ***
Total pot $0.25 | Rake $0 
Seat 1: ianuaXII (button) folded before Flop (didn't bet)
Seat 2: putzkedudu (small blind) folded before Flop
Seat 3: wheresdaluck (big blind) folded before Flop
Seat 4: Mahu2021 folded before Flop (didn't bet)
Seat 5: Master205 collected ($0.25)
Seat 6: VêPeres folded before Flop (didn't bet)



PokerStars Zoom Hand #254567074163:  Hold'em No Limit ($0.05/$0.10) - 2025/01/26 20:22:30 CET [2025/01/26 14:22:30 ET]
Table 'Aludra' 6-max Seat #1 is the button
Seat 1: DreebJSP ($10 in chips) 
Seat 2: Luffy V ($11.27 in chips) 
Seat 3: albatros9945 ($12.22 in chips) 
Seat 4: Ironhelt ($18.08 in chips) 
Seat 5: Gxzd ($6.76 in chips) 
Seat 6: Mahu2021 ($6.34 in chips) 
Luffy V: posts small blind $0.05
albatros9945: posts big blind $0.10
*** HOLE CARDS ***
Dealt to Mahu2021 [3c 7d]
Ironhelt: folds 
Gxzd: raises $0.10 to $0.20
Mahu2021: folds 
DreebJSP: folds 
Luffy V: folds 
albatros9945: calls $0.10
*** FLOP *** [8d 5d 8h]
albatros9945: bets $0.43
Gxzd: raises $0.65 to $1.08
albatros9945: calls $0.65
*** TURN *** [8d 5d 8h] [5h]
albatros9945: checks 
Gxzd: checks 
*** RIVER *** [8d 5d 8h 5h] [8s]
albatros9945: checks 
Gxzd: checks 
*** SHOW DOWN ***
albatros9945: shows [Ad 2d] (a full house, Eights full of Fives)
Gxzd: shows [Kd Td] (a full house, Eights full of Fives)
albatros9945 collected $1.25 from pot
Gxzd collected $1.24 from pot
*** SUMMARY ***
Total pot $2.61 | Rake $0.12 
Board [8d 5d 8h 5h 8s]
Seat 1: DreebJSP (button) folded before Flop (didn't bet)
Seat 2: Luffy V (small blind) folded before Flop
Seat 3: albatros9945 (big blind) showed [Ad 2d] and won ($1.25) with a full house, Eights full of Fives
Seat 4: Ironhelt folded before Flop (didn't bet)
Seat 5: Gxzd showed [Kd Td] and won ($1.24) with a full house, Eights full of Fives
Seat 6: Mahu2021 folded before Flop (didn't bet)



PokerStars Zoom Hand #254567083953:  Hold'em No Limit ($0.05/$0.10) - 2025/01/26 20:22:56 CET [2025/01/26 14:22:56 ET]
Table 'Aludra' 6-max Seat #1 is the button
Seat 1: Calvis_lol ($11.23 in chips) 
Seat 2: tallist_jm ($9.28 in chips) 
Seat 3: OeTen101 ($10.18 in chips) 
Seat 4: nikcat7 ($13.47 in chips) 
Seat 5: Mahu2021 ($6.19 in chips) 
Seat 6: DreebJSP ($10.58 in chips) 
tallist_jm: posts small blind $0.05
OeTen101: posts big blind $0.10
*** HOLE CARDS ***
Dealt to Mahu2021 [Kd 8h]
nikcat7: folds 
Mahu2021: folds 
DreebJSP: folds 
Calvis_lol: folds 
tallist_jm: folds 
Uncalled bet ($0.05) returned to OeTen101
OeTen101 collected $0.10 from pot
OeTen101: doesn't show hand 
*** SUMMARY ***
Total pot $0.10 | Rake $0 
Seat 1: Calvis_lol (button) folded before Flop (didn't bet)
Seat 2: tallist_jm (small blind) folded before Flop
Seat 3: OeTen101 (big blind) collected ($0.10)
Seat 4: nikcat7 folded before Flop (didn't bet)
Seat 5: Mahu2021 folded before Flop (didn't bet)
Seat 6: DreebJSP folded before Flop (didn't bet)



PokerStars Zoom Hand #254567076395:  Hold'em No Limit ($0.05/$0.10) - 2025/01/26 20:22:35 CET [2025/01/26 14:22:35 ET]
Table 'Aludra' 6-max Seat #1 is the button
Seat 1: nikcat7 ($10.07 in chips) 
Seat 2: Mahu2021 ($6.34 in chips) 
Seat 3: Luffy V ($19.05 in chips) 
Seat 4: jezza71 ($11.93 in chips) 
Seat 5: Call me Alex97 ($12.47 in chips) 
Seat 6: szabarna ($10 in chips) 
Mahu2021: posts small blind $0.05
Luffy V: posts big blind $0.10
*** HOLE CARDS ***
Dealt to Mahu2021 [2h 9h]
jezza71: raises $0.20 to $0.30
Call me Alex97: folds 
szabarna: calls $0.30
nikcat7: folds 
Mahu2021: folds 
Luffy V: calls $0.20
*** FLOP *** [Kh 6h 2s]
Luffy V: checks 
jezza71: bets $0.46
szabarna: folds 
Luffy V: calls $0.46
*** TURN *** [Kh 6h 2s] [Jd]
Luffy V: checks 
jezza71: bets $1
Luffy V: folds 
Uncalled bet ($1) returned to jezza71
jezza71 collected $1.79 from pot
jezza71: doesn't show hand 
*** SUMMARY ***
Total pot $1.87 | Rake $0.08 
Board [Kh 6h 2s Jd]
Seat 1: nikcat7 (button) folded before Flop (didn't bet)
Seat 2: Mahu2021 (small blind) folded before Flop
Seat 3: Luffy V (big blind) folded on the Turn
Seat 4: jezza71 collected ($1.79)
Seat 5: Call me Alex97 folded before Flop (didn't bet)
Seat 6: szabarna folded on the Flop



PokerStars Zoom Hand #254567085173:  Hold'em No Limit ($0.05/$0.10) - 2025/01/26 20:23:00 CET [2025/01/26 14:23:00 ET]
Table 'Aludra' 6-max Seat #1 is the button
Seat 1: Jean-paul905 ($8.56 in chips) 
Seat 2: Master205 ($10.14 in chips) 
Seat 3: OeTen101 ($10.55 in chips) 
Seat 4: vovo4kapooh ($17.20 in chips) 
Seat 5: honEybOOx ($40.73 in chips) 
Seat 6: Mahu2021 ($6.19 in chips) 
Master205: posts small blind $0.05
OeTen101: posts big blind $0.10
*** HOLE CARDS ***
Dealt to Mahu2021 [Qh 9d]
vovo4kapooh: folds 
honEybOOx: folds 
Mahu2021: folds 
Jean-paul905: raises $0.20 to $0.30
Master205: folds 
OeTen101: folds 
Uncalled bet ($0.20) returned to Jean-paul905
Jean-paul905 collected $0.25 from pot
Jean-paul905: doesn't show hand 
*** SUMMARY ***
Total pot $0.25 | Rake $0 
Seat 1: Jean-paul905 (button) collected ($0.25)
Seat 2: Master205 (small blind) folded before Flop
Seat 3: OeTen101 (big blind) folded before Flop
Seat 4: vovo4kapooh folded before Flop (didn't bet)
Seat 5: honEybOOx folded before Flop (didn't bet)
Seat 6: Mahu2021 folded before Flop (didn't bet)



PokerStars Zoom Hand #254567077222:  Hold'em No Limit ($0.05/$0.10) - 2025/01/26 20:22:38 CET [2025/01/26 14:22:38 ET]
Table 'Aludra' 6-max Seat #1 is the button
Seat 1: WideMonkaW ($10.62 in chips) 
Seat 2: Bumbulbee_G ($10 in chips) 
Seat 3: DreebJSP ($10.15 in chips) 
Seat 4: Allvisa ($10.70 in chips) 
Seat 5: Mahu2021 ($6.29 in chips) 
Seat 6: Oscar__62176 ($11.55 in chips) 
Bumbulbee_G: posts small blind $0.05
DreebJSP: posts big blind $0.10
*** HOLE CARDS ***
Dealt to Mahu2021 [Ks 9c]
Allvisa: raises $0.12 to $0.22
Mahu2021: folds 
Oscar__62176: folds 
WideMonkaW: folds 
Bumbulbee_G: folds 
DreebJSP: calls $0.12
*** FLOP *** [Tc 7s Jd]
DreebJSP: checks 
Allvisa: bets $0.24
DreebJSP: calls $0.24
*** TURN *** [Tc 7s Jd] [As]
DreebJSP: checks 
Allvisa: bets $0.47
DreebJSP: calls $0.47
*** RIVER *** [Tc 7s Jd As] [7h]
DreebJSP: checks 
Allvisa: bets $2.28
DreebJSP: folds 
Uncalled bet ($2.28) returned to Allvisa
Allvisa collected $1.82 from pot
Allvisa: doesn't show hand 
*** SUMMARY ***
Total pot $1.91 | Rake $0.09 
Board [Tc 7s Jd As 7h]
Seat 1: WideMonkaW (button) folded before Flop (didn't bet)
Seat 2: Bumbulbee_G (small blind) folded before Flop
Seat 3: DreebJSP (big blind) folded on the River
Seat 4: Allvisa collected ($1.82)
Seat 5: Mahu2021 folded before Flop (didn't bet)
Seat 6: Oscar__62176 folded before Flop (didn't bet)



PokerStars Zoom Hand #254567078878:  Hold'em No Limit ($0.05/$0.10) - 2025/01/26 20:22:42 CET [2025/01/26 14:22:42 ET]
Table 'Aludra' 6-max Seat #1 is the button
Seat 1: Mahu2021 ($6.29 in chips) 
Seat 2: Call me Alex97 ($12.47 in chips) 
Seat 3: Bestology ($19.45 in chips) 
Seat 4: mOberdan ($38.47 in chips) 
Seat 5: FACCHETADE$ ($10 in chips) 
Seat 6: iza_doria ($4.76 in chips) 
Call me Alex97: posts small blind $0.05
Bestology: posts big blind $0.10
*** HOLE CARDS ***
Dealt to Mahu2021 [4s Td]
mOberdan: folds 
FACCHETADE$: raises $0.10 to $0.20
iza_doria: calls $0.20
Mahu2021: folds 
Call me Alex97: calls $0.15
Bestology: folds 
*** FLOP *** [6d 3s Ks]
Call me Alex97: checks 
FACCHETADE$: checks 
iza_doria: bets $0.20
Call me Alex97: folds 
FACCHETADE$: folds 
Uncalled bet ($0.20) returned to iza_doria
iza_doria collected $0.67 from pot
iza_doria: doesn't show hand 
*** SUMMARY ***
Total pot $0.70 | Rake $0.03 
Board [6d 3s Ks]
Seat 1: Mahu2021 (button) folded before Flop (didn't bet)
Seat 2: Call me Alex97 (small blind) folded on the Flop
Seat 3: Bestology (big blind) folded before Flop
Seat 4: mOberdan folded before Flop (didn't bet)
Seat 5: FACCHETADE$ folded on the Flop
Seat 6: iza_doria collected ($0.67)



PokerStars Zoom Hand #254567086806:  Hold'em No Limit ($0.05/$0.10) - 2025/01/26 20:23:04 CET [2025/01/26 14:23:04 ET]
Table 'Aludra' 6-max Seat #1 is the button
Seat 1: QKJope ($9.61 in chips) 
Seat 2: Master205 ($10 in chips) 
Seat 3: DreebJSP ($10.74 in chips) 
Seat 4: putzkedudu ($10.30 in chips) 
Seat 5: Mahu2021 ($6.19 in chips) 
Seat 6: ChoboPower ($22 in chips) 
Master205: posts small blind $0.05
DreebJSP: posts big blind $0.10
*** HOLE CARDS ***
Dealt to Mahu2021 [2c Qd]
putzkedudu: folds 
Mahu2021: folds 
ChoboPower: folds 
QKJope: raises $0.15 to $0.25
Master205: raises $0.95 to $1.20
DreebJSP: folds 
QKJope: folds 
Uncalled bet ($0.95) returned to Master205
Master205 collected $0.60 from pot
Master205: doesn't show hand 
*** SUMMARY ***
Total pot $0.60 | Rake $0 
Seat 1: QKJope (button) folded before Flop
Seat 2: Master205 (small blind) collected ($0.60)
Seat 3: DreebJSP (big blind) folded before Flop
Seat 4: putzkedudu folded before Flop (didn't bet)
Seat 5: Mahu2021 folded before Flop (didn't bet)
Seat 6: ChoboPower folded before Flop (didn't bet)



PokerStars Zoom Hand #254567080329:  Hold'em No Limit ($0.05/$0.10) - 2025/01/26 20:22:46 CET [2025/01/26 14:22:46 ET]
Table 'Aludra' 6-max Seat #1 is the button
Seat 1: marosthebest ($10 in chips) 
Seat 2: 00O-2Z ($16.46 in chips) 
Seat 3: Mahu2021 ($6.29 in chips) 
Seat 4: ProjectPokerPro ($11.54 in chips) 
Seat 5: Bumbulbee_G ($10 in chips) 
Seat 6: Oscar__62176 ($16.90 in chips) 
00O-2Z: posts small blind $0.05
Mahu2021: posts big blind $0.10
*** HOLE CARDS ***
Dealt to Mahu2021 [Ad 5d]
ProjectPokerPro: folds 
Bumbulbee_G: folds 
Oscar__62176: raises $0.12 to $0.22
marosthebest: raises $0.68 to $0.90
00O-2Z: folds 
Mahu2021: folds 
Oscar__62176: raises $1.50 to $2.40
marosthebest: calls $1.50
*** FLOP *** [Qc 5h 5s]
Oscar__62176: bets $1.56
marosthebest: calls $1.56
*** TURN *** [Qc 5h 5s] [8h]
Oscar__62176: checks 
marosthebest: checks 
*** RIVER *** [Qc 5h 5s 8h] [Qs]
Oscar__62176: checks 
marosthebest: bets $3
Oscar__62176: folds 
Uncalled bet ($3) returned to marosthebest
marosthebest collected $7.71 from pot
marosthebest: doesn't show hand 
*** SUMMARY ***
Total pot $8.07 | Rake $0.36 
Board [Qc 5h 5s 8h Qs]
Seat 1: marosthebest (button) collected ($7.71)
Seat 2: 00O-2Z (small blind) folded before Flop
Seat 3: Mahu2021 (big blind) folded before Flop
Seat 4: ProjectPokerPro folded before Flop (didn't bet)
Seat 5: Bumbulbee_G folded before Flop (didn't bet)
Seat 6: Oscar__62176 folded on the River



PokerStars Zoom Hand #254567088618:  Hold'em No Limit ($0.05/$0.10) - 2025/01/26 20:23:09 CET [2025/01/26 14:23:09 ET]
Table 'Aludra' 6-max Seat #1 is the button
Seat 1: esperanticos ($11.93 in chips) 
Seat 2: Mahu2021 ($6.19 in chips) 
Seat 3: assuncaogu ($10 in chips) 
Seat 4: dodeer ($12.60 in chips) 
Seat 5: Jorgos_Joanu ($10.32 in chips) 
Seat 6: geo3pokerr ($8.77 in chips) 
Mahu2021: posts small blind $0.05
assuncaogu: posts big blind $0.10
*** HOLE CARDS ***
Dealt to Mahu2021 [Ah Jh]
dodeer: raises $0.10 to $0.20
Jorgos_Joanu: folds 
geo3pokerr: folds 
esperanticos: folds 
Mahu2021: calls $0.15
assuncaogu: calls $0.10
*** FLOP *** [7d 6s Qd]
Mahu2021: checks 
assuncaogu: checks 
dodeer: checks 
*** TURN *** [7d 6s Qd] [3h]
Mahu2021: checks 
assuncaogu: checks 
dodeer: checks 
*** RIVER *** [7d 6s Qd 3h] [2s]
Mahu2021: checks 
assuncaogu: checks 
dodeer: checks 
*** SHOW DOWN ***
Mahu2021: shows [Ah Jh] (high card Ace)
assuncaogu: shows [5h 2h] (a pair of Deuces)
dodeer: shows [8s 7s] (a pair of Sevens)
dodeer collected $0.57 from pot
*** SUMMARY ***
Total pot $0.60 | Rake $0.03 
Board [7d 6s Qd 3h 2s]
Seat 1: esperanticos (button) folded before Flop (didn't bet)
Seat 2: Mahu2021 (small blind) showed [Ah Jh] and lost with high card Ace
Seat 3: assuncaogu (big blind) showed [5h 2h] and lost with a pair of Deuces
Seat 4: dodeer showed [8s 7s] and won ($0.57) with a pair of Sevens
Seat 5: Jorgos_Joanu folded before Flop (didn't bet)
Seat 6: geo3pokerr folded before Flop (didn't bet)



PokerStars Zoom Hand #254567111580:  Hold'em No Limit ($0.05/$0.10) - 2025/01/26 20:24:12 CET [2025/01/26 14:24:12 ET]
Table 'Aludra' 6-max Seat #1 is the button
Seat 1: picurul ($14.48 in chips) 
Seat 2: assuncaogu ($10 in chips) 
Seat 3: Mahu2021 ($5.99 in chips) 
Seat 4: DreebJSP ($10 in chips) 
Seat 5: bebasket066 ($8.24 in chips) 
Seat 6: dodeer ($12.97 in chips) 
assuncaogu: posts small blind $0.05
Mahu2021: posts big blind $0.10
*** HOLE CARDS ***
Dealt to Mahu2021 [5s 6s]
DreebJSP: folds 
bebasket066: raises $0.10 to $0.20
dodeer: folds 
picurul: calls $0.20
assuncaogu: folds 
Mahu2021: calls $0.10
*** FLOP *** [6h 9d Ad]
Mahu2021: checks 
bebasket066: checks 
picurul: checks 
*** TURN *** [6h 9d Ad] [3d]
Mahu2021: bets $0.20
bebasket066: calls $0.20
picurul: calls $0.20
*** RIVER *** [6h 9d Ad 3d] [Kh]
Mahu2021: checks 
bebasket066: bets $0.60
picurul: folds 
Mahu2021: folds 
Uncalled bet ($0.60) returned to bebasket066
bebasket066 collected $1.19 from pot
bebasket066: doesn't show hand 
*** SUMMARY ***
Total pot $1.25 | Rake $0.06 
Board [6h 9d Ad 3d Kh]
Seat 1: picurul (button) folded on the River
Seat 2: assuncaogu (small blind) folded before Flop
Seat 3: Mahu2021 (big blind) folded on the River
Seat 4: DreebJSP folded before Flop (didn't bet)
Seat 5: bebasket066 collected ($1.19)
Seat 6: dodeer folded before Flop (didn't bet)



