PokerStars Hand #245202965716: Tournament #3626812655, $0.92+$0.08 USD Hold'em No Limit - Level I (10/20) - 2023/08/04 21:31:24 CET [2023/08/04 15:31:24 ET]
Table '3626812655 1' 3-max Seat #1 is the button
Seat 1: ISITFRACTAL? (500 in chips) 
Seat 2: Mahu2021 (500 in chips) 
Seat 3: dBoobest (500 in chips) 
Mahu2021: posts small blind 10
dBoobest: posts big blind 20
*** HOLE CARDS ***
Dealt to Mahu2021 [3h 9d]
ISITFRACTAL?: raises 20 to 40
Mahu2021: folds 
dBoobest: raises 460 to 500 and is all-in
ISITFRACTAL?: calls 460 and is all-in
*** FLOP *** [Jd Ac 8c]
*** TURN *** [Jd Ac 8c] [4c]
*** RIVER *** [Jd Ac 8c 4c] [5h]
*** SHOW DOWN ***
dBoobest: shows [7h 7s] (a pair of Sevens)
ISITFRACTAL?: shows [As Kd] (a pair of Aces)
ISITFRACTAL? collected 1010 from pot
dBoobest finished the tournament in 3rd place
*** SUMMARY ***
Total pot 1010 | Rake 0 
Board [Jd Ac 8c 4c 5h]
Seat 1: ISITFRACTAL? (button) showed [As Kd] and won (1010) with a pair of Aces
Seat 2: Mahu2021 (small blind) folded before Flop
Seat 3: dBoobest (big blind) showed [7h 7s] and lost with a pair of Sevens



PokerStars Hand #245202972206: Tournament #3626812655, $0.92+$0.08 USD Hold'em No Limit - Level I (10/20) - 2023/08/04 21:31:43 CET [2023/08/04 15:31:43 ET]
Table '3626812655 1' 3-max Seat #2 is the button
Seat 1: ISITFRACTAL? (1010 in chips) 
Seat 2: Mahu2021 (490 in chips) 
Mahu2021: posts small blind 10
ISITFRACTAL?: posts big blind 20
*** HOLE CARDS ***
Dealt to Mahu2021 [Jh 6s]
Mahu2021: calls 10
ISITFRACTAL?: raises 40 to 60
Mahu2021: folds 
Uncalled bet (40) returned to ISITFRACTAL?
ISITFRACTAL? collected 40 from pot
*** SUMMARY ***
Total pot 40 | Rake 0 
Seat 1: ISITFRACTAL? (big blind) collected (40)
Seat 2: Mahu2021 (button) (small blind) folded before Flop



PokerStars Hand #245202975444: Tournament #3626812655, $0.92+$0.08 USD Hold'em No Limit - Level I (10/20) - 2023/08/04 21:31:52 CET [2023/08/04 15:31:52 ET]
Table '3626812655 1' 3-max Seat #1 is the button
Seat 1: ISITFRACTAL? (1030 in chips) 
Seat 2: Mahu2021 (470 in chips) 
ISITFRACTAL?: posts small blind 10
Mahu2021: posts big blind 20
*** HOLE CARDS ***
Dealt to Mahu2021 [Ah Th]
ISITFRACTAL?: calls 10
Mahu2021: raises 40 to 60
ISITFRACTAL?: folds 
Uncalled bet (40) returned to Mahu2021
Mahu2021 collected 40 from pot
Mahu2021: doesn't show hand 
*** SUMMARY ***
Total pot 40 | Rake 0 
Seat 1: ISITFRACTAL? (button) (small blind) folded before Flop
Seat 2: Mahu2021 (big blind) collected (40)



PokerStars Hand #245202978728: Tournament #3626812655, $0.92+$0.08 USD Hold'em No Limit - Level I (10/20) - 2023/08/04 21:32:02 CET [2023/08/04 15:32:02 ET]
Table '3626812655 1' 3-max Seat #2 is the button
Seat 1: ISITFRACTAL? (1010 in chips) 
Seat 2: Mahu2021 (490 in chips) 
Mahu2021: posts small blind 10
ISITFRACTAL?: posts big blind 20
*** HOLE CARDS ***
Dealt to Mahu2021 [7d Qd]
Mahu2021: calls 10
ISITFRACTAL?: raises 45 to 65
Mahu2021: calls 45
*** FLOP *** [9d Jh 6d]
ISITFRACTAL?: bets 50
Mahu2021: raises 375 to 425 and is all-in
ISITFRACTAL?: folds 
Uncalled bet (375) returned to Mahu2021
Mahu2021 collected 230 from pot
Mahu2021: doesn't show hand 
*** SUMMARY ***
Total pot 230 | Rake 0 
Board [9d Jh 6d]
Seat 1: ISITFRACTAL? (big blind) folded on the Flop
Seat 2: Mahu2021 (button) (small blind) collected (230)



PokerStars Hand #245202987281: Tournament #3626812655, $0.92+$0.08 USD Hold'em No Limit - Level I (10/20) - 2023/08/04 21:32:27 CET [2023/08/04 15:32:27 ET]
Table '3626812655 1' 3-max Seat #1 is the button
Seat 1: ISITFRACTAL? (895 in chips) 
Seat 2: Mahu2021 (605 in chips) 
ISITFRACTAL?: posts small blind 10
Mahu2021: posts big blind 20
*** HOLE CARDS ***
Dealt to Mahu2021 [5h 4c]
ISITFRACTAL?: calls 10
Mahu2021: checks 
*** FLOP *** [6s 4s 6h]
Mahu2021: bets 40
ISITFRACTAL?: raises 90 to 130
Mahu2021: raises 455 to 585 and is all-in
ISITFRACTAL?: calls 455
*** TURN *** [6s 4s 6h] [3d]
*** RIVER *** [6s 4s 6h 3d] [Ah]
*** SHOW DOWN ***
Mahu2021: shows [5h 4c] (two pair, Sixes and Fours)
ISITFRACTAL?: shows [4d Ac] (two pair, Aces and Sixes)
ISITFRACTAL? collected 1210 from pot
Mahu2021 finished the tournament in 2nd place
ISITFRACTAL? wins the tournament and receives $2.00 - congratulations!
*** SUMMARY ***
Total pot 1210 | Rake 0 
Board [6s 4s 6h 3d Ah]
Seat 1: ISITFRACTAL? (button) (small blind) showed [4d Ac] and won (1210) with two pair, Aces and Sixes
Seat 2: Mahu2021 (big blind) showed [5h 4c] and lost with two pair, Sixes and Fours



