PokerStars Hand #246456445324: Tournament #3656579365, $0.92+$0.08 USD Hold'em No Limit - Level I (10/20) - 2023/10/10 18:40:03 CET [2023/10/10 12:40:03 ET]
Table '3656579365 1' 3-max Seat #1 is the button
Seat 1: Feboapolojr (500 in chips) 
Seat 2: s1N91 (500 in chips) 
Seat 3: Mahu2021 (500 in chips) 
s1N91: posts small blind 10
Mahu2021: posts big blind 20
*** HOLE CARDS ***
Dealt to Mahu2021 [4s 9s]
Feboapolojr: calls 20
s1N91: calls 10
Mahu2021: checks 
*** FLOP *** [8d 7s Kh]
s1N91: checks 
Mahu2021: checks 
Feboapolojr: checks 
*** TURN *** [8d 7s Kh] [Ad]
s1N91: checks 
Mahu2021: checks 
Feboapolojr: checks 
*** RIVER *** [8d 7s Kh Ad] [6c]
s1N91: checks 
Mahu2021: checks 
Feboapolojr: checks 
*** SHOW DOWN ***
s1N91: shows [9h Qd] (high card Ace)
Mahu2021: mucks hand 
Feboapolojr: shows [Qh Ts] (high card Ace - King+Queen+Ten kicker)
Feboapolojr collected 60 from pot
*** SUMMARY ***
Total pot 60 | Rake 0 
Board [8d 7s Kh Ad 6c]
Seat 1: Feboapolojr (button) showed [Qh Ts] and won (60) with high card Ace
Seat 2: s1N91 (small blind) showed [9h Qd] and lost with high card Ace
Seat 3: Mahu2021 (big blind) mucked [4s 9s]



PokerStars Hand #246456455215: Tournament #3656579365, $0.92+$0.08 USD Hold'em No Limit - Level I (10/20) - 2023/10/10 18:40:36 CET [2023/10/10 12:40:36 ET]
Table '3656579365 1' 3-max Seat #2 is the button
Seat 1: Feboapolojr (540 in chips) 
Seat 2: s1N91 (480 in chips) 
Seat 3: Mahu2021 (480 in chips) 
Mahu2021: posts small blind 10
Feboapolojr: posts big blind 20
*** HOLE CARDS ***
Dealt to Mahu2021 [5h Qs]
s1N91: folds 
Mahu2021: folds 
Uncalled bet (10) returned to Feboapolojr
Feboapolojr collected 20 from pot
*** SUMMARY ***
Total pot 20 | Rake 0 
Seat 1: Feboapolojr (big blind) collected (20)
Seat 2: s1N91 (button) folded before Flop (didn't bet)
Seat 3: Mahu2021 (small blind) folded before Flop



PokerStars Hand #246456457536: Tournament #3656579365, $0.92+$0.08 USD Hold'em No Limit - Level I (10/20) - 2023/10/10 18:40:44 CET [2023/10/10 12:40:44 ET]
Table '3656579365 1' 3-max Seat #3 is the button
Seat 1: Feboapolojr (550 in chips) 
Seat 2: s1N91 (480 in chips) 
Seat 3: Mahu2021 (470 in chips) 
Feboapolojr: posts small blind 10
s1N91: posts big blind 20
*** HOLE CARDS ***
Dealt to Mahu2021 [Ks 6s]
Mahu2021: raises 20 to 40
Feboapolojr: folds 
s1N91: folds 
Uncalled bet (20) returned to Mahu2021
Mahu2021 collected 50 from pot
Mahu2021: doesn't show hand 
*** SUMMARY ***
Total pot 50 | Rake 0 
Seat 1: Feboapolojr (small blind) folded before Flop
Seat 2: s1N91 (big blind) folded before Flop
Seat 3: Mahu2021 (button) collected (50)



PokerStars Hand #246456460731: Tournament #3656579365, $0.92+$0.08 USD Hold'em No Limit - Level I (10/20) - 2023/10/10 18:40:55 CET [2023/10/10 12:40:55 ET]
Table '3656579365 1' 3-max Seat #1 is the button
Seat 1: Feboapolojr (540 in chips) 
Seat 2: s1N91 (460 in chips) 
Seat 3: Mahu2021 (500 in chips) 
s1N91: posts small blind 10
Mahu2021: posts big blind 20
*** HOLE CARDS ***
Dealt to Mahu2021 [Js 6d]
Feboapolojr: raises 20 to 40
s1N91: folds 
Mahu2021: folds 
Uncalled bet (20) returned to Feboapolojr
Feboapolojr collected 50 from pot
*** SUMMARY ***
Total pot 50 | Rake 0 
Seat 1: Feboapolojr (button) collected (50)
Seat 2: s1N91 (small blind) folded before Flop
Seat 3: Mahu2021 (big blind) folded before Flop



PokerStars Hand #246456464308: Tournament #3656579365, $0.92+$0.08 USD Hold'em No Limit - Level I (10/20) - 2023/10/10 18:41:07 CET [2023/10/10 12:41:07 ET]
Table '3656579365 1' 3-max Seat #2 is the button
Seat 1: Feboapolojr (570 in chips) 
Seat 2: s1N91 (450 in chips) 
Seat 3: Mahu2021 (480 in chips) 
Mahu2021: posts small blind 10
Feboapolojr: posts big blind 20
*** HOLE CARDS ***
Dealt to Mahu2021 [7d 9c]
s1N91: folds 
Mahu2021: folds 
Uncalled bet (10) returned to Feboapolojr
Feboapolojr collected 20 from pot
*** SUMMARY ***
Total pot 20 | Rake 0 
Seat 1: Feboapolojr (big blind) collected (20)
Seat 2: s1N91 (button) folded before Flop (didn't bet)
Seat 3: Mahu2021 (small blind) folded before Flop



PokerStars Hand #246456466200: Tournament #3656579365, $0.92+$0.08 USD Hold'em No Limit - Level I (10/20) - 2023/10/10 18:41:13 CET [2023/10/10 12:41:13 ET]
Table '3656579365 1' 3-max Seat #3 is the button
Seat 1: Feboapolojr (580 in chips) 
Seat 2: s1N91 (450 in chips) 
Seat 3: Mahu2021 (470 in chips) 
Feboapolojr: posts small blind 10
s1N91: posts big blind 20
*** HOLE CARDS ***
Dealt to Mahu2021 [4s 5d]
Mahu2021: folds 
Feboapolojr: calls 10
s1N91: checks 
*** FLOP *** [4c 5h Jd]
Feboapolojr: bets 20
s1N91: folds 
Uncalled bet (20) returned to Feboapolojr
Feboapolojr collected 40 from pot
*** SUMMARY ***
Total pot 40 | Rake 0 
Board [4c 5h Jd]
Seat 1: Feboapolojr (small blind) collected (40)
Seat 2: s1N91 (big blind) folded on the Flop
Seat 3: Mahu2021 (button) folded before Flop (didn't bet)



PokerStars Hand #246456470864: Tournament #3656579365, $0.92+$0.08 USD Hold'em No Limit - Level I (10/20) - 2023/10/10 18:41:29 CET [2023/10/10 12:41:29 ET]
Table '3656579365 1' 3-max Seat #1 is the button
Seat 1: Feboapolojr (600 in chips) 
Seat 2: s1N91 (430 in chips) 
Seat 3: Mahu2021 (470 in chips) 
s1N91: posts small blind 10
Mahu2021: posts big blind 20
*** HOLE CARDS ***
Dealt to Mahu2021 [3d Jh]
Feboapolojr: folds 
s1N91: raises 30 to 50
Mahu2021: folds 
Uncalled bet (30) returned to s1N91
s1N91 collected 40 from pot
s1N91: doesn't show hand 
*** SUMMARY ***
Total pot 40 | Rake 0 
Seat 1: Feboapolojr (button) folded before Flop (didn't bet)
Seat 2: s1N91 (small blind) collected (40)
Seat 3: Mahu2021 (big blind) folded before Flop



PokerStars Hand #246456475511: Tournament #3656579365, $0.92+$0.08 USD Hold'em No Limit - Level I (10/20) - 2023/10/10 18:41:44 CET [2023/10/10 12:41:44 ET]
Table '3656579365 1' 3-max Seat #2 is the button
Seat 1: Feboapolojr (600 in chips) 
Seat 2: s1N91 (450 in chips) 
Seat 3: Mahu2021 (450 in chips) 
Mahu2021: posts small blind 10
Feboapolojr: posts big blind 20
*** HOLE CARDS ***
Dealt to Mahu2021 [Th 2d]
s1N91: folds 
Mahu2021: folds 
Uncalled bet (10) returned to Feboapolojr
Feboapolojr collected 20 from pot
*** SUMMARY ***
Total pot 20 | Rake 0 
Seat 1: Feboapolojr (big blind) collected (20)
Seat 2: s1N91 (button) folded before Flop (didn't bet)
Seat 3: Mahu2021 (small blind) folded before Flop



PokerStars Hand #246456476893: Tournament #3656579365, $0.92+$0.08 USD Hold'em No Limit - Level I (10/20) - 2023/10/10 18:41:49 CET [2023/10/10 12:41:49 ET]
Table '3656579365 1' 3-max Seat #3 is the button
Seat 1: Feboapolojr (610 in chips) 
Seat 2: s1N91 (450 in chips) 
Seat 3: Mahu2021 (440 in chips) 
Feboapolojr: posts small blind 10
s1N91: posts big blind 20
*** HOLE CARDS ***
Dealt to Mahu2021 [Kd Jh]
Mahu2021: raises 20 to 40
Feboapolojr: folds 
s1N91: raises 410 to 450 and is all-in
Mahu2021: calls 400 and is all-in
Uncalled bet (10) returned to s1N91
*** FLOP *** [4d 8d 7d]
*** TURN *** [4d 8d 7d] [5s]
*** RIVER *** [4d 8d 7d 5s] [3h]
*** SHOW DOWN ***
s1N91: shows [9c 9s] (a pair of Nines)
Mahu2021: shows [Kd Jh] (high card King)
s1N91 collected 890 from pot
Mahu2021 finished the tournament in 3rd place
*** SUMMARY ***
Total pot 890 | Rake 0 
Board [4d 8d 7d 5s 3h]
Seat 1: Feboapolojr (small blind) folded before Flop
Seat 2: s1N91 (big blind) showed [9c 9s] and won (890) with a pair of Nines
Seat 3: Mahu2021 (button) showed [Kd Jh] and lost with high card King



