PokerStars Hand #248083509177: Tournament #3696596676, $1.84+$0.16 USD Hold'em No Limit - Level I (10/20) - 2024/01/05 20:29:02 CET [2024/01/05 14:29:02 ET]
Table '3696596676 1' 3-max Seat #1 is the button
Seat 1: Rica240374 (500 in chips) 
Seat 2: I'm IdleJack (500 in chips) 
Seat 3: Mahu2021 (500 in chips) 
I'm IdleJack: posts small blind 10
Mahu2021: posts big blind 20
*** HOLE CARDS ***
Dealt to Mahu2021 [7h Ah]
Rica240374: raises 20 to 40
I'm IdleJack: folds 
Mahu2021: calls 20
*** FLOP *** [9c 7c Jh]
Mahu2021: checks 
Rica240374: bets 90
Mahu2021: calls 90
*** TURN *** [9c 7c Jh] [8h]
Mahu2021: checks 
Rica240374: checks 
*** RIVER *** [9c 7c Jh 8h] [Th]
Mahu2021: bets 80
Rica240374: folds 
Uncalled bet (80) returned to Mahu2021
Mahu2021 collected 270 from pot
Mahu2021: doesn't show hand 
*** SUMMARY ***
Total pot 270 | Rake 0 
Board [9c 7c Jh 8h Th]
Seat 1: Rica240374 (button) folded on the River
Seat 2: I'm IdleJack (small blind) folded before Flop
Seat 3: Mahu2021 (big blind) collected (270)



PokerStars Hand #248083526567: Tournament #3696596676, $1.84+$0.16 USD Hold'em No Limit - Level I (10/20) - 2024/01/05 20:29:48 CET [2024/01/05 14:29:48 ET]
Table '3696596676 1' 3-max Seat #2 is the button
Seat 1: Rica240374 (370 in chips) 
Seat 2: I'm IdleJack (490 in chips) 
Seat 3: Mahu2021 (640 in chips) 
Mahu2021: posts small blind 10
Rica240374: posts big blind 20
*** HOLE CARDS ***
Dealt to Mahu2021 [6d Tc]
I'm IdleJack: raises 20 to 40
Mahu2021: folds 
Rica240374: calls 20
*** FLOP *** [2c 5s Ad]
Rica240374: checks 
I'm IdleJack: checks 
*** TURN *** [2c 5s Ad] [3s]
Rica240374: checks 
I'm IdleJack: bets 20
Rica240374: calls 20
*** RIVER *** [2c 5s Ad 3s] [8d]
Rica240374: checks 
I'm IdleJack: bets 130
Rica240374: calls 130
*** SHOW DOWN ***
I'm IdleJack: shows [9h Jh] (high card Ace)
Rica240374: shows [8c Kd] (a pair of Eights)
Rica240374 collected 390 from pot
*** SUMMARY ***
Total pot 390 | Rake 0 
Board [2c 5s Ad 3s 8d]
Seat 1: Rica240374 (big blind) showed [8c Kd] and won (390) with a pair of Eights
Seat 2: I'm IdleJack (button) showed [9h Jh] and lost with high card Ace
Seat 3: Mahu2021 (small blind) folded before Flop



PokerStars Hand #248083540926: Tournament #3696596676, $1.84+$0.16 USD Hold'em No Limit - Level I (10/20) - 2024/01/05 20:30:26 CET [2024/01/05 14:30:26 ET]
Table '3696596676 1' 3-max Seat #3 is the button
Seat 1: Rica240374 (570 in chips) 
Seat 2: I'm IdleJack (300 in chips) 
Seat 3: Mahu2021 (630 in chips) 
Rica240374: posts small blind 10
I'm IdleJack: posts big blind 20
*** HOLE CARDS ***
Dealt to Mahu2021 [7h 2d]
Mahu2021: folds 
Rica240374: calls 10
I'm IdleJack: raises 40 to 60
Rica240374: calls 40
*** FLOP *** [Th Kd 8s]
Rica240374: checks 
I'm IdleJack: checks 
*** TURN *** [Th Kd 8s] [Kc]
Rica240374: bets 120
I'm IdleJack: folds 
Uncalled bet (120) returned to Rica240374
Rica240374 collected 120 from pot
Rica240374: doesn't show hand 
*** SUMMARY ***
Total pot 120 | Rake 0 
Board [Th Kd 8s Kc]
Seat 1: Rica240374 (small blind) collected (120)
Seat 2: I'm IdleJack (big blind) folded on the Turn
Seat 3: Mahu2021 (button) folded before Flop (didn't bet)



PokerStars Hand #248083550007: Tournament #3696596676, $1.84+$0.16 USD Hold'em No Limit - Level I (10/20) - 2024/01/05 20:30:50 CET [2024/01/05 14:30:50 ET]
Table '3696596676 1' 3-max Seat #1 is the button
Seat 1: Rica240374 (630 in chips) 
Seat 2: I'm IdleJack (240 in chips) 
Seat 3: Mahu2021 (630 in chips) 
I'm IdleJack: posts small blind 10
Mahu2021: posts big blind 20
*** HOLE CARDS ***
Dealt to Mahu2021 [Ks Jd]
Rica240374: calls 20
I'm IdleJack: calls 10
Mahu2021: checks 
*** FLOP *** [5s 3d Kd]
I'm IdleJack: checks 
Mahu2021: bets 20
Rica240374: folds 
I'm IdleJack: folds 
Uncalled bet (20) returned to Mahu2021
Mahu2021 collected 60 from pot
*** SUMMARY ***
Total pot 60 | Rake 0 
Board [5s 3d Kd]
Seat 1: Rica240374 (button) folded on the Flop
Seat 2: I'm IdleJack (small blind) folded on the Flop
Seat 3: Mahu2021 (big blind) collected (60)



PokerStars Hand #248083558001: Tournament #3696596676, $1.84+$0.16 USD Hold'em No Limit - Level II (15/30) - 2024/01/05 20:31:11 CET [2024/01/05 14:31:11 ET]
Table '3696596676 1' 3-max Seat #2 is the button
Seat 1: Rica240374 (610 in chips) 
Seat 2: I'm IdleJack (220 in chips) 
Seat 3: Mahu2021 (670 in chips) 
Mahu2021: posts small blind 15
Rica240374: posts big blind 30
*** HOLE CARDS ***
Dealt to Mahu2021 [Qh Js]
I'm IdleJack: folds 
Mahu2021: raises 30 to 60
Rica240374: raises 30 to 90
Mahu2021: calls 30
*** FLOP *** [9d 3s 7d]
Mahu2021: checks 
Rica240374: bets 180
Mahu2021: folds 
Uncalled bet (180) returned to Rica240374
Rica240374 collected 180 from pot
Rica240374: doesn't show hand 
*** SUMMARY ***
Total pot 180 | Rake 0 
Board [9d 3s 7d]
Seat 1: Rica240374 (big blind) collected (180)
Seat 2: I'm IdleJack (button) folded before Flop (didn't bet)
Seat 3: Mahu2021 (small blind) folded on the Flop



PokerStars Hand #248083570060: Tournament #3696596676, $1.84+$0.16 USD Hold'em No Limit - Level II (15/30) - 2024/01/05 20:31:43 CET [2024/01/05 14:31:43 ET]
Table '3696596676 1' 3-max Seat #3 is the button
Seat 1: Rica240374 (700 in chips) 
Seat 2: I'm IdleJack (220 in chips) 
Seat 3: Mahu2021 (580 in chips) 
Rica240374: posts small blind 15
I'm IdleJack: posts big blind 30
*** HOLE CARDS ***
Dealt to Mahu2021 [As 9s]
Mahu2021: raises 30 to 60
Rica240374: raises 30 to 90
I'm IdleJack: calls 60
Mahu2021: calls 30
*** FLOP *** [Qs 7d Ts]
Rica240374: checks 
I'm IdleJack: bets 130 and is all-in
Mahu2021: raises 360 to 490 and is all-in
Rica240374: folds 
Uncalled bet (360) returned to Mahu2021
*** TURN *** [Qs 7d Ts] [2c]
*** RIVER *** [Qs 7d Ts 2c] [7c]
*** SHOW DOWN ***
I'm IdleJack: shows [6s 7s] (three of a kind, Sevens)
Mahu2021: shows [As 9s] (a pair of Sevens)
I'm IdleJack collected 530 from pot
*** SUMMARY ***
Total pot 530 | Rake 0 
Board [Qs 7d Ts 2c 7c]
Seat 1: Rica240374 (small blind) folded on the Flop
Seat 2: I'm IdleJack (big blind) showed [6s 7s] and won (530) with three of a kind, Sevens
Seat 3: Mahu2021 (button) showed [As 9s] and lost with a pair of Sevens



PokerStars Hand #248083583324: Tournament #3696596676, $1.84+$0.16 USD Hold'em No Limit - Level II (15/30) - 2024/01/05 20:32:18 CET [2024/01/05 14:32:18 ET]
Table '3696596676 1' 3-max Seat #1 is the button
Seat 1: Rica240374 (610 in chips) 
Seat 2: I'm IdleJack (530 in chips) 
Seat 3: Mahu2021 (360 in chips) 
I'm IdleJack: posts small blind 15
Mahu2021: posts big blind 30
*** HOLE CARDS ***
Dealt to Mahu2021 [Js 7d]
Rica240374: raises 30 to 60
I'm IdleJack: calls 45
Mahu2021: calls 30
*** FLOP *** [Jh 8h 9d]
I'm IdleJack: checks 
Mahu2021: bets 300 and is all-in
Rica240374: folds 
I'm IdleJack: calls 300
*** TURN *** [Jh 8h 9d] [3c]
*** RIVER *** [Jh 8h 9d 3c] [7h]
*** SHOW DOWN ***
I'm IdleJack: shows [Qh 4h] (a flush, Queen high)
Mahu2021: shows [Js 7d] (two pair, Jacks and Sevens)
I'm IdleJack collected 780 from pot
Mahu2021 finished the tournament in 3rd place
*** SUMMARY ***
Total pot 780 | Rake 0 
Board [Jh 8h 9d 3c 7h]
Seat 1: Rica240374 (button) folded on the Flop
Seat 2: I'm IdleJack (small blind) showed [Qh 4h] and won (780) with a flush, Queen high
Seat 3: Mahu2021 (big blind) showed [Js 7d] and lost with two pair, Jacks and Sevens



