PokerStars Hand #253159627425: Tournament #3817811504, $1.84+$0.16 USD Hold'em No Limit - Level I (10/20) - 2024/10/29 18:40:45 CET [2024/10/29 13:40:45 ET]
Table '3817811504 1' 3-max Seat #1 is the button
Seat 1: chop9183 (500 in chips) 
Seat 2: DeMarcoolio (500 in chips) 
Seat 3: Mahu2021 (500 in chips) 
DeMarcoolio: posts small blind 10
Mahu2021: posts big blind 20
*** HOLE CARDS ***
Dealt to Mahu2021 [Ac Kd]
chop9183: calls 20
DeMarcoolio: folds 
Mahu2021: raises 480 to 500 and is all-in
chop9183: calls 480 and is all-in
*** FLOP *** [7h 7c 4c]
*** TURN *** [7h 7c 4c] [Ad]
*** RIVER *** [7h 7c 4c Ad] [Td]
*** SHOW DOWN ***
Mahu2021: shows [Ac Kd] (two pair, Aces and Sevens)
chop9183: shows [9s Kc] (a pair of Sevens)
Mahu2021 collected 1010 from pot
chop9183 finished the tournament in 3rd place
*** SUMMARY ***
Total pot 1010 | Rake 0 
Board [7h 7c 4c Ad Td]
Seat 1: chop9183 (button) showed [9s Kc] and lost with a pair of Sevens
Seat 2: DeMarcoolio (small blind) folded before Flop
Seat 3: Mahu2021 (big blind) showed [Ac Kd] and won (1010) with two pair, Aces and Sevens



PokerStars Hand #253159633321: Tournament #3817811504, $1.84+$0.16 USD Hold'em No Limit - Level I (10/20) - 2024/10/29 18:41:09 CET [2024/10/29 13:41:09 ET]
Table '3817811504 1' 3-max Seat #3 is the button
Seat 2: DeMarcoolio (490 in chips) 
Seat 3: Mahu2021 (1010 in chips) 
Mahu2021: posts small blind 10
DeMarcoolio: posts big blind 20
*** HOLE CARDS ***
Dealt to Mahu2021 [3c Jc]
Mahu2021: raises 20 to 40
DeMarcoolio: calls 20
*** FLOP *** [5d Kc 4h]
DeMarcoolio: checks 
Mahu2021: checks 
*** TURN *** [5d Kc 4h] [9s]
DeMarcoolio: checks 
Mahu2021: bets 40
DeMarcoolio: folds 
Uncalled bet (40) returned to Mahu2021
Mahu2021 collected 80 from pot
Mahu2021: doesn't show hand 
*** SUMMARY ***
Total pot 80 | Rake 0 
Board [5d Kc 4h 9s]
Seat 2: DeMarcoolio (big blind) folded on the Turn
Seat 3: Mahu2021 (button) (small blind) collected (80)



PokerStars Hand #253159638815: Tournament #3817811504, $1.84+$0.16 USD Hold'em No Limit - Level I (10/20) - 2024/10/29 18:41:31 CET [2024/10/29 13:41:31 ET]
Table '3817811504 1' 3-max Seat #2 is the button
Seat 2: DeMarcoolio (450 in chips) 
Seat 3: Mahu2021 (1050 in chips) 
DeMarcoolio: posts small blind 10
Mahu2021: posts big blind 20
*** HOLE CARDS ***
Dealt to Mahu2021 [3h 7h]
DeMarcoolio: raises 20 to 40
Mahu2021: calls 20
*** FLOP *** [3d 8d 5d]
Mahu2021: checks 
DeMarcoolio: bets 410 and is all-in
Mahu2021: folds 
Uncalled bet (410) returned to DeMarcoolio
DeMarcoolio collected 80 from pot
*** SUMMARY ***
Total pot 80 | Rake 0 
Board [3d 8d 5d]
Seat 2: DeMarcoolio (button) (small blind) collected (80)
Seat 3: Mahu2021 (big blind) folded on the Flop



PokerStars Hand #253159641587: Tournament #3817811504, $1.84+$0.16 USD Hold'em No Limit - Level I (10/20) - 2024/10/29 18:41:43 CET [2024/10/29 13:41:43 ET]
Table '3817811504 1' 3-max Seat #3 is the button
Seat 2: DeMarcoolio (490 in chips) 
Seat 3: Mahu2021 (1010 in chips) 
Mahu2021: posts small blind 10
DeMarcoolio: posts big blind 20
*** HOLE CARDS ***
Dealt to Mahu2021 [3s 2h]
Mahu2021: folds 
Uncalled bet (10) returned to DeMarcoolio
DeMarcoolio collected 20 from pot
*** SUMMARY ***
Total pot 20 | Rake 0 
Seat 2: DeMarcoolio (big blind) collected (20)
Seat 3: Mahu2021 (button) (small blind) folded before Flop



PokerStars Hand #253159642695: Tournament #3817811504, $1.84+$0.16 USD Hold'em No Limit - Level I (10/20) - 2024/10/29 18:41:47 CET [2024/10/29 13:41:47 ET]
Table '3817811504 1' 3-max Seat #2 is the button
Seat 2: DeMarcoolio (500 in chips) 
Seat 3: Mahu2021 (1000 in chips) 
DeMarcoolio: posts small blind 10
Mahu2021: posts big blind 20
*** HOLE CARDS ***
Dealt to Mahu2021 [Tc 8s]
DeMarcoolio: folds 
Uncalled bet (10) returned to Mahu2021
Mahu2021 collected 20 from pot
Mahu2021: doesn't show hand 
*** SUMMARY ***
Total pot 20 | Rake 0 
Seat 2: DeMarcoolio (button) (small blind) folded before Flop
Seat 3: Mahu2021 (big blind) collected (20)



PokerStars Hand #253159643855: Tournament #3817811504, $1.84+$0.16 USD Hold'em No Limit - Level I (10/20) - 2024/10/29 18:41:52 CET [2024/10/29 13:41:52 ET]
Table '3817811504 1' 3-max Seat #3 is the button
Seat 2: DeMarcoolio (490 in chips) 
Seat 3: Mahu2021 (1010 in chips) 
Mahu2021: posts small blind 10
DeMarcoolio: posts big blind 20
*** HOLE CARDS ***
Dealt to Mahu2021 [3d Ah]
Mahu2021: raises 20 to 40
DeMarcoolio: calls 20
*** FLOP *** [Qc 7c 9d]
DeMarcoolio: checks 
Mahu2021: checks 
*** TURN *** [Qc 7c 9d] [8s]
DeMarcoolio: checks 
Mahu2021: checks 
*** RIVER *** [Qc 7c 9d 8s] [2d]
DeMarcoolio: checks 
Mahu2021: checks 
*** SHOW DOWN ***
DeMarcoolio: shows [Kh 5c] (high card King)
Mahu2021: shows [3d Ah] (high card Ace)
Mahu2021 collected 80 from pot
*** SUMMARY ***
Total pot 80 | Rake 0 
Board [Qc 7c 9d 8s 2d]
Seat 2: DeMarcoolio (big blind) showed [Kh 5c] and lost with high card King
Seat 3: Mahu2021 (button) (small blind) showed [3d Ah] and won (80) with high card Ace



PokerStars Hand #253159646883: Tournament #3817811504, $1.84+$0.16 USD Hold'em No Limit - Level I (10/20) - 2024/10/29 18:42:04 CET [2024/10/29 13:42:04 ET]
Table '3817811504 1' 3-max Seat #2 is the button
Seat 2: DeMarcoolio (450 in chips) 
Seat 3: Mahu2021 (1050 in chips) 
DeMarcoolio: posts small blind 10
Mahu2021: posts big blind 20
*** HOLE CARDS ***
Dealt to Mahu2021 [4h Kc]
DeMarcoolio: calls 10
Mahu2021: checks 
*** FLOP *** [2h 3s Ad]
Mahu2021: checks 
DeMarcoolio: checks 
*** TURN *** [2h 3s Ad] [Ts]
Mahu2021: checks 
DeMarcoolio: checks 
*** RIVER *** [2h 3s Ad Ts] [7d]
Mahu2021: checks 
DeMarcoolio: checks 
*** SHOW DOWN ***
Mahu2021: shows [4h Kc] (high card Ace)
DeMarcoolio: shows [9d 7c] (a pair of Sevens)
DeMarcoolio collected 40 from pot
*** SUMMARY ***
Total pot 40 | Rake 0 
Board [2h 3s Ad Ts 7d]
Seat 2: DeMarcoolio (button) (small blind) showed [9d 7c] and won (40) with a pair of Sevens
Seat 3: Mahu2021 (big blind) showed [4h Kc] and lost with high card Ace



PokerStars Hand #253159650691: Tournament #3817811504, $1.84+$0.16 USD Hold'em No Limit - Level I (10/20) - 2024/10/29 18:42:20 CET [2024/10/29 13:42:20 ET]
Table '3817811504 1' 3-max Seat #3 is the button
Seat 2: DeMarcoolio (470 in chips) 
Seat 3: Mahu2021 (1030 in chips) 
Mahu2021: posts small blind 10
DeMarcoolio: posts big blind 20
*** HOLE CARDS ***
Dealt to Mahu2021 [3d Ad]
Mahu2021: raises 20 to 40
DeMarcoolio: calls 20
*** FLOP *** [Qc Jc 6c]
DeMarcoolio: checks 
Mahu2021: checks 
*** TURN *** [Qc Jc 6c] [Ts]
DeMarcoolio: checks 
Mahu2021: checks 
*** RIVER *** [Qc Jc 6c Ts] [3c]
DeMarcoolio: checks 
Mahu2021: checks 
*** SHOW DOWN ***
DeMarcoolio: shows [7s 3s] (a pair of Threes)
Mahu2021: shows [3d Ad] (a pair of Threes - Ace kicker)
Mahu2021 collected 80 from pot
*** SUMMARY ***
Total pot 80 | Rake 0 
Board [Qc Jc 6c Ts 3c]
Seat 2: DeMarcoolio (big blind) showed [7s 3s] and lost with a pair of Threes
Seat 3: Mahu2021 (button) (small blind) showed [3d Ad] and won (80) with a pair of Threes



PokerStars Hand #253159654462: Tournament #3817811504, $1.84+$0.16 USD Hold'em No Limit - Level I (10/20) - 2024/10/29 18:42:36 CET [2024/10/29 13:42:36 ET]
Table '3817811504 1' 3-max Seat #2 is the button
Seat 2: DeMarcoolio (430 in chips) 
Seat 3: Mahu2021 (1070 in chips) 
DeMarcoolio: posts small blind 10
Mahu2021: posts big blind 20
*** HOLE CARDS ***
Dealt to Mahu2021 [2c 3d]
DeMarcoolio: calls 10
Mahu2021: checks 
*** FLOP *** [Kh Td 4c]
Mahu2021: checks 
DeMarcoolio: checks 
*** TURN *** [Kh Td 4c] [3c]
Mahu2021: checks 
DeMarcoolio: checks 
*** RIVER *** [Kh Td 4c 3c] [2s]
Mahu2021: bets 40
DeMarcoolio: raises 40 to 80
Mahu2021: calls 40
*** SHOW DOWN ***
DeMarcoolio: shows [5h As] (a straight, Ace to Five)
Mahu2021: mucks hand 
DeMarcoolio collected 200 from pot
*** SUMMARY ***
Total pot 200 | Rake 0 
Board [Kh Td 4c 3c 2s]
Seat 2: DeMarcoolio (button) (small blind) showed [5h As] and won (200) with a straight, Ace to Five
Seat 3: Mahu2021 (big blind) mucked [2c 3d]



PokerStars Hand #253159659832: Tournament #3817811504, $1.84+$0.16 USD Hold'em No Limit - Level II (15/30) - 2024/10/29 18:42:57 CET [2024/10/29 13:42:57 ET]
Table '3817811504 1' 3-max Seat #3 is the button
Seat 2: DeMarcoolio (530 in chips) 
Seat 3: Mahu2021 (970 in chips) 
Mahu2021: posts small blind 15
DeMarcoolio: posts big blind 30
*** HOLE CARDS ***
Dealt to Mahu2021 [Jc 4h]
Mahu2021: calls 15
DeMarcoolio: checks 
*** FLOP *** [Kh Kc Qs]
DeMarcoolio: checks 
Mahu2021: bets 30
DeMarcoolio: folds 
Uncalled bet (30) returned to Mahu2021
Mahu2021 collected 60 from pot
Mahu2021: doesn't show hand 
*** SUMMARY ***
Total pot 60 | Rake 0 
Board [Kh Kc Qs]
Seat 2: DeMarcoolio (big blind) folded on the Flop
Seat 3: Mahu2021 (button) (small blind) collected (60)



PokerStars Hand #253159662462: Tournament #3817811504, $1.84+$0.16 USD Hold'em No Limit - Level II (15/30) - 2024/10/29 18:43:08 CET [2024/10/29 13:43:08 ET]
Table '3817811504 1' 3-max Seat #2 is the button
Seat 2: DeMarcoolio (500 in chips) 
Seat 3: Mahu2021 (1000 in chips) 
DeMarcoolio: posts small blind 15
Mahu2021: posts big blind 30
*** HOLE CARDS ***
Dealt to Mahu2021 [9c Th]
DeMarcoolio: folds 
Uncalled bet (15) returned to Mahu2021
Mahu2021 collected 30 from pot
Mahu2021: doesn't show hand 
*** SUMMARY ***
Total pot 30 | Rake 0 
Seat 2: DeMarcoolio (button) (small blind) folded before Flop
Seat 3: Mahu2021 (big blind) collected (30)



PokerStars Hand #253159663568: Tournament #3817811504, $1.84+$0.16 USD Hold'em No Limit - Level II (15/30) - 2024/10/29 18:43:13 CET [2024/10/29 13:43:13 ET]
Table '3817811504 1' 3-max Seat #3 is the button
Seat 2: DeMarcoolio (485 in chips) 
Seat 3: Mahu2021 (1015 in chips) 
Mahu2021: posts small blind 15
DeMarcoolio: posts big blind 30
*** HOLE CARDS ***
Dealt to Mahu2021 [Ah Tc]
Mahu2021: raises 30 to 60
DeMarcoolio: raises 425 to 485 and is all-in
Mahu2021: calls 425
*** FLOP *** [Jh 3d Js]
*** TURN *** [Jh 3d Js] [4h]
*** RIVER *** [Jh 3d Js 4h] [2d]
*** SHOW DOWN ***
DeMarcoolio: shows [6d 7h] (a pair of Jacks)
Mahu2021: shows [Ah Tc] (a pair of Jacks - Ace kicker)
Mahu2021 collected 970 from pot
DeMarcoolio finished the tournament in 2nd place
Mahu2021 wins the tournament and receives $4.00 - congratulations!
*** SUMMARY ***
Total pot 970 | Rake 0 
Board [Jh 3d Js 4h 2d]
Seat 2: DeMarcoolio (big blind) showed [6d 7h] and lost with a pair of Jacks
Seat 3: Mahu2021 (button) (small blind) showed [Ah Tc] and won (970) with a pair of Jacks



