PokerStars Hand #247941670285: Tournament #3693246338, $1.84+$0.16 USD Hold'em No Limit - Level I (10/20) - 2023/12/29 19:01:07 CET [2023/12/29 13:01:07 ET]
Table '3693246338 1' 3-max Seat #1 is the button
Seat 1: M1ND4G41NST (500 in chips) 
Seat 2: Mahu2021 (500 in chips) 
Seat 3: BenniBiceps (500 in chips) 
Mahu2021: posts small blind 10
BenniBiceps: posts big blind 20
*** HOLE CARDS ***
Dealt to Mahu2021 [8h 5d]
M1ND4G41NST: folds 
Mahu2021: folds 
Uncalled bet (10) returned to BenniBiceps
BenniBiceps collected 20 from pot
BenniBiceps: doesn't show hand 
*** SUMMARY ***
Total pot 20 | Rake 0 
Seat 1: M1ND4G41NST (button) folded before Flop (didn't bet)
Seat 2: Mahu2021 (small blind) folded before Flop
Seat 3: BenniBiceps (big blind) collected (20)



PokerStars Hand #247941671569: Tournament #3693246338, $1.84+$0.16 USD Hold'em No Limit - Level I (10/20) - 2023/12/29 19:01:11 CET [2023/12/29 13:01:11 ET]
Table '3693246338 1' 3-max Seat #2 is the button
Seat 1: M1ND4G41NST (500 in chips) 
Seat 2: Mahu2021 (490 in chips) 
Seat 3: BenniBiceps (510 in chips) 
BenniBiceps: posts small blind 10
M1ND4G41NST: posts big blind 20
*** HOLE CARDS ***
Dealt to Mahu2021 [As 8d]
Mahu2021: calls 20
BenniBiceps: calls 10
M1ND4G41NST: raises 480 to 500 and is all-in
Mahu2021: folds 
BenniBiceps: folds 
Uncalled bet (480) returned to M1ND4G41NST
M1ND4G41NST collected 60 from pot
M1ND4G41NST: doesn't show hand 
*** SUMMARY ***
Total pot 60 | Rake 0 
Seat 1: M1ND4G41NST (big blind) collected (60)
Seat 2: Mahu2021 (button) folded before Flop
Seat 3: BenniBiceps (small blind) folded before Flop



PokerStars Hand #247941675768: Tournament #3693246338, $1.84+$0.16 USD Hold'em No Limit - Level I (10/20) - 2023/12/29 19:01:26 CET [2023/12/29 13:01:26 ET]
Table '3693246338 1' 3-max Seat #3 is the button
Seat 1: M1ND4G41NST (540 in chips) 
Seat 2: Mahu2021 (470 in chips) 
Seat 3: BenniBiceps (490 in chips) 
M1ND4G41NST: posts small blind 10
Mahu2021: posts big blind 20
*** HOLE CARDS ***
Dealt to Mahu2021 [Jh 6h]
BenniBiceps: raises 20 to 40
M1ND4G41NST: folds 
Mahu2021: calls 20
*** FLOP *** [2s 4c 2d]
Mahu2021: checks 
BenniBiceps: checks 
*** TURN *** [2s 4c 2d] [6c]
Mahu2021: bets 40
BenniBiceps: calls 40
*** RIVER *** [2s 4c 2d 6c] [8d]
Mahu2021: bets 40
BenniBiceps: folds 
Uncalled bet (40) returned to Mahu2021
Mahu2021 collected 170 from pot
Mahu2021: doesn't show hand 
*** SUMMARY ***
Total pot 170 | Rake 0 
Board [2s 4c 2d 6c 8d]
Seat 1: M1ND4G41NST (small blind) folded before Flop
Seat 2: Mahu2021 (big blind) collected (170)
Seat 3: BenniBiceps (button) folded on the River



PokerStars Hand #247941682395: Tournament #3693246338, $1.84+$0.16 USD Hold'em No Limit - Level I (10/20) - 2023/12/29 19:01:48 CET [2023/12/29 13:01:48 ET]
Table '3693246338 1' 3-max Seat #1 is the button
Seat 1: M1ND4G41NST (530 in chips) 
Seat 2: Mahu2021 (560 in chips) 
Seat 3: BenniBiceps (410 in chips) 
Mahu2021: posts small blind 10
BenniBiceps: posts big blind 20
*** HOLE CARDS ***
Dealt to Mahu2021 [6s 9h]
M1ND4G41NST: folds 
Mahu2021: folds 
Uncalled bet (10) returned to BenniBiceps
BenniBiceps collected 20 from pot
BenniBiceps: doesn't show hand 
*** SUMMARY ***
Total pot 20 | Rake 0 
Seat 1: M1ND4G41NST (button) folded before Flop (didn't bet)
Seat 2: Mahu2021 (small blind) folded before Flop
Seat 3: BenniBiceps (big blind) collected (20)



PokerStars Hand #247941684181: Tournament #3693246338, $1.84+$0.16 USD Hold'em No Limit - Level I (10/20) - 2023/12/29 19:01:54 CET [2023/12/29 13:01:54 ET]
Table '3693246338 1' 3-max Seat #2 is the button
Seat 1: M1ND4G41NST (530 in chips) 
Seat 2: Mahu2021 (550 in chips) 
Seat 3: BenniBiceps (420 in chips) 
BenniBiceps: posts small blind 10
M1ND4G41NST: posts big blind 20
*** HOLE CARDS ***
Dealt to Mahu2021 [7s 5d]
Mahu2021: folds 
BenniBiceps: folds 
Uncalled bet (10) returned to M1ND4G41NST
M1ND4G41NST collected 20 from pot
M1ND4G41NST: doesn't show hand 
*** SUMMARY ***
Total pot 20 | Rake 0 
Seat 1: M1ND4G41NST (big blind) collected (20)
Seat 2: Mahu2021 (button) folded before Flop (didn't bet)
Seat 3: BenniBiceps (small blind) folded before Flop



PokerStars Hand #247941686230: Tournament #3693246338, $1.84+$0.16 USD Hold'em No Limit - Level I (10/20) - 2023/12/29 19:02:01 CET [2023/12/29 13:02:01 ET]
Table '3693246338 1' 3-max Seat #3 is the button
Seat 1: M1ND4G41NST (540 in chips) 
Seat 2: Mahu2021 (550 in chips) 
Seat 3: BenniBiceps (410 in chips) 
M1ND4G41NST: posts small blind 10
Mahu2021: posts big blind 20
*** HOLE CARDS ***
Dealt to Mahu2021 [Qd Ac]
BenniBiceps: folds 
M1ND4G41NST: folds 
Uncalled bet (10) returned to Mahu2021
Mahu2021 collected 20 from pot
Mahu2021: doesn't show hand 
*** SUMMARY ***
Total pot 20 | Rake 0 
Seat 1: M1ND4G41NST (small blind) folded before Flop
Seat 2: Mahu2021 (big blind) collected (20)
Seat 3: BenniBiceps (button) folded before Flop (didn't bet)



PokerStars Hand #247941688420: Tournament #3693246338, $1.84+$0.16 USD Hold'em No Limit - Level I (10/20) - 2023/12/29 19:02:08 CET [2023/12/29 13:02:08 ET]
Table '3693246338 1' 3-max Seat #1 is the button
Seat 1: M1ND4G41NST (530 in chips) 
Seat 2: Mahu2021 (560 in chips) 
Seat 3: BenniBiceps (410 in chips) 
Mahu2021: posts small blind 10
BenniBiceps: posts big blind 20
*** HOLE CARDS ***
Dealt to Mahu2021 [8h Ac]
M1ND4G41NST: folds 
Mahu2021: calls 10
BenniBiceps: checks 
*** FLOP *** [Qs Ah 7s]
Mahu2021: bets 20
BenniBiceps: folds 
Uncalled bet (20) returned to Mahu2021
Mahu2021 collected 40 from pot
Mahu2021: doesn't show hand 
*** SUMMARY ***
Total pot 40 | Rake 0 
Board [Qs Ah 7s]
Seat 1: M1ND4G41NST (button) folded before Flop (didn't bet)
Seat 2: Mahu2021 (small blind) collected (40)
Seat 3: BenniBiceps (big blind) folded on the Flop



PokerStars Hand #247941691683: Tournament #3693246338, $1.84+$0.16 USD Hold'em No Limit - Level I (10/20) - 2023/12/29 19:02:18 CET [2023/12/29 13:02:18 ET]
Table '3693246338 1' 3-max Seat #2 is the button
Seat 1: M1ND4G41NST (530 in chips) 
Seat 2: Mahu2021 (580 in chips) 
Seat 3: BenniBiceps (390 in chips) 
BenniBiceps: posts small blind 10
M1ND4G41NST: posts big blind 20
*** HOLE CARDS ***
Dealt to Mahu2021 [8d Td]
Mahu2021: calls 20
BenniBiceps: calls 10
M1ND4G41NST: raises 510 to 530 and is all-in
Mahu2021: folds 
BenniBiceps: folds 
Uncalled bet (510) returned to M1ND4G41NST
M1ND4G41NST collected 60 from pot
M1ND4G41NST: doesn't show hand 
*** SUMMARY ***
Total pot 60 | Rake 0 
Seat 1: M1ND4G41NST (big blind) collected (60)
Seat 2: Mahu2021 (button) folded before Flop
Seat 3: BenniBiceps (small blind) folded before Flop



PokerStars Hand #247941695504: Tournament #3693246338, $1.84+$0.16 USD Hold'em No Limit - Level I (10/20) - 2023/12/29 19:02:30 CET [2023/12/29 13:02:30 ET]
Table '3693246338 1' 3-max Seat #3 is the button
Seat 1: M1ND4G41NST (570 in chips) 
Seat 2: Mahu2021 (560 in chips) 
Seat 3: BenniBiceps (370 in chips) 
M1ND4G41NST: posts small blind 10
Mahu2021: posts big blind 20
*** HOLE CARDS ***
Dealt to Mahu2021 [6c 4c]
BenniBiceps: folds 
M1ND4G41NST: calls 10
Mahu2021: checks 
*** FLOP *** [2h Qd Kd]
M1ND4G41NST: bets 20
Mahu2021: folds 
Uncalled bet (20) returned to M1ND4G41NST
M1ND4G41NST collected 40 from pot
M1ND4G41NST: doesn't show hand 
*** SUMMARY ***
Total pot 40 | Rake 0 
Board [2h Qd Kd]
Seat 1: M1ND4G41NST (small blind) collected (40)
Seat 2: Mahu2021 (big blind) folded on the Flop
Seat 3: BenniBiceps (button) folded before Flop (didn't bet)



PokerStars Hand #247941702801: Tournament #3693246338, $1.84+$0.16 USD Hold'em No Limit - Level I (10/20) - 2023/12/29 19:02:51 CET [2023/12/29 13:02:51 ET]
Table '3693246338 1' 3-max Seat #1 is the button
Seat 1: M1ND4G41NST (590 in chips) 
Seat 2: Mahu2021 (540 in chips) 
Seat 3: BenniBiceps (370 in chips) 
Mahu2021: posts small blind 10
BenniBiceps: posts big blind 20
*** HOLE CARDS ***
Dealt to Mahu2021 [2s Ah]
M1ND4G41NST: raises 20 to 40
Mahu2021: folds 
BenniBiceps: calls 20
*** FLOP *** [4s Jh Ks]
BenniBiceps: checks 
M1ND4G41NST: bets 27
BenniBiceps: calls 27
*** TURN *** [4s Jh Ks] [Kh]
BenniBiceps: checks 
M1ND4G41NST: checks 
*** RIVER *** [4s Jh Ks Kh] [3d]
BenniBiceps: bets 40
M1ND4G41NST: folds 
Uncalled bet (40) returned to BenniBiceps
BenniBiceps collected 144 from pot
BenniBiceps: doesn't show hand 
*** SUMMARY ***
Total pot 144 | Rake 0 
Board [4s Jh Ks Kh 3d]
Seat 1: M1ND4G41NST (button) folded on the River
Seat 2: Mahu2021 (small blind) folded before Flop
Seat 3: BenniBiceps (big blind) collected (144)



PokerStars Hand #247941718059: Tournament #3693246338, $1.84+$0.16 USD Hold'em No Limit - Level II (15/30) - 2023/12/29 19:03:35 CET [2023/12/29 13:03:35 ET]
Table '3693246338 1' 3-max Seat #2 is the button
Seat 1: M1ND4G41NST (523 in chips) 
Seat 2: Mahu2021 (530 in chips) 
Seat 3: BenniBiceps (447 in chips) 
BenniBiceps: posts small blind 15
M1ND4G41NST: posts big blind 30
*** HOLE CARDS ***
Dealt to Mahu2021 [2d Ac]
Mahu2021: folds 
BenniBiceps: calls 15
M1ND4G41NST: raises 45 to 75
BenniBiceps: folds 
Uncalled bet (45) returned to M1ND4G41NST
M1ND4G41NST collected 60 from pot
M1ND4G41NST: doesn't show hand 
*** SUMMARY ***
Total pot 60 | Rake 0 
Seat 1: M1ND4G41NST (big blind) collected (60)
Seat 2: Mahu2021 (button) folded before Flop (didn't bet)
Seat 3: BenniBiceps (small blind) folded before Flop



PokerStars Hand #247941721450: Tournament #3693246338, $1.84+$0.16 USD Hold'em No Limit - Level II (15/30) - 2023/12/29 19:03:45 CET [2023/12/29 13:03:45 ET]
Table '3693246338 1' 3-max Seat #3 is the button
Seat 1: M1ND4G41NST (553 in chips) 
Seat 2: Mahu2021 (530 in chips) 
Seat 3: BenniBiceps (417 in chips) 
M1ND4G41NST: posts small blind 15
Mahu2021: posts big blind 30
*** HOLE CARDS ***
Dealt to Mahu2021 [Ks 6c]
BenniBiceps: folds 
M1ND4G41NST: calls 15
Mahu2021: checks 
*** FLOP *** [9d 7d Qd]
M1ND4G41NST: bets 30
Mahu2021: folds 
Uncalled bet (30) returned to M1ND4G41NST
M1ND4G41NST collected 60 from pot
M1ND4G41NST: doesn't show hand 
*** SUMMARY ***
Total pot 60 | Rake 0 
Board [9d 7d Qd]
Seat 1: M1ND4G41NST (small blind) collected (60)
Seat 2: Mahu2021 (big blind) folded on the Flop
Seat 3: BenniBiceps (button) folded before Flop (didn't bet)



PokerStars Hand #247941728461: Tournament #3693246338, $1.84+$0.16 USD Hold'em No Limit - Level II (15/30) - 2023/12/29 19:04:06 CET [2023/12/29 13:04:06 ET]
Table '3693246338 1' 3-max Seat #1 is the button
Seat 1: M1ND4G41NST (583 in chips) 
Seat 2: Mahu2021 (500 in chips) 
Seat 3: BenniBiceps (417 in chips) 
Mahu2021: posts small blind 15
BenniBiceps: posts big blind 30
*** HOLE CARDS ***
Dealt to Mahu2021 [3s Tc]
M1ND4G41NST: folds 
Mahu2021: folds 
Uncalled bet (15) returned to BenniBiceps
BenniBiceps collected 30 from pot
BenniBiceps: doesn't show hand 
*** SUMMARY ***
Total pot 30 | Rake 0 
Seat 1: M1ND4G41NST (button) folded before Flop (didn't bet)
Seat 2: Mahu2021 (small blind) folded before Flop
Seat 3: BenniBiceps (big blind) collected (30)



PokerStars Hand #247941730076: Tournament #3693246338, $1.84+$0.16 USD Hold'em No Limit - Level II (15/30) - 2023/12/29 19:04:11 CET [2023/12/29 13:04:11 ET]
Table '3693246338 1' 3-max Seat #2 is the button
Seat 1: M1ND4G41NST (583 in chips) 
Seat 2: Mahu2021 (485 in chips) 
Seat 3: BenniBiceps (432 in chips) 
BenniBiceps: posts small blind 15
M1ND4G41NST: posts big blind 30
*** HOLE CARDS ***
Dealt to Mahu2021 [6d Th]
Mahu2021: folds 
BenniBiceps: raises 30 to 60
M1ND4G41NST: calls 30
*** FLOP *** [Qd 7s Jd]
BenniBiceps: bets 60
M1ND4G41NST: folds 
Uncalled bet (60) returned to BenniBiceps
BenniBiceps collected 120 from pot
BenniBiceps: doesn't show hand 
*** SUMMARY ***
Total pot 120 | Rake 0 
Board [Qd 7s Jd]
Seat 1: M1ND4G41NST (big blind) folded on the Flop
Seat 2: Mahu2021 (button) folded before Flop (didn't bet)
Seat 3: BenniBiceps (small blind) collected (120)



PokerStars Hand #247941736821: Tournament #3693246338, $1.84+$0.16 USD Hold'em No Limit - Level II (15/30) - 2023/12/29 19:04:30 CET [2023/12/29 13:04:30 ET]
Table '3693246338 1' 3-max Seat #3 is the button
Seat 1: M1ND4G41NST (523 in chips) 
Seat 2: Mahu2021 (485 in chips) 
Seat 3: BenniBiceps (492 in chips) 
M1ND4G41NST: posts small blind 15
Mahu2021: posts big blind 30
*** HOLE CARDS ***
Dealt to Mahu2021 [Td 4s]
BenniBiceps: folds 
M1ND4G41NST: folds 
Uncalled bet (15) returned to Mahu2021
Mahu2021 collected 30 from pot
Mahu2021: doesn't show hand 
*** SUMMARY ***
Total pot 30 | Rake 0 
Seat 1: M1ND4G41NST (small blind) folded before Flop
Seat 2: Mahu2021 (big blind) collected (30)
Seat 3: BenniBiceps (button) folded before Flop (didn't bet)



PokerStars Hand #247941738791: Tournament #3693246338, $1.84+$0.16 USD Hold'em No Limit - Level II (15/30) - 2023/12/29 19:04:36 CET [2023/12/29 13:04:36 ET]
Table '3693246338 1' 3-max Seat #1 is the button
Seat 1: M1ND4G41NST (508 in chips) 
Seat 2: Mahu2021 (500 in chips) 
Seat 3: BenniBiceps (492 in chips) 
Mahu2021: posts small blind 15
BenniBiceps: posts big blind 30
*** HOLE CARDS ***
Dealt to Mahu2021 [9d Qd]
M1ND4G41NST: folds 
Mahu2021: raises 30 to 60
BenniBiceps: calls 30
*** FLOP *** [4h Ac Ts]
Mahu2021: checks 
BenniBiceps: bets 60
Mahu2021: folds 
Uncalled bet (60) returned to BenniBiceps
BenniBiceps collected 120 from pot
BenniBiceps: doesn't show hand 
*** SUMMARY ***
Total pot 120 | Rake 0 
Board [4h Ac Ts]
Seat 1: M1ND4G41NST (button) folded before Flop (didn't bet)
Seat 2: Mahu2021 (small blind) folded on the Flop
Seat 3: BenniBiceps (big blind) collected (120)



PokerStars Hand #247941743493: Tournament #3693246338, $1.84+$0.16 USD Hold'em No Limit - Level II (15/30) - 2023/12/29 19:04:49 CET [2023/12/29 13:04:49 ET]
Table '3693246338 1' 3-max Seat #2 is the button
Seat 1: M1ND4G41NST (508 in chips) 
Seat 2: Mahu2021 (440 in chips) 
Seat 3: BenniBiceps (552 in chips) 
BenniBiceps: posts small blind 15
M1ND4G41NST: posts big blind 30
*** HOLE CARDS ***
Dealt to Mahu2021 [4h As]
Mahu2021: calls 30
BenniBiceps: calls 15
M1ND4G41NST: raises 478 to 508 and is all-in
Mahu2021: folds 
BenniBiceps: folds 
Uncalled bet (478) returned to M1ND4G41NST
M1ND4G41NST collected 90 from pot
M1ND4G41NST: doesn't show hand 
*** SUMMARY ***
Total pot 90 | Rake 0 
Seat 1: M1ND4G41NST (big blind) collected (90)
Seat 2: Mahu2021 (button) folded before Flop
Seat 3: BenniBiceps (small blind) folded before Flop



PokerStars Hand #247941747109: Tournament #3693246338, $1.84+$0.16 USD Hold'em No Limit - Level II (15/30) - 2023/12/29 19:05:00 CET [2023/12/29 13:05:00 ET]
Table '3693246338 1' 3-max Seat #3 is the button
Seat 1: M1ND4G41NST (568 in chips) 
Seat 2: Mahu2021 (410 in chips) 
Seat 3: BenniBiceps (522 in chips) 
M1ND4G41NST: posts small blind 15
Mahu2021: posts big blind 30
*** HOLE CARDS ***
Dealt to Mahu2021 [4c 7h]
BenniBiceps: raises 30 to 60
M1ND4G41NST: folds 
Mahu2021: folds 
Uncalled bet (30) returned to BenniBiceps
BenniBiceps collected 75 from pot
BenniBiceps: doesn't show hand 
*** SUMMARY ***
Total pot 75 | Rake 0 
Seat 1: M1ND4G41NST (small blind) folded before Flop
Seat 2: Mahu2021 (big blind) folded before Flop
Seat 3: BenniBiceps (button) collected (75)



PokerStars Hand #247941751807: Tournament #3693246338, $1.84+$0.16 USD Hold'em No Limit - Level III (20/40) - 2023/12/29 19:05:13 CET [2023/12/29 13:05:13 ET]
Table '3693246338 1' 3-max Seat #1 is the button
Seat 1: M1ND4G41NST (553 in chips) 
Seat 2: Mahu2021 (380 in chips) 
Seat 3: BenniBiceps (567 in chips) 
Mahu2021: posts small blind 20
BenniBiceps: posts big blind 40
*** HOLE CARDS ***
Dealt to Mahu2021 [3d Th]
M1ND4G41NST: folds 
Mahu2021: folds 
Uncalled bet (20) returned to BenniBiceps
BenniBiceps collected 40 from pot
BenniBiceps: doesn't show hand 
*** SUMMARY ***
Total pot 40 | Rake 0 
Seat 1: M1ND4G41NST (button) folded before Flop (didn't bet)
Seat 2: Mahu2021 (small blind) folded before Flop
Seat 3: BenniBiceps (big blind) collected (40)



PokerStars Hand #247941753296: Tournament #3693246338, $1.84+$0.16 USD Hold'em No Limit - Level III (20/40) - 2023/12/29 19:05:17 CET [2023/12/29 13:05:17 ET]
Table '3693246338 1' 3-max Seat #2 is the button
Seat 1: M1ND4G41NST (553 in chips) 
Seat 2: Mahu2021 (360 in chips) 
Seat 3: BenniBiceps (587 in chips) 
BenniBiceps: posts small blind 20
M1ND4G41NST: posts big blind 40
*** HOLE CARDS ***
Dealt to Mahu2021 [4d 5c]
Mahu2021: folds 
BenniBiceps: calls 20
M1ND4G41NST: checks 
*** FLOP *** [Jd 2c 4s]
BenniBiceps: checks 
M1ND4G41NST: bets 40
BenniBiceps: calls 40
*** TURN *** [Jd 2c 4s] [9h]
BenniBiceps: checks 
M1ND4G41NST: bets 80
BenniBiceps: folds 
Uncalled bet (80) returned to M1ND4G41NST
M1ND4G41NST collected 160 from pot
M1ND4G41NST: doesn't show hand 
*** SUMMARY ***
Total pot 160 | Rake 0 
Board [Jd 2c 4s 9h]
Seat 1: M1ND4G41NST (big blind) collected (160)
Seat 2: Mahu2021 (button) folded before Flop (didn't bet)
Seat 3: BenniBiceps (small blind) folded on the Turn



PokerStars Hand #247941761419: Tournament #3693246338, $1.84+$0.16 USD Hold'em No Limit - Level III (20/40) - 2023/12/29 19:05:41 CET [2023/12/29 13:05:41 ET]
Table '3693246338 1' 3-max Seat #3 is the button
Seat 1: M1ND4G41NST (633 in chips) 
Seat 2: Mahu2021 (360 in chips) 
Seat 3: BenniBiceps (507 in chips) 
M1ND4G41NST: posts small blind 20
Mahu2021: posts big blind 40
*** HOLE CARDS ***
Dealt to Mahu2021 [3d Jd]
BenniBiceps: folds 
M1ND4G41NST: raises 593 to 633 and is all-in
Mahu2021: folds 
Uncalled bet (593) returned to M1ND4G41NST
M1ND4G41NST collected 80 from pot
M1ND4G41NST: doesn't show hand 
*** SUMMARY ***
Total pot 80 | Rake 0 
Seat 1: M1ND4G41NST (small blind) collected (80)
Seat 2: Mahu2021 (big blind) folded before Flop
Seat 3: BenniBiceps (button) folded before Flop (didn't bet)



PokerStars Hand #247941764290: Tournament #3693246338, $1.84+$0.16 USD Hold'em No Limit - Level III (20/40) - 2023/12/29 19:05:49 CET [2023/12/29 13:05:49 ET]
Table '3693246338 1' 3-max Seat #1 is the button
Seat 1: M1ND4G41NST (673 in chips) 
Seat 2: Mahu2021 (320 in chips) 
Seat 3: BenniBiceps (507 in chips) 
Mahu2021: posts small blind 20
BenniBiceps: posts big blind 40
*** HOLE CARDS ***
Dealt to Mahu2021 [Ac 6c]
M1ND4G41NST: raises 40 to 80
Mahu2021: calls 60
BenniBiceps: folds 
*** FLOP *** [2c 6h 3h]
Mahu2021: bets 240 and is all-in
M1ND4G41NST: folds 
Uncalled bet (240) returned to Mahu2021
Mahu2021 collected 200 from pot
Mahu2021: doesn't show hand 
*** SUMMARY ***
Total pot 200 | Rake 0 
Board [2c 6h 3h]
Seat 1: M1ND4G41NST (button) folded on the Flop
Seat 2: Mahu2021 (small blind) collected (200)
Seat 3: BenniBiceps (big blind) folded before Flop



PokerStars Hand #247941771521: Tournament #3693246338, $1.84+$0.16 USD Hold'em No Limit - Level III (20/40) - 2023/12/29 19:06:10 CET [2023/12/29 13:06:10 ET]
Table '3693246338 1' 3-max Seat #2 is the button
Seat 1: M1ND4G41NST (593 in chips) 
Seat 2: Mahu2021 (440 in chips) 
Seat 3: BenniBiceps (467 in chips) 
BenniBiceps: posts small blind 20
M1ND4G41NST: posts big blind 40
*** HOLE CARDS ***
Dealt to Mahu2021 [Ks 4h]
Mahu2021: folds 
BenniBiceps: raises 427 to 467 and is all-in
M1ND4G41NST: calls 427
*** FLOP *** [2s 6d 8s]
*** TURN *** [2s 6d 8s] [5d]
*** RIVER *** [2s 6d 8s 5d] [Kc]
*** SHOW DOWN ***
BenniBiceps: shows [As 3h] (high card Ace)
M1ND4G41NST: shows [Jc Ac] (high card Ace - King+Jack kicker)
M1ND4G41NST collected 934 from pot
BenniBiceps finished the tournament in 3rd place
*** SUMMARY ***
Total pot 934 | Rake 0 
Board [2s 6d 8s 5d Kc]
Seat 1: M1ND4G41NST (big blind) showed [Jc Ac] and won (934) with high card Ace
Seat 2: Mahu2021 (button) folded before Flop (didn't bet)
Seat 3: BenniBiceps (small blind) showed [As 3h] and lost with high card Ace



PokerStars Hand #247941779658: Tournament #3693246338, $1.84+$0.16 USD Hold'em No Limit - Level III (20/40) - 2023/12/29 19:06:33 CET [2023/12/29 13:06:33 ET]
Table '3693246338 1' 3-max Seat #1 is the button
Seat 1: M1ND4G41NST (1060 in chips) 
Seat 2: Mahu2021 (440 in chips) 
M1ND4G41NST: posts small blind 20
Mahu2021: posts big blind 40
*** HOLE CARDS ***
Dealt to Mahu2021 [5s Th]
M1ND4G41NST: raises 40 to 80
Mahu2021: folds 
Uncalled bet (40) returned to M1ND4G41NST
M1ND4G41NST collected 80 from pot
M1ND4G41NST: doesn't show hand 
*** SUMMARY ***
Total pot 80 | Rake 0 
Seat 1: M1ND4G41NST (button) (small blind) collected (80)
Seat 2: Mahu2021 (big blind) folded before Flop



PokerStars Hand #247941782888: Tournament #3693246338, $1.84+$0.16 USD Hold'em No Limit - Level III (20/40) - 2023/12/29 19:06:43 CET [2023/12/29 13:06:43 ET]
Table '3693246338 1' 3-max Seat #2 is the button
Seat 1: M1ND4G41NST (1100 in chips) 
Seat 2: Mahu2021 (400 in chips) 
Mahu2021: posts small blind 20
M1ND4G41NST: posts big blind 40
*** HOLE CARDS ***
Dealt to Mahu2021 [As 7h]
Mahu2021: calls 20
M1ND4G41NST: raises 60 to 100
Mahu2021: raises 300 to 400 and is all-in
M1ND4G41NST: folds 
Uncalled bet (300) returned to Mahu2021
Mahu2021 collected 200 from pot
Mahu2021: doesn't show hand 
*** SUMMARY ***
Total pot 200 | Rake 0 
Seat 1: M1ND4G41NST (big blind) folded before Flop
Seat 2: Mahu2021 (button) (small blind) collected (200)



PokerStars Hand #247941788756: Tournament #3693246338, $1.84+$0.16 USD Hold'em No Limit - Level III (20/40) - 2023/12/29 19:07:00 CET [2023/12/29 13:07:00 ET]
Table '3693246338 1' 3-max Seat #1 is the button
Seat 1: M1ND4G41NST (1000 in chips) 
Seat 2: Mahu2021 (500 in chips) 
M1ND4G41NST: posts small blind 20
Mahu2021: posts big blind 40
*** HOLE CARDS ***
Dealt to Mahu2021 [9c Ac]
M1ND4G41NST: raises 40 to 80
Mahu2021: raises 420 to 500 and is all-in
M1ND4G41NST: folds 
Uncalled bet (420) returned to Mahu2021
Mahu2021 collected 160 from pot
Mahu2021: doesn't show hand 
*** SUMMARY ***
Total pot 160 | Rake 0 
Seat 1: M1ND4G41NST (button) (small blind) folded before Flop
Seat 2: Mahu2021 (big blind) collected (160)



PokerStars Hand #247941792708: Tournament #3693246338, $1.84+$0.16 USD Hold'em No Limit - Level IV (30/60) - 2023/12/29 19:07:11 CET [2023/12/29 13:07:11 ET]
Table '3693246338 1' 3-max Seat #2 is the button
Seat 1: M1ND4G41NST (920 in chips) 
Seat 2: Mahu2021 (580 in chips) 
Mahu2021: posts small blind 30
M1ND4G41NST: posts big blind 60
*** HOLE CARDS ***
Dealt to Mahu2021 [8s 9h]
Mahu2021: calls 30
M1ND4G41NST: checks 
*** FLOP *** [Ks 6c 5h]
M1ND4G41NST: checks 
Mahu2021: checks 
*** TURN *** [Ks 6c 5h] [5c]
M1ND4G41NST: checks 
Mahu2021: checks 
*** RIVER *** [Ks 6c 5h 5c] [9s]
M1ND4G41NST: checks 
Mahu2021: bets 60
M1ND4G41NST: calls 60
*** SHOW DOWN ***
Mahu2021: shows [8s 9h] (two pair, Nines and Fives)
M1ND4G41NST: shows [9d 2s] (two pair, Nines and Fives)
M1ND4G41NST collected 120 from pot
Mahu2021 collected 120 from pot
*** SUMMARY ***
Total pot 240 | Rake 0 
Board [Ks 6c 5h 5c 9s]
Seat 1: M1ND4G41NST (big blind) showed [9d 2s] and won (120) with two pair, Nines and Fives
Seat 2: Mahu2021 (button) (small blind) showed [8s 9h] and won (120) with two pair, Nines and Fives



PokerStars Hand #247941805628: Tournament #3693246338, $1.84+$0.16 USD Hold'em No Limit - Level IV (30/60) - 2023/12/29 19:07:48 CET [2023/12/29 13:07:48 ET]
Table '3693246338 1' 3-max Seat #1 is the button
Seat 1: M1ND4G41NST (920 in chips) 
Seat 2: Mahu2021 (580 in chips) 
M1ND4G41NST: posts small blind 30
Mahu2021: posts big blind 60
*** HOLE CARDS ***
Dealt to Mahu2021 [6d Js]
M1ND4G41NST: raises 860 to 920 and is all-in
Mahu2021: folds 
Uncalled bet (860) returned to M1ND4G41NST
M1ND4G41NST collected 120 from pot
M1ND4G41NST: doesn't show hand 
*** SUMMARY ***
Total pot 120 | Rake 0 
Seat 1: M1ND4G41NST (button) (small blind) collected (120)
Seat 2: Mahu2021 (big blind) folded before Flop



PokerStars Hand #247941809526: Tournament #3693246338, $1.84+$0.16 USD Hold'em No Limit - Level IV (30/60) - 2023/12/29 19:08:00 CET [2023/12/29 13:08:00 ET]
Table '3693246338 1' 3-max Seat #2 is the button
Seat 1: M1ND4G41NST (980 in chips) 
Seat 2: Mahu2021 (520 in chips) 
Mahu2021: posts small blind 30
M1ND4G41NST: posts big blind 60
*** HOLE CARDS ***
Dealt to Mahu2021 [5c 2s]
Mahu2021: folds 
Uncalled bet (30) returned to M1ND4G41NST
M1ND4G41NST collected 60 from pot
M1ND4G41NST: doesn't show hand 
*** SUMMARY ***
Total pot 60 | Rake 0 
Seat 1: M1ND4G41NST (big blind) collected (60)
Seat 2: Mahu2021 (button) (small blind) folded before Flop



PokerStars Hand #247941811175: Tournament #3693246338, $1.84+$0.16 USD Hold'em No Limit - Level IV (30/60) - 2023/12/29 19:08:04 CET [2023/12/29 13:08:04 ET]
Table '3693246338 1' 3-max Seat #1 is the button
Seat 1: M1ND4G41NST (1010 in chips) 
Seat 2: Mahu2021 (490 in chips) 
M1ND4G41NST: posts small blind 30
Mahu2021: posts big blind 60
*** HOLE CARDS ***
Dealt to Mahu2021 [Qs 7c]
M1ND4G41NST: raises 950 to 1010 and is all-in
Mahu2021: folds 
Uncalled bet (950) returned to M1ND4G41NST
M1ND4G41NST collected 120 from pot
M1ND4G41NST: doesn't show hand 
*** SUMMARY ***
Total pot 120 | Rake 0 
Seat 1: M1ND4G41NST (button) (small blind) collected (120)
Seat 2: Mahu2021 (big blind) folded before Flop



PokerStars Hand #247941813320: Tournament #3693246338, $1.84+$0.16 USD Hold'em No Limit - Level IV (30/60) - 2023/12/29 19:08:11 CET [2023/12/29 13:08:11 ET]
Table '3693246338 1' 3-max Seat #2 is the button
Seat 1: M1ND4G41NST (1070 in chips) 
Seat 2: Mahu2021 (430 in chips) 
Mahu2021: posts small blind 30
M1ND4G41NST: posts big blind 60
*** HOLE CARDS ***
Dealt to Mahu2021 [Jd Ac]
Mahu2021: calls 30
M1ND4G41NST: checks 
*** FLOP *** [8d 5h 7h]
M1ND4G41NST: checks 
Mahu2021: checks 
*** TURN *** [8d 5h 7h] [Th]
M1ND4G41NST: bets 60
Mahu2021: folds 
Uncalled bet (60) returned to M1ND4G41NST
M1ND4G41NST collected 120 from pot
M1ND4G41NST: doesn't show hand 
*** SUMMARY ***
Total pot 120 | Rake 0 
Board [8d 5h 7h Th]
Seat 1: M1ND4G41NST (big blind) collected (120)
Seat 2: Mahu2021 (button) (small blind) folded on the Turn



PokerStars Hand #247941821211: Tournament #3693246338, $1.84+$0.16 USD Hold'em No Limit - Level IV (30/60) - 2023/12/29 19:08:34 CET [2023/12/29 13:08:34 ET]
Table '3693246338 1' 3-max Seat #1 is the button
Seat 1: M1ND4G41NST (1130 in chips) 
Seat 2: Mahu2021 (370 in chips) 
M1ND4G41NST: posts small blind 30
Mahu2021: posts big blind 60
*** HOLE CARDS ***
Dealt to Mahu2021 [8h 2c]
M1ND4G41NST: raises 1070 to 1130 and is all-in
Mahu2021: folds 
Uncalled bet (1070) returned to M1ND4G41NST
M1ND4G41NST collected 120 from pot
M1ND4G41NST: doesn't show hand 
*** SUMMARY ***
Total pot 120 | Rake 0 
Seat 1: M1ND4G41NST (button) (small blind) collected (120)
Seat 2: Mahu2021 (big blind) folded before Flop



PokerStars Hand #247941822947: Tournament #3693246338, $1.84+$0.16 USD Hold'em No Limit - Level IV (30/60) - 2023/12/29 19:08:39 CET [2023/12/29 13:08:39 ET]
Table '3693246338 1' 3-max Seat #2 is the button
Seat 1: M1ND4G41NST (1190 in chips) 
Seat 2: Mahu2021 (310 in chips) 
Mahu2021: posts small blind 30
M1ND4G41NST: posts big blind 60
*** HOLE CARDS ***
Dealt to Mahu2021 [3h 6h]
Mahu2021: calls 30
M1ND4G41NST: checks 
*** FLOP *** [2d 6d 3s]
M1ND4G41NST: bets 90
Mahu2021: raises 160 to 250 and is all-in
M1ND4G41NST: calls 160
*** TURN *** [2d 6d 3s] [6s]
*** RIVER *** [2d 6d 3s 6s] [7d]
*** SHOW DOWN ***
M1ND4G41NST: shows [3d 6c] (a full house, Sixes full of Threes)
Mahu2021: shows [3h 6h] (a full house, Sixes full of Threes)
M1ND4G41NST collected 310 from pot
Mahu2021 collected 310 from pot
*** SUMMARY ***
Total pot 620 | Rake 0 
Board [2d 6d 3s 6s 7d]
Seat 1: M1ND4G41NST (big blind) showed [3d 6c] and won (310) with a full house, Sixes full of Threes
Seat 2: Mahu2021 (button) (small blind) showed [3h 6h] and won (310) with a full house, Sixes full of Threes



PokerStars Hand #247941832579: Tournament #3693246338, $1.84+$0.16 USD Hold'em No Limit - Level IV (30/60) - 2023/12/29 19:09:07 CET [2023/12/29 13:09:07 ET]
Table '3693246338 1' 3-max Seat #1 is the button
Seat 1: M1ND4G41NST (1190 in chips) 
Seat 2: Mahu2021 (310 in chips) 
M1ND4G41NST: posts small blind 30
Mahu2021: posts big blind 60
*** HOLE CARDS ***
Dealt to Mahu2021 [4d 3c]
M1ND4G41NST: raises 1130 to 1190 and is all-in
Mahu2021: folds 
Uncalled bet (1130) returned to M1ND4G41NST
M1ND4G41NST collected 120 from pot
M1ND4G41NST: doesn't show hand 
*** SUMMARY ***
Total pot 120 | Rake 0 
Seat 1: M1ND4G41NST (button) (small blind) collected (120)
Seat 2: Mahu2021 (big blind) folded before Flop



PokerStars Hand #247941837606: Tournament #3693246338, $1.84+$0.16 USD Hold'em No Limit - Level V (40/80) - 2023/12/29 19:09:21 CET [2023/12/29 13:09:21 ET]
Table '3693246338 1' 3-max Seat #2 is the button
Seat 1: M1ND4G41NST (1250 in chips) 
Seat 2: Mahu2021 (250 in chips) 
Mahu2021: posts small blind 40
M1ND4G41NST: posts big blind 80
*** HOLE CARDS ***
Dealt to Mahu2021 [3c Kh]
Mahu2021: raises 170 to 250 and is all-in
M1ND4G41NST: calls 170
*** FLOP *** [2s 2d Js]
*** TURN *** [2s 2d Js] [Qh]
*** RIVER *** [2s 2d Js Qh] [Qc]
*** SHOW DOWN ***
M1ND4G41NST: shows [9s 9h] (two pair, Queens and Nines)
Mahu2021: shows [3c Kh] (two pair, Queens and Deuces)
M1ND4G41NST collected 500 from pot
Mahu2021 finished the tournament in 2nd place
M1ND4G41NST wins the tournament and receives $4.00 - congratulations!
*** SUMMARY ***
Total pot 500 | Rake 0 
Board [2s 2d Js Qh Qc]
Seat 1: M1ND4G41NST (big blind) showed [9s 9h] and won (500) with two pair, Queens and Nines
Seat 2: Mahu2021 (button) (small blind) showed [3c Kh] and lost with two pair, Queens and Deuces



