PokerStars Hand #252892666059: Tournament #3808437921, $10.27+$0.73 USD Hold'em No Limit - Level I (40/80) - 2024/10/12 19:24:47 CET [2024/10/12 13:24:47 ET]
Table '3808437921 16' 8-max Seat #1 is the button
Seat 1: foxjoke (10000 in chips) 
Seat 2: Bexinix (10000 in chips) 
Seat 4: corso_tukory (10000 in chips) 
Seat 5: Mahu2021 (10000 in chips) 
Seat 6: best.sluckz (10000 in chips) 
Seat 7: pu capable (10000 in chips) 
Seat 8: silviu2019 (10000 in chips) 
foxjoke: posts the ante 8
Bexinix: posts the ante 8
corso_tukory: posts the ante 8
Mahu2021: posts the ante 8
best.sluckz: posts the ante 8
pu capable: posts the ante 8
silviu2019: posts the ante 8
Bexinix: posts small blind 40
corso_tukory: posts big blind 80
*** HOLE CARDS ***
Dealt to Mahu2021 [6h Qh]
Mahu2021: folds 
best.sluckz: folds 
Sticker1994 is disconnected 
pu capable: folds 
silviu2019: folds 
foxjoke: folds 
Bexinix: raises 160 to 240
corso_tukory: calls 160
*** FLOP *** [Js Ad 3c]
Bexinix: checks 
corso_tukory: checks 
*** TURN *** [Js Ad 3c] [8d]
Bexinix: checks 
corso_tukory: bets 160
Bexinix: calls 160
*** RIVER *** [Js Ad 3c 8d] [As]
Bexinix: checks 
corso_tukory: checks 
*** SHOW DOWN ***
Bexinix: shows [5s Ac] (three of a kind, Aces)
corso_tukory: mucks hand 
Bexinix collected 856 from pot
*** SUMMARY ***
Total pot 856 | Rake 0 
Board [Js Ad 3c 8d As]
Seat 1: foxjoke (button) folded before Flop (didn't bet)
Seat 2: Bexinix (small blind) showed [5s Ac] and won (856) with three of a kind, Aces
Seat 4: corso_tukory (big blind) mucked [Qd 3d]
Seat 5: Mahu2021 folded before Flop (didn't bet)
Seat 6: best.sluckz folded before Flop (didn't bet)
Seat 7: pu capable folded before Flop (didn't bet)
Seat 8: silviu2019 folded before Flop (didn't bet)



PokerStars Hand #252892686442: Tournament #3808437921, $10.27+$0.73 USD Hold'em No Limit - Level I (40/80) - 2024/10/12 19:26:00 CET [2024/10/12 13:26:00 ET]
Table '3808437921 16' 8-max Seat #2 is the button
Seat 1: foxjoke (9992 in chips) 
Seat 2: Bexinix (10448 in chips) 
Seat 3: Sticker1994 (10000 in chips) out of hand (moved from another table into small blind)
Seat 4: corso_tukory (9592 in chips) 
Seat 5: Mahu2021 (9992 in chips) 
Seat 6: best.sluckz (9992 in chips) 
Seat 7: pu capable (9992 in chips) 
Seat 8: silviu2019 (9992 in chips) 
Sticker1994 will be allowed to play after the button
foxjoke: posts the ante 8
Bexinix: posts the ante 8
corso_tukory: posts the ante 8
Mahu2021: posts the ante 8
best.sluckz: posts the ante 8
pu capable: posts the ante 8
silviu2019: posts the ante 8
corso_tukory: posts small blind 40
Mahu2021: posts big blind 80
*** HOLE CARDS ***
Dealt to Mahu2021 [2h 8s]
best.sluckz: folds 
pu capable: folds 
silviu2019: folds 
foxjoke: folds 
Bexinix: raises 160 to 240
corso_tukory: folds 
Mahu2021: folds 
Uncalled bet (160) returned to Bexinix
Bexinix collected 256 from pot
*** SUMMARY ***
Total pot 256 | Rake 0 
Seat 1: foxjoke folded before Flop (didn't bet)
Seat 2: Bexinix (button) collected (256)
Seat 4: corso_tukory (small blind) folded before Flop
Seat 5: Mahu2021 (big blind) folded before Flop
Seat 6: best.sluckz folded before Flop (didn't bet)
Seat 7: pu capable folded before Flop (didn't bet)
Seat 8: silviu2019 folded before Flop (didn't bet)



PokerStars Hand #252892695217: Tournament #3808437921, $10.27+$0.73 USD Hold'em No Limit - Level I (40/80) - 2024/10/12 19:26:31 CET [2024/10/12 13:26:31 ET]
Table '3808437921 16' 8-max Seat #4 is the button
Seat 1: foxjoke (9984 in chips) 
Seat 2: Bexinix (10616 in chips) 
Seat 3: Sticker1994 (10000 in chips) 
Seat 4: corso_tukory (9544 in chips) 
Seat 5: Mahu2021 (9904 in chips) 
Seat 7: pu capable (9984 in chips) 
Seat 8: silviu2019 (9984 in chips) 
foxjoke: posts the ante 8
Bexinix: posts the ante 8
Sticker1994: posts the ante 8
corso_tukory: posts the ante 8
Mahu2021: posts the ante 8
pu capable: posts the ante 8
silviu2019: posts the ante 8
Mahu2021: posts small blind 40
pu capable: posts big blind 80
*** HOLE CARDS ***
Dealt to Mahu2021 [3d Th]
silviu2019: folds 
foxjoke: raises 120 to 200
Bexinix: folds 
Sticker1994: folds 
corso_tukory: folds 
Mahu2021: folds 
pu capable: folds 
Uncalled bet (120) returned to foxjoke
foxjoke collected 256 from pot
foxjoke: doesn't show hand 
*** SUMMARY ***
Total pot 256 | Rake 0 
Seat 1: foxjoke collected (256)
Seat 2: Bexinix folded before Flop (didn't bet)
Seat 3: Sticker1994 folded before Flop (didn't bet)
Seat 4: corso_tukory (button) folded before Flop (didn't bet)
Seat 5: Mahu2021 (small blind) folded before Flop
Seat 7: pu capable (big blind) folded before Flop
Seat 8: silviu2019 folded before Flop (didn't bet)



PokerStars Hand #252892700795: Tournament #3808437921, $10.27+$0.73 USD Hold'em No Limit - Level I (40/80) - 2024/10/12 19:26:51 CET [2024/10/12 13:26:51 ET]
Table '3808437921 16' 8-max Seat #5 is the button
Seat 1: foxjoke (10152 in chips) 
Seat 2: Bexinix (10608 in chips) 
Seat 3: Sticker1994 (9992 in chips) 
Seat 4: corso_tukory (9536 in chips) 
Seat 5: Mahu2021 (9856 in chips) 
Seat 7: pu capable (9896 in chips) 
Seat 8: silviu2019 (9976 in chips) 
foxjoke: posts the ante 8
Bexinix: posts the ante 8
Sticker1994: posts the ante 8
corso_tukory: posts the ante 8
Mahu2021: posts the ante 8
pu capable: posts the ante 8
silviu2019: posts the ante 8
pu capable: posts small blind 40
silviu2019: posts big blind 80
*** HOLE CARDS ***
Dealt to Mahu2021 [5h Ah]
foxjoke: raises 120 to 200
Bexinix: folds 
Sticker1994: folds 
corso_tukory: folds 
Mahu2021: calls 200
pu capable: folds 
silviu2019: folds 
*** FLOP *** [Jh 9d 8h]
foxjoke: checks 
Mahu2021: bets 576
foxjoke: folds 
Uncalled bet (576) returned to Mahu2021
Mahu2021 collected 576 from pot
Mahu2021: doesn't show hand 
*** SUMMARY ***
Total pot 576 | Rake 0 
Board [Jh 9d 8h]
Seat 1: foxjoke folded on the Flop
Seat 2: Bexinix folded before Flop (didn't bet)
Seat 3: Sticker1994 folded before Flop (didn't bet)
Seat 4: corso_tukory folded before Flop (didn't bet)
Seat 5: Mahu2021 (button) collected (576)
Seat 7: pu capable (small blind) folded before Flop
Seat 8: silviu2019 (big blind) folded before Flop



PokerStars Hand #252892712341: Tournament #3808437921, $10.27+$0.73 USD Hold'em No Limit - Level I (40/80) - 2024/10/12 19:27:32 CET [2024/10/12 13:27:32 ET]
Table '3808437921 16' 8-max Seat #7 is the button
Seat 1: foxjoke (9944 in chips) 
Seat 2: Bexinix (10600 in chips) 
Seat 3: Sticker1994 (9984 in chips) 
Seat 4: corso_tukory (9528 in chips) 
Seat 5: Mahu2021 (10224 in chips) 
Seat 7: pu capable (9848 in chips) 
Seat 8: silviu2019 (9888 in chips) 
foxjoke: posts the ante 8
Bexinix: posts the ante 8
Sticker1994: posts the ante 8
corso_tukory: posts the ante 8
Mahu2021: posts the ante 8
pu capable: posts the ante 8
silviu2019: posts the ante 8
silviu2019: posts small blind 40
foxjoke: posts big blind 80
*** HOLE CARDS ***
Dealt to Mahu2021 [Tc 6s]
Bexinix: raises 160 to 240
Sticker1994: folds 
corso_tukory: folds 
Mahu2021: folds 
pu capable: folds 
silviu2019: calls 200
foxjoke: folds 
*** FLOP *** [Ts Qd 6d]
silviu2019: bets 80
Bexinix: calls 80
*** TURN *** [Ts Qd 6d] [3c]
silviu2019: bets 160
Bexinix: calls 160
*** RIVER *** [Ts Qd 6d 3c] [4s]
silviu2019: bets 160
Bexinix: raises 480 to 640
silviu2019: calls 480
*** SHOW DOWN ***
Bexinix: shows [Qh Js] (a pair of Queens)
silviu2019: mucks hand 
Bexinix collected 2376 from pot
*** SUMMARY ***
Total pot 2376 | Rake 0 
Board [Ts Qd 6d 3c 4s]
Seat 1: foxjoke (big blind) folded before Flop
Seat 2: Bexinix showed [Qh Js] and won (2376) with a pair of Queens
Seat 3: Sticker1994 folded before Flop (didn't bet)
Seat 4: corso_tukory folded before Flop (didn't bet)
Seat 5: Mahu2021 folded before Flop (didn't bet)
Seat 7: pu capable (button) folded before Flop (didn't bet)
Seat 8: silviu2019 (small blind) mucked [6c Ah]



PokerStars Hand #252892729763: Tournament #3808437921, $10.27+$0.73 USD Hold'em No Limit - Level I (40/80) - 2024/10/12 19:28:35 CET [2024/10/12 13:28:35 ET]
Table '3808437921 16' 8-max Seat #8 is the button
Seat 1: foxjoke (9856 in chips) 
Seat 2: Bexinix (11848 in chips) 
Seat 3: Sticker1994 (9976 in chips) 
Seat 4: corso_tukory (9520 in chips) 
Seat 5: Mahu2021 (10216 in chips) 
Seat 6: Alashi (10000 in chips) 
Seat 7: pu capable (9840 in chips) 
Seat 8: silviu2019 (8760 in chips) 
foxjoke: posts the ante 8
Bexinix: posts the ante 8
Sticker1994: posts the ante 8
corso_tukory: posts the ante 8
Mahu2021: posts the ante 8
Alashi: posts the ante 8
pu capable: posts the ante 8
silviu2019: posts the ante 8
foxjoke: posts small blind 40
Bexinix: posts big blind 80
*** HOLE CARDS ***
Dealt to Mahu2021 [Ac 6s]
Sticker1994: folds 
corso_tukory: folds 
Mahu2021: folds 
Alashi: calls 80
pu capable: calls 80
silviu2019: calls 80
foxjoke: raises 600 to 680
Bexinix: raises 11160 to 11840 and is all-in
Alashi: calls 9912 and is all-in
pu capable: calls 9752 and is all-in
silviu2019: folds 
foxjoke: folds 
Uncalled bet (1848) returned to Bexinix
*** FLOP *** [Ks 2h 6c]
*** TURN *** [Ks 2h 6c] [5d]
*** RIVER *** [Ks 2h 6c 5d] [6h]
*** SHOW DOWN ***
Bexinix: shows [Js Jd] (two pair, Jacks and Sixes)
Alashi: shows [Th 9h] (a pair of Sixes)
Bexinix collected 320 from side pot
pu capable: shows [8c 8d] (two pair, Eights and Sixes)
Bexinix collected 30320 from main pot
Alashi finished the tournament
pu capable finished the tournament
*** SUMMARY ***
Total pot 30640 Main pot 30320. Side pot 320. | Rake 0 
Board [Ks 2h 6c 5d 6h]
Seat 1: foxjoke (small blind) folded before Flop
Seat 2: Bexinix (big blind) showed [Js Jd] and won (30640) with two pair, Jacks and Sixes
Seat 3: Sticker1994 folded before Flop (didn't bet)
Seat 4: corso_tukory folded before Flop (didn't bet)
Seat 5: Mahu2021 folded before Flop (didn't bet)
Seat 6: Alashi showed [Th 9h] and lost with a pair of Sixes
Seat 7: pu capable showed [8c 8d] and lost with two pair, Eights and Sixes
Seat 8: silviu2019 (button) folded before Flop



PokerStars Hand #252892745817: Tournament #3808437921, $10.27+$0.73 USD Hold'em No Limit - Level II (50/100) - 2024/10/12 19:29:33 CET [2024/10/12 13:29:33 ET]
Table '3808437921 16' 8-max Seat #1 is the button
Seat 1: foxjoke (9168 in chips) 
Seat 2: Bexinix (32488 in chips) 
Seat 3: Sticker1994 (9968 in chips) 
Seat 4: corso_tukory (9512 in chips) 
Seat 5: Mahu2021 (10208 in chips) 
Seat 6: lggj (9054 in chips) 
Seat 8: silviu2019 (8672 in chips) 
foxjoke: posts the ante 10
Bexinix: posts the ante 10
Sticker1994: posts the ante 10
corso_tukory: posts the ante 10
Mahu2021: posts the ante 10
lggj: posts the ante 10
silviu2019: posts the ante 10
Bexinix: posts small blind 50
Sticker1994: posts big blind 100
*** HOLE CARDS ***
Dealt to Mahu2021 [8s 7c]
corso_tukory: folds 
Mahu2021: folds 
lggj: raises 100 to 200
silviu2019: calls 200
foxjoke: folds 
Bexinix: folds 
Sticker1994: folds 
*** FLOP *** [4s 3d 6d]
lggj: bets 310
silviu2019: calls 310
*** TURN *** [4s 3d 6d] [5c]
lggj: checks 
silviu2019: bets 300
lggj: folds 
Uncalled bet (300) returned to silviu2019
silviu2019 collected 1240 from pot
*** SUMMARY ***
Total pot 1240 | Rake 0 
Board [4s 3d 6d 5c]
Seat 1: foxjoke (button) folded before Flop (didn't bet)
Seat 2: Bexinix (small blind) folded before Flop
Seat 3: Sticker1994 (big blind) folded before Flop
Seat 4: corso_tukory folded before Flop (didn't bet)
Seat 5: Mahu2021 folded before Flop (didn't bet)
Seat 6: lggj folded on the Turn
Seat 8: silviu2019 collected (1240)



PokerStars Hand #252892754706: Tournament #3808437921, $10.27+$0.73 USD Hold'em No Limit - Level II (50/100) - 2024/10/12 19:30:04 CET [2024/10/12 13:30:04 ET]
Table '3808437921 16' 8-max Seat #2 is the button
Seat 1: foxjoke (9158 in chips) 
Seat 2: Bexinix (32428 in chips) 
Seat 3: Sticker1994 (9858 in chips) 
Seat 4: corso_tukory (9502 in chips) 
Seat 5: Mahu2021 (10198 in chips) 
Seat 6: lggj (8534 in chips) 
Seat 8: silviu2019 (9392 in chips) 
foxjoke: posts the ante 10
Bexinix: posts the ante 10
Sticker1994: posts the ante 10
corso_tukory: posts the ante 10
Mahu2021: posts the ante 10
lggj: posts the ante 10
silviu2019: posts the ante 10
Sticker1994: posts small blind 50
corso_tukory: posts big blind 100
*** HOLE CARDS ***
Dealt to Mahu2021 [As 5d]
Zandman8 is disconnected 
Mahu2021: folds 
lggj: folds 
silviu2019: raises 320 to 420
foxjoke: folds 
Bexinix: folds 
Sticker1994: folds 
corso_tukory: folds 
Uncalled bet (320) returned to silviu2019
silviu2019 collected 320 from pot
*** SUMMARY ***
Total pot 320 | Rake 0 
Seat 1: foxjoke folded before Flop (didn't bet)
Seat 2: Bexinix (button) folded before Flop (didn't bet)
Seat 3: Sticker1994 (small blind) folded before Flop
Seat 4: corso_tukory (big blind) folded before Flop
Seat 5: Mahu2021 folded before Flop (didn't bet)
Seat 6: lggj folded before Flop (didn't bet)
Seat 8: silviu2019 collected (320)



PokerStars Hand #252892758131: Tournament #3808437921, $10.27+$0.73 USD Hold'em No Limit - Level II (50/100) - 2024/10/12 19:30:16 CET [2024/10/12 13:30:16 ET]
Table '3808437921 19' 8-max Seat #1 is the button
Seat 1: drjushka (9683 in chips) 
Seat 2: zabulafek (8062 in chips) 
Seat 3: fedexfan1 (9793 in chips) 
Seat 4: Chesterfield 17 (9948 in chips) is sitting out
Seat 5: Mahu2021 (10188 in chips) 
drjushka: posts the ante 10
zabulafek: posts the ante 10
fedexfan1: posts the ante 10
Chesterfield 17: posts the ante 10
Mahu2021: posts the ante 10
zabulafek: posts small blind 50
fedexfan1: posts big blind 100
*** HOLE CARDS ***
Dealt to Mahu2021 [5c 8h]
Chesterfield 17: folds 
Mahu2021 is connected 
Mahu2021 is disconnected 
Mahu2021 is connected 
Mahu2021: folds 
rar02 is disconnected 
drjushka: folds 
LepshiPospeh is disconnected 
zabulafek: calls 50
fedexfan1: checks 
*** FLOP *** [As 3d 2h]
zabulafek: bets 100
fedexfan1: folds 
Uncalled bet (100) returned to zabulafek
zabulafek collected 250 from pot
*** SUMMARY ***
Total pot 250 | Rake 0 
Board [As 3d 2h]
Seat 1: drjushka (button) folded before Flop (didn't bet)
Seat 2: zabulafek (small blind) collected (250)
Seat 3: fedexfan1 (big blind) folded on the Flop
Seat 4: Chesterfield 17 folded before Flop (didn't bet)
Seat 5: Mahu2021 folded before Flop (didn't bet)



PokerStars Hand #252892770480: Tournament #3808437921, $10.27+$0.73 USD Hold'em No Limit - Level II (50/100) - 2024/10/12 19:31:00 CET [2024/10/12 13:31:00 ET]
Table '3808437921 19' 8-max Seat #2 is the button
Seat 1: drjushka (9673 in chips) 
Seat 2: zabulafek (8202 in chips) 
Seat 3: fedexfan1 (9683 in chips) 
Seat 4: Chesterfield 17 (9938 in chips) is sitting out
Seat 5: Mahu2021 (10178 in chips) 
Seat 6: rar02 (11334 in chips) 
Seat 7: LepshiPospeh (10602 in chips) 
drjushka: posts the ante 10
zabulafek: posts the ante 10
fedexfan1: posts the ante 10
Chesterfield 17: posts the ante 10
Mahu2021: posts the ante 10
rar02: posts the ante 10
LepshiPospeh: posts the ante 10
fedexfan1: posts small blind 50
Chesterfield 17: posts big blind 100
*** HOLE CARDS ***
Dealt to Mahu2021 [Kc As]
Mahu2021: raises 300 to 400
rar02: folds 
LepshiPospeh: folds 
drjushka: folds 
zabulafek: folds 
fedexfan1: folds 
Chesterfield 17: folds 
Uncalled bet (300) returned to Mahu2021
Mahu2021 collected 320 from pot
Mahu2021: doesn't show hand 
*** SUMMARY ***
Total pot 320 | Rake 0 
Seat 1: drjushka folded before Flop (didn't bet)
Seat 2: zabulafek (button) folded before Flop (didn't bet)
Seat 3: fedexfan1 (small blind) folded before Flop
Seat 4: Chesterfield 17 (big blind) folded before Flop
Seat 5: Mahu2021 collected (320)
Seat 6: rar02 folded before Flop (didn't bet)
Seat 7: LepshiPospeh folded before Flop (didn't bet)



PokerStars Hand #252892774849: Tournament #3808437921, $10.27+$0.73 USD Hold'em No Limit - Level II (50/100) - 2024/10/12 19:31:15 CET [2024/10/12 13:31:15 ET]
Table '3808437921 19' 8-max Seat #3 is the button
Seat 1: drjushka (9663 in chips) 
Seat 2: zabulafek (8192 in chips) 
Seat 3: fedexfan1 (9623 in chips) 
Seat 4: Chesterfield 17 (9828 in chips) is sitting out
Seat 5: Mahu2021 (10388 in chips) 
Seat 6: rar02 (11324 in chips) 
Seat 7: LepshiPospeh (10592 in chips) 
drjushka: posts the ante 10
zabulafek: posts the ante 10
fedexfan1: posts the ante 10
Chesterfield 17: posts the ante 10
Mahu2021: posts the ante 10
rar02: posts the ante 10
LepshiPospeh: posts the ante 10
Chesterfield 17: posts small blind 50
Mahu2021: posts big blind 100
*** HOLE CARDS ***
Dealt to Mahu2021 [6h Tc]
rar02: folds 
LepshiPospeh: folds 
drjushka: folds 
zabulafek: raises 100 to 200
fedexfan1: raises 409 to 609
Chesterfield 17: folds 
Mahu2021: folds 
zabulafek: calls 409
*** FLOP *** [6d Qc Jd]
zabulafek: bets 100
fedexfan1: calls 100
*** TURN *** [6d Qc Jd] [8h]
zabulafek: checks 
fedexfan1: bets 197
zabulafek: folds 
Uncalled bet (197) returned to fedexfan1
fedexfan1 collected 1638 from pot
fedexfan1: doesn't show hand 
*** SUMMARY ***
Total pot 1638 | Rake 0 
Board [6d Qc Jd 8h]
Seat 1: drjushka folded before Flop (didn't bet)
Seat 2: zabulafek folded on the Turn
Seat 3: fedexfan1 (button) collected (1638)
Seat 4: Chesterfield 17 (small blind) folded before Flop
Seat 5: Mahu2021 (big blind) folded before Flop
Seat 6: rar02 folded before Flop (didn't bet)
Seat 7: LepshiPospeh folded before Flop (didn't bet)



PokerStars Hand #252892791063: Tournament #3808437921, $10.27+$0.73 USD Hold'em No Limit - Level II (50/100) - 2024/10/12 19:32:13 CET [2024/10/12 13:32:13 ET]
Table '3808437921 19' 8-max Seat #4 is the button
Seat 1: drjushka (9653 in chips) 
Seat 2: zabulafek (7473 in chips) 
Seat 3: fedexfan1 (10542 in chips) 
Seat 4: Chesterfield 17 (9768 in chips) is sitting out
Seat 5: Mahu2021 (10278 in chips) 
Seat 6: rar02 (11314 in chips) 
Seat 7: LepshiPospeh (10582 in chips) 
drjushka: posts the ante 10
zabulafek: posts the ante 10
fedexfan1: posts the ante 10
Chesterfield 17: posts the ante 10
Mahu2021: posts the ante 10
rar02: posts the ante 10
LepshiPospeh: posts the ante 10
Mahu2021: posts small blind 50
rar02: posts big blind 100
*** HOLE CARDS ***
Dealt to Mahu2021 [Tc 8d]
LepshiPospeh: folds 
drjushka: raises 100 to 200
zabulafek: calls 200
fedexfan1: raises 809 to 1009
Chesterfield 17: folds 
Mahu2021: folds 
Zormegun is disconnected 
rar02: folds 
drjushka: folds 
zabulafek: calls 809
*** FLOP *** [7d Jc 5d]
zabulafek: bets 100
fedexfan1: raises 1139 to 1239
zabulafek: folds 
Uncalled bet (1139) returned to fedexfan1
fedexfan1 collected 2638 from pot
fedexfan1: doesn't show hand 
*** SUMMARY ***
Total pot 2638 | Rake 0 
Board [7d Jc 5d]
Seat 1: drjushka folded before Flop
Seat 2: zabulafek folded on the Flop
Seat 3: fedexfan1 collected (2638)
Seat 4: Chesterfield 17 (button) folded before Flop (didn't bet)
Seat 5: Mahu2021 (small blind) folded before Flop
Seat 6: rar02 (big blind) folded before Flop
Seat 7: LepshiPospeh folded before Flop (didn't bet)



PokerStars Hand #252892802372: Tournament #3808437921, $10.27+$0.73 USD Hold'em No Limit - Level III (75/150) - 2024/10/12 19:32:52 CET [2024/10/12 13:32:52 ET]
Table '3808437921 19' 8-max Seat #5 is the button
Seat 1: drjushka (9443 in chips) 
Seat 2: zabulafek (6354 in chips) 
Seat 3: fedexfan1 (12061 in chips) 
Seat 4: Chesterfield 17 (9758 in chips) is sitting out
Seat 5: Mahu2021 (10218 in chips) 
Seat 6: rar02 (11204 in chips) 
Seat 7: LepshiPospeh (10572 in chips) 
Seat 8: Zormegun (10000 in chips) 
drjushka: posts the ante 15
zabulafek: posts the ante 15
fedexfan1: posts the ante 15
Chesterfield 17: posts the ante 15
Mahu2021: posts the ante 15
rar02: posts the ante 15
LepshiPospeh: posts the ante 15
Zormegun: posts the ante 15
rar02: posts small blind 75
LepshiPospeh: posts big blind 150
*** HOLE CARDS ***
Dealt to Mahu2021 [Ad Th]
Zormegun: raises 282 to 432
drjushka: calls 432
zabulafek: calls 432
fedexfan1: folds 
Chesterfield 17: folds 
Mahu2021: calls 432
rar02: calls 357
LepshiPospeh: calls 282
*** FLOP *** [7s As 6c]
rar02: checks 
LepshiPospeh: checks 
Zormegun: bets 1546
drjushka: folds 
zabulafek: folds 
Mahu2021: calls 1546
rar02: folds 
LepshiPospeh: calls 1546
*** TURN *** [7s As 6c] [8d]
LepshiPospeh: checks 
Zormegun: bets 4190
Mahu2021: calls 4190
LepshiPospeh: calls 4190
*** RIVER *** [7s As 6c 8d] [3c]
LepshiPospeh: checks 
Zormegun: bets 3817 and is all-in
Mahu2021: calls 3817
LepshiPospeh: folds 
*** SHOW DOWN ***
Zormegun: shows [7c 8c] (two pair, Eights and Sevens)
Mahu2021: shows [Ad Th] (a pair of Aces)
Zormegun collected 27554 from pot
*** SUMMARY ***
Total pot 27554 | Rake 0 
Board [7s As 6c 8d 3c]
Seat 1: drjushka folded on the Flop
Seat 2: zabulafek folded on the Flop
Seat 3: fedexfan1 folded before Flop (didn't bet)
Seat 4: Chesterfield 17 folded before Flop (didn't bet)
Seat 5: Mahu2021 (button) showed [Ad Th] and lost with a pair of Aces
Seat 6: rar02 (small blind) folded on the Flop
Seat 7: LepshiPospeh (big blind) folded on the River
Seat 8: Zormegun showed [7c 8c] and won (27554) with two pair, Eights and Sevens



PokerStars Hand #252892820215: Tournament #3808437921, $10.27+$0.73 USD Hold'em No Limit - Level III (75/150) - 2024/10/12 19:33:55 CET [2024/10/12 13:33:55 ET]
Table '3808437921 19' 8-max Seat #6 is the button
Seat 1: drjushka (8996 in chips) 
Seat 2: zabulafek (5907 in chips) 
Seat 3: fedexfan1 (12046 in chips) 
Seat 4: Chesterfield 17 (9743 in chips) is sitting out
Seat 5: Mahu2021 (218 in chips) 
Seat 6: rar02 (10757 in chips) 
Seat 7: LepshiPospeh (4389 in chips) 
Seat 8: Zormegun (27554 in chips) 
drjushka: posts the ante 15
zabulafek: posts the ante 15
fedexfan1: posts the ante 15
Chesterfield 17: posts the ante 15
Mahu2021: posts the ante 15
rar02: posts the ante 15
LepshiPospeh: posts the ante 15
Zormegun: posts the ante 15
LepshiPospeh: posts small blind 75
Zormegun: posts big blind 150
*** HOLE CARDS ***
Dealt to Mahu2021 [Ts Jc]
drjushka: raises 150 to 300
zabulafek: folds 
fedexfan1: folds 
Chesterfield 17: folds 
Mahu2021: calls 203 and is all-in
rar02: calls 300
LepshiPospeh: folds 
Zormegun: calls 150
*** FLOP *** [5h Td 4h]
Zormegun: checks 
drjushka: checks 
rar02: bets 649
Zormegun: folds 
drjushka: raises 1298 to 1947
rar02: folds 
Uncalled bet (1298) returned to drjushka
*** TURN *** [5h Td 4h] [Kd]
*** RIVER *** [5h Td 4h Kd] [Qd]
*** SHOW DOWN ***
drjushka: shows [Tc Ad] (a pair of Tens)
drjushka collected 1589 from side pot
Mahu2021: shows [Ts Jc] (a pair of Tens - lower kicker)
drjushka collected 1007 from main pot
Mahu2021 finished the tournament
*** SUMMARY ***
Total pot 2596 Main pot 1007. Side pot 1589. | Rake 0 
Board [5h Td 4h Kd Qd]
Seat 1: drjushka showed [Tc Ad] and won (2596) with a pair of Tens
Seat 2: zabulafek folded before Flop (didn't bet)
Seat 3: fedexfan1 folded before Flop (didn't bet)
Seat 4: Chesterfield 17 folded before Flop (didn't bet)
Seat 5: Mahu2021 showed [Ts Jc] and lost with a pair of Tens
Seat 6: rar02 (button) folded on the Flop
Seat 7: LepshiPospeh (small blind) folded before Flop
Seat 8: Zormegun (big blind) folded on the Flop



