PokerStars Zoom Hand #254939990612:  Hold'em No Limit ($0.05/$0.10) - 2025/02/19 14:53:24 CET [2025/02/19 8:53:24 ET]
Table 'Aludra' 6-max Seat #1 is the button
Seat 1: Always Thx ($15.53 in chips) 
Seat 2: fn1305 ($11.73 in chips) 
Seat 3: Mahu2021 ($10 in chips) 
Seat 4: guizzo77 ($9.85 in chips) 
Seat 5: Fraankl1n ($11.75 in chips) 
Seat 6: alexnem98 ($10 in chips) 
fn1305: posts small blind $0.05
Mahu2021: posts big blind $0.10
*** HOLE CARDS ***
Dealt to Mahu2021 [2c 2h]
guizzo77: folds 
Fraankl1n: folds 
alexnem98: raises $0.20 to $0.30
Always Thx: folds 
fn1305: raises $1 to $1.30
Mahu2021: folds 
alexnem98: folds 
Uncalled bet ($1) returned to fn1305
fn1305 collected $0.70 from pot
fn1305: doesn't show hand 
*** SUMMARY ***
Total pot $0.70 | Rake $0 
Seat 1: Always Thx (button) folded before Flop (didn't bet)
Seat 2: fn1305 (small blind) collected ($0.70)
Seat 3: Mahu2021 (big blind) folded before Flop
Seat 4: guizzo77 folded before Flop (didn't bet)
Seat 5: Fraankl1n folded before Flop (didn't bet)
Seat 6: alexnem98 folded before Flop



PokerStars Zoom Hand #254939992899:  Hold'em No Limit ($0.05/$0.10) - 2025/02/19 14:53:38 CET [2025/02/19 8:53:38 ET]
Table 'Aludra' 6-max Seat #1 is the button
Seat 1: emo114 ($10 in chips) 
Seat 2: Mahu2021 ($9.90 in chips) 
Seat 3: klette87 ($9 in chips) 
Seat 4: Bur1k ($5 in chips) 
Seat 5: Fraankl1n ($10.20 in chips) 
Seat 6: ZiggyStarbust ($17.25 in chips) 
Mahu2021: posts small blind $0.05
klette87: posts big blind $0.10
*** HOLE CARDS ***
Dealt to Mahu2021 [Kh 2d]
Bur1k: folds 
Fraankl1n: folds 
ZiggyStarbust: folds 
emo114: folds 
Mahu2021: raises $0.20 to $0.30
klette87: folds 
Uncalled bet ($0.20) returned to Mahu2021
Mahu2021 collected $0.20 from pot
Mahu2021: doesn't show hand 
*** SUMMARY ***
Total pot $0.20 | Rake $0 
Seat 1: emo114 (button) folded before Flop (didn't bet)
Seat 2: Mahu2021 (small blind) collected ($0.20)
Seat 3: klette87 (big blind) folded before Flop
Seat 4: Bur1k folded before Flop (didn't bet)
Seat 5: Fraankl1n folded before Flop (didn't bet)
Seat 6: ZiggyStarbust folded before Flop (didn't bet)



PokerStars Zoom Hand #254939996735:  Hold'em No Limit ($0.05/$0.10) - 2025/02/19 14:54:01 CET [2025/02/19 8:54:01 ET]
Table 'Aludra' 6-max Seat #1 is the button
Seat 1: camilo13186 ($3.95 in chips) 
Seat 2: lysandre815 ($9.68 in chips) 
Seat 3: Dagobert96 ($6.15 in chips) 
Seat 4: Towelie709 ($5.53 in chips) 
Seat 5: Mahu2021 ($10 in chips) 
Seat 6: slaktaren666 ($10.62 in chips) 
lysandre815: posts small blind $0.05
Dagobert96: posts big blind $0.10
*** HOLE CARDS ***
Dealt to Mahu2021 [8d 4c]
Towelie709: folds 
Mahu2021: folds 
slaktaren666: folds 
camilo13186: folds 
lysandre815: folds 
Uncalled bet ($0.05) returned to Dagobert96
Dagobert96 collected $0.10 from pot
Dagobert96: doesn't show hand 
*** SUMMARY ***
Total pot $0.10 | Rake $0 
Seat 1: camilo13186 (button) folded before Flop (didn't bet)
Seat 2: lysandre815 (small blind) folded before Flop
Seat 3: Dagobert96 (big blind) collected ($0.10)
Seat 4: Towelie709 folded before Flop (didn't bet)
Seat 5: Mahu2021 folded before Flop (didn't bet)
Seat 6: slaktaren666 folded before Flop (didn't bet)



PokerStars Zoom Hand #254939996143:  Hold'em No Limit ($0.05/$0.10) - 2025/02/19 14:53:58 CET [2025/02/19 8:53:58 ET]
Table 'Aludra' 6-max Seat #1 is the button
Seat 1: AssWhoppin ($9.90 in chips) 
Seat 2: G.MASTER2010 ($6.21 in chips) 
Seat 3: b0ll ($10.21 in chips) 
Seat 4: Dagobert96 ($6.15 in chips) 
Seat 5: fn1305 ($22.48 in chips) 
Seat 6: Mahu2021 ($10 in chips) 
G.MASTER2010: posts small blind $0.05
b0ll: posts big blind $0.10
*** HOLE CARDS ***
Dealt to Mahu2021 [4c 8h]
Dagobert96: folds 
fn1305: folds 
Mahu2021: folds 
AssWhoppin: folds 
G.MASTER2010: folds 
Uncalled bet ($0.05) returned to b0ll
b0ll collected $0.10 from pot
b0ll: doesn't show hand 
*** SUMMARY ***
Total pot $0.10 | Rake $0 
Seat 1: AssWhoppin (button) folded before Flop (didn't bet)
Seat 2: G.MASTER2010 (small blind) folded before Flop
Seat 3: b0ll (big blind) collected ($0.10)
Seat 4: Dagobert96 folded before Flop (didn't bet)
Seat 5: fn1305 folded before Flop (didn't bet)
Seat 6: Mahu2021 folded before Flop (didn't bet)



PokerStars Zoom Hand #254939998059:  Hold'em No Limit ($0.05/$0.10) - 2025/02/19 14:54:10 CET [2025/02/19 8:54:10 ET]
Table 'Aludra' 6-max Seat #1 is the button
Seat 1: Deox666 ($10.83 in chips) 
Seat 2: lolb0t ($16.49 in chips) 
Seat 3: emo114 ($16.29 in chips) 
Seat 4: ZiggyStarbust ($17.25 in chips) 
Seat 5: Mahu2021 ($9.95 in chips) 
Seat 6: lysandre815 ($9.63 in chips) 
lolb0t: posts small blind $0.05
emo114: posts big blind $0.10
*** HOLE CARDS ***
Dealt to Mahu2021 [Qs 5s]
ZiggyStarbust: folds 
Mahu2021: folds 
lysandre815: folds 
Deox666: folds 
lolb0t: folds 
Uncalled bet ($0.05) returned to emo114
emo114 collected $0.10 from pot
emo114: doesn't show hand 
*** SUMMARY ***
Total pot $0.10 | Rake $0 
Seat 1: Deox666 (button) folded before Flop (didn't bet)
Seat 2: lolb0t (small blind) folded before Flop
Seat 3: emo114 (big blind) collected ($0.10)
Seat 4: ZiggyStarbust folded before Flop (didn't bet)
Seat 5: Mahu2021 folded before Flop (didn't bet)
Seat 6: lysandre815 folded before Flop (didn't bet)



PokerStars Zoom Hand #254939999425:  Hold'em No Limit ($0.05/$0.10) - 2025/02/19 14:54:18 CET [2025/02/19 8:54:18 ET]
Table 'Aludra' 6-max Seat #1 is the button
Seat 1: fn1305 ($22.43 in chips) 
Seat 2: seonghwee ($12.51 in chips) 
Seat 3: Mahu2021 ($9.95 in chips) 
Seat 4: emo114 ($10.10 in chips) 
Seat 5: lolb0t ($19.08 in chips) 
Seat 6: Julian.S1989 ($10.30 in chips) 
seonghwee: posts small blind $0.05
Mahu2021: posts big blind $0.10
*** HOLE CARDS ***
Dealt to Mahu2021 [8h 7d]
emo114: folds 
lolb0t: folds 
Julian.S1989: folds 
fn1305: raises $0.10 to $0.20
seonghwee: folds 
Mahu2021: calls $0.10
*** FLOP *** [Qh 2s Jd]
Mahu2021: checks 
fn1305: bets $0.20
Mahu2021: folds 
Uncalled bet ($0.20) returned to fn1305
fn1305 collected $0.43 from pot
fn1305: doesn't show hand 
*** SUMMARY ***
Total pot $0.45 | Rake $0.02 
Board [Qh 2s Jd]
Seat 1: fn1305 (button) collected ($0.43)
Seat 2: seonghwee (small blind) folded before Flop
Seat 3: Mahu2021 (big blind) folded on the Flop
Seat 4: emo114 folded before Flop (didn't bet)
Seat 5: lolb0t folded before Flop (didn't bet)
Seat 6: Julian.S1989 folded before Flop (didn't bet)



PokerStars Zoom Hand #254939997248:  Hold'em No Limit ($0.05/$0.10) - 2025/02/19 14:54:05 CET [2025/02/19 8:54:05 ET]
Table 'Aludra' 6-max Seat #1 is the button
Seat 1: Jajje7 ($30.55 in chips) 
Seat 2: Mahu2021 ($10 in chips) 
Seat 3: MrCangrejoTh ($27.84 in chips) 
Seat 4: Shtipalapa ($13.57 in chips) 
Seat 5: camilo13186 ($3.95 in chips) 
Seat 6: Yogui_jos ($10 in chips) 
Mahu2021: posts small blind $0.05
MrCangrejoTh: posts big blind $0.10
*** HOLE CARDS ***
Dealt to Mahu2021 [Kc 3d]
Shtipalapa: folds 
camilo13186: raises $0.10 to $0.20
Yogui_jos: raises $0.50 to $0.70
Jajje7: folds 
Mahu2021: folds 
MrCangrejoTh: folds 
camilo13186: calls $0.50
*** FLOP *** [2s 4d Js]
camilo13186: bets $0.20
Yogui_jos: calls $0.20
*** TURN *** [2s 4d Js] [5h]
camilo13186: bets $0.50
Yogui_jos: raises $4.29 to $4.79
camilo13186: folds 
Uncalled bet ($4.29) returned to Yogui_jos
Yogui_jos collected $2.82 from pot
Yogui_jos: doesn't show hand 
*** SUMMARY ***
Total pot $2.95 | Rake $0.13 
Board [2s 4d Js 5h]
Seat 1: Jajje7 (button) folded before Flop (didn't bet)
Seat 2: Mahu2021 (small blind) folded before Flop
Seat 3: MrCangrejoTh (big blind) folded before Flop
Seat 4: Shtipalapa folded before Flop (didn't bet)
Seat 5: camilo13186 folded on the Turn
Seat 6: Yogui_jos collected ($2.82)



PokerStars Zoom Hand #254940003217:  Hold'em No Limit ($0.05/$0.10) - 2025/02/19 14:54:41 CET [2025/02/19 8:54:41 ET]
Table 'Aludra' 6-max Seat #1 is the button
Seat 1: dlxodud0102 ($10 in chips) 
Seat 2: emo114 ($10.15 in chips) 
Seat 3: seonghwee ($11.49 in chips) 
Seat 4: wedness24 ($10.12 in chips) 
Seat 5: lolb0t ($18.93 in chips) 
Seat 6: Mahu2021 ($9.75 in chips) 
emo114: posts small blind $0.05
seonghwee: posts big blind $0.10
*** HOLE CARDS ***
Dealt to Mahu2021 [Tc Qd]
wedness24: raises $0.10 to $0.20
lolb0t: folds 
Mahu2021: calls $0.20
dlxodud0102: folds 
emo114: folds 
seonghwee: folds 
*** FLOP *** [2c 9h Qc]
wedness24: checks 
Mahu2021: bets $0.30
wedness24: raises $0.80 to $1.10
Mahu2021: folds 
Uncalled bet ($0.80) returned to wedness24
wedness24 collected $1.10 from pot
wedness24: doesn't show hand 
*** SUMMARY ***
Total pot $1.15 | Rake $0.05 
Board [2c 9h Qc]
Seat 1: dlxodud0102 (button) folded before Flop (didn't bet)
Seat 2: emo114 (small blind) folded before Flop
Seat 3: seonghwee (big blind) folded before Flop
Seat 4: wedness24 collected ($1.10)
Seat 5: lolb0t folded before Flop (didn't bet)
Seat 6: Mahu2021 folded on the Flop



PokerStars Zoom Hand #254939998790:  Hold'em No Limit ($0.05/$0.10) - 2025/02/19 14:54:14 CET [2025/02/19 8:54:14 ET]
Table 'Aludra' 6-max Seat #1 is the button
Seat 1: Mahu2021 ($9.95 in chips) 
Seat 2: tafarel8 ($10.56 in chips) 
Seat 3: lysandre815 ($9.63 in chips) 
Seat 4: Jajje7 ($12.51 in chips) 
Seat 5: pikeyboater ($21.52 in chips) 
Seat 6: Fraankl1n ($10.05 in chips) 
tafarel8: posts small blind $0.05
lysandre815: posts big blind $0.10
*** HOLE CARDS ***
Dealt to Mahu2021 [4c 6d]
Jajje7: folds 
pikeyboater: raises $0.25 to $0.35
Fraankl1n: calls $0.35
Mahu2021: folds 
tafarel8: folds 
lysandre815: calls $0.25
*** FLOP *** [Ts 8h Qs]
lysandre815: bets $0.53
pikeyboater: raises $2.11 to $2.64
Fraankl1n: folds 
lysandre815: calls $2.11
*** TURN *** [Ts 8h Qs] [4s]
lysandre815: bets $6.09
pikeyboater: raises $12.44 to $18.53 and is all-in
lysandre815: calls $0.55 and is all-in
Uncalled bet ($11.89) returned to pikeyboater
*** RIVER *** [Ts 8h Qs 4s] [6h]
*** SHOW DOWN ***
lysandre815: shows [Qh Jh] (a pair of Queens)
pikeyboater: shows [Jc Tc] (a pair of Tens)
lysandre815 collected $18.78 from pot
*** SUMMARY ***
Total pot $19.66 | Rake $0.88 
Board [Ts 8h Qs 4s 6h]
Seat 1: Mahu2021 (button) folded before Flop (didn't bet)
Seat 2: tafarel8 (small blind) folded before Flop
Seat 3: lysandre815 (big blind) showed [Qh Jh] and won ($18.78) with a pair of Queens
Seat 4: Jajje7 folded before Flop (didn't bet)
Seat 5: pikeyboater showed [Jc Tc] and lost with a pair of Tens
Seat 6: Fraankl1n folded on the Flop



PokerStars Zoom Hand #254940008246:  Hold'em No Limit ($0.05/$0.10) - 2025/02/19 14:55:14 CET [2025/02/19 8:55:14 ET]
Table 'Aludra' 6-max Seat #1 is the button
Seat 1: dlxodud0102 ($10.15 in chips) 
Seat 2: b0ll ($10.85 in chips) 
Seat 3: ZiggyStarbust ($17.10 in chips) 
Seat 4: Mahu2021 ($9.25 in chips) 
Seat 5: lolb0t ($21.38 in chips) 
Seat 6: honEybOOx ($14.55 in chips) 
b0ll: posts small blind $0.05
ZiggyStarbust: posts big blind $0.10
*** HOLE CARDS ***
Dealt to Mahu2021 [7s As]
Mahu2021: raises $0.14 to $0.24
lolb0t: folds 
honEybOOx: folds 
dlxodud0102: folds 
b0ll: folds 
ZiggyStarbust: folds 
Uncalled bet ($0.14) returned to Mahu2021
Mahu2021 collected $0.25 from pot
Mahu2021: doesn't show hand 
*** SUMMARY ***
Total pot $0.25 | Rake $0 
Seat 1: dlxodud0102 (button) folded before Flop (didn't bet)
Seat 2: b0ll (small blind) folded before Flop
Seat 3: ZiggyStarbust (big blind) folded before Flop
Seat 4: Mahu2021 collected ($0.25)
Seat 5: lolb0t folded before Flop (didn't bet)
Seat 6: honEybOOx folded before Flop (didn't bet)



PokerStars Zoom Hand #254940007476:  Hold'em No Limit ($0.05/$0.10) - 2025/02/19 14:55:08 CET [2025/02/19 8:55:08 ET]
Table 'Aludra' 6-max Seat #1 is the button
Seat 1: Tozsy17 ($8.95 in chips) 
Seat 2: Fraankl1n ($10.33 in chips) 
Seat 3: tafarel8 ($10.46 in chips) 
Seat 4: Mahu2021 ($9.25 in chips) 
Seat 5: v4valter88 ($10.69 in chips) 
Seat 6: Jajje7 ($30.08 in chips) 
Fraankl1n: posts small blind $0.05
tafarel8: posts big blind $0.10
*** HOLE CARDS ***
Dealt to Mahu2021 [2h Kc]
Mahu2021: folds 
v4valter88: folds 
Jajje7: raises $0.10 to $0.20
Tozsy17: folds 
Fraankl1n: folds 
tafarel8: calls $0.10
*** FLOP *** [2s 6s 7h]
tafarel8: checks 
Jajje7: checks 
*** TURN *** [2s 6s 7h] [8d]
tafarel8: bets $0.34
Jajje7: folds 
Uncalled bet ($0.34) returned to tafarel8
tafarel8 collected $0.43 from pot
tafarel8: doesn't show hand 
*** SUMMARY ***
Total pot $0.45 | Rake $0.02 
Board [2s 6s 7h 8d]
Seat 1: Tozsy17 (button) folded before Flop (didn't bet)
Seat 2: Fraankl1n (small blind) folded before Flop
Seat 3: tafarel8 (big blind) collected ($0.43)
Seat 4: Mahu2021 folded before Flop (didn't bet)
Seat 5: v4valter88 folded before Flop (didn't bet)
Seat 6: Jajje7 folded on the Turn



PokerStars Zoom Hand #254940010750:  Hold'em No Limit ($0.05/$0.10) - 2025/02/19 14:55:34 CET [2025/02/19 8:55:34 ET]
Table 'Aludra' 6-max Seat #1 is the button
Seat 1: Mahu2021 ($9.40 in chips) 
Seat 2: Yogui_jos ($11.47 in chips) 
Seat 3: royacht ($7.21 in chips) 
Seat 4: cheddarman24 ($10.40 in chips) 
Seat 5: v4valter88 ($11.73 in chips) 
Seat 6: dlxodud0102 ($10.42 in chips) 
Yogui_jos: posts small blind $0.05
royacht: posts big blind $0.10
*** HOLE CARDS ***
Dealt to Mahu2021 [Kd Tc]
cheddarman24 has timed out
cheddarman24: folds 
v4valter88: folds 
dlxodud0102: folds 
Mahu2021: raises $0.20 to $0.30
Yogui_jos: folds 
royacht: folds 
Uncalled bet ($0.20) returned to Mahu2021
Mahu2021 collected $0.25 from pot
Mahu2021: doesn't show hand 
*** SUMMARY ***
Total pot $0.25 | Rake $0 
Seat 1: Mahu2021 (button) collected ($0.25)
Seat 2: Yogui_jos (small blind) folded before Flop
Seat 3: royacht (big blind) folded before Flop
Seat 4: cheddarman24 folded before Flop (didn't bet)
Seat 5: v4valter88 folded before Flop (didn't bet)
Seat 6: dlxodud0102 folded before Flop (didn't bet)



PokerStars Zoom Hand #254939995618:  Hold'em No Limit ($0.05/$0.10) - 2025/02/19 14:53:55 CET [2025/02/19 8:53:55 ET]
Table 'Aludra' 6-max Seat #1 is the button
Seat 1: Mahu2021 ($10 in chips) 
Seat 2: augtoth ($10 in chips) 
Seat 3: Lim 2589 ($11.47 in chips) 
Seat 4: Josh Wolrich ($10 in chips) 
Seat 5: Dagobert96 ($6.15 in chips) 
Seat 6: G.MASTER2010 ($6.21 in chips) 
augtoth: posts small blind $0.05
Lim 2589: posts big blind $0.10
*** HOLE CARDS ***
Dealt to Mahu2021 [Kc 6s]
Josh Wolrich: folds 
Dagobert96: folds 
G.MASTER2010: folds 
Mahu2021: folds 
augtoth: raises $0.20 to $0.30
Lim 2589: raises $0.60 to $0.90
augtoth: calls $0.60
*** FLOP *** [3c 7h Js]
augtoth: checks 
Lim 2589: bets $0.86
augtoth: calls $0.86
*** TURN *** [3c 7h Js] [4s]
augtoth: checks 
Lim 2589: bets $2.52
augtoth: calls $2.52
*** RIVER *** [3c 7h Js 4s] [6d]
augtoth: checks 
Lim 2589: bets $7.19 and is all-in
augtoth: calls $5.72 and is all-in
Uncalled bet ($1.47) returned to Lim 2589
*** SHOW DOWN ***
Lim 2589: shows [Jc Ac] (a pair of Jacks)
augtoth: shows [Jh Ah] (a pair of Jacks)
augtoth collected $9.55 from pot
Lim 2589 collected $9.55 from pot
*** SUMMARY ***
Total pot $20 | Rake $0.90 
Board [3c 7h Js 4s 6d]
Seat 1: Mahu2021 (button) folded before Flop (didn't bet)
Seat 2: augtoth (small blind) showed [Jh Ah] and won ($9.55) with a pair of Jacks
Seat 3: Lim 2589 (big blind) showed [Jc Ac] and won ($9.55) with a pair of Jacks
Seat 4: Josh Wolrich folded before Flop (didn't bet)
Seat 5: Dagobert96 folded before Flop (didn't bet)
Seat 6: G.MASTER2010 folded before Flop (didn't bet)



PokerStars Zoom Hand #254940013240:  Hold'em No Limit ($0.05/$0.10) - 2025/02/19 14:55:53 CET [2025/02/19 8:55:53 ET]
Table 'Aludra' 6-max Seat #1 is the button
Seat 1: lolb0t ($19 in chips) 
Seat 2: ZiggyStarbust ($17 in chips) 
Seat 3: Mahu2021 ($9.55 in chips) 
Seat 4: augtoth ($10 in chips) 
Seat 5: Lim 2589 ($11.02 in chips) 
Seat 6: Fraankl1n ($11.06 in chips) 
ZiggyStarbust: posts small blind $0.05
Mahu2021: posts big blind $0.10
*** HOLE CARDS ***
Dealt to Mahu2021 [Qd Jc]
augtoth: folds 
Lim 2589: folds 
Fraankl1n: folds 
lolb0t: folds 
ZiggyStarbust: folds 
Uncalled bet ($0.05) returned to Mahu2021
Mahu2021 collected $0.10 from pot
Mahu2021: doesn't show hand 
*** SUMMARY ***
Total pot $0.10 | Rake $0 
Seat 1: lolb0t (button) folded before Flop (didn't bet)
Seat 2: ZiggyStarbust (small blind) folded before Flop
Seat 3: Mahu2021 (big blind) collected ($0.10)
Seat 4: augtoth folded before Flop (didn't bet)
Seat 5: Lim 2589 folded before Flop (didn't bet)
Seat 6: Fraankl1n folded before Flop (didn't bet)



PokerStars Zoom Hand #254940016129:  Hold'em No Limit ($0.05/$0.10) - 2025/02/19 14:56:15 CET [2025/02/19 8:56:15 ET]
Table 'Aludra' 6-max Seat #1 is the button
Seat 1: Fraankl1n ($10.18 in chips) 
Seat 2: pougia777 ($10.09 in chips) 
Seat 3: foldermetal ($12.93 in chips) 
Seat 4: ZiggyStarbust ($13.36 in chips) 
Seat 5: emo114 ($10.14 in chips) 
Seat 6: Mahu2021 ($9.55 in chips) 
pougia777: posts small blind $0.05
foldermetal: posts big blind $0.10
*** HOLE CARDS ***
Dealt to Mahu2021 [3c 6c]
ZiggyStarbust: folds 
emo114: folds 
Mahu2021: folds 
Fraankl1n: folds 
pougia777: raises $0.30 to $0.40
foldermetal: folds 
Uncalled bet ($0.30) returned to pougia777
pougia777 collected $0.20 from pot
pougia777: doesn't show hand 
*** SUMMARY ***
Total pot $0.20 | Rake $0 
Seat 1: Fraankl1n (button) folded before Flop (didn't bet)
Seat 2: pougia777 (small blind) collected ($0.20)
Seat 3: foldermetal (big blind) folded before Flop
Seat 4: ZiggyStarbust folded before Flop (didn't bet)
Seat 5: emo114 folded before Flop (didn't bet)
Seat 6: Mahu2021 folded before Flop (didn't bet)



PokerStars Zoom Hand #254940017112:  Hold'em No Limit ($0.05/$0.10) - 2025/02/19 14:56:23 CET [2025/02/19 8:56:23 ET]
Table 'Aludra' 6-max Seat #1 is the button
Seat 1: pikeyboater ($13.13 in chips) 
Seat 2: alanindublin ($12.62 in chips) 
Seat 3: Károly58 ($7.36 in chips) 
Seat 4: Mahu2021 ($9.55 in chips) 
Seat 5: b0ll ($11.80 in chips) 
Seat 6: wedness24 ($14.99 in chips) 
alanindublin: posts small blind $0.05
Károly58: posts big blind $0.10
*** HOLE CARDS ***
Dealt to Mahu2021 [Ah Jc]
Mahu2021: raises $0.14 to $0.24
b0ll: folds 
wedness24: folds 
pikeyboater: folds 
alanindublin: folds 
Károly58: folds 
Uncalled bet ($0.14) returned to Mahu2021
Mahu2021 collected $0.25 from pot
Mahu2021: doesn't show hand 
*** SUMMARY ***
Total pot $0.25 | Rake $0 
Seat 1: pikeyboater (button) folded before Flop (didn't bet)
Seat 2: alanindublin (small blind) folded before Flop
Seat 3: Károly58 (big blind) folded before Flop
Seat 4: Mahu2021 collected ($0.25)
Seat 5: b0ll folded before Flop (didn't bet)
Seat 6: wedness24 folded before Flop (didn't bet)



PokerStars Zoom Hand #254940019539:  Hold'em No Limit ($0.05/$0.10) - 2025/02/19 14:56:41 CET [2025/02/19 8:56:41 ET]
Table 'Aludra' 6-max Seat #1 is the button
Seat 1: Un$top@ble ($7.75 in chips) 
Seat 2: fn1305 ($26.05 in chips) 
Seat 3: Mahu2021 ($9.70 in chips) 
Seat 4: ZiggyStarbust ($11.20 in chips) 
Seat 5: dlxodud0102 ($10 in chips) 
Seat 6: MrCangrejoTh ($26.09 in chips) 
fn1305: posts small blind $0.05
Mahu2021: posts big blind $0.10
*** HOLE CARDS ***
Dealt to Mahu2021 [2h 7d]
ZiggyStarbust: folds 
dlxodud0102: folds 
MrCangrejoTh: folds 
Un$top@ble: folds 
fn1305: folds 
Uncalled bet ($0.05) returned to Mahu2021
Mahu2021 collected $0.10 from pot
Mahu2021: doesn't show hand 
*** SUMMARY ***
Total pot $0.10 | Rake $0 
Seat 1: Un$top@ble (button) folded before Flop (didn't bet)
Seat 2: fn1305 (small blind) folded before Flop
Seat 3: Mahu2021 (big blind) collected ($0.10)
Seat 4: ZiggyStarbust folded before Flop (didn't bet)
Seat 5: dlxodud0102 folded before Flop (didn't bet)
Seat 6: MrCangrejoTh folded before Flop (didn't bet)



PokerStars Zoom Hand #254940015598:  Hold'em No Limit ($0.05/$0.10) - 2025/02/19 14:56:11 CET [2025/02/19 8:56:11 ET]
Table 'Aludra' 6-max Seat #1 is the button
Seat 1: alexnem98 ($11.77 in chips) 
Seat 2: Mahu2021 ($9.60 in chips) 
Seat 3: top4eto860 ($17.68 in chips) 
Seat 4: Always Thx ($17.18 in chips) 
Seat 5: tafarel8 ($10.69 in chips) 
Seat 6: Deox666 ($12.13 in chips) 
Mahu2021: posts small blind $0.05
top4eto860: posts big blind $0.10
*** HOLE CARDS ***
Dealt to Mahu2021 [Jh 4h]
Always Thx: raises $0.20 to $0.30
tafarel8: folds 
Deox666: calls $0.30
alexnem98: calls $0.30
Mahu2021: folds 
top4eto860: folds 
*** FLOP *** [9s 2c As]
Always Thx: checks 
Deox666: bets $0.50
alexnem98: calls $0.50
Always Thx: calls $0.50
*** TURN *** [9s 2c As] [Qc]
Always Thx: bets $1.50
Deox666: folds 
alexnem98: folds 
Uncalled bet ($1.50) returned to Always Thx
Always Thx collected $2.44 from pot
Always Thx: doesn't show hand 
*** SUMMARY ***
Total pot $2.55 | Rake $0.11 
Board [9s 2c As Qc]
Seat 1: alexnem98 (button) folded on the Turn
Seat 2: Mahu2021 (small blind) folded before Flop
Seat 3: top4eto860 (big blind) folded before Flop
Seat 4: Always Thx collected ($2.44)
Seat 5: tafarel8 folded before Flop (didn't bet)
Seat 6: Deox666 folded on the Turn



PokerStars Zoom Hand #254940021732:  Hold'em No Limit ($0.05/$0.10) - 2025/02/19 14:56:58 CET [2025/02/19 8:56:58 ET]
Table 'Aludra' 6-max Seat #1 is the button
Seat 1: Mahu2021 ($9.70 in chips) 
Seat 2: pougia777 ($13.21 in chips) 
Seat 3: cheddarman24 ($10.40 in chips) 
Seat 4: alanindublin ($12.85 in chips) 
Seat 5: Lim 2589 ($11.97 in chips) 
Seat 6: emo114 ($30.97 in chips) 
pougia777: posts small blind $0.05
cheddarman24: posts big blind $0.10
*** HOLE CARDS ***
Dealt to Mahu2021 [Ac 8h]
alanindublin: folds 
Lim 2589: folds 
emo114: raises $0.20 to $0.30
Mahu2021: calls $0.30
pougia777: folds 
cheddarman24: calls $0.20
*** FLOP *** [Ah 5c 2h]
cheddarman24: checks 
emo114: checks 
Mahu2021: checks 
*** TURN *** [Ah 5c 2h] [2d]
cheddarman24: checks 
emo114: checks 
Mahu2021: checks 
*** RIVER *** [Ah 5c 2h 2d] [6s]
cheddarman24: bets $0.46
emo114: calls $0.46
Mahu2021: calls $0.46
*** SHOW DOWN ***
cheddarman24: shows [Qd Tc] (a pair of Deuces)
emo114: shows [9s 9d] (two pair, Nines and Deuces)
Mahu2021: shows [Ac 8h] (two pair, Aces and Deuces)
Mahu2021 collected $2.23 from pot
*** SUMMARY ***
Total pot $2.33 | Rake $0.10 
Board [Ah 5c 2h 2d 6s]
Seat 1: Mahu2021 (button) showed [Ac 8h] and won ($2.23) with two pair, Aces and Deuces
Seat 2: pougia777 (small blind) folded before Flop
Seat 3: cheddarman24 (big blind) showed [Qd Tc] and lost with a pair of Deuces
Seat 4: alanindublin folded before Flop (didn't bet)
Seat 5: Lim 2589 folded before Flop (didn't bet)
Seat 6: emo114 showed [9s 9d] and lost with two pair, Nines and Deuces



PokerStars Zoom Hand #254940021236:  Hold'em No Limit ($0.05/$0.10) - 2025/02/19 14:56:54 CET [2025/02/19 8:56:54 ET]
Table 'Aludra' 6-max Seat #1 is the button
Seat 1: ZiggyStarbust ($10.46 in chips) 
Seat 2: Mahu2021 ($9.75 in chips) 
Seat 3: top4eto860 ($17.68 in chips) 
Seat 4: erps112 ($38.81 in chips) 
Seat 5: Schnuffler ($10 in chips) 
Seat 6: Julian.S1989 ($10.28 in chips) 
Mahu2021: posts small blind $0.05
top4eto860: posts big blind $0.10
*** HOLE CARDS ***
Dealt to Mahu2021 [6c Qh]
erps112: folds 
Schnuffler: folds 
Julian.S1989 has timed out
Julian.S1989: folds 
ZiggyStarbust: raises $0.10 to $0.20
Mahu2021: folds 
top4eto860: raises $0.55 to $0.75
ZiggyStarbust: calls $0.55
*** FLOP *** [8s Th 3c]
top4eto860: bets $0.74
ZiggyStarbust: folds 
Uncalled bet ($0.74) returned to top4eto860
top4eto860 collected $1.48 from pot
top4eto860: doesn't show hand 
*** SUMMARY ***
Total pot $1.55 | Rake $0.07 
Board [8s Th 3c]
Seat 1: ZiggyStarbust (button) folded on the Flop
Seat 2: Mahu2021 (small blind) folded before Flop
Seat 3: top4eto860 (big blind) collected ($1.48)
Seat 4: erps112 folded before Flop (didn't bet)
Seat 5: Schnuffler folded before Flop (didn't bet)
Seat 6: Julian.S1989 folded before Flop (didn't bet)



PokerStars Zoom Hand #254940019018:  Hold'em No Limit ($0.05/$0.10) - 2025/02/19 14:56:37 CET [2025/02/19 8:56:37 ET]
Table 'Aludra' 6-max Seat #1 is the button
Seat 1: b0ll ($11 in chips) 
Seat 2: Bur1k ($5.10 in chips) 
Seat 3: G.MASTER2010 ($4.98 in chips) 
Seat 4: samoraize ($16.99 in chips) 
Seat 5: Mahu2021 ($9.70 in chips) 
Seat 6: dlxodud0102 ($10 in chips) 
Bur1k: posts small blind $0.05
G.MASTER2010: posts big blind $0.10
*** HOLE CARDS ***
Dealt to Mahu2021 [Ts 8c]
samoraize: folds 
Mahu2021: folds 
dlxodud0102: folds 
b0ll: folds 
Bur1k: raises $0.14 to $0.24
G.MASTER2010: raises $0.36 to $0.60
Bur1k: calls $0.36
*** FLOP *** [3s 6c 2d]
Bur1k: checks 
G.MASTER2010: bets $1.15
Bur1k: calls $1.15
*** TURN *** [3s 6c 2d] [Kc]
Bur1k: checks 
G.MASTER2010: bets $3.23 and is all-in
Bur1k: folds 
Uncalled bet ($3.23) returned to G.MASTER2010
G.MASTER2010 collected $3.34 from pot
G.MASTER2010: doesn't show hand 
*** SUMMARY ***
Total pot $3.50 | Rake $0.16 
Board [3s 6c 2d Kc]
Seat 1: b0ll (button) folded before Flop (didn't bet)
Seat 2: Bur1k (small blind) folded on the Turn
Seat 3: G.MASTER2010 (big blind) collected ($3.34)
Seat 4: samoraize folded before Flop (didn't bet)
Seat 5: Mahu2021 folded before Flop (didn't bet)
Seat 6: dlxodud0102 folded before Flop (didn't bet)



PokerStars Zoom Hand #254940027591:  Hold'em No Limit ($0.05/$0.10) - 2025/02/19 14:57:43 CET [2025/02/19 8:57:43 ET]
Table 'Aludra' 6-max Seat #1 is the button
Seat 1: wedness24 ($14.79 in chips) 
Seat 2: MrCangrejoTh ($25.99 in chips) 
Seat 3: 1jims2 ($10 in chips) 
Seat 4: dlxodud0102 ($10.89 in chips) 
Seat 5: Mahu2021 ($11.17 in chips) 
Seat 6: royacht ($6.61 in chips) 
MrCangrejoTh: posts small blind $0.05
1jims2: posts big blind $0.10
*** HOLE CARDS ***
Dealt to Mahu2021 [7d Qd]
dlxodud0102: folds 
Mahu2021: folds 
royacht: folds 
wedness24: folds 
MrCangrejoTh: raises $0.20 to $0.30
1jims2: calls $0.20
*** FLOP *** [3d 2c 9d]
MrCangrejoTh: bets $0.19
1jims2: raises $0.19 to $0.38
MrCangrejoTh: calls $0.19
*** TURN *** [3d 2c 9d] [5d]
MrCangrejoTh: checks 
1jims2: checks 
*** RIVER *** [3d 2c 9d 5d] [4d]
MrCangrejoTh: bets $0.98
1jims2: calls $0.98
*** SHOW DOWN ***
MrCangrejoTh: shows [Jd Qh] (a flush, Jack high)
1jims2: mucks hand 
MrCangrejoTh collected $3.17 from pot
*** SUMMARY ***
Total pot $3.32 | Rake $0.15 
Board [3d 2c 9d 5d 4d]
Seat 1: wedness24 (button) folded before Flop (didn't bet)
Seat 2: MrCangrejoTh (small blind) showed [Jd Qh] and won ($3.17) with a flush, Jack high
Seat 3: 1jims2 (big blind) mucked [9s Ah]
Seat 4: dlxodud0102 folded before Flop (didn't bet)
Seat 5: Mahu2021 folded before Flop (didn't bet)
Seat 6: royacht folded before Flop (didn't bet)



PokerStars Zoom Hand #254940028116:  Hold'em No Limit ($0.05/$0.10) - 2025/02/19 14:57:47 CET [2025/02/19 8:57:47 ET]
Table 'Aludra' 6-max Seat #1 is the button
Seat 1: Tangros ($10 in chips) 
Seat 2: samoraize ($18.41 in chips) 
Seat 3: Mahu2021 ($11.17 in chips) 
Seat 4: royacht ($6.61 in chips) 
Seat 5: b0ll ($18.37 in chips) 
Seat 6: BgdAlex117 ($9.72 in chips) 
samoraize: posts small blind $0.05
Mahu2021: posts big blind $0.10
*** HOLE CARDS ***
Dealt to Mahu2021 [Qc Ks]
royacht: folds 
b0ll: folds 
BgdAlex117: folds 
Tangros: raises $0.15 to $0.25
samoraize: calls $0.20
Mahu2021: calls $0.15
*** FLOP *** [Js 2h Ac]
samoraize: checks 
Mahu2021: checks 
Tangros: checks 
*** TURN *** [Js 2h Ac] [8d]
samoraize: checks 
Mahu2021: checks 
Tangros: bets $1.25
samoraize: folds 
Mahu2021: folds 
Uncalled bet ($1.25) returned to Tangros
Tangros collected $0.72 from pot
Tangros: doesn't show hand 
*** SUMMARY ***
Total pot $0.75 | Rake $0.03 
Board [Js 2h Ac 8d]
Seat 1: Tangros (button) collected ($0.72)
Seat 2: samoraize (small blind) folded on the Turn
Seat 3: Mahu2021 (big blind) folded on the Turn
Seat 4: royacht folded before Flop (didn't bet)
Seat 5: b0ll folded before Flop (didn't bet)
Seat 6: BgdAlex117 folded before Flop (didn't bet)



PokerStars Zoom Hand #254940026986:  Hold'em No Limit ($0.05/$0.10) - 2025/02/19 14:57:38 CET [2025/02/19 8:57:38 ET]
Table 'Aludra' 6-max Seat #1 is the button
Seat 1: pikeyboater ($14.09 in chips) 
Seat 2: Deox666 ($10.20 in chips) 
Seat 3: Julian.S1989 ($10.36 in chips) 
Seat 4: klette87 ($10 in chips) 
Seat 5: emo114 ($30.21 in chips) 
Seat 6: Mahu2021 ($11.17 in chips) 
Deox666: posts small blind $0.05
Julian.S1989: posts big blind $0.10
*** HOLE CARDS ***
Dealt to Mahu2021 [Ad 3c]
klette87: raises $0.10 to $0.20
emo114: folds 
Mahu2021: folds 
pikeyboater: folds 
Deox666: raises $0.60 to $0.80
Julian.S1989: folds 
klette87: calls $0.60
*** FLOP *** [9d 6c 6h]
Deox666: checks 
klette87: bets $0.60
Deox666: calls $0.60
*** TURN *** [9d 6c 6h] [Jc]
Deox666: checks 
klette87: checks 
*** RIVER *** [9d 6c 6h Jc] [6s]
Deox666: bets $2.13
klette87: folds 
Uncalled bet ($2.13) returned to Deox666
Deox666 collected $2.77 from pot
Deox666: doesn't show hand 
*** SUMMARY ***
Total pot $2.90 | Rake $0.13 
Board [9d 6c 6h Jc 6s]
Seat 1: pikeyboater (button) folded before Flop (didn't bet)
Seat 2: Deox666 (small blind) collected ($2.77)
Seat 3: Julian.S1989 (big blind) folded before Flop
Seat 4: klette87 folded on the River
Seat 5: emo114 folded before Flop (didn't bet)
Seat 6: Mahu2021 folded before Flop (didn't bet)



PokerStars Zoom Hand #254940033981:  Hold'em No Limit ($0.05/$0.10) - 2025/02/19 14:58:32 CET [2025/02/19 8:58:32 ET]
Table 'Aludra' 6-max Seat #1 is the button
Seat 1: honEybOOx ($14.93 in chips) 
Seat 2: Mahu2021 ($10.92 in chips) 
Seat 3: CaJe94 ($10 in chips) 
Seat 4: lolb0t ($21.99 in chips) 
Seat 5: suntony ($26.96 in chips) 
Seat 6: Tangros ($10.47 in chips) 
Mahu2021: posts small blind $0.05
CaJe94: posts big blind $0.10
*** HOLE CARDS ***
Dealt to Mahu2021 [3d 8d]
lolb0t: folds 
suntony: raises $0.20 to $0.30
Tangros: folds 
honEybOOx: folds 
Mahu2021: folds 
CaJe94: folds 
Uncalled bet ($0.20) returned to suntony
suntony collected $0.25 from pot
suntony: doesn't show hand 
*** SUMMARY ***
Total pot $0.25 | Rake $0 
Seat 1: honEybOOx (button) folded before Flop (didn't bet)
Seat 2: Mahu2021 (small blind) folded before Flop
Seat 3: CaJe94 (big blind) folded before Flop
Seat 4: lolb0t folded before Flop (didn't bet)
Seat 5: suntony collected ($0.25)
Seat 6: Tangros folded before Flop (didn't bet)



PokerStars Zoom Hand #254940034914:  Hold'em No Limit ($0.05/$0.10) - 2025/02/19 14:58:39 CET [2025/02/19 8:58:39 ET]
Table 'Aludra' 6-max Seat #1 is the button
Seat 1: Mahu2021 ($10.87 in chips) 
Seat 2: Losimas(LT) ($10 in chips) 
Seat 3: Schnuffler ($13.38 in chips) 
Seat 4: honEybOOx ($14.93 in chips) 
Seat 5: azielsilvagv ($4.31 in chips) 
Seat 6: v4valter88 ($10.92 in chips) 
Losimas(LT): posts small blind $0.05
Schnuffler: posts big blind $0.10
*** HOLE CARDS ***
Dealt to Mahu2021 [2s Js]
honEybOOx: folds 
azielsilvagv: calls $0.10
v4valter88: folds 
Mahu2021: folds 
Losimas(LT): folds 
Schnuffler: checks 
*** FLOP *** [8s 3h 8d]
Schnuffler: checks 
azielsilvagv: checks 
*** TURN *** [8s 3h 8d] [4c]
Schnuffler: checks 
azielsilvagv: checks 
*** RIVER *** [8s 3h 8d 4c] [Ac]
Schnuffler: checks 
azielsilvagv: checks 
*** SHOW DOWN ***
Schnuffler: shows [7h 9c] (a pair of Eights)
azielsilvagv: shows [Kd Jc] (a pair of Eights - Ace+King kicker)
azielsilvagv collected $0.24 from pot
*** SUMMARY ***
Total pot $0.25 | Rake $0.01 
Board [8s 3h 8d 4c Ac]
Seat 1: Mahu2021 (button) folded before Flop (didn't bet)
Seat 2: Losimas(LT) (small blind) folded before Flop
Seat 3: Schnuffler (big blind) showed [7h 9c] and lost with a pair of Eights
Seat 4: honEybOOx folded before Flop (didn't bet)
Seat 5: azielsilvagv showed [Kd Jc] and won ($0.24) with a pair of Eights
Seat 6: v4valter88 folded before Flop (didn't bet)



PokerStars Zoom Hand #254940037547:  Hold'em No Limit ($0.05/$0.10) - 2025/02/19 14:58:59 CET [2025/02/19 8:58:59 ET]
Table 'Aludra' 6-max Seat #1 is the button
Seat 1: top4eto860 ($18.71 in chips) 
Seat 2: lolb0t ($12.58 in chips) 
Seat 3: Mahu2021 ($10.87 in chips) 
Seat 4: augtoth ($10 in chips) 
Seat 5: Jajje7 ($30.46 in chips) 
Seat 6: b0ll ($12.52 in chips) 
lolb0t: posts small blind $0.05
Mahu2021: posts big blind $0.10
*** HOLE CARDS ***
Dealt to Mahu2021 [Ts 4d]
augtoth: folds 
Jajje7: folds 
b0ll: folds 
top4eto860: folds 
lolb0t: folds 
Uncalled bet ($0.05) returned to Mahu2021
Mahu2021 collected $0.10 from pot
Mahu2021: doesn't show hand 
*** SUMMARY ***
Total pot $0.10 | Rake $0 
Seat 1: top4eto860 (button) folded before Flop (didn't bet)
Seat 2: lolb0t (small blind) folded before Flop
Seat 3: Mahu2021 (big blind) collected ($0.10)
Seat 4: augtoth folded before Flop (didn't bet)
Seat 5: Jajje7 folded before Flop (didn't bet)
Seat 6: b0ll folded before Flop (didn't bet)



PokerStars Zoom Hand #254940036471:  Hold'em No Limit ($0.05/$0.10) - 2025/02/19 14:58:51 CET [2025/02/19 8:58:51 ET]
Table 'Aludra' 6-max Seat #1 is the button
Seat 1: Anbru666 ($14.30 in chips) 
Seat 2: Erossimo ($10.27 in chips) 
Seat 3: v4valter88 ($10.37 in chips) 
Seat 4: Mahu2021 ($10.87 in chips) 
Seat 5: Deox666 ($11.57 in chips) 
Seat 6: seonghwee ($11.65 in chips) 
Erossimo: posts small blind $0.05
v4valter88: posts big blind $0.10
*** HOLE CARDS ***
Dealt to Mahu2021 [8c 6c]
Mahu2021: folds 
Deox666: folds 
seonghwee: raises $0.15 to $0.25
Anbru666: calls $0.25
Erossimo: raises $10.02 to $10.27 and is all-in
v4valter88: folds 
seonghwee: folds 
Anbru666: folds 
Uncalled bet ($10.02) returned to Erossimo
Erossimo collected $0.85 from pot
Erossimo: doesn't show hand 
*** SUMMARY ***
Total pot $0.85 | Rake $0 
Seat 1: Anbru666 (button) folded before Flop
Seat 2: Erossimo (small blind) collected ($0.85)
Seat 3: v4valter88 (big blind) folded before Flop
Seat 4: Mahu2021 folded before Flop (didn't bet)
Seat 5: Deox666 folded before Flop (didn't bet)
Seat 6: seonghwee folded before Flop



PokerStars Zoom Hand #254940038363:  Hold'em No Limit ($0.05/$0.10) - 2025/02/19 14:59:05 CET [2025/02/19 8:59:05 ET]
Table 'Aludra' 6-max Seat #1 is the button
Seat 1: wedness24 ($10 in chips) 
Seat 2: Mahu2021 ($10.92 in chips) 
Seat 3: GreatVantos ($6.70 in chips) 
Seat 4: emo114 ($29.66 in chips) 
Seat 5: GSKG987 ($10 in chips) 
Seat 6: Losimas(LT) ($10 in chips) 
Mahu2021: posts small blind $0.05
GreatVantos: posts big blind $0.10
*** HOLE CARDS ***
Dealt to Mahu2021 [Qc Kd]
emo114: folds 
GSKG987: folds 
Losimas(LT): folds 
wedness24: folds 
Mahu2021: raises $0.20 to $0.30
GreatVantos: folds 
Uncalled bet ($0.20) returned to Mahu2021
Mahu2021 collected $0.20 from pot
Mahu2021: doesn't show hand 
*** SUMMARY ***
Total pot $0.20 | Rake $0 
Seat 1: wedness24 (button) folded before Flop (didn't bet)
Seat 2: Mahu2021 (small blind) collected ($0.20)
Seat 3: GreatVantos (big blind) folded before Flop
Seat 4: emo114 folded before Flop (didn't bet)
Seat 5: GSKG987 folded before Flop (didn't bet)
Seat 6: Losimas(LT) folded before Flop (didn't bet)



PokerStars Zoom Hand #254940037003:  Hold'em No Limit ($0.05/$0.10) - 2025/02/19 14:58:55 CET [2025/02/19 8:58:55 ET]
Table 'Aludra' 6-max Seat #1 is the button
Seat 1: seonghwee ($10.49 in chips) 
Seat 2: CaJe94 ($10.15 in chips) 
Seat 3: augtoth ($10.25 in chips) 
Seat 4: Mahu2021 ($10.87 in chips) 
Seat 5: G.MASTER2010 ($7.60 in chips) 
Seat 6: persecute1 ($11.02 in chips) 
CaJe94: posts small blind $0.05
augtoth: posts big blind $0.10
*** HOLE CARDS ***
Dealt to Mahu2021 [6h Qs]
Mahu2021: folds 
G.MASTER2010: raises $0.20 to $0.30
persecute1: folds 
seonghwee: folds 
CaJe94: folds 
augtoth: folds 
Uncalled bet ($0.20) returned to G.MASTER2010
G.MASTER2010 collected $0.25 from pot
G.MASTER2010: doesn't show hand 
*** SUMMARY ***
Total pot $0.25 | Rake $0 
Seat 1: seonghwee (button) folded before Flop (didn't bet)
Seat 2: CaJe94 (small blind) folded before Flop
Seat 3: augtoth (big blind) folded before Flop
Seat 4: Mahu2021 folded before Flop (didn't bet)
Seat 5: G.MASTER2010 collected ($0.25)
Seat 6: persecute1 folded before Flop (didn't bet)



PokerStars Zoom Hand #254940034440:  Hold'em No Limit ($0.05/$0.10) - 2025/02/19 14:58:36 CET [2025/02/19 8:58:36 ET]
Table 'Aludra' 6-max Seat #1 is the button
Seat 1: emo114 ($15.52 in chips) 
Seat 2: Bur1k ($5.81 in chips) 
Seat 3: wedness24 ($14.64 in chips) 
Seat 4: puskanpoika ($10.10 in chips) 
Seat 5: Mahu2021 ($10.87 in chips) 
Seat 6: lolb0t ($21.99 in chips) 
Bur1k: posts small blind $0.05
wedness24: posts big blind $0.10
*** HOLE CARDS ***
Dealt to Mahu2021 [Ts 6s]
puskanpoika: folds 
Mahu2021: folds 
lolb0t: folds 
emo114: raises $0.15 to $0.25
Bur1k: calls $0.20
wedness24: raises $1 to $1.25
emo114: folds 
Bur1k: folds 
Uncalled bet ($1) returned to wedness24
wedness24 collected $0.75 from pot
wedness24: doesn't show hand 
*** SUMMARY ***
Total pot $0.75 | Rake $0 
Seat 1: emo114 (button) folded before Flop
Seat 2: Bur1k (small blind) folded before Flop
Seat 3: wedness24 (big blind) collected ($0.75)
Seat 4: puskanpoika folded before Flop (didn't bet)
Seat 5: Mahu2021 folded before Flop (didn't bet)
Seat 6: lolb0t folded before Flop (didn't bet)



PokerStars Zoom Hand #254940033333:  Hold'em No Limit ($0.05/$0.10) - 2025/02/19 14:58:27 CET [2025/02/19 8:58:27 ET]
Table 'Aludra' 6-max Seat #1 is the button
Seat 1: Mahu2021 ($10.92 in chips) 
Seat 2: cheddarman24 ($10.40 in chips) 
Seat 3: azielsilvagv ($4.41 in chips) 
Seat 4: Josh Wolrich ($12.78 in chips) 
Seat 5: AMRS31 ($13.65 in chips) 
Seat 6: wedness24 ($10 in chips) 
cheddarman24: posts small blind $0.05
azielsilvagv: posts big blind $0.10
*** HOLE CARDS ***
Dealt to Mahu2021 [3h 9h]
Josh Wolrich: raises $0.10 to $0.20
AMRS31: raises $0.40 to $0.60
wedness24: folds 
Mahu2021: folds 
cheddarman24: folds 
azielsilvagv: folds 
Josh Wolrich: calls $0.40
*** FLOP *** [Ts Ac 5d]
Josh Wolrich: checks 
AMRS31: bets $0.43
Josh Wolrich: raises $1.08 to $1.51
AMRS31: calls $1.08
*** TURN *** [Ts Ac 5d] [7c]
Josh Wolrich: bets $2.85
AMRS31: folds 
Uncalled bet ($2.85) returned to Josh Wolrich
Josh Wolrich collected $4.17 from pot
Josh Wolrich: doesn't show hand 
*** SUMMARY ***
Total pot $4.37 | Rake $0.20 
Board [Ts Ac 5d 7c]
Seat 1: Mahu2021 (button) folded before Flop (didn't bet)
Seat 2: cheddarman24 (small blind) folded before Flop
Seat 3: azielsilvagv (big blind) folded before Flop
Seat 4: Josh Wolrich collected ($4.17)
Seat 5: AMRS31 folded on the Turn
Seat 6: wedness24 folded before Flop (didn't bet)



PokerStars Zoom Hand #254940036035:  Hold'em No Limit ($0.05/$0.10) - 2025/02/19 14:58:48 CET [2025/02/19 8:58:48 ET]
Table 'Aludra' 6-max Seat #1 is the button
Seat 1: BgdAlex117 ($9.32 in chips) 
Seat 2: Roma88K ($8.84 in chips) 
Seat 3: Towelie709 ($10 in chips) 
Seat 4: royacht ($6.98 in chips) 
Seat 5: CaJe94 ($10 in chips) 
Seat 6: Mahu2021 ($10.87 in chips) 
Roma88K: posts small blind $0.05
Towelie709: posts big blind $0.10
*** HOLE CARDS ***
Dealt to Mahu2021 [Jh 2d]
royacht: folds 
CaJe94: raises $0.20 to $0.30
Mahu2021: folds 
BgdAlex117: folds 
Roma88K: calls $0.25
Towelie709: calls $0.20
*** FLOP *** [9c 7d 8s]
Roma88K: checks 
Towelie709: checks 
CaJe94: checks 
*** TURN *** [9c 7d 8s] [2h]
Roma88K: bets $0.43
Towelie709: calls $0.43
CaJe94: raises $1.37 to $1.80
Roma88K: calls $1.37
Towelie709: calls $1.37
*** RIVER *** [9c 7d 8s 2h] [4d]
Roma88K: bets $3.01
Towelie709: folds 
CaJe94: folds 
Uncalled bet ($3.01) returned to Roma88K
Roma88K collected $6.02 from pot
Roma88K: doesn't show hand 
*** SUMMARY ***
Total pot $6.30 | Rake $0.28 
Board [9c 7d 8s 2h 4d]
Seat 1: BgdAlex117 (button) folded before Flop (didn't bet)
Seat 2: Roma88K (small blind) collected ($6.02)
Seat 3: Towelie709 (big blind) folded on the River
Seat 4: royacht folded before Flop (didn't bet)
Seat 5: CaJe94 folded on the River
Seat 6: Mahu2021 folded before Flop (didn't bet)



PokerStars Zoom Hand #254940039409:  Hold'em No Limit ($0.05/$0.10) - 2025/02/19 14:59:13 CET [2025/02/19 8:59:13 ET]
Table 'Aludra' 6-max Seat #1 is the button
Seat 1: GSKG987 ($10 in chips) 
Seat 2: Jajje7 ($30.36 in chips) 
Seat 3: s1auka ($14.38 in chips) 
Seat 4: tafarel8 ($18.50 in chips) 
Seat 5: Mahu2021 ($11.02 in chips) 
Seat 6: CaJe94 ($10.10 in chips) 
Jajje7: posts small blind $0.05
s1auka: posts big blind $0.10
*** HOLE CARDS ***
Dealt to Mahu2021 [8d Td]
tafarel8: folds 
Mahu2021: raises $0.14 to $0.24
CaJe94: folds 
GSKG987: folds 
Jajje7: folds 
s1auka: folds 
Uncalled bet ($0.14) returned to Mahu2021
Mahu2021 collected $0.25 from pot
Mahu2021: doesn't show hand 
*** SUMMARY ***
Total pot $0.25 | Rake $0 
Seat 1: GSKG987 (button) folded before Flop (didn't bet)
Seat 2: Jajje7 (small blind) folded before Flop
Seat 3: s1auka (big blind) folded before Flop
Seat 4: tafarel8 folded before Flop (didn't bet)
Seat 5: Mahu2021 collected ($0.25)
Seat 6: CaJe94 folded before Flop (didn't bet)



PokerStars Zoom Hand #254940041579:  Hold'em No Limit ($0.05/$0.10) - 2025/02/19 14:59:30 CET [2025/02/19 8:59:30 ET]
Table 'Aludra' 6-max Seat #1 is the button
Seat 1: Josh Wolrich ($14.74 in chips) 
Seat 2: tafarel8 ($62.48 in chips) 
Seat 3: Erossimo ($12.65 in chips) 
Seat 4: Mahu2021 ($11.17 in chips) 
Seat 5: G.MASTER2010 ($7.70 in chips) 
Seat 6: Schnuffler ($10.15 in chips) 
tafarel8: posts small blind $0.05
Erossimo: posts big blind $0.10
*** HOLE CARDS ***
Dealt to Mahu2021 [Ac Jd]
Mahu2021: raises $0.14 to $0.24
G.MASTER2010: folds 
Schnuffler: calls $0.24
Josh Wolrich: folds 
tafarel8: folds 
Erossimo: calls $0.14
*** FLOP *** [Js 8h 6d]
Erossimo: checks 
Mahu2021: checks 
Schnuffler: checks 
*** TURN *** [Js 8h 6d] [Ad]
Erossimo: checks 
Mahu2021: checks 
Schnuffler: bets $0.45
Erossimo: folds 
Mahu2021: calls $0.45
*** RIVER *** [Js 8h 6d Ad] [9c]
Mahu2021: checks 
Schnuffler: checks 
*** SHOW DOWN ***
Mahu2021: shows [Ac Jd] (two pair, Aces and Jacks)
Schnuffler: mucks hand 
Mahu2021 collected $1.59 from pot
*** SUMMARY ***
Total pot $1.67 | Rake $0.08 
Board [Js 8h 6d Ad 9c]
Seat 1: Josh Wolrich (button) folded before Flop (didn't bet)
Seat 2: tafarel8 (small blind) folded before Flop
Seat 3: Erossimo (big blind) folded on the Turn
Seat 4: Mahu2021 showed [Ac Jd] and won ($1.59) with two pair, Aces and Jacks
Seat 5: G.MASTER2010 folded before Flop (didn't bet)
Seat 6: Schnuffler mucked [5h Ah]



