PokerStars Hand #249846120114: Tournament #3738878236, $1.84+$0.16 USD Hold'em No Limit - Level I (10/20) - 2024/04/07 17:55:51 CET [2024/04/07 11:55:51 ET]
Table '3738878236 1' 3-max Seat #1 is the button
Seat 1: Balatina66 (500 in chips) 
Seat 2: NikitaWalker (500 in chips) 
Seat 3: Mahu2021 (500 in chips) 
NikitaWalker: posts small blind 10
Mahu2021: posts big blind 20
*** HOLE CARDS ***
Dealt to Mahu2021 [Qh 6h]
Balatina66: calls 20
NikitaWalker: calls 10
Mahu2021: checks 
*** FLOP *** [8c 6c Ts]
NikitaWalker: bets 30
Mahu2021: folds 
Balatina66: calls 30
*** TURN *** [8c 6c Ts] [4c]
NikitaWalker: bets 60
Balatina66: raises 60 to 120
NikitaWalker: folds 
Uncalled bet (60) returned to Balatina66
Balatina66 collected 240 from pot
Balatina66: doesn't show hand 
*** SUMMARY ***
Total pot 240 | Rake 0 
Board [8c 6c Ts 4c]
Seat 1: Balatina66 (button) collected (240)
Seat 2: NikitaWalker (small blind) folded on the Turn
Seat 3: Mahu2021 (big blind) folded on the Flop



PokerStars Hand #249846127043: Tournament #3738878236, $1.84+$0.16 USD Hold'em No Limit - Level I (10/20) - 2024/04/07 17:56:25 CET [2024/04/07 11:56:25 ET]
Table '3738878236 1' 3-max Seat #2 is the button
Seat 1: Balatina66 (630 in chips) 
Seat 2: NikitaWalker (390 in chips) 
Seat 3: Mahu2021 (480 in chips) 
Mahu2021: posts small blind 10
Balatina66: posts big blind 20
*** HOLE CARDS ***
Dealt to Mahu2021 [8c 3d]
NikitaWalker: raises 20 to 40
Mahu2021: folds 
Balatina66: raises 90 to 130
NikitaWalker: raises 260 to 390 and is all-in
Balatina66: calls 260
*** FLOP *** [Td Jh 2c]
*** TURN *** [Td Jh 2c] [8s]
*** RIVER *** [Td Jh 2c 8s] [7d]
*** SHOW DOWN ***
Balatina66: shows [Ah 7s] (a pair of Sevens)
NikitaWalker: shows [Qs Ks] (high card King)
Balatina66 collected 790 from pot
NikitaWalker finished the tournament in 3rd place
*** SUMMARY ***
Total pot 790 | Rake 0 
Board [Td Jh 2c 8s 7d]
Seat 1: Balatina66 (big blind) showed [Ah 7s] and won (790) with a pair of Sevens
Seat 2: NikitaWalker (button) showed [Qs Ks] and lost with high card King
Seat 3: Mahu2021 (small blind) folded before Flop



PokerStars Hand #249846133622: Tournament #3738878236, $1.84+$0.16 USD Hold'em No Limit - Level I (10/20) - 2024/04/07 17:56:57 CET [2024/04/07 11:56:57 ET]
Table '3738878236 1' 3-max Seat #1 is the button
Seat 1: Balatina66 (1030 in chips) 
Seat 3: Mahu2021 (470 in chips) 
Balatina66: posts small blind 10
Mahu2021: posts big blind 20
*** HOLE CARDS ***
Dealt to Mahu2021 [8c 2c]
Balatina66: calls 10
Mahu2021: checks 
*** FLOP *** [6c 5s 2s]
Mahu2021: checks 
Balatina66: checks 
*** TURN *** [6c 5s 2s] [3h]
Mahu2021: checks 
Balatina66: checks 
*** RIVER *** [6c 5s 2s 3h] [3c]
Mahu2021: bets 40
Balatina66: folds 
Uncalled bet (40) returned to Mahu2021
Mahu2021 collected 40 from pot
Mahu2021: doesn't show hand 
*** SUMMARY ***
Total pot 40 | Rake 0 
Board [6c 5s 2s 3h 3c]
Seat 1: Balatina66 (button) (small blind) folded on the River
Seat 3: Mahu2021 (big blind) collected (40)



PokerStars Hand #249846136508: Tournament #3738878236, $1.84+$0.16 USD Hold'em No Limit - Level I (10/20) - 2024/04/07 17:57:10 CET [2024/04/07 11:57:10 ET]
Table '3738878236 1' 3-max Seat #3 is the button
Seat 1: Balatina66 (1010 in chips) 
Seat 3: Mahu2021 (490 in chips) 
Mahu2021: posts small blind 10
Balatina66: posts big blind 20
*** HOLE CARDS ***
Dealt to Mahu2021 [2h 4d]
Mahu2021: folds 
Uncalled bet (10) returned to Balatina66
Balatina66 collected 20 from pot
Balatina66: doesn't show hand 
*** SUMMARY ***
Total pot 20 | Rake 0 
Seat 1: Balatina66 (big blind) collected (20)
Seat 3: Mahu2021 (button) (small blind) folded before Flop



PokerStars Hand #249846137500: Tournament #3738878236, $1.84+$0.16 USD Hold'em No Limit - Level I (10/20) - 2024/04/07 17:57:15 CET [2024/04/07 11:57:15 ET]
Table '3738878236 1' 3-max Seat #1 is the button
Seat 1: Balatina66 (1020 in chips) 
Seat 3: Mahu2021 (480 in chips) 
Balatina66: posts small blind 10
Mahu2021: posts big blind 20
*** HOLE CARDS ***
Dealt to Mahu2021 [Ad 7s]
Balatina66: calls 10
Mahu2021: checks 
*** FLOP *** [4d Ac 2s]
Mahu2021: checks 
Balatina66: checks 
*** TURN *** [4d Ac 2s] [Js]
Mahu2021: bets 20
Balatina66: raises 20 to 40
Mahu2021: calls 20
*** RIVER *** [4d Ac 2s Js] [5d]
Mahu2021: checks 
Balatina66: checks 
*** SHOW DOWN ***
Mahu2021: shows [Ad 7s] (a pair of Aces)
Balatina66: mucks hand 
Mahu2021 collected 120 from pot
*** SUMMARY ***
Total pot 120 | Rake 0 
Board [4d Ac 2s Js 5d]
Seat 1: Balatina66 (button) (small blind) mucked [8h Jh]
Seat 3: Mahu2021 (big blind) showed [Ad 7s] and won (120) with a pair of Aces



PokerStars Hand #249846141152: Tournament #3738878236, $1.84+$0.16 USD Hold'em No Limit - Level I (10/20) - 2024/04/07 17:57:32 CET [2024/04/07 11:57:32 ET]
Table '3738878236 1' 3-max Seat #3 is the button
Seat 1: Balatina66 (960 in chips) 
Seat 3: Mahu2021 (540 in chips) 
Mahu2021: posts small blind 10
Balatina66: posts big blind 20
*** HOLE CARDS ***
Dealt to Mahu2021 [Qs Jc]
Mahu2021: raises 20 to 40
Balatina66: calls 20
*** FLOP *** [9s Kh Ad]
Balatina66: checks 
Mahu2021: bets 40
Balatina66: folds 
Uncalled bet (40) returned to Mahu2021
Mahu2021 collected 80 from pot
Mahu2021: doesn't show hand 
*** SUMMARY ***
Total pot 80 | Rake 0 
Board [9s Kh Ad]
Seat 1: Balatina66 (big blind) folded on the Flop
Seat 3: Mahu2021 (button) (small blind) collected (80)



PokerStars Hand #249846143844: Tournament #3738878236, $1.84+$0.16 USD Hold'em No Limit - Level I (10/20) - 2024/04/07 17:57:45 CET [2024/04/07 11:57:45 ET]
Table '3738878236 1' 3-max Seat #1 is the button
Seat 1: Balatina66 (920 in chips) 
Seat 3: Mahu2021 (580 in chips) 
Balatina66: posts small blind 10
Mahu2021: posts big blind 20
*** HOLE CARDS ***
Dealt to Mahu2021 [7s 7c]
Balatina66: folds 
Uncalled bet (10) returned to Mahu2021
Mahu2021 collected 20 from pot
Mahu2021: doesn't show hand 
*** SUMMARY ***
Total pot 20 | Rake 0 
Seat 1: Balatina66 (button) (small blind) folded before Flop
Seat 3: Mahu2021 (big blind) collected (20)



PokerStars Hand #249846144821: Tournament #3738878236, $1.84+$0.16 USD Hold'em No Limit - Level I (10/20) - 2024/04/07 17:57:50 CET [2024/04/07 11:57:50 ET]
Table '3738878236 1' 3-max Seat #3 is the button
Seat 1: Balatina66 (910 in chips) 
Seat 3: Mahu2021 (590 in chips) 
Mahu2021: posts small blind 10
Balatina66: posts big blind 20
*** HOLE CARDS ***
Dealt to Mahu2021 [3s Tc]
Mahu2021: folds 
Uncalled bet (10) returned to Balatina66
Balatina66 collected 20 from pot
Balatina66: doesn't show hand 
*** SUMMARY ***
Total pot 20 | Rake 0 
Seat 1: Balatina66 (big blind) collected (20)
Seat 3: Mahu2021 (button) (small blind) folded before Flop



PokerStars Hand #249846146681: Tournament #3738878236, $1.84+$0.16 USD Hold'em No Limit - Level II (15/30) - 2024/04/07 17:57:59 CET [2024/04/07 11:57:59 ET]
Table '3738878236 1' 3-max Seat #1 is the button
Seat 1: Balatina66 (920 in chips) 
Seat 3: Mahu2021 (580 in chips) 
Balatina66: posts small blind 15
Mahu2021: posts big blind 30
*** HOLE CARDS ***
Dealt to Mahu2021 [3c 2h]
Balatina66: raises 30 to 60
Mahu2021: folds 
Uncalled bet (30) returned to Balatina66
Balatina66 collected 60 from pot
Balatina66: doesn't show hand 
*** SUMMARY ***
Total pot 60 | Rake 0 
Seat 1: Balatina66 (button) (small blind) collected (60)
Seat 3: Mahu2021 (big blind) folded before Flop



PokerStars Hand #249846147915: Tournament #3738878236, $1.84+$0.16 USD Hold'em No Limit - Level II (15/30) - 2024/04/07 17:58:04 CET [2024/04/07 11:58:04 ET]
Table '3738878236 1' 3-max Seat #3 is the button
Seat 1: Balatina66 (950 in chips) 
Seat 3: Mahu2021 (550 in chips) 
Mahu2021: posts small blind 15
Balatina66: posts big blind 30
*** HOLE CARDS ***
Dealt to Mahu2021 [7s 9h]
Mahu2021: calls 15
Balatina66: checks 
*** FLOP *** [Th As Ts]
Balatina66: checks 
Mahu2021: checks 
*** TURN *** [Th As Ts] [7c]
Balatina66: bets 30
Mahu2021: raises 90 to 120
Balatina66: calls 90
*** RIVER *** [Th As Ts 7c] [Qh]
Balatina66: bets 30
Mahu2021: raises 360 to 390
Balatina66: calls 360
*** SHOW DOWN ***
Mahu2021: shows [7s 9h] (two pair, Tens and Sevens)
Balatina66: shows [Qs 2s] (two pair, Queens and Tens)
Balatina66 collected 1080 from pot
*** SUMMARY ***
Total pot 1080 | Rake 0 
Board [Th As Ts 7c Qh]
Seat 1: Balatina66 (big blind) showed [Qs 2s] and won (1080) with two pair, Queens and Tens
Seat 3: Mahu2021 (button) (small blind) showed [7s 9h] and lost with two pair, Tens and Sevens



PokerStars Hand #249846152090: Tournament #3738878236, $1.84+$0.16 USD Hold'em No Limit - Level II (15/30) - 2024/04/07 17:58:25 CET [2024/04/07 11:58:25 ET]
Table '3738878236 1' 3-max Seat #1 is the button
Seat 1: Balatina66 (1490 in chips) 
Seat 3: Mahu2021 (10 in chips) 
Balatina66: posts small blind 15
Mahu2021: posts big blind 10 and is all-in
*** HOLE CARDS ***
Dealt to Mahu2021 [4d As]
Uncalled bet (5) returned to Balatina66
*** FLOP *** [5h 6h Qs]
*** TURN *** [5h 6h Qs] [Kh]
*** RIVER *** [5h 6h Qs Kh] [5c]
*** SHOW DOWN ***
Mahu2021: shows [4d As] (a pair of Fives)
Balatina66: shows [2s Ad] (a pair of Fives)
Mahu2021 collected 10 from pot
Balatina66 collected 10 from pot
*** SUMMARY ***
Total pot 20 | Rake 0 
Board [5h 6h Qs Kh 5c]
Seat 1: Balatina66 (button) (small blind) showed [2s Ad] and won (10) with a pair of Fives
Seat 3: Mahu2021 (big blind) showed [4d As] and won (10) with a pair of Fives



