PokerStars Hand #244509712445: Tournament #3609955565, $0.92+$0.08 USD Hold'em No Limit - Level I (10/20) - 2023/06/28 15:33:12 CET [2023/06/28 9:33:12 ET]
Table '3609955565 1' 3-max Seat #1 is the button
Seat 1: Ptkwan (500 in chips) 
Seat 2: Luzod (500 in chips) 
Seat 3: Mahu2021 (500 in chips) 
Luzod: posts small blind 10
Mahu2021: posts big blind 20
*** HOLE CARDS ***
Dealt to Mahu2021 [4c 8h]
Ptkwan: folds 
Luzod: raises 20 to 40
Mahu2021: folds 
Uncalled bet (20) returned to Luzod
Luzod collected 40 from pot
Luzod: doesn't show hand 
*** SUMMARY ***
Total pot 40 | Rake 0 
Seat 1: Ptkwan (button) folded before Flop (didn't bet)
Seat 2: Luzod (small blind) collected (40)
Seat 3: Mahu2021 (big blind) folded before Flop



PokerStars Hand #244509716366: Tournament #3609955565, $0.92+$0.08 USD Hold'em No Limit - Level I (10/20) - 2023/06/28 15:33:32 CET [2023/06/28 9:33:32 ET]
Table '3609955565 1' 3-max Seat #2 is the button
Seat 1: Ptkwan (500 in chips) 
Seat 2: Luzod (520 in chips) 
Seat 3: Mahu2021 (480 in chips) 
Mahu2021: posts small blind 10
Ptkwan: posts big blind 20
*** HOLE CARDS ***
Dealt to Mahu2021 [5c 9s]
Luzod: raises 20 to 40
Mahu2021: folds 
Ptkwan: folds 
Uncalled bet (20) returned to Luzod
Luzod collected 50 from pot
Luzod: doesn't show hand 
*** SUMMARY ***
Total pot 50 | Rake 0 
Seat 1: Ptkwan (big blind) folded before Flop
Seat 2: Luzod (button) collected (50)
Seat 3: Mahu2021 (small blind) folded before Flop



PokerStars Hand #244509718221: Tournament #3609955565, $0.92+$0.08 USD Hold'em No Limit - Level I (10/20) - 2023/06/28 15:33:42 CET [2023/06/28 9:33:42 ET]
Table '3609955565 1' 3-max Seat #3 is the button
Seat 1: Ptkwan (480 in chips) 
Seat 2: Luzod (550 in chips) 
Seat 3: Mahu2021 (470 in chips) 
Ptkwan: posts small blind 10
Luzod: posts big blind 20
*** HOLE CARDS ***
Dealt to Mahu2021 [6s Qs]
Mahu2021: calls 20
Ptkwan: calls 10
Luzod: raises 80 to 100
Mahu2021: folds 
Ptkwan: folds 
Uncalled bet (80) returned to Luzod
Luzod collected 60 from pot
Luzod: doesn't show hand 
*** SUMMARY ***
Total pot 60 | Rake 0 
Seat 1: Ptkwan (small blind) folded before Flop
Seat 2: Luzod (big blind) collected (60)
Seat 3: Mahu2021 (button) folded before Flop



PokerStars Hand #244509720482: Tournament #3609955565, $0.92+$0.08 USD Hold'em No Limit - Level I (10/20) - 2023/06/28 15:33:54 CET [2023/06/28 9:33:54 ET]
Table '3609955565 1' 3-max Seat #1 is the button
Seat 1: Ptkwan (460 in chips) 
Seat 2: Luzod (590 in chips) 
Seat 3: Mahu2021 (450 in chips) 
Luzod: posts small blind 10
Mahu2021: posts big blind 20
*** HOLE CARDS ***
Dealt to Mahu2021 [Td Qh]
Ptkwan: raises 20 to 40
Luzod: raises 550 to 590 and is all-in
Mahu2021: folds 
Ptkwan: folds 
Uncalled bet (550) returned to Luzod
Luzod collected 100 from pot
Luzod: doesn't show hand 
*** SUMMARY ***
Total pot 100 | Rake 0 
Seat 1: Ptkwan (button) folded before Flop
Seat 2: Luzod (small blind) collected (100)
Seat 3: Mahu2021 (big blind) folded before Flop



PokerStars Hand #244509722961: Tournament #3609955565, $0.92+$0.08 USD Hold'em No Limit - Level I (10/20) - 2023/06/28 15:34:08 CET [2023/06/28 9:34:08 ET]
Table '3609955565 1' 3-max Seat #2 is the button
Seat 1: Ptkwan (420 in chips) 
Seat 2: Luzod (650 in chips) 
Seat 3: Mahu2021 (430 in chips) 
Mahu2021: posts small blind 10
Ptkwan: posts big blind 20
*** HOLE CARDS ***
Dealt to Mahu2021 [9s Qh]
Luzod: folds 
Mahu2021: calls 10
Ptkwan: checks 
*** FLOP *** [Qd Js 8d]
Mahu2021: bets 20
Ptkwan: calls 20
*** TURN *** [Qd Js 8d] [Ad]
Mahu2021: bets 20
Ptkwan: calls 20
*** RIVER *** [Qd Js 8d Ad] [5d]
Mahu2021: bets 20
Ptkwan: calls 20
*** SHOW DOWN ***
Mahu2021: shows [9s Qh] (a pair of Queens)
Ptkwan: shows [7d 8c] (a flush, Ace high)
Ptkwan collected 160 from pot
*** SUMMARY ***
Total pot 160 | Rake 0 
Board [Qd Js 8d Ad 5d]
Seat 1: Ptkwan (big blind) showed [7d 8c] and won (160) with a flush, Ace high
Seat 2: Luzod (button) folded before Flop (didn't bet)
Seat 3: Mahu2021 (small blind) showed [9s Qh] and lost with a pair of Queens



PokerStars Hand #244509726412: Tournament #3609955565, $0.92+$0.08 USD Hold'em No Limit - Level I (10/20) - 2023/06/28 15:34:25 CET [2023/06/28 9:34:25 ET]
Table '3609955565 1' 3-max Seat #3 is the button
Seat 1: Ptkwan (500 in chips) 
Seat 2: Luzod (650 in chips) 
Seat 3: Mahu2021 (350 in chips) 
Ptkwan: posts small blind 10
Luzod: posts big blind 20
*** HOLE CARDS ***
Dealt to Mahu2021 [Qd Ac]
Mahu2021: calls 20
Ptkwan: folds 
Luzod: checks 
*** FLOP *** [5c 8s 8c]
Luzod: checks 
Mahu2021: bets 20
Luzod: raises 68 to 88
Mahu2021: raises 242 to 330 and is all-in
Luzod: calls 242
*** TURN *** [5c 8s 8c] [8h]
*** RIVER *** [5c 8s 8c 8h] [Js]
*** SHOW DOWN ***
Luzod: shows [5h 4s] (a full house, Eights full of Fives)
Mahu2021: shows [Qd Ac] (three of a kind, Eights)
Luzod collected 710 from pot
Mahu2021 finished the tournament in 3rd place
*** SUMMARY ***
Total pot 710 | Rake 0 
Board [5c 8s 8c 8h Js]
Seat 1: Ptkwan (small blind) folded before Flop
Seat 2: Luzod (big blind) showed [5h 4s] and won (710) with a full house, Eights full of Fives
Seat 3: Mahu2021 (button) showed [Qd Ac] and lost with three of a kind, Eights



