PokerStars Hand #252457010692: Tournament #3800695183, $0.46+$0.04 USD Hold'em No Limit - Level I (10/20) - 2024/09/15 9:10:01 CET [2024/09/15 3:10:01 ET]
Table '3800695183 1' 3-max Seat #1 is the button
Seat 1: Mahu2021 (500 in chips) 
Seat 2: elmo3334 (500 in chips) 
Seat 3: NoLuckNoFun79 (500 in chips) 
elmo3334: posts small blind 10
NoLuckNoFun79: posts big blind 20
*** HOLE CARDS ***
Dealt to Mahu2021 [Ah 2h]
Mahu2021: raises 480 to 500 and is all-in
elmo3334: folds 
NoLuckNoFun79: folds 
Uncalled bet (480) returned to Mahu2021
Mahu2021 collected 50 from pot
Mahu2021: doesn't show hand 
*** SUMMARY ***
Total pot 50 | Rake 0 
Seat 1: Mahu2021 (button) collected (50)
Seat 2: elmo3334 (small blind) folded before Flop
Seat 3: NoLuckNoFun79 (big blind) folded before Flop



PokerStars Hand #252457011654: Tournament #3800695183, $0.46+$0.04 USD Hold'em No Limit - Level I (10/20) - 2024/09/15 9:10:10 CET [2024/09/15 3:10:10 ET]
Table '3800695183 1' 3-max Seat #2 is the button
Seat 1: Mahu2021 (530 in chips) 
Seat 2: elmo3334 (490 in chips) 
Seat 3: NoLuckNoFun79 (480 in chips) 
NoLuckNoFun79: posts small blind 10
Mahu2021: posts big blind 20
*** HOLE CARDS ***
Dealt to Mahu2021 [Kd Kc]
elmo3334: folds 
NoLuckNoFun79: calls 10
Mahu2021: raises 60 to 80
NoLuckNoFun79: folds 
Uncalled bet (60) returned to Mahu2021
Mahu2021 collected 40 from pot
Mahu2021: doesn't show hand 
*** SUMMARY ***
Total pot 40 | Rake 0 
Seat 1: Mahu2021 (big blind) collected (40)
Seat 2: elmo3334 (button) folded before Flop (didn't bet)
Seat 3: NoLuckNoFun79 (small blind) folded before Flop



PokerStars Hand #252457012559: Tournament #3800695183, $0.46+$0.04 USD Hold'em No Limit - Level I (10/20) - 2024/09/15 9:10:19 CET [2024/09/15 3:10:19 ET]
Table '3800695183 1' 3-max Seat #3 is the button
Seat 1: Mahu2021 (550 in chips) 
Seat 2: elmo3334 (490 in chips) 
Seat 3: NoLuckNoFun79 (460 in chips) 
Mahu2021: posts small blind 10
elmo3334: posts big blind 20
*** HOLE CARDS ***
Dealt to Mahu2021 [Th Td]
NoLuckNoFun79: raises 40 to 60
Mahu2021: raises 490 to 550 and is all-in
elmo3334: folds 
NoLuckNoFun79: folds 
Uncalled bet (490) returned to Mahu2021
Mahu2021 collected 140 from pot
Mahu2021: doesn't show hand 
*** SUMMARY ***
Total pot 140 | Rake 0 
Seat 1: Mahu2021 (small blind) collected (140)
Seat 2: elmo3334 (big blind) folded before Flop
Seat 3: NoLuckNoFun79 (button) folded before Flop



PokerStars Hand #252457013796: Tournament #3800695183, $0.46+$0.04 USD Hold'em No Limit - Level I (10/20) - 2024/09/15 9:10:32 CET [2024/09/15 3:10:32 ET]
Table '3800695183 1' 3-max Seat #1 is the button
Seat 1: Mahu2021 (630 in chips) 
Seat 2: elmo3334 (470 in chips) 
Seat 3: NoLuckNoFun79 (400 in chips) 
elmo3334: posts small blind 10
NoLuckNoFun79: posts big blind 20
*** HOLE CARDS ***
Dealt to Mahu2021 [6s 4c]
Mahu2021: folds 
elmo3334: calls 10
NoLuckNoFun79: checks 
*** FLOP *** [5s Th 6c]
elmo3334: checks 
NoLuckNoFun79: bets 20
elmo3334: folds 
Uncalled bet (20) returned to NoLuckNoFun79
NoLuckNoFun79 collected 40 from pot
*** SUMMARY ***
Total pot 40 | Rake 0 
Board [5s Th 6c]
Seat 1: Mahu2021 (button) folded before Flop (didn't bet)
Seat 2: elmo3334 (small blind) folded on the Flop
Seat 3: NoLuckNoFun79 (big blind) collected (40)



PokerStars Hand #252457015260: Tournament #3800695183, $0.46+$0.04 USD Hold'em No Limit - Level I (10/20) - 2024/09/15 9:10:47 CET [2024/09/15 3:10:47 ET]
Table '3800695183 1' 3-max Seat #2 is the button
Seat 1: Mahu2021 (630 in chips) 
Seat 2: elmo3334 (450 in chips) 
Seat 3: NoLuckNoFun79 (420 in chips) 
NoLuckNoFun79: posts small blind 10
Mahu2021: posts big blind 20
*** HOLE CARDS ***
Dealt to Mahu2021 [5h 7c]
elmo3334: folds 
NoLuckNoFun79: calls 10
Mahu2021: checks 
*** FLOP *** [Kc 9h 5d]
NoLuckNoFun79: checks 
Mahu2021: checks 
*** TURN *** [Kc 9h 5d] [7d]
NoLuckNoFun79: checks 
Mahu2021: bets 40
NoLuckNoFun79: calls 40
*** RIVER *** [Kc 9h 5d 7d] [8c]
NoLuckNoFun79: checks 
Mahu2021: bets 120
NoLuckNoFun79: folds 
Uncalled bet (120) returned to Mahu2021
Mahu2021 collected 120 from pot
Mahu2021: doesn't show hand 
*** SUMMARY ***
Total pot 120 | Rake 0 
Board [Kc 9h 5d 7d 8c]
Seat 1: Mahu2021 (big blind) collected (120)
Seat 2: elmo3334 (button) folded before Flop (didn't bet)
Seat 3: NoLuckNoFun79 (small blind) folded on the River



PokerStars Hand #252457017719: Tournament #3800695183, $0.46+$0.04 USD Hold'em No Limit - Level I (10/20) - 2024/09/15 9:11:12 CET [2024/09/15 3:11:12 ET]
Table '3800695183 1' 3-max Seat #3 is the button
Seat 1: Mahu2021 (690 in chips) 
Seat 2: elmo3334 (450 in chips) 
Seat 3: NoLuckNoFun79 (360 in chips) 
Mahu2021: posts small blind 10
elmo3334: posts big blind 20
*** HOLE CARDS ***
Dealt to Mahu2021 [Jc Ts]
NoLuckNoFun79: raises 40 to 60
Mahu2021: calls 50
elmo3334: calls 40
*** FLOP *** [Qc Tc Ks]
Mahu2021: checks 
elmo3334: bets 40
NoLuckNoFun79: raises 60 to 100
Mahu2021: calls 100
elmo3334: calls 60
*** TURN *** [Qc Tc Ks] [4s]
Mahu2021: checks 
elmo3334: bets 290 and is all-in
NoLuckNoFun79: calls 200 and is all-in
Mahu2021: folds 
Uncalled bet (90) returned to elmo3334
*** RIVER *** [Qc Tc Ks 4s] [As]
*** SHOW DOWN ***
elmo3334: shows [8h Kc] (a pair of Kings)
NoLuckNoFun79: shows [Kh Qh] (two pair, Kings and Queens)
NoLuckNoFun79 collected 880 from pot
*** SUMMARY ***
Total pot 880 | Rake 0 
Board [Qc Tc Ks 4s As]
Seat 1: Mahu2021 (small blind) folded on the Turn
Seat 2: elmo3334 (big blind) showed [8h Kc] and lost with a pair of Kings
Seat 3: NoLuckNoFun79 (button) showed [Kh Qh] and won (880) with two pair, Kings and Queens



PokerStars Hand #252457021367: Tournament #3800695183, $0.46+$0.04 USD Hold'em No Limit - Level I (10/20) - 2024/09/15 9:11:51 CET [2024/09/15 3:11:51 ET]
Table '3800695183 1' 3-max Seat #1 is the button
Seat 1: Mahu2021 (530 in chips) 
Seat 2: elmo3334 (90 in chips) 
Seat 3: NoLuckNoFun79 (880 in chips) 
elmo3334: posts small blind 10
NoLuckNoFun79: posts big blind 20
*** HOLE CARDS ***
Dealt to Mahu2021 [6s 9h]
Mahu2021: folds 
elmo3334: folds 
Uncalled bet (10) returned to NoLuckNoFun79
NoLuckNoFun79 collected 20 from pot
*** SUMMARY ***
Total pot 20 | Rake 0 
Seat 1: Mahu2021 (button) folded before Flop (didn't bet)
Seat 2: elmo3334 (small blind) folded before Flop
Seat 3: NoLuckNoFun79 (big blind) collected (20)



PokerStars Hand #252457021895: Tournament #3800695183, $0.46+$0.04 USD Hold'em No Limit - Level I (10/20) - 2024/09/15 9:11:56 CET [2024/09/15 3:11:56 ET]
Table '3800695183 1' 3-max Seat #2 is the button
Seat 1: Mahu2021 (530 in chips) 
Seat 2: elmo3334 (80 in chips) 
Seat 3: NoLuckNoFun79 (890 in chips) 
NoLuckNoFun79: posts small blind 10
Mahu2021: posts big blind 20
*** HOLE CARDS ***
Dealt to Mahu2021 [As 7h]
elmo3334: raises 60 to 80 and is all-in
NoLuckNoFun79: folds 
Mahu2021: calls 60
*** FLOP *** [Kh 3s 8s]
*** TURN *** [Kh 3s 8s] [6h]
*** RIVER *** [Kh 3s 8s 6h] [Ts]
*** SHOW DOWN ***
Mahu2021: shows [As 7h] (high card Ace)
elmo3334: shows [3h Ah] (a pair of Threes)
elmo3334 collected 170 from pot
*** SUMMARY ***
Total pot 170 | Rake 0 
Board [Kh 3s 8s 6h Ts]
Seat 1: Mahu2021 (big blind) showed [As 7h] and lost with high card Ace
Seat 2: elmo3334 (button) showed [3h Ah] and won (170) with a pair of Threes
Seat 3: NoLuckNoFun79 (small blind) folded before Flop



PokerStars Hand #252457024067: Tournament #3800695183, $0.46+$0.04 USD Hold'em No Limit - Level II (15/30) - 2024/09/15 9:12:18 CET [2024/09/15 3:12:18 ET]
Table '3800695183 1' 3-max Seat #3 is the button
Seat 1: Mahu2021 (450 in chips) 
Seat 2: elmo3334 (170 in chips) 
Seat 3: NoLuckNoFun79 (880 in chips) 
Mahu2021: posts small blind 15
elmo3334: posts big blind 30
*** HOLE CARDS ***
Dealt to Mahu2021 [Ah 5d]
NoLuckNoFun79: raises 60 to 90
Mahu2021: raises 360 to 450 and is all-in
elmo3334: folds 
NoLuckNoFun79: calls 360
*** FLOP *** [4h 3c 6c]
*** TURN *** [4h 3c 6c] [Jd]
*** RIVER *** [4h 3c 6c Jd] [6d]
*** SHOW DOWN ***
Mahu2021: shows [Ah 5d] (a pair of Sixes)
NoLuckNoFun79: shows [7s Ac] (a pair of Sixes - Ace+Jack+Seven kicker)
NoLuckNoFun79 collected 930 from pot
Mahu2021 finished the tournament in 3rd place
*** SUMMARY ***
Total pot 930 | Rake 0 
Board [4h 3c 6c Jd 6d]
Seat 1: Mahu2021 (small blind) showed [Ah 5d] and lost with a pair of Sixes
Seat 2: elmo3334 (big blind) folded before Flop
Seat 3: NoLuckNoFun79 (button) showed [7s Ac] and won (930) with a pair of Sixes



