PokerStars Zoom Hand #254075179155:  Hold'em No Limit ($0.05/$0.10) - 2024/12/28 21:40:09 CET [2024/12/28 15:40:09 ET]
Table 'Aludra' 6-max Seat #1 is the button
Seat 1: essa143 ($16.09 in chips) 
Seat 2: luizcknc ($11.83 in chips) 
Seat 3: Mahu2021 ($10 in chips) 
Seat 4: vogiatzis97 ($9.68 in chips) 
Seat 5: redmonkey98 ($24.22 in chips) 
Seat 6: JuanOrtuzar ($10 in chips) 
luizcknc: posts small blind $0.05
Mahu2021: posts big blind $0.10
*** HOLE CARDS ***
Dealt to Mahu2021 [Jd 2d]
vogiatzis97: folds 
redmonkey98: folds 
JuanOrtuzar: folds 
essa143: raises $0.15 to $0.25
luizcknc: folds 
Mahu2021: calls $0.15
*** FLOP *** [7s Qc 3d]
Mahu2021: checks 
essa143: bets $0.17
Mahu2021: folds 
Uncalled bet ($0.17) returned to essa143
essa143 collected $0.53 from pot
essa143: doesn't show hand 
*** SUMMARY ***
Total pot $0.55 | Rake $0.02 
Board [7s Qc 3d]
Seat 1: essa143 (button) collected ($0.53)
Seat 2: luizcknc (small blind) folded before Flop
Seat 3: Mahu2021 (big blind) folded on the Flop
Seat 4: vogiatzis97 folded before Flop (didn't bet)
Seat 5: redmonkey98 folded before Flop (didn't bet)
Seat 6: JuanOrtuzar folded before Flop (didn't bet)



PokerStars Zoom Hand #254075187090:  Hold'em No Limit ($0.05/$0.10) - 2024/12/28 21:40:32 CET [2024/12/28 15:40:32 ET]
Table 'Aludra' 6-max Seat #1 is the button
Seat 1: Gal4krond ($14.98 in chips) 
Seat 2: Mahu2021 ($9.75 in chips) 
Seat 3: roo198 ($10 in chips) 
Seat 4: redmonkey98 ($13.26 in chips) 
Seat 5: Zugzwand ($9.53 in chips) 
Seat 6: Nork756 ($13.50 in chips) 
Mahu2021: posts small blind $0.05
roo198: posts big blind $0.10
*** HOLE CARDS ***
Dealt to Mahu2021 [Qh Td]
redmonkey98: folds 
Zugzwand: folds 
Nork756: folds 
Gal4krond: folds 
Mahu2021: raises $0.10 to $0.20
roo198: raises $0.50 to $0.70
Mahu2021: folds 
Uncalled bet ($0.50) returned to roo198
roo198 collected $0.40 from pot
roo198: doesn't show hand 
*** SUMMARY ***
Total pot $0.40 | Rake $0 
Seat 1: Gal4krond (button) folded before Flop (didn't bet)
Seat 2: Mahu2021 (small blind) folded before Flop
Seat 3: roo198 (big blind) collected ($0.40)
Seat 4: redmonkey98 folded before Flop (didn't bet)
Seat 5: Zugzwand folded before Flop (didn't bet)
Seat 6: Nork756 folded before Flop (didn't bet)



PokerStars Zoom Hand #254075194439:  Hold'em No Limit ($0.05/$0.10) - 2024/12/28 21:40:53 CET [2024/12/28 15:40:53 ET]
Table 'Aludra' 6-max Seat #1 is the button
Seat 1: Mahu2021 ($9.55 in chips) 
Seat 2: waaaytoomuch ($10.35 in chips) 
Seat 3: mrblablah ($10.92 in chips) 
Seat 4: hankapry ($17.43 in chips) 
Seat 5: Lentwood ($10 in chips) 
Seat 6: Jhanr ($10.38 in chips) 
waaaytoomuch: posts small blind $0.05
mrblablah: posts big blind $0.10
*** HOLE CARDS ***
Dealt to Mahu2021 [5s 6h]
hankapry: folds 
Lentwood: folds 
Jhanr: folds 
Mahu2021: folds 
waaaytoomuch: raises $0.10 to $0.20
mrblablah: folds 
Uncalled bet ($0.10) returned to waaaytoomuch
waaaytoomuch collected $0.20 from pot
waaaytoomuch: doesn't show hand 
*** SUMMARY ***
Total pot $0.20 | Rake $0 
Seat 1: Mahu2021 (button) folded before Flop (didn't bet)
Seat 2: waaaytoomuch (small blind) collected ($0.20)
Seat 3: mrblablah (big blind) folded before Flop
Seat 4: hankapry folded before Flop (didn't bet)
Seat 5: Lentwood folded before Flop (didn't bet)
Seat 6: Jhanr folded before Flop (didn't bet)



PokerStars Zoom Hand #254075196580:  Hold'em No Limit ($0.05/$0.10) - 2024/12/28 21:41:00 CET [2024/12/28 15:41:00 ET]
Table 'Aludra' 6-max Seat #1 is the button
Seat 1: Dbentleyy ($34.67 in chips) 
Seat 2: vogiatzis97 ($11.14 in chips) 
Seat 3: Gioovanni_99 ($6 in chips) 
Seat 4: Mahu2021 ($9.55 in chips) 
Seat 5: CBUHOKOHb-1 ($1.57 in chips) 
Seat 6: rafa111084 ($10.15 in chips) 
vogiatzis97: posts small blind $0.05
Gioovanni_99: posts big blind $0.10
*** HOLE CARDS ***
Dealt to Mahu2021 [Th Ts]
Mahu2021: raises $0.20 to $0.30
CBUHOKOHb-1: raises $1.27 to $1.57 and is all-in
rafa111084: folds 
Dbentleyy: folds 
vogiatzis97: folds 
Gioovanni_99: folds 
Mahu2021: calls $1.27
*** FLOP *** [8s 5s 4d]
*** TURN *** [8s 5s 4d] [6d]
*** RIVER *** [8s 5s 4d 6d] [As]
*** SHOW DOWN ***
Mahu2021: shows [Th Ts] (a pair of Tens)
CBUHOKOHb-1: shows [Ad 7s] (a straight, Four to Eight)
CBUHOKOHb-1 collected $3.14 from pot
Mahu2021 cashed out the hand for $2.21 | Cash Out Fee $0.05
*** SUMMARY ***
Total pot $3.29 | Rake $0.15 
Board [8s 5s 4d 6d As]
Seat 1: Dbentleyy (button) folded before Flop (didn't bet)
Seat 2: vogiatzis97 (small blind) folded before Flop
Seat 3: Gioovanni_99 (big blind) folded before Flop
Seat 4: Mahu2021 showed [Th Ts] and lost with a pair of Tens (cashed out).
Seat 5: CBUHOKOHb-1 showed [Ad 7s] and won ($3.14) with a straight, Four to Eight
Seat 6: rafa111084 folded before Flop (didn't bet)



PokerStars Zoom Hand #254075205367:  Hold'em No Limit ($0.05/$0.10) - 2024/12/28 21:41:26 CET [2024/12/28 15:41:26 ET]
Table 'Aludra' 6-max Seat #1 is the button
Seat 1: Zugzwand ($9.38 in chips) 
Seat 2: PhoenixPoker85 ($50.44 in chips) 
Seat 3: sirnimax ($24.57 in chips) 
Seat 4: JonasVE ($12.85 in chips) 
Seat 5: istvanBluff ($5.43 in chips) 
Seat 6: Mahu2021 ($10.19 in chips) 
PhoenixPoker85: posts small blind $0.05
sirnimax: posts big blind $0.10
*** HOLE CARDS ***
Dealt to Mahu2021 [Th 8s]
JonasVE: folds 
istvanBluff: folds 
Mahu2021: folds 
Zugzwand: folds 
PhoenixPoker85: raises $0.20 to $0.30
sirnimax: calls $0.20
*** FLOP *** [Qh 9h 5d]
PhoenixPoker85: checks 
sirnimax: checks 
*** TURN *** [Qh 9h 5d] [5c]
PhoenixPoker85: bets $0.29
sirnimax: folds 
Uncalled bet ($0.29) returned to PhoenixPoker85
PhoenixPoker85 collected $0.57 from pot
PhoenixPoker85: doesn't show hand 
*** SUMMARY ***
Total pot $0.60 | Rake $0.03 
Board [Qh 9h 5d 5c]
Seat 1: Zugzwand (button) folded before Flop (didn't bet)
Seat 2: PhoenixPoker85 (small blind) collected ($0.57)
Seat 3: sirnimax (big blind) folded on the Turn
Seat 4: JonasVE folded before Flop (didn't bet)
Seat 5: istvanBluff folded before Flop (didn't bet)
Seat 6: Mahu2021 folded before Flop (didn't bet)



PokerStars Zoom Hand #254075207154:  Hold'em No Limit ($0.05/$0.10) - 2024/12/28 21:41:31 CET [2024/12/28 15:41:31 ET]
Table 'Aludra' 6-max Seat #1 is the button
Seat 1: cz83 ($14.14 in chips) 
Seat 2: minusche ($7.24 in chips) 
Seat 3: Mahu2021 ($10.19 in chips) 
Seat 4: hankapry ($17.43 in chips) 
Seat 5: Boymack05 ($17.83 in chips) 
Seat 6: Dbentleyy ($34.57 in chips) 
minusche: posts small blind $0.05
Mahu2021: posts big blind $0.10
*** HOLE CARDS ***
Dealt to Mahu2021 [4c 4h]
hankapry: folds 
Boymack05: folds 
Dbentleyy: raises $0.12 to $0.22
cz83: folds 
minusche: folds 
Mahu2021: calls $0.12
*** FLOP *** [Ah 5d 4d]
Mahu2021: checks 
Dbentleyy: checks 
*** TURN *** [Ah 5d 4d] [3c]
Mahu2021: checks 
Dbentleyy: bets $0.24
Mahu2021: calls $0.24
*** RIVER *** [Ah 5d 4d 3c] [7c]
Mahu2021: checks 
Dbentleyy: checks 
*** SHOW DOWN ***
Mahu2021: shows [4c 4h] (three of a kind, Fours)
Dbentleyy: mucks hand 
Mahu2021 collected $0.93 from pot
*** SUMMARY ***
Total pot $0.97 | Rake $0.04 
Board [Ah 5d 4d 3c 7c]
Seat 1: cz83 (button) folded before Flop (didn't bet)
Seat 2: minusche (small blind) folded before Flop
Seat 3: Mahu2021 (big blind) showed [4c 4h] and won ($0.93) with three of a kind, Fours
Seat 4: hankapry folded before Flop (didn't bet)
Seat 5: Boymack05 folded before Flop (didn't bet)
Seat 6: Dbentleyy mucked [Qh Qs]



PokerStars Zoom Hand #254075220219:  Hold'em No Limit ($0.05/$0.10) - 2024/12/28 21:42:09 CET [2024/12/28 15:42:09 ET]
Table 'Aludra' 6-max Seat #1 is the button
Seat 1: roo198 ($10.33 in chips) 
Seat 2: Mahu2021 ($10.66 in chips) 
Seat 3: Tomtom21205 ($9.13 in chips) 
Seat 4: Dbentleyy ($34.11 in chips) 
Seat 5: auraph333 ($7.59 in chips) 
Seat 6: CDMPKR ($10 in chips) 
Mahu2021: posts small blind $0.05
Tomtom21205: posts big blind $0.10
*** HOLE CARDS ***
Dealt to Mahu2021 [7d 4c]
Dbentleyy: folds 
auraph333: folds 
CDMPKR: folds 
roo198: folds 
Mahu2021: folds 
Uncalled bet ($0.05) returned to Tomtom21205
Tomtom21205 collected $0.10 from pot
Tomtom21205: doesn't show hand 
*** SUMMARY ***
Total pot $0.10 | Rake $0 
Seat 1: roo198 (button) folded before Flop (didn't bet)
Seat 2: Mahu2021 (small blind) folded before Flop
Seat 3: Tomtom21205 (big blind) collected ($0.10)
Seat 4: Dbentleyy folded before Flop (didn't bet)
Seat 5: auraph333 folded before Flop (didn't bet)
Seat 6: CDMPKR folded before Flop (didn't bet)



PokerStars Zoom Hand #254075222153:  Hold'em No Limit ($0.05/$0.10) - 2024/12/28 21:42:15 CET [2024/12/28 15:42:15 ET]
Table 'Aludra' 6-max Seat #1 is the button
Seat 1: Mahu2021 ($10.61 in chips) 
Seat 2: gelik32 ($10.32 in chips) 
Seat 3: cz83 ($12.50 in chips) 
Seat 4: Dbentleyy ($34.11 in chips) 
Seat 5: spirosz1000 ($4.12 in chips) 
Seat 6: Gioovanni_99 ($18.87 in chips) 
gelik32: posts small blind $0.05
cz83: posts big blind $0.10
*** HOLE CARDS ***
Dealt to Mahu2021 [Qs 9c]
Dbentleyy: folds 
spirosz1000: folds 
Gioovanni_99: folds 
Mahu2021: folds 
gelik32: raises $0.20 to $0.30
cz83: folds 
Uncalled bet ($0.20) returned to gelik32
gelik32 collected $0.20 from pot
gelik32: doesn't show hand 
*** SUMMARY ***
Total pot $0.20 | Rake $0 
Seat 1: Mahu2021 (button) folded before Flop (didn't bet)
Seat 2: gelik32 (small blind) collected ($0.20)
Seat 3: cz83 (big blind) folded before Flop
Seat 4: Dbentleyy folded before Flop (didn't bet)
Seat 5: spirosz1000 folded before Flop (didn't bet)
Seat 6: Gioovanni_99 folded before Flop (didn't bet)



PokerStars Zoom Hand #254075227574:  Hold'em No Limit ($0.05/$0.10) - 2024/12/28 21:42:31 CET [2024/12/28 15:42:31 ET]
Table 'Aludra' 6-max Seat #1 is the button
Seat 1: kamiKatze27 ($8.45 in chips) 
Seat 2: leon05 ($9.78 in chips) 
Seat 3: Mahu2021 ($10.61 in chips) 
Seat 4: Alf11douze ($10 in chips) 
Seat 5: luizcknc ($15.02 in chips) 
Seat 6: essa143 ($11.52 in chips) 
leon05: posts small blind $0.05
Mahu2021: posts big blind $0.10
*** HOLE CARDS ***
Dealt to Mahu2021 [4d 9s]
Alf11douze: folds 
luizcknc: folds 
essa143: raises $0.15 to $0.25
kamiKatze27: folds 
leon05: folds 
Mahu2021: folds 
Uncalled bet ($0.15) returned to essa143
essa143 collected $0.25 from pot
essa143: doesn't show hand 
*** SUMMARY ***
Total pot $0.25 | Rake $0 
Seat 1: kamiKatze27 (button) folded before Flop (didn't bet)
Seat 2: leon05 (small blind) folded before Flop
Seat 3: Mahu2021 (big blind) folded before Flop
Seat 4: Alf11douze folded before Flop (didn't bet)
Seat 5: luizcknc folded before Flop (didn't bet)
Seat 6: essa143 collected ($0.25)



PokerStars Zoom Hand #254075225642:  Hold'em No Limit ($0.05/$0.10) - 2024/12/28 21:42:25 CET [2024/12/28 15:42:25 ET]
Table 'Aludra' 6-max Seat #1 is the button
Seat 1: liebhabär ($10.50 in chips) 
Seat 2: Tomtom21205 ($9.18 in chips) 
Seat 3: Gioovanni_99 ($18.87 in chips) 
Seat 4: Mahu2021 ($10.61 in chips) 
Seat 5: Jhanr ($9.77 in chips) 
Seat 6: lucasdorre ($10.38 in chips) 
Tomtom21205: posts small blind $0.05
Gioovanni_99: posts big blind $0.10
*** HOLE CARDS ***
Dealt to Mahu2021 [8h 2c]
Mahu2021: folds 
Jhanr: folds 
lucasdorre: folds 
liebhabär: raises $0.12 to $0.22
Tomtom21205: calls $0.17
Gioovanni_99: folds 
*** FLOP *** [7c 3s 5c]
Tomtom21205: bets $0.20
liebhabär: folds 
Uncalled bet ($0.20) returned to Tomtom21205
Tomtom21205 collected $0.52 from pot
Tomtom21205: doesn't show hand 
*** SUMMARY ***
Total pot $0.54 | Rake $0.02 
Board [7c 3s 5c]
Seat 1: liebhabär (button) folded on the Flop
Seat 2: Tomtom21205 (small blind) collected ($0.52)
Seat 3: Gioovanni_99 (big blind) folded before Flop
Seat 4: Mahu2021 folded before Flop (didn't bet)
Seat 5: Jhanr folded before Flop (didn't bet)
Seat 6: lucasdorre folded before Flop (didn't bet)



PokerStars Zoom Hand #254075224173:  Hold'em No Limit ($0.05/$0.10) - 2024/12/28 21:42:21 CET [2024/12/28 15:42:21 ET]
Table 'Aludra' 6-max Seat #1 is the button
Seat 1: Tomtom21205 ($9.18 in chips) 
Seat 2: Doctor2D ($14.03 in chips) 
Seat 3: PhoenixPoker85 ($17.51 in chips) 
Seat 4: Jhanr ($9.77 in chips) 
Seat 5: Mahu2021 ($10.61 in chips) 
Seat 6: JuanOrtuzar ($13.92 in chips) 
Doctor2D: posts small blind $0.05
PhoenixPoker85: posts big blind $0.10
*** HOLE CARDS ***
Dealt to Mahu2021 [Jh 2s]
Jhanr: folds 
Mahu2021: folds 
JuanOrtuzar: folds 
Tomtom21205: folds 
Doctor2D: raises $0.20 to $0.30
PhoenixPoker85: folds 
Uncalled bet ($0.20) returned to Doctor2D
Doctor2D collected $0.20 from pot
Doctor2D: doesn't show hand 
*** SUMMARY ***
Total pot $0.20 | Rake $0 
Seat 1: Tomtom21205 (button) folded before Flop (didn't bet)
Seat 2: Doctor2D (small blind) collected ($0.20)
Seat 3: PhoenixPoker85 (big blind) folded before Flop
Seat 4: Jhanr folded before Flop (didn't bet)
Seat 5: Mahu2021 folded before Flop (didn't bet)
Seat 6: JuanOrtuzar folded before Flop (didn't bet)



PokerStars Zoom Hand #254075231745:  Hold'em No Limit ($0.05/$0.10) - 2024/12/28 21:42:43 CET [2024/12/28 15:42:43 ET]
Table 'Aludra' 6-max Seat #1 is the button
Seat 1: Mahu2021 ($10.51 in chips) 
Seat 2: lEternamente ($10.27 in chips) 
Seat 3: Karina2707 ($10 in chips) 
Seat 4: vogiatzis97 ($9.89 in chips) 
Seat 5: Thesheep69 ($10 in chips) 
Seat 6: sirnimax ($26.38 in chips) 
lEternamente: posts small blind $0.05
Karina2707: posts big blind $0.10
*** HOLE CARDS ***
Dealt to Mahu2021 [3h Qc]
vogiatzis97: folds 
Thesheep69: folds 
sirnimax: calls $0.10
Mahu2021: folds 
lEternamente: folds 
Karina2707: checks 
*** FLOP *** [5s Kd 8d]
Karina2707: checks 
sirnimax: bets $0.10
Karina2707: folds 
Uncalled bet ($0.10) returned to sirnimax
sirnimax collected $0.24 from pot
sirnimax: doesn't show hand 
*** SUMMARY ***
Total pot $0.25 | Rake $0.01 
Board [5s Kd 8d]
Seat 1: Mahu2021 (button) folded before Flop (didn't bet)
Seat 2: lEternamente (small blind) folded before Flop
Seat 3: Karina2707 (big blind) folded on the Flop
Seat 4: vogiatzis97 folded before Flop (didn't bet)
Seat 5: Thesheep69 folded before Flop (didn't bet)
Seat 6: sirnimax collected ($0.24)



PokerStars Zoom Hand #254075226666:  Hold'em No Limit ($0.05/$0.10) - 2024/12/28 21:42:28 CET [2024/12/28 15:42:28 ET]
Table 'Aludra' 6-max Seat #1 is the button
Seat 1: _ThormentoZ_ ($13 in chips) 
Seat 2: Boymack05 ($10.12 in chips) 
Seat 3: lucasdorre ($10 in chips) 
Seat 4: pokking876 ($34.88 in chips) 
Seat 5: SpockOcãoCovard ($11.31 in chips) 
Seat 6: Mahu2021 ($10.61 in chips) 
Boymack05: posts small blind $0.05
lucasdorre: posts big blind $0.10
*** HOLE CARDS ***
Dealt to Mahu2021 [2h Ac]
pokking876: folds 
SpockOcãoCovard: folds 
Mahu2021: folds 
_ThormentoZ_: raises $0.15 to $0.25
Boymack05: folds 
lucasdorre: calls $0.15
*** FLOP *** [As 4s Jh]
lucasdorre: checks 
_ThormentoZ_: bets $0.17
lucasdorre: calls $0.17
*** TURN *** [As 4s Jh] [Ts]
lucasdorre: checks 
_ThormentoZ_: checks 
*** RIVER *** [As 4s Jh Ts] [5h]
lucasdorre: bets $0.85
_ThormentoZ_: folds 
Uncalled bet ($0.85) returned to lucasdorre
lucasdorre collected $0.85 from pot
lucasdorre: doesn't show hand 
*** SUMMARY ***
Total pot $0.89 | Rake $0.04 
Board [As 4s Jh Ts 5h]
Seat 1: _ThormentoZ_ (button) folded on the River
Seat 2: Boymack05 (small blind) folded before Flop
Seat 3: lucasdorre (big blind) collected ($0.85)
Seat 4: pokking876 folded before Flop (didn't bet)
Seat 5: SpockOcãoCovard folded before Flop (didn't bet)
Seat 6: Mahu2021 folded before Flop (didn't bet)



PokerStars Zoom Hand #254075233220:  Hold'em No Limit ($0.05/$0.10) - 2024/12/28 21:42:47 CET [2024/12/28 15:42:47 ET]
Table 'Aludra' 6-max Seat #1 is the button
Seat 1: essa143 ($11.67 in chips) 
Seat 2: Mahu2021 ($10.51 in chips) 
Seat 3: 11SYKO11 ($5.70 in chips) 
Seat 4: Vytiokas ($4.25 in chips) 
Seat 5: bruehler ($9.85 in chips) 
Seat 6: xTicTuux ($5.87 in chips) 
Mahu2021: posts small blind $0.05
11SYKO11: posts big blind $0.10
*** HOLE CARDS ***
Dealt to Mahu2021 [Th Jd]
Vytiokas: raises $0.10 to $0.20
bruehler: folds 
xTicTuux: folds 
essa143: folds 
Mahu2021: calls $0.15
11SYKO11: calls $0.10
*** FLOP *** [4d 9d Ah]
Mahu2021: checks 
11SYKO11: checks 
Vytiokas: bets $0.30
Mahu2021: folds 
11SYKO11: folds 
Uncalled bet ($0.30) returned to Vytiokas
Vytiokas collected $0.57 from pot
Vytiokas: doesn't show hand 
*** SUMMARY ***
Total pot $0.60 | Rake $0.03 
Board [4d 9d Ah]
Seat 1: essa143 (button) folded before Flop (didn't bet)
Seat 2: Mahu2021 (small blind) folded on the Flop
Seat 3: 11SYKO11 (big blind) folded on the Flop
Seat 4: Vytiokas collected ($0.57)
Seat 5: bruehler folded before Flop (didn't bet)
Seat 6: xTicTuux folded before Flop (didn't bet)



PokerStars Zoom Hand #254075241981:  Hold'em No Limit ($0.05/$0.10) - 2024/12/28 21:43:13 CET [2024/12/28 15:43:13 ET]
Table 'Aludra' 6-max Seat #1 is the button
Seat 1: Karina2707 ($32.24 in chips) 
Seat 2: Xanderz24 ($13.57 in chips) 
Seat 3: TGVon ($17.87 in chips) 
Seat 4: lucasdorre ($10.63 in chips) 
Seat 5: Mahu2021 ($10.31 in chips) 
Seat 6: digones88 ($17.59 in chips) 
Xanderz24: posts small blind $0.05
TGVon: posts big blind $0.10
*** HOLE CARDS ***
Dealt to Mahu2021 [Kd Ad]
lucasdorre: raises $0.12 to $0.22
Mahu2021: calls $0.22
digones88: folds 
Karina2707: folds 
Xanderz24: folds 
TGVon: folds 
*** FLOP *** [5d 9h 5h]
lucasdorre: checks 
Mahu2021: checks 
*** TURN *** [5d 9h 5h] [2h]
lucasdorre: bets $0.17
Mahu2021: calls $0.17
*** RIVER *** [5d 9h 5h 2h] [Qc]
lucasdorre: bets $0.67
Mahu2021: folds 
Uncalled bet ($0.67) returned to lucasdorre
lucasdorre collected $0.89 from pot
lucasdorre: doesn't show hand 
*** SUMMARY ***
Total pot $0.93 | Rake $0.04 
Board [5d 9h 5h 2h Qc]
Seat 1: Karina2707 (button) folded before Flop (didn't bet)
Seat 2: Xanderz24 (small blind) folded before Flop
Seat 3: TGVon (big blind) folded before Flop
Seat 4: lucasdorre collected ($0.89)
Seat 5: Mahu2021 folded on the River
Seat 6: digones88 folded before Flop (didn't bet)



PokerStars Zoom Hand #254075253057:  Hold'em No Limit ($0.05/$0.10) - 2024/12/28 21:43:46 CET [2024/12/28 15:43:46 ET]
Table 'Aludra' 6-max Seat #1 is the button
Seat 1: jookai ($10.05 in chips) 
Seat 2: PSOLEEOS ($16.70 in chips) 
Seat 3: capitalista ($10.38 in chips) 
Seat 4: liebhabär ($12.82 in chips) 
Seat 5: Jhanr ($9.62 in chips) 
Seat 6: Mahu2021 ($9.92 in chips) 
PSOLEEOS: posts small blind $0.05
capitalista: posts big blind $0.10
*** HOLE CARDS ***
Dealt to Mahu2021 [3s Jc]
liebhabär: folds 
Jhanr: folds 
Mahu2021: folds 
jookai: raises $0.14 to $0.24
PSOLEEOS: folds 
capitalista: folds 
Uncalled bet ($0.14) returned to jookai
jookai collected $0.25 from pot
jookai: doesn't show hand 
*** SUMMARY ***
Total pot $0.25 | Rake $0 
Seat 1: jookai (button) collected ($0.25)
Seat 2: PSOLEEOS (small blind) folded before Flop
Seat 3: capitalista (big blind) folded before Flop
Seat 4: liebhabär folded before Flop (didn't bet)
Seat 5: Jhanr folded before Flop (didn't bet)
Seat 6: Mahu2021 folded before Flop (didn't bet)



PokerStars Zoom Hand #254075254845:  Hold'em No Limit ($0.05/$0.10) - 2024/12/28 21:43:51 CET [2024/12/28 15:43:51 ET]
Table 'Aludra' 6-max Seat #1 is the button
Seat 1: Bruno CP796 ($3.29 in chips) 
Seat 2: M15T3R_B34R ($14.97 in chips) 
Seat 3: Mahu2021 ($9.92 in chips) 
Seat 4: leon05 ($9.43 in chips) 
Seat 5: jezza71 ($16.84 in chips) 
Seat 6: Xanderz24 ($13.42 in chips) 
M15T3R_B34R: posts small blind $0.05
Mahu2021: posts big blind $0.10
*** HOLE CARDS ***
Dealt to Mahu2021 [3d 9c]
leon05: folds 
jezza71: raises $0.10 to $0.20
Xanderz24: folds 
Bruno CP796: calls $0.20
M15T3R_B34R: folds 
Mahu2021: folds 
*** FLOP *** [Ah 7c Js]
jezza71: bets $0.27
Bruno CP796: calls $0.27
*** TURN *** [Ah 7c Js] [3s]
jezza71: checks 
Bruno CP796: checks 
*** RIVER *** [Ah 7c Js 3s] [Ks]
jezza71: bets $0.72
Bruno CP796: folds 
Uncalled bet ($0.72) returned to jezza71
jezza71 collected $1.04 from pot
jezza71: doesn't show hand 
*** SUMMARY ***
Total pot $1.09 | Rake $0.05 
Board [Ah 7c Js 3s Ks]
Seat 1: Bruno CP796 (button) folded on the River
Seat 2: M15T3R_B34R (small blind) folded before Flop
Seat 3: Mahu2021 (big blind) folded before Flop
Seat 4: leon05 folded before Flop (didn't bet)
Seat 5: jezza71 collected ($1.04)
Seat 6: Xanderz24 folded before Flop (didn't bet)



PokerStars Zoom Hand #254075259440:  Hold'em No Limit ($0.05/$0.10) - 2024/12/28 21:44:05 CET [2024/12/28 15:44:05 ET]
Table 'Aludra' 6-max Seat #1 is the button
Seat 1: Boymack05 ($10 in chips) 
Seat 2: witos72 ($9.90 in chips) 
Seat 3: Guilhermekk7 ($18.88 in chips) 
Seat 4: PhoenixPoker85 ($51.31 in chips) 
Seat 5: jookai ($10 in chips) 
Seat 6: Mahu2021 ($9.82 in chips) 
witos72: posts small blind $0.05
Guilhermekk7: posts big blind $0.10
*** HOLE CARDS ***
Dealt to Mahu2021 [4h Ad]
PhoenixPoker85: folds 
jookai: folds 
Mahu2021: raises $0.20 to $0.30
Boymack05: folds 
witos72: folds 
Guilhermekk7: calls $0.20
*** FLOP *** [Jd 8h 2s]
Guilhermekk7: bets $0.31
Mahu2021: folds 
Uncalled bet ($0.31) returned to Guilhermekk7
Guilhermekk7 collected $0.62 from pot
Guilhermekk7: doesn't show hand 
*** SUMMARY ***
Total pot $0.65 | Rake $0.03 
Board [Jd 8h 2s]
Seat 1: Boymack05 (button) folded before Flop (didn't bet)
Seat 2: witos72 (small blind) folded before Flop
Seat 3: Guilhermekk7 (big blind) collected ($0.62)
Seat 4: PhoenixPoker85 folded before Flop (didn't bet)
Seat 5: jookai folded before Flop (didn't bet)
Seat 6: Mahu2021 folded on the Flop



PokerStars Zoom Hand #254075256804:  Hold'em No Limit ($0.05/$0.10) - 2024/12/28 21:43:57 CET [2024/12/28 15:43:57 ET]
Table 'Aludra' 6-max Seat #1 is the button
Seat 1: Mahu2021 ($9.82 in chips) 
Seat 2: 1mAgiciAn3 ($10.39 in chips) 
Seat 3: Nork756 ($14.08 in chips) 
Seat 4: droldan30 ($10.31 in chips) 
Seat 5: essa143 ($18.12 in chips) 
Seat 6: JuanOrtuzar ($15.52 in chips) 
1mAgiciAn3: posts small blind $0.05
Nork756: posts big blind $0.10
*** HOLE CARDS ***
Dealt to Mahu2021 [6h Td]
droldan30: raises $0.10 to $0.20
essa143: folds 
JuanOrtuzar: folds 
Mahu2021: folds 
1mAgiciAn3: calls $0.15
Nork756: folds 
*** FLOP *** [Jc 5c 4s]
1mAgiciAn3: checks 
droldan30: checks 
*** TURN *** [Jc 5c 4s] [Js]
1mAgiciAn3: checks 
droldan30: checks 
*** RIVER *** [Jc 5c 4s Js] [2d]
1mAgiciAn3: checks 
droldan30: bets $0.48
1mAgiciAn3: folds 
Uncalled bet ($0.48) returned to droldan30
droldan30 collected $0.48 from pot
droldan30: doesn't show hand 
*** SUMMARY ***
Total pot $0.50 | Rake $0.02 
Board [Jc 5c 4s Js 2d]
Seat 1: Mahu2021 (button) folded before Flop (didn't bet)
Seat 2: 1mAgiciAn3 (small blind) folded on the River
Seat 3: Nork756 (big blind) folded before Flop
Seat 4: droldan30 collected ($0.48)
Seat 5: essa143 folded before Flop (didn't bet)
Seat 6: JuanOrtuzar folded before Flop (didn't bet)



PokerStars Zoom Hand #254075258126:  Hold'em No Limit ($0.05/$0.10) - 2024/12/28 21:44:01 CET [2024/12/28 15:44:01 ET]
Table 'Aludra' 6-max Seat #1 is the button
Seat 1: argyenfant ($5.40 in chips) 
Seat 2: Karina2707 ($10.23 in chips) 
Seat 3: luizcknc ($15.31 in chips) 
Seat 4: Mahu2021 ($9.82 in chips) 
Seat 5: Sijith78 ($7.10 in chips) 
Seat 6: gelik32 ($10 in chips) 
Karina2707: posts small blind $0.05
luizcknc: posts big blind $0.10
*** HOLE CARDS ***
Dealt to Mahu2021 [Qs 4s]
Mahu2021: folds 
Sijith78: calls $0.10
gelik32: folds 
argyenfant: folds 
Karina2707: raises $0.30 to $0.40
luizcknc: folds 
Sijith78: calls $0.30
*** FLOP *** [Ac 5c As]
Karina2707: checks 
Sijith78: checks 
*** TURN *** [Ac 5c As] [3c]
Karina2707: checks 
Sijith78: bets $0.10
Karina2707: calls $0.10
*** RIVER *** [Ac 5c As 3c] [Td]
Karina2707: checks 
Sijith78: bets $0.53
Karina2707: folds 
Uncalled bet ($0.53) returned to Sijith78
Sijith78 collected $1.05 from pot
Sijith78: doesn't show hand 
*** SUMMARY ***
Total pot $1.10 | Rake $0.05 
Board [Ac 5c As 3c Td]
Seat 1: argyenfant (button) folded before Flop (didn't bet)
Seat 2: Karina2707 (small blind) folded on the River
Seat 3: luizcknc (big blind) folded before Flop
Seat 4: Mahu2021 folded before Flop (didn't bet)
Seat 5: Sijith78 collected ($1.05)
Seat 6: gelik32 folded before Flop (didn't bet)



PokerStars Zoom Hand #254075266240:  Hold'em No Limit ($0.05/$0.10) - 2024/12/28 21:44:25 CET [2024/12/28 15:44:25 ET]
Table 'Aludra' 6-max Seat #1 is the button
Seat 1: jookai ($10.05 in chips) 
Seat 2: Mahu2021 ($9.52 in chips) 
Seat 3: liebhabär ($10.43 in chips) 
Seat 4: essa143 ($14.89 in chips) 
Seat 5: _ThormentoZ_ ($12.43 in chips) 
Seat 6: rafa111084 ($5.39 in chips) 
Mahu2021: posts small blind $0.05
liebhabär: posts big blind $0.10
*** HOLE CARDS ***
Dealt to Mahu2021 [3h 2s]
essa143: folds 
_ThormentoZ_: folds 
rafa111084: folds 
jookai: raises $0.14 to $0.24
Mahu2021: folds 
liebhabär: folds 
Uncalled bet ($0.14) returned to jookai
jookai collected $0.25 from pot
jookai: doesn't show hand 
*** SUMMARY ***
Total pot $0.25 | Rake $0 
Seat 1: jookai (button) collected ($0.25)
Seat 2: Mahu2021 (small blind) folded before Flop
Seat 3: liebhabär (big blind) folded before Flop
Seat 4: essa143 folded before Flop (didn't bet)
Seat 5: _ThormentoZ_ folded before Flop (didn't bet)
Seat 6: rafa111084 folded before Flop (didn't bet)



PokerStars Zoom Hand #254075267983:  Hold'em No Limit ($0.05/$0.10) - 2024/12/28 21:44:30 CET [2024/12/28 15:44:30 ET]
Table 'Aludra' 6-max Seat #1 is the button
Seat 1: jezza71 ($17.41 in chips) 
Seat 2: Gioovanni_99 ($8.69 in chips) 
Seat 3: pokking876 ($11.20 in chips) 
Seat 4: redmonkey98 ($11.27 in chips) 
Seat 5: Mahu2021 ($9.47 in chips) 
Seat 6: Thesheep69 ($10 in chips) 
Gioovanni_99: posts small blind $0.05
pokking876: posts big blind $0.10
*** HOLE CARDS ***
Dealt to Mahu2021 [8d 2c]
redmonkey98: folds 
Mahu2021: folds 
Thesheep69: folds 
jezza71: raises $0.10 to $0.20
Gioovanni_99: raises $0.50 to $0.70
pokking876: folds 
jezza71: calls $0.50
*** FLOP *** [Ac 4d Td]
Gioovanni_99: checks 
jezza71: checks 
*** TURN *** [Ac 4d Td] [Qc]
Gioovanni_99: bets $0.74
jezza71: folds 
Uncalled bet ($0.74) returned to Gioovanni_99
Gioovanni_99 collected $1.43 from pot
Gioovanni_99: doesn't show hand 
*** SUMMARY ***
Total pot $1.50 | Rake $0.07 
Board [Ac 4d Td Qc]
Seat 1: jezza71 (button) folded on the Turn
Seat 2: Gioovanni_99 (small blind) collected ($1.43)
Seat 3: pokking876 (big blind) folded before Flop
Seat 4: redmonkey98 folded before Flop (didn't bet)
Seat 5: Mahu2021 folded before Flop (didn't bet)
Seat 6: Thesheep69 folded before Flop (didn't bet)



PokerStars Zoom Hand #254075271084:  Hold'em No Limit ($0.05/$0.10) - 2024/12/28 21:44:39 CET [2024/12/28 15:44:39 ET]
Table 'Aludra' 6-max Seat #1 is the button
Seat 1: AA44KK ($3.64 in chips) 
Seat 2: essa143 ($23.72 in chips) 
Seat 3: babiloniaxxx ($10 in chips) 
Seat 4: Mahu2021 ($9.47 in chips) 
Seat 5: Karina2707 ($10 in chips) 
Seat 6: Zonizo ($17.12 in chips) 
essa143: posts small blind $0.05
babiloniaxxx: posts big blind $0.10
*** HOLE CARDS ***
Dealt to Mahu2021 [Qc As]
Mahu2021: raises $0.20 to $0.30
Karina2707: folds 
Zonizo: folds 
AA44KK: calls $0.30
essa143: folds 
babiloniaxxx: folds 
*** FLOP *** [6c 9d 4c]
Mahu2021: checks 
AA44KK: checks 
*** TURN *** [6c 9d 4c] [Th]
Mahu2021: checks 
AA44KK: bets $0.50
Mahu2021: calls $0.50
*** RIVER *** [6c 9d 4c Th] [9c]
Mahu2021: checks 
AA44KK: checks 
*** SHOW DOWN ***
Mahu2021: shows [Qc As] (a pair of Nines)
AA44KK: mucks hand 
Mahu2021 collected $1.67 from pot
*** SUMMARY ***
Total pot $1.75 | Rake $0.08 
Board [6c 9d 4c Th 9c]
Seat 1: AA44KK (button) mucked [Qd Jd]
Seat 2: essa143 (small blind) folded before Flop
Seat 3: babiloniaxxx (big blind) folded before Flop
Seat 4: Mahu2021 showed [Qc As] and won ($1.67) with a pair of Nines
Seat 5: Karina2707 folded before Flop (didn't bet)
Seat 6: Zonizo folded before Flop (didn't bet)



PokerStars Zoom Hand #254075269640:  Hold'em No Limit ($0.05/$0.10) - 2024/12/28 21:44:35 CET [2024/12/28 15:44:35 ET]
Table 'Aludra' 6-max Seat #1 is the button
Seat 1: NyanRetired ($17.32 in chips) 
Seat 2: Bruno CP796 ($2.72 in chips) 
Seat 3: redmonkey98 ($11.27 in chips) 
Seat 4: pokking876 ($13.76 in chips) 
Seat 5: Mahu2021 ($9.47 in chips) 
Seat 6: _ThormentoZ_ ($14.76 in chips) 
Bruno CP796: posts small blind $0.05
redmonkey98: posts big blind $0.10
*** HOLE CARDS ***
Dealt to Mahu2021 [7s Th]
pokking876: folds 
Mahu2021: folds 
_ThormentoZ_: folds 
NyanRetired: raises $0.20 to $0.30
Bruno CP796: folds 
redmonkey98: calls $0.20
*** FLOP *** [6h 9h Kc]
redmonkey98: checks 
NyanRetired: checks 
*** TURN *** [6h 9h Kc] [6s]
redmonkey98: checks 
NyanRetired: bets $0.20
redmonkey98: folds 
Uncalled bet ($0.20) returned to NyanRetired
NyanRetired collected $0.62 from pot
NyanRetired: doesn't show hand 
*** SUMMARY ***
Total pot $0.65 | Rake $0.03 
Board [6h 9h Kc 6s]
Seat 1: NyanRetired (button) collected ($0.62)
Seat 2: Bruno CP796 (small blind) folded before Flop
Seat 3: redmonkey98 (big blind) folded on the Turn
Seat 4: pokking876 folded before Flop (didn't bet)
Seat 5: Mahu2021 folded before Flop (didn't bet)
Seat 6: _ThormentoZ_ folded before Flop (didn't bet)



PokerStars Zoom Hand #254075281297:  Hold'em No Limit ($0.05/$0.10) - 2024/12/28 21:45:09 CET [2024/12/28 15:45:09 ET]
Table 'Aludra' 6-max Seat #1 is the button
Seat 1: Mahu2021 ($10.34 in chips) 
Seat 2: pokking876 ($11.10 in chips) 
Seat 3: jookai ($10.10 in chips) 
Seat 4: TUDODOSADAM ($13.87 in chips) 
Seat 5: 1mAgiciAn3 ($10.66 in chips) 
Seat 6: roo198 ($11.44 in chips) 
pokking876: posts small blind $0.05
jookai: posts big blind $0.10
*** HOLE CARDS ***
Dealt to Mahu2021 [Qh Td]
TUDODOSADAM: folds 
1mAgiciAn3: folds 
roo198: raises $0.20 to $0.30
Mahu2021: calls $0.30
pokking876: folds 
jookai: folds 
*** FLOP *** [3h Kc Ah]
roo198: checks 
Mahu2021: checks 
*** TURN *** [3h Kc Ah] [8d]
roo198: checks 
Mahu2021: checks 
*** RIVER *** [3h Kc Ah 8d] [Ks]
roo198: checks 
Mahu2021: bets $0.72
roo198: folds 
Uncalled bet ($0.72) returned to Mahu2021
Mahu2021 collected $0.72 from pot
Mahu2021: doesn't show hand 
*** SUMMARY ***
Total pot $0.75 | Rake $0.03 
Board [3h Kc Ah 8d Ks]
Seat 1: Mahu2021 (button) collected ($0.72)
Seat 2: pokking876 (small blind) folded before Flop
Seat 3: jookai (big blind) folded before Flop
Seat 4: TUDODOSADAM folded before Flop (didn't bet)
Seat 5: 1mAgiciAn3 folded before Flop (didn't bet)
Seat 6: roo198 folded on the River



PokerStars Zoom Hand #254075289793:  Hold'em No Limit ($0.05/$0.10) - 2024/12/28 21:45:34 CET [2024/12/28 15:45:34 ET]
Table 'Aludra' 6-max Seat #1 is the button
Seat 1: roo198 ($11.14 in chips) 
Seat 2: gelik32 ($11.51 in chips) 
Seat 3: Mahu2021 ($10.76 in chips) 
Seat 4: essa143 ($14.28 in chips) 
Seat 5: Karina2707 ($32.95 in chips) 
Seat 6: Thesheep69 ($10 in chips) 
gelik32: posts small blind $0.05
Mahu2021: posts big blind $0.10
*** HOLE CARDS ***
Dealt to Mahu2021 [7s 7d]
essa143: folds 
Karina2707: folds 
Thesheep69: folds 
roo198: folds 
gelik32: folds 
Uncalled bet ($0.05) returned to Mahu2021
Mahu2021 collected $0.10 from pot
Mahu2021: doesn't show hand 
*** SUMMARY ***
Total pot $0.10 | Rake $0 
Seat 1: roo198 (button) folded before Flop (didn't bet)
Seat 2: gelik32 (small blind) folded before Flop
Seat 3: Mahu2021 (big blind) collected ($0.10)
Seat 4: essa143 folded before Flop (didn't bet)
Seat 5: Karina2707 folded before Flop (didn't bet)
Seat 6: Thesheep69 folded before Flop (didn't bet)



PokerStars Zoom Hand #254075293213:  Hold'em No Limit ($0.05/$0.10) - 2024/12/28 21:45:44 CET [2024/12/28 15:45:44 ET]
Table 'Aludra' 6-max Seat #1 is the button
Seat 1: spatza ($17.58 in chips) 
Seat 2: Mahu2021 ($10.81 in chips) 
Seat 3: argyenfant ($4.72 in chips) 
Seat 4: jookai ($10 in chips) 
Seat 5: Bruno CP796 ($2.32 in chips) 
Seat 6: Karina2707 ($32.95 in chips) 
Mahu2021: posts small blind $0.05
argyenfant: posts big blind $0.10
*** HOLE CARDS ***
Dealt to Mahu2021 [Ts 8h]
jookai: folds 
Bruno CP796: raises $2.22 to $2.32 and is all-in
Karina2707: folds 
spatza: folds 
Mahu2021: folds 
argyenfant: calls $2.22
*** FLOP *** [7c 3h Kh]
*** TURN *** [7c 3h Kh] [Qh]
*** RIVER *** [7c 3h Kh Qh] [6c]
*** SHOW DOWN ***
argyenfant: shows [8c As] (high card Ace)
Bruno CP796: shows [Ah 7h] (a flush, Ace high)
Bruno CP796 collected $4.48 from pot
*** SUMMARY ***
Total pot $4.69 | Rake $0.21 
Board [7c 3h Kh Qh 6c]
Seat 1: spatza (button) folded before Flop (didn't bet)
Seat 2: Mahu2021 (small blind) folded before Flop
Seat 3: argyenfant (big blind) showed [8c As] and lost with high card Ace
Seat 4: jookai folded before Flop (didn't bet)
Seat 5: Bruno CP796 showed [Ah 7h] and won ($4.48) with a flush, Ace high
Seat 6: Karina2707 folded before Flop (didn't bet)



PokerStars Zoom Hand #254075294580:  Hold'em No Limit ($0.05/$0.10) - 2024/12/28 21:45:48 CET [2024/12/28 15:45:48 ET]
Table 'Aludra' 6-max Seat #1 is the button
Seat 1: Alsabenja ($24.47 in chips) 
Seat 2: pokking876 ($13.61 in chips) 
Seat 3: cz83 ($10 in chips) 
Seat 4: Tomtom21205 ($4.90 in chips) 
Seat 5: jookai ($10 in chips) 
Seat 6: Mahu2021 ($10.76 in chips) 
pokking876: posts small blind $0.05
cz83: posts big blind $0.10
*** HOLE CARDS ***
Dealt to Mahu2021 [Jd 9d]
Tomtom21205: folds 
jookai: folds 
Mahu2021: raises $0.20 to $0.30
Alsabenja: raises $0.75 to $1.05
pokking876: folds 
cz83: folds 
Mahu2021: folds 
Uncalled bet ($0.75) returned to Alsabenja
Alsabenja collected $0.75 from pot
Alsabenja: doesn't show hand 
*** SUMMARY ***
Total pot $0.75 | Rake $0 
Seat 1: Alsabenja (button) collected ($0.75)
Seat 2: pokking876 (small blind) folded before Flop
Seat 3: cz83 (big blind) folded before Flop
Seat 4: Tomtom21205 folded before Flop (didn't bet)
Seat 5: jookai folded before Flop (didn't bet)
Seat 6: Mahu2021 folded before Flop



PokerStars Zoom Hand #254075301239:  Hold'em No Limit ($0.05/$0.10) - 2024/12/28 21:46:08 CET [2024/12/28 15:46:08 ET]
Table 'Aludra' 6-max Seat #1 is the button
Seat 1: jookai ($10.05 in chips) 
Seat 2: Magic Nic ($4.32 in chips) 
Seat 3: Amazonia2010 ($12.61 in chips) 
Seat 4: 11SYKO11 ($7.05 in chips) 
Seat 5: Mahu2021 ($10.46 in chips) 
Seat 6: Doctor2D ($42.21 in chips) 
Magic Nic: posts small blind $0.05
Amazonia2010: posts big blind $0.10
*** HOLE CARDS ***
Dealt to Mahu2021 [4s 6s]
11SYKO11: raises $0.10 to $0.20
Mahu2021: folds 
Doctor2D: folds 
jookai: folds 
Magic Nic: folds 
Amazonia2010: folds 
Uncalled bet ($0.10) returned to 11SYKO11
11SYKO11 collected $0.25 from pot
11SYKO11: doesn't show hand 
*** SUMMARY ***
Total pot $0.25 | Rake $0 
Seat 1: jookai (button) folded before Flop (didn't bet)
Seat 2: Magic Nic (small blind) folded before Flop
Seat 3: Amazonia2010 (big blind) folded before Flop
Seat 4: 11SYKO11 collected ($0.25)
Seat 5: Mahu2021 folded before Flop (didn't bet)
Seat 6: Doctor2D folded before Flop (didn't bet)



PokerStars Zoom Hand #254075302769:  Hold'em No Limit ($0.05/$0.10) - 2024/12/28 21:46:13 CET [2024/12/28 15:46:13 ET]
Table 'Aludra' 6-max Seat #1 is the button
Seat 1: luizcknc ($11.76 in chips) 
Seat 2: andr0507 ($10.05 in chips) 
Seat 3: Mahu2021 ($10.46 in chips) 
Seat 4: PhoenixPoker85 ($18.29 in chips) 
Seat 5: pokking876 ($13.46 in chips) 
Seat 6: Gioovanni_99 ($8.92 in chips) 
andr0507: posts small blind $0.05
Mahu2021: posts big blind $0.10
*** HOLE CARDS ***
Dealt to Mahu2021 [7h 8c]
PhoenixPoker85: folds 
pokking876: folds 
Gioovanni_99: folds 
luizcknc: raises $0.25 to $0.35
andr0507: folds 
Mahu2021: folds 
Uncalled bet ($0.25) returned to luizcknc
luizcknc collected $0.25 from pot
luizcknc: doesn't show hand 
*** SUMMARY ***
Total pot $0.25 | Rake $0 
Seat 1: luizcknc (button) collected ($0.25)
Seat 2: andr0507 (small blind) folded before Flop
Seat 3: Mahu2021 (big blind) folded before Flop
Seat 4: PhoenixPoker85 folded before Flop (didn't bet)
Seat 5: pokking876 folded before Flop (didn't bet)
Seat 6: Gioovanni_99 folded before Flop (didn't bet)



PokerStars Zoom Hand #254075309049:  Hold'em No Limit ($0.05/$0.10) - 2024/12/28 21:46:32 CET [2024/12/28 15:46:32 ET]
Table 'Aludra' 6-max Seat #1 is the button
Seat 1: jookai ($10.35 in chips) 
Seat 2: xTicTuux ($5.02 in chips) 
Seat 3: cz83 ($10.34 in chips) 
Seat 4: Gioovanni_99 ($7.68 in chips) 
Seat 5: JonasVE ($5.76 in chips) 
Seat 6: Mahu2021 ($10.36 in chips) 
xTicTuux: posts small blind $0.05
cz83: posts big blind $0.10
*** HOLE CARDS ***
Dealt to Mahu2021 [6d 2h]
Gioovanni_99: folds 
JonasVE: folds 
Mahu2021: folds 
jookai: folds 
xTicTuux: raises $0.20 to $0.30
cz83: folds 
Uncalled bet ($0.20) returned to xTicTuux
xTicTuux collected $0.20 from pot
xTicTuux: doesn't show hand 
*** SUMMARY ***
Total pot $0.20 | Rake $0 
Seat 1: jookai (button) folded before Flop (didn't bet)
Seat 2: xTicTuux (small blind) collected ($0.20)
Seat 3: cz83 (big blind) folded before Flop
Seat 4: Gioovanni_99 folded before Flop (didn't bet)
Seat 5: JonasVE folded before Flop (didn't bet)
Seat 6: Mahu2021 folded before Flop (didn't bet)



PokerStars Zoom Hand #254075298647:  Hold'em No Limit ($0.05/$0.10) - 2024/12/28 21:46:00 CET [2024/12/28 15:46:00 ET]
Table 'Aludra' 6-max Seat #1 is the button
Seat 1: Nork756 ($13.76 in chips) 
Seat 2: camilo13186 ($9.23 in chips) 
Seat 3: Gal4krond ($12.97 in chips) 
Seat 4: Mahu2021 ($10.46 in chips) 
Seat 5: mrblablah ($20.42 in chips) 
Seat 6: _ThormentoZ_ ($11.06 in chips) 
camilo13186: posts small blind $0.05
Gal4krond: posts big blind $0.10
*** HOLE CARDS ***
Dealt to Mahu2021 [8d Kh]
Mahu2021: folds 
mrblablah: folds 
_ThormentoZ_: raises $0.13 to $0.23
Nork756: raises $0.61 to $0.84
camilo13186: folds 
Gal4krond: folds 
_ThormentoZ_: raises $1.56 to $2.40
Nork756: raises $11.36 to $13.76 and is all-in
_ThormentoZ_: calls $8.66 and is all-in
Uncalled bet ($2.70) returned to Nork756
*** FLOP *** [Qs 5d 4h]
*** TURN *** [Qs 5d 4h] [2s]
*** RIVER *** [Qs 5d 4h 2s] [6h]
*** SHOW DOWN ***
_ThormentoZ_: shows [Qd Qh] (three of a kind, Queens)
Nork756: shows [Kd Ac] (high card Ace)
_ThormentoZ_ collected $21.27 from pot
*** SUMMARY ***
Total pot $22.27 | Rake $1 
Board [Qs 5d 4h 2s 6h]
Seat 1: Nork756 (button) showed [Kd Ac] and lost with high card Ace
Seat 2: camilo13186 (small blind) folded before Flop
Seat 3: Gal4krond (big blind) folded before Flop
Seat 4: Mahu2021 folded before Flop (didn't bet)
Seat 5: mrblablah folded before Flop (didn't bet)
Seat 6: _ThormentoZ_ showed [Qd Qh] and won ($21.27) with three of a kind, Queens



PokerStars Zoom Hand #254075310078:  Hold'em No Limit ($0.05/$0.10) - 2024/12/28 21:46:35 CET [2024/12/28 15:46:35 ET]
Table 'Aludra' 6-max Seat #1 is the button
Seat 1: Mahu2021 ($10.36 in chips) 
Seat 2: Doctor2D ($42.11 in chips) 
Seat 3: Jhanr ($10.41 in chips) 
Seat 4: Bruno CP796 ($4.21 in chips) 
Seat 5: Baratrum777 ($10.52 in chips) 
Seat 6: chabby36 ($10.68 in chips) 
Doctor2D: posts small blind $0.05
Jhanr: posts big blind $0.10
*** HOLE CARDS ***
Dealt to Mahu2021 [As Qh]
Bruno CP796: raises $0.11 to $0.21
Baratrum777: folds 
chabby36: folds 
Mahu2021: calls $0.21
Doctor2D: folds 
Jhanr: folds 
*** FLOP *** [7s 7h Ah]
Bruno CP796: checks 
Mahu2021: bets $0.54
Bruno CP796: folds 
Uncalled bet ($0.54) returned to Mahu2021
Mahu2021 collected $0.54 from pot
Mahu2021: doesn't show hand 
*** SUMMARY ***
Total pot $0.57 | Rake $0.03 
Board [7s 7h Ah]
Seat 1: Mahu2021 (button) collected ($0.54)
Seat 2: Doctor2D (small blind) folded before Flop
Seat 3: Jhanr (big blind) folded before Flop
Seat 4: Bruno CP796 folded on the Flop
Seat 5: Baratrum777 folded before Flop (didn't bet)
Seat 6: chabby36 folded before Flop (didn't bet)



PokerStars Zoom Hand #254075317737:  Hold'em No Limit ($0.05/$0.10) - 2024/12/28 21:46:58 CET [2024/12/28 15:46:58 ET]
Table 'Aludra' 6-max Seat #1 is the button
Seat 1: NyanRetired ($16.89 in chips) 
Seat 2: Alsabenja ($24.67 in chips) 
Seat 3: Gal4krond ($12.06 in chips) 
Seat 4: JonasVE ($5.61 in chips) 
Seat 5: Mahu2021 ($10.69 in chips) 
Seat 6: Kluessi67 ($10.26 in chips) 
Alsabenja: posts small blind $0.05
Gal4krond: posts big blind $0.10
*** HOLE CARDS ***
Dealt to Mahu2021 [Tc Td]
JonasVE: raises $0.20 to $0.30
Mahu2021: calls $0.30
Kluessi67: calls $0.30
NyanRetired: folds 
Alsabenja: folds 
Gal4krond: folds 
*** FLOP *** [Js 7h 8s]
JonasVE: checks 
Mahu2021: bets $0.30
Kluessi67: folds 
JonasVE: calls $0.30
*** TURN *** [Js 7h 8s] [As]
JonasVE: checks 
Mahu2021: bets $0.30
JonasVE: calls $0.30
*** RIVER *** [Js 7h 8s As] [Kc]
JonasVE: checks 
Mahu2021: checks 
*** SHOW DOWN ***
JonasVE: shows [Th Ad] (a pair of Aces)
Mahu2021: mucks hand 
JonasVE collected $2.15 from pot
*** SUMMARY ***
Total pot $2.25 | Rake $0.10 
Board [Js 7h 8s As Kc]
Seat 1: NyanRetired (button) folded before Flop (didn't bet)
Seat 2: Alsabenja (small blind) folded before Flop
Seat 3: Gal4krond (big blind) folded before Flop
Seat 4: JonasVE showed [Th Ad] and won ($2.15) with a pair of Aces
Seat 5: Mahu2021 mucked [Tc Td]
Seat 6: Kluessi67 folded on the Flop



PokerStars Zoom Hand #254075330800:  Hold'em No Limit ($0.05/$0.10) - 2024/12/28 21:47:37 CET [2024/12/28 15:47:37 ET]
Table 'Aludra' 6-max Seat #1 is the button
Seat 1: cz83 ($10.27 in chips) 
Seat 2: Mahu2021 ($9.79 in chips) 
Seat 3: jookai ($10.88 in chips) 
Seat 4: Karina2707 ($32.80 in chips) 
Seat 5: JonasVE ($6.86 in chips) 
Seat 6: zogecmarogec ($4.29 in chips) 
Mahu2021: posts small blind $0.05
jookai: posts big blind $0.10
*** HOLE CARDS ***
Dealt to Mahu2021 [Kh Qh]
Karina2707: folds 
JonasVE: folds 
zogecmarogec: folds 
cz83: folds 
Mahu2021: raises $0.20 to $0.30
jookai: folds 
Uncalled bet ($0.20) returned to Mahu2021
Mahu2021 collected $0.20 from pot
Mahu2021: doesn't show hand 
*** SUMMARY ***
Total pot $0.20 | Rake $0 
Seat 1: cz83 (button) folded before Flop (didn't bet)
Seat 2: Mahu2021 (small blind) collected ($0.20)
Seat 3: jookai (big blind) folded before Flop
Seat 4: Karina2707 folded before Flop (didn't bet)
Seat 5: JonasVE folded before Flop (didn't bet)
Seat 6: zogecmarogec folded before Flop (didn't bet)



PokerStars Zoom Hand #254075337701:  Hold'em No Limit ($0.05/$0.10) - 2024/12/28 21:47:58 CET [2024/12/28 15:47:58 ET]
Table 'Aludra' 6-max Seat #1 is the button
Seat 1: JuanOrtuzar ($10 in chips) 
Seat 2: Driver40T ($14.11 in chips) 
Seat 3: PSOLEEOS ($18.16 in chips) 
Seat 4: Mahu2021 ($9.89 in chips) 
Seat 5: cz83 ($10.22 in chips) 
Seat 6: Dbentleyy ($35.11 in chips) 
Driver40T: posts small blind $0.05
PSOLEEOS: posts big blind $0.10
*** HOLE CARDS ***
Dealt to Mahu2021 [4h 7h]
Mahu2021: folds 
cz83: folds 
Dbentleyy: raises $0.12 to $0.22
JuanOrtuzar: folds 
Driver40T: folds 
PSOLEEOS: folds 
Uncalled bet ($0.12) returned to Dbentleyy
Dbentleyy collected $0.25 from pot
Dbentleyy: doesn't show hand 
*** SUMMARY ***
Total pot $0.25 | Rake $0 
Seat 1: JuanOrtuzar (button) folded before Flop (didn't bet)
Seat 2: Driver40T (small blind) folded before Flop
Seat 3: PSOLEEOS (big blind) folded before Flop
Seat 4: Mahu2021 folded before Flop (didn't bet)
Seat 5: cz83 folded before Flop (didn't bet)
Seat 6: Dbentleyy collected ($0.25)



PokerStars Zoom Hand #254075339007:  Hold'em No Limit ($0.05/$0.10) - 2024/12/28 21:48:02 CET [2024/12/28 15:48:02 ET]
Table 'Aludra' 6-max Seat #1 is the button
Seat 1: Gal4krond ($12.50 in chips) 
Seat 2: NyanRetired ($62.73 in chips) 
Seat 3: Mahu2021 ($9.89 in chips) 
Seat 4: spatza ($18.51 in chips) 
Seat 5: TGVon ($18.07 in chips) 
Seat 6: Gioovanni_99 ($19.58 in chips) 
NyanRetired: posts small blind $0.05
Mahu2021: posts big blind $0.10
*** HOLE CARDS ***
Dealt to Mahu2021 [8d Th]
spatza: folds 
TGVon: folds 
Gioovanni_99: folds 
Gal4krond: raises $0.15 to $0.25
NyanRetired: folds 
Mahu2021: folds 
Uncalled bet ($0.15) returned to Gal4krond
Gal4krond collected $0.25 from pot
Gal4krond: doesn't show hand 
*** SUMMARY ***
Total pot $0.25 | Rake $0 
Seat 1: Gal4krond (button) collected ($0.25)
Seat 2: NyanRetired (small blind) folded before Flop
Seat 3: Mahu2021 (big blind) folded before Flop
Seat 4: spatza folded before Flop (didn't bet)
Seat 5: TGVon folded before Flop (didn't bet)
Seat 6: Gioovanni_99 folded before Flop (didn't bet)



PokerStars Zoom Hand #254075343731:  Hold'em No Limit ($0.05/$0.10) - 2024/12/28 21:48:16 CET [2024/12/28 15:48:16 ET]
Table 'Aludra' 6-max Seat #1 is the button
Seat 1: Mahu2021 ($9.79 in chips) 
Seat 2: Jhanr ($16.31 in chips) 
Seat 3: JuanOrtuzar ($10 in chips) 
Seat 4: 1mAgiciAn3 ($10.20 in chips) 
Seat 5: Pr0Hooker ($10 in chips) 
Seat 6: jookai ($10.10 in chips) 
Jhanr: posts small blind $0.05
JuanOrtuzar: posts big blind $0.10
*** HOLE CARDS ***
Dealt to Mahu2021 [6d Kd]
1mAgiciAn3: folds 
Pr0Hooker: raises $0.11 to $0.21
jookai: folds 
Mahu2021: calls $0.21
Jhanr: folds 
JuanOrtuzar: folds 
*** FLOP *** [7s 5s 4h]
Pr0Hooker: checks 
Mahu2021: checks 
*** TURN *** [7s 5s 4h] [4d]
Pr0Hooker: checks 
Mahu2021: checks 
*** RIVER *** [7s 5s 4h 4d] [9s]
Pr0Hooker: checks 
Mahu2021: checks 
*** SHOW DOWN ***
Pr0Hooker: shows [Js Ad] (a pair of Fours)
Mahu2021: mucks hand 
Pr0Hooker collected $0.54 from pot
*** SUMMARY ***
Total pot $0.57 | Rake $0.03 
Board [7s 5s 4h 4d 9s]
Seat 1: Mahu2021 (button) mucked [6d Kd]
Seat 2: Jhanr (small blind) folded before Flop
Seat 3: JuanOrtuzar (big blind) folded before Flop
Seat 4: 1mAgiciAn3 folded before Flop (didn't bet)
Seat 5: Pr0Hooker showed [Js Ad] and won ($0.54) with a pair of Fours
Seat 6: jookai folded before Flop (didn't bet)



PokerStars Zoom Hand #254075351827:  Hold'em No Limit ($0.05/$0.10) - 2024/12/28 21:48:40 CET [2024/12/28 15:48:40 ET]
Table 'Aludra' 6-max Seat #1 is the button
Seat 1: lEternamente ($10.60 in chips) 
Seat 2: Mahu2021 ($9.58 in chips) 
Seat 3: Boymack05 ($18.20 in chips) 
Seat 4: jezza71 ($17.19 in chips) 
Seat 5: pokking876 ($10.42 in chips) 
Seat 6: Gal4krond ($11.81 in chips) 
Mahu2021: posts small blind $0.05
Boymack05: posts big blind $0.10
*** HOLE CARDS ***
Dealt to Mahu2021 [8h 9c]
jezza71: raises $0.20 to $0.30
pokking876: folds 
Gal4krond: folds 
lEternamente: folds 
Mahu2021: folds 
Boymack05: folds 
Uncalled bet ($0.20) returned to jezza71
jezza71 collected $0.25 from pot
jezza71: doesn't show hand 
*** SUMMARY ***
Total pot $0.25 | Rake $0 
Seat 1: lEternamente (button) folded before Flop (didn't bet)
Seat 2: Mahu2021 (small blind) folded before Flop
Seat 3: Boymack05 (big blind) folded before Flop
Seat 4: jezza71 collected ($0.25)
Seat 5: pokking876 folded before Flop (didn't bet)
Seat 6: Gal4krond folded before Flop (didn't bet)



PokerStars Zoom Hand #254075353830:  Hold'em No Limit ($0.05/$0.10) - 2024/12/28 21:48:46 CET [2024/12/28 15:48:46 ET]
Table 'Aludra' 6-max Seat #1 is the button
Seat 1: Mahu2021 ($9.53 in chips) 
Seat 2: Kluessi67 ($10.78 in chips) 
Seat 3: spirosz1000 ($3.85 in chips) 
Seat 4: sirnimax ($25.52 in chips) 
Seat 5: essa143 ($14.47 in chips) 
Seat 6: lucasdorre ($10 in chips) 
Kluessi67: posts small blind $0.05
spirosz1000: posts big blind $0.10
*** HOLE CARDS ***
Dealt to Mahu2021 [Jd Jh]
sirnimax: folds 
essa143: folds 
lucasdorre: folds 
Mahu2021: raises $0.20 to $0.30
Kluessi67: folds 
spirosz1000: folds 
Uncalled bet ($0.20) returned to Mahu2021
Mahu2021 collected $0.25 from pot
Mahu2021: doesn't show hand 
*** SUMMARY ***
Total pot $0.25 | Rake $0 
Seat 1: Mahu2021 (button) collected ($0.25)
Seat 2: Kluessi67 (small blind) folded before Flop
Seat 3: spirosz1000 (big blind) folded before Flop
Seat 4: sirnimax folded before Flop (didn't bet)
Seat 5: essa143 folded before Flop (didn't bet)
Seat 6: lucasdorre folded before Flop (didn't bet)



PokerStars Zoom Hand #254075359958:  Hold'em No Limit ($0.05/$0.10) - 2024/12/28 21:49:04 CET [2024/12/28 15:49:04 ET]
Table 'Aludra' 6-max Seat #1 is the button
Seat 1: cz83 ($11.05 in chips) 
Seat 2: Zonizo ($13.79 in chips) 
Seat 3: __wcok69__ ($9.85 in chips) 
Seat 4: colomo1 ($10.57 in chips) 
Seat 5: Amazonia2010 ($16.31 in chips) 
Seat 6: Mahu2021 ($9.68 in chips) 
Zonizo: posts small blind $0.05
__wcok69__: posts big blind $0.10
*** HOLE CARDS ***
Dealt to Mahu2021 [4h 7d]
colomo1: folds 
Amazonia2010: folds 
Mahu2021: folds 
cz83: folds 
Zonizo: folds 
Uncalled bet ($0.05) returned to __wcok69__
__wcok69__ collected $0.10 from pot
__wcok69__: doesn't show hand 
*** SUMMARY ***
Total pot $0.10 | Rake $0 
Seat 1: cz83 (button) folded before Flop (didn't bet)
Seat 2: Zonizo (small blind) folded before Flop
Seat 3: __wcok69__ (big blind) collected ($0.10)
Seat 4: colomo1 folded before Flop (didn't bet)
Seat 5: Amazonia2010 folded before Flop (didn't bet)
Seat 6: Mahu2021 folded before Flop (didn't bet)



PokerStars Zoom Hand #254075362670:  Hold'em No Limit ($0.05/$0.10) - 2024/12/28 21:49:12 CET [2024/12/28 15:49:12 ET]
Table 'Aludra' 6-max Seat #1 is the button
Seat 1: __wcok69__ ($9.90 in chips) 
Seat 2: liebhabär ($23.44 in chips) 
Seat 3: Mahu2021 ($9.68 in chips) 
Seat 4: jwpwml ($10.25 in chips) 
Seat 5: Driver40T ($17.39 in chips) 
Seat 6: 1mAgiciAn3 ($10.35 in chips) 
liebhabär: posts small blind $0.05
Mahu2021: posts big blind $0.10
*** HOLE CARDS ***
Dealt to Mahu2021 [Jd 5s]
jwpwml: folds 
Driver40T: folds 
1mAgiciAn3: folds 
__wcok69__: calls $0.10
liebhabär: folds 
Mahu2021: checks 
*** FLOP *** [Kc Jc Td]
Mahu2021: checks 
__wcok69__: bets $0.24
Mahu2021: folds 
Uncalled bet ($0.24) returned to __wcok69__
__wcok69__ collected $0.24 from pot
__wcok69__: doesn't show hand 
*** SUMMARY ***
Total pot $0.25 | Rake $0.01 
Board [Kc Jc Td]
Seat 1: __wcok69__ (button) collected ($0.24)
Seat 2: liebhabär (small blind) folded before Flop
Seat 3: Mahu2021 (big blind) folded on the Flop
Seat 4: jwpwml folded before Flop (didn't bet)
Seat 5: Driver40T folded before Flop (didn't bet)
Seat 6: 1mAgiciAn3 folded before Flop (didn't bet)



PokerStars Zoom Hand #254075361416:  Hold'em No Limit ($0.05/$0.10) - 2024/12/28 21:49:09 CET [2024/12/28 15:49:09 ET]
Table 'Aludra' 6-max Seat #1 is the button
Seat 1: cghap ($10 in chips) 
Seat 2: spirosz1000 ($3.75 in chips) 
Seat 3: Alf11douze ($11.47 in chips) 
Seat 4: Mahu2021 ($9.68 in chips) 
Seat 5: vogiatzis97 ($9.85 in chips) 
Seat 6: _ThormentoZ_ ($22.59 in chips) 
spirosz1000: posts small blind $0.05
Alf11douze: posts big blind $0.10
*** HOLE CARDS ***
Dealt to Mahu2021 [Jc 9d]
Mahu2021: folds 
vogiatzis97: folds 
_ThormentoZ_: raises $0.13 to $0.23
cghap: folds 
spirosz1000: raises $0.56 to $0.79
Alf11douze: folds 
_ThormentoZ_: folds 
Uncalled bet ($0.56) returned to spirosz1000
spirosz1000 collected $0.56 from pot
spirosz1000: doesn't show hand 
*** SUMMARY ***
Total pot $0.56 | Rake $0 
Seat 1: cghap (button) folded before Flop (didn't bet)
Seat 2: spirosz1000 (small blind) collected ($0.56)
Seat 3: Alf11douze (big blind) folded before Flop
Seat 4: Mahu2021 folded before Flop (didn't bet)
Seat 5: vogiatzis97 folded before Flop (didn't bet)
Seat 6: _ThormentoZ_ folded before Flop



PokerStars Zoom Hand #254075336000:  Hold'em No Limit ($0.05/$0.10) - 2024/12/28 21:47:53 CET [2024/12/28 15:47:53 ET]
Table 'Aludra' 6-max Seat #1 is the button
Seat 1: TUDODOSADAM ($7.91 in chips) 
Seat 2: SpockOcãoCovard ($10.30 in chips) 
Seat 3: Ruselllll ($11.43 in chips) 
Seat 4: Mahu2021 ($9.89 in chips) 
Seat 5: xTicTuux ($4.73 in chips) 
Seat 6: gelik32 ($10.44 in chips) 
SpockOcãoCovard: posts small blind $0.05
Ruselllll: posts big blind $0.10
*** HOLE CARDS ***
Dealt to Mahu2021 [Kc 2h]
Mahu2021: folds 
xTicTuux: raises $0.10 to $0.20
gelik32: folds 
TUDODOSADAM: raises $0.55 to $0.75
SpockOcãoCovard: folds 
Ruselllll: folds 
xTicTuux: calls $0.55
*** FLOP *** [6d 9h 8s]
xTicTuux: checks 
TUDODOSADAM: checks 
*** TURN *** [6d 9h 8s] [Jc]
xTicTuux: bets $0.70
TUDODOSADAM: calls $0.70
*** RIVER *** [6d 9h 8s Jc] [8h]
xTicTuux: checks 
TUDODOSADAM: bets $2.91
xTicTuux: folds 
Uncalled bet ($2.91) returned to TUDODOSADAM
TUDODOSADAM collected $2.91 from pot
TUDODOSADAM: doesn't show hand 
*** SUMMARY ***
Total pot $3.05 | Rake $0.14 
Board [6d 9h 8s Jc 8h]
Seat 1: TUDODOSADAM (button) collected ($2.91)
Seat 2: SpockOcãoCovard (small blind) folded before Flop
Seat 3: Ruselllll (big blind) folded before Flop
Seat 4: Mahu2021 folded before Flop (didn't bet)
Seat 5: xTicTuux folded on the River
Seat 6: gelik32 folded before Flop (didn't bet)



PokerStars Zoom Hand #254075370269:  Hold'em No Limit ($0.05/$0.10) - 2024/12/28 21:49:35 CET [2024/12/28 15:49:35 ET]
Table 'Aludra' 6-max Seat #1 is the button
Seat 1: cz83 ($10.95 in chips) 
Seat 2: Dbentleyy ($36.27 in chips) 
Seat 3: Lentwood ($10 in chips) 
Seat 4: aces882 ($29.69 in chips) 
Seat 5: Mahu2021 ($9.58 in chips) 
Seat 6: __wcok69__ ($10.12 in chips) 
Dbentleyy: posts small blind $0.05
Lentwood: posts big blind $0.10
*** HOLE CARDS ***
Dealt to Mahu2021 [Ts 2s]
aces882: folds 
Mahu2021: folds 
__wcok69__: folds 
cz83: folds 
Dbentleyy: raises $0.18 to $0.28
Lentwood: folds 
Uncalled bet ($0.18) returned to Dbentleyy
Dbentleyy collected $0.20 from pot
Dbentleyy: doesn't show hand 
*** SUMMARY ***
Total pot $0.20 | Rake $0 
Seat 1: cz83 (button) folded before Flop (didn't bet)
Seat 2: Dbentleyy (small blind) collected ($0.20)
Seat 3: Lentwood (big blind) folded before Flop
Seat 4: aces882 folded before Flop (didn't bet)
Seat 5: Mahu2021 folded before Flop (didn't bet)
Seat 6: __wcok69__ folded before Flop (didn't bet)



PokerStars Zoom Hand #254075372961:  Hold'em No Limit ($0.05/$0.10) - 2024/12/28 21:49:43 CET [2024/12/28 15:49:43 ET]
Table 'Aludra' 6-max Seat #1 is the button
Seat 1: __wcok69__ ($9.65 in chips) 
Seat 2: JonasVE ($12.60 in chips) 
Seat 3: aces882 ($29.69 in chips) 
Seat 4: jookai ($10.04 in chips) 
Seat 5: Mahu2021 ($9.53 in chips) 
Seat 6: Nork756 ($10 in chips) 
JonasVE: posts small blind $0.05
aces882: posts big blind $0.10
*** HOLE CARDS ***
Dealt to Mahu2021 [2d 9s]
jookai: folds 
Mahu2021: folds 
Nork756: raises $0.20 to $0.30
__wcok69__: folds 
JonasVE: folds 
aces882: folds 
Uncalled bet ($0.20) returned to Nork756
Nork756 collected $0.25 from pot
Nork756: doesn't show hand 
*** SUMMARY ***
Total pot $0.25 | Rake $0 
Seat 1: __wcok69__ (button) folded before Flop (didn't bet)
Seat 2: JonasVE (small blind) folded before Flop
Seat 3: aces882 (big blind) folded before Flop
Seat 4: jookai folded before Flop (didn't bet)
Seat 5: Mahu2021 folded before Flop (didn't bet)
Seat 6: Nork756 collected ($0.25)



PokerStars Zoom Hand #254075368832:  Hold'em No Limit ($0.05/$0.10) - 2024/12/28 21:49:31 CET [2024/12/28 15:49:31 ET]
Table 'Aludra' 6-max Seat #1 is the button
Seat 1: Nork756 ($12.03 in chips) 
Seat 2: Guilhermekk7 ($16.44 in chips) 
Seat 3: Mr_Plejer7x ($10 in chips) 
Seat 4: Dbentleyy ($36.27 in chips) 
Seat 5: Pr0Hooker ($10.69 in chips) 
Seat 6: Mahu2021 ($9.58 in chips) 
Guilhermekk7: posts small blind $0.05
Mr_Plejer7x: posts big blind $0.10
*** HOLE CARDS ***
Dealt to Mahu2021 [Qd 2h]
Dbentleyy: folds 
Pr0Hooker: folds 
Mahu2021: folds 
Nork756: folds 
Guilhermekk7: raises $0.20 to $0.30
Mr_Plejer7x: folds 
Uncalled bet ($0.20) returned to Guilhermekk7
Guilhermekk7 collected $0.20 from pot
Guilhermekk7: doesn't show hand 
*** SUMMARY ***
Total pot $0.20 | Rake $0 
Seat 1: Nork756 (button) folded before Flop (didn't bet)
Seat 2: Guilhermekk7 (small blind) collected ($0.20)
Seat 3: Mr_Plejer7x (big blind) folded before Flop
Seat 4: Dbentleyy folded before Flop (didn't bet)
Seat 5: Pr0Hooker folded before Flop (didn't bet)
Seat 6: Mahu2021 folded before Flop (didn't bet)



PokerStars Zoom Hand #254075371508:  Hold'em No Limit ($0.05/$0.10) - 2024/12/28 21:49:39 CET [2024/12/28 15:49:39 ET]
Table 'Aludra' 6-max Seat #1 is the button
Seat 1: essa143 ($24.58 in chips) 
Seat 2: Mahu2021 ($9.58 in chips) 
Seat 3: hankapry ($18.66 in chips) 
Seat 4: NyanRetired ($16.71 in chips) 
Seat 5: JuanOrtuzar ($10.71 in chips) 
Seat 6: Apollolol ($9.90 in chips) 
Mahu2021: posts small blind $0.05
hankapry: posts big blind $0.10
*** HOLE CARDS ***
Dealt to Mahu2021 [Jd 3d]
NyanRetired: folds 
JuanOrtuzar: folds 
Apollolol: folds 
essa143: raises $0.15 to $0.25
Mahu2021: folds 
hankapry: folds 
Uncalled bet ($0.15) returned to essa143
essa143 collected $0.25 from pot
essa143: doesn't show hand 
*** SUMMARY ***
Total pot $0.25 | Rake $0 
Seat 1: essa143 (button) collected ($0.25)
Seat 2: Mahu2021 (small blind) folded before Flop
Seat 3: hankapry (big blind) folded before Flop
Seat 4: NyanRetired folded before Flop (didn't bet)
Seat 5: JuanOrtuzar folded before Flop (didn't bet)
Seat 6: Apollolol folded before Flop (didn't bet)



PokerStars Zoom Hand #254075374606:  Hold'em No Limit ($0.05/$0.10) - 2024/12/28 21:49:48 CET [2024/12/28 15:49:48 ET]
Table 'Aludra' 6-max Seat #1 is the button
Seat 1: lucasdorre ($10 in chips) 
Seat 2: Ruselllll ($12.04 in chips) 
Seat 3: Mahu2021 ($9.53 in chips) 
Seat 4: Gal4krond ($11.45 in chips) 
Seat 5: __wcok69__ ($9.65 in chips) 
Seat 6: vogiatzis97 ($10.07 in chips) 
Ruselllll: posts small blind $0.05
Mahu2021: posts big blind $0.10
*** HOLE CARDS ***
Dealt to Mahu2021 [4d 2c]
Gal4krond: folds 
__wcok69__: raises $9.55 to $9.65 and is all-in
vogiatzis97: folds 
lucasdorre: folds 
Ruselllll: folds 
Mahu2021: folds 
Uncalled bet ($9.55) returned to __wcok69__
__wcok69__ collected $0.25 from pot
__wcok69__: doesn't show hand 
*** SUMMARY ***
Total pot $0.25 | Rake $0 
Seat 1: lucasdorre (button) folded before Flop (didn't bet)
Seat 2: Ruselllll (small blind) folded before Flop
Seat 3: Mahu2021 (big blind) folded before Flop
Seat 4: Gal4krond folded before Flop (didn't bet)
Seat 5: __wcok69__ collected ($0.25)
Seat 6: vogiatzis97 folded before Flop (didn't bet)



PokerStars Zoom Hand #254075377611:  Hold'em No Limit ($0.05/$0.10) - 2024/12/28 21:49:57 CET [2024/12/28 15:49:57 ET]
Table 'Aludra' 6-max Seat #1 is the button
Seat 1: Mr_Plejer7x ($10 in chips) 
Seat 2: SpockOcãoCovard ($22.76 in chips) 
Seat 3: Nork756 ($10 in chips) 
Seat 4: chabby36 ($10.50 in chips) 
Seat 5: Mahu2021 ($9.43 in chips) 
Seat 6: max_plus_1729 ($10.15 in chips) 
SpockOcãoCovard: posts small blind $0.05
Nork756: posts big blind $0.10
*** HOLE CARDS ***
Dealt to Mahu2021 [2h 6h]
chabby36: folds 
Mahu2021: folds 
max_plus_1729: folds 
Mr_Plejer7x: raises $0.10 to $0.20
SpockOcãoCovard: folds 
Nork756: folds 
Uncalled bet ($0.10) returned to Mr_Plejer7x
Mr_Plejer7x collected $0.25 from pot
Mr_Plejer7x: doesn't show hand 
*** SUMMARY ***
Total pot $0.25 | Rake $0 
Seat 1: Mr_Plejer7x (button) collected ($0.25)
Seat 2: SpockOcãoCovard (small blind) folded before Flop
Seat 3: Nork756 (big blind) folded before Flop
Seat 4: chabby36 folded before Flop (didn't bet)
Seat 5: Mahu2021 folded before Flop (didn't bet)
Seat 6: max_plus_1729 folded before Flop (didn't bet)



PokerStars Zoom Hand #254075378397:  Hold'em No Limit ($0.05/$0.10) - 2024/12/28 21:49:59 CET [2024/12/28 15:49:59 ET]
Table 'Aludra' 6-max Seat #1 is the button
Seat 1: Apollolol ($10 in chips) 
Seat 2: Mahu2021 ($9.43 in chips) 
Seat 3: vogiatzis97 ($10.07 in chips) 
Seat 4: istvanBluff ($4.41 in chips) 
Seat 5: __wcok69__ ($10.07 in chips) 
Seat 6: Kluessi67 ($10.48 in chips) 
Mahu2021: posts small blind $0.05
vogiatzis97: posts big blind $0.10
*** HOLE CARDS ***
Dealt to Mahu2021 [2d Ac]
istvanBluff: folds 
__wcok69__: folds 
Kluessi67: folds 
Apollolol: folds 
Mahu2021: raises $0.20 to $0.30
vogiatzis97: folds 
Uncalled bet ($0.20) returned to Mahu2021
Mahu2021 collected $0.20 from pot
Mahu2021: doesn't show hand 
*** SUMMARY ***
Total pot $0.20 | Rake $0 
Seat 1: Apollolol (button) folded before Flop (didn't bet)
Seat 2: Mahu2021 (small blind) collected ($0.20)
Seat 3: vogiatzis97 (big blind) folded before Flop
Seat 4: istvanBluff folded before Flop (didn't bet)
Seat 5: __wcok69__ folded before Flop (didn't bet)
Seat 6: Kluessi67 folded before Flop (didn't bet)



PokerStars Zoom Hand #254075376475:  Hold'em No Limit ($0.05/$0.10) - 2024/12/28 21:49:54 CET [2024/12/28 15:49:54 ET]
Table 'Aludra' 6-max Seat #1 is the button
Seat 1: Mahu2021 ($9.43 in chips) 
Seat 2: Doctor2D ($12.65 in chips) 
Seat 3: pokking876 ($13.31 in chips) 
Seat 4: spatza ($18.98 in chips) 
Seat 5: Jhanr ($10.56 in chips) 
Seat 6: Patrol90uk ($8.50 in chips) 
Doctor2D: posts small blind $0.05
pokking876: posts big blind $0.10
*** HOLE CARDS ***
Dealt to Mahu2021 [3s 6h]
spatza: folds 
Jhanr: raises $0.13 to $0.23
Patrol90uk: folds 
Mahu2021: folds 
Doctor2D: raises $1.02 to $1.25
pokking876: folds 
Jhanr: folds 
Uncalled bet ($1.02) returned to Doctor2D
Doctor2D collected $0.56 from pot
Doctor2D: doesn't show hand 
*** SUMMARY ***
Total pot $0.56 | Rake $0 
Seat 1: Mahu2021 (button) folded before Flop (didn't bet)
Seat 2: Doctor2D (small blind) collected ($0.56)
Seat 3: pokking876 (big blind) folded before Flop
Seat 4: spatza folded before Flop (didn't bet)
Seat 5: Jhanr folded before Flop
Seat 6: Patrol90uk folded before Flop (didn't bet)



PokerStars Zoom Hand #254075382688:  Hold'em No Limit ($0.05/$0.10) - 2024/12/28 21:50:12 CET [2024/12/28 15:50:12 ET]
Table 'Aludra' 6-max Seat #1 is the button
Seat 1: Rottweile555 ($7.64 in chips) 
Seat 2: essa143 ($14.27 in chips) 
Seat 3: rafa111084 ($6.27 in chips) 
Seat 4: hankapry ($18.91 in chips) 
Seat 5: droldan30 ($9.82 in chips) 
Seat 6: Mahu2021 ($9.53 in chips) 
essa143: posts small blind $0.05
rafa111084: posts big blind $0.10
*** HOLE CARDS ***
Dealt to Mahu2021 [2c Jh]
hankapry: folds 
droldan30: folds 
Mahu2021: folds 
Rottweile555: calls $0.10
essa143: folds 
rafa111084: checks 
*** FLOP *** [Jc 9d 6d]
rafa111084: checks 
Rottweile555: bets $0.24
rafa111084: folds 
Uncalled bet ($0.24) returned to Rottweile555
Rottweile555 collected $0.24 from pot
Rottweile555: doesn't show hand 
*** SUMMARY ***
Total pot $0.25 | Rake $0.01 
Board [Jc 9d 6d]
Seat 1: Rottweile555 (button) collected ($0.24)
Seat 2: essa143 (small blind) folded before Flop
Seat 3: rafa111084 (big blind) folded on the Flop
Seat 4: hankapry folded before Flop (didn't bet)
Seat 5: droldan30 folded before Flop (didn't bet)
Seat 6: Mahu2021 folded before Flop (didn't bet)



PokerStars Zoom Hand #254075386030:  Hold'em No Limit ($0.05/$0.10) - 2024/12/28 21:50:22 CET [2024/12/28 15:50:22 ET]
Table 'Aludra' 6-max Seat #1 is the button
Seat 1: Alf11douze ($12.38 in chips) 
Seat 2: istvanBluff ($4.31 in chips) 
Seat 3: TGVon ($19.44 in chips) 
Seat 4: Mahu2021 ($9.53 in chips) 
Seat 5: Doctor2D ($14.02 in chips) 
Seat 6: spatza ($18.83 in chips) 
istvanBluff: posts small blind $0.05
TGVon: posts big blind $0.10
*** HOLE CARDS ***
Dealt to Mahu2021 [3c Ah]
Mahu2021: folds 
Doctor2D: folds 
spatza: folds 
Alf11douze: folds 
istvanBluff: calls $0.05
TGVon: checks 
*** FLOP *** [6d 2c 5s]
istvanBluff: bets $0.10
TGVon: folds 
Uncalled bet ($0.10) returned to istvanBluff
istvanBluff collected $0.19 from pot
istvanBluff: doesn't show hand 
*** SUMMARY ***
Total pot $0.20 | Rake $0.01 
Board [6d 2c 5s]
Seat 1: Alf11douze (button) folded before Flop (didn't bet)
Seat 2: istvanBluff (small blind) collected ($0.19)
Seat 3: TGVon (big blind) folded on the Flop
Seat 4: Mahu2021 folded before Flop (didn't bet)
Seat 5: Doctor2D folded before Flop (didn't bet)
Seat 6: spatza folded before Flop (didn't bet)



PokerStars Zoom Hand #254075387037:  Hold'em No Limit ($0.05/$0.10) - 2024/12/28 21:50:25 CET [2024/12/28 15:50:25 ET]
Table 'Aludra' 6-max Seat #1 is the button
Seat 1: Doctor2D ($14.02 in chips) 
Seat 2: Driver40T ($17.19 in chips) 
Seat 3: Mahu2021 ($9.53 in chips) 
Seat 4: jwpwml ($10 in chips) 
Seat 5: spatza ($18.83 in chips) 
Seat 6: CDMPKR ($10.52 in chips) 
Driver40T: posts small blind $0.05
Mahu2021: posts big blind $0.10
*** HOLE CARDS ***
Dealt to Mahu2021 [7c Th]
jwpwml: folds 
spatza: folds 
CDMPKR: folds 
Doctor2D: raises $0.15 to $0.25
Driver40T: folds 
Mahu2021: calls $0.15
*** FLOP *** [9h 8d Ks]
Mahu2021: checks 
Doctor2D: checks 
*** TURN *** [9h 8d Ks] [2d]
Mahu2021: checks 
Doctor2D: checks 
*** RIVER *** [9h 8d Ks 2d] [Kc]
Mahu2021: checks 
Doctor2D: checks 
*** SHOW DOWN ***
Mahu2021: shows [7c Th] (a pair of Kings)
Doctor2D: shows [6h Jh] (a pair of Kings - Jack kicker)
Doctor2D collected $0.53 from pot
*** SUMMARY ***
Total pot $0.55 | Rake $0.02 
Board [9h 8d Ks 2d Kc]
Seat 1: Doctor2D (button) showed [6h Jh] and won ($0.53) with a pair of Kings
Seat 2: Driver40T (small blind) folded before Flop
Seat 3: Mahu2021 (big blind) showed [7c Th] and lost with a pair of Kings
Seat 4: jwpwml folded before Flop (didn't bet)
Seat 5: spatza folded before Flop (didn't bet)
Seat 6: CDMPKR folded before Flop (didn't bet)



PokerStars Zoom Hand #254075384668:  Hold'em No Limit ($0.05/$0.10) - 2024/12/28 21:50:18 CET [2024/12/28 15:50:18 ET]
Table 'Aludra' 6-max Seat #1 is the button
Seat 1: Mahu2021 ($9.53 in chips) 
Seat 2: droldan30 ($9.82 in chips) 
Seat 3: jezza71 ($18.15 in chips) 
Seat 4: Apollolol ($10 in chips) 
Seat 5: essa143 ($14.34 in chips) 
Seat 6: JonasVE ($13.06 in chips) 
droldan30: posts small blind $0.05
jezza71: posts big blind $0.10
*** HOLE CARDS ***
Dealt to Mahu2021 [8d Ts]
Apollolol: folds 
essa143: folds 
JonasVE: raises $0.20 to $0.30
Mahu2021: folds 
droldan30: folds 
jezza71 is disconnected 
jezza71 has timed out while disconnected
jezza71: folds 
Uncalled bet ($0.20) returned to JonasVE
JonasVE collected $0.25 from pot
JonasVE: doesn't show hand 
*** SUMMARY ***
Total pot $0.25 | Rake $0 
Seat 1: Mahu2021 (button) folded before Flop (didn't bet)
Seat 2: droldan30 (small blind) folded before Flop
Seat 3: jezza71 (big blind) folded before Flop
Seat 4: Apollolol folded before Flop (didn't bet)
Seat 5: essa143 folded before Flop (didn't bet)
Seat 6: JonasVE collected ($0.25)



PokerStars Zoom Hand #254075399036:  Hold'em No Limit ($0.05/$0.10) - 2024/12/28 21:51:01 CET [2024/12/28 15:51:01 ET]
Table 'Aludra' 6-max Seat #1 is the button
Seat 1: Thesheep69 ($10.15 in chips) 
Seat 2: Apollolol ($9.90 in chips) 
Seat 3: CDMPKR ($10.62 in chips) 
Seat 4: lEternamente ($11.23 in chips) 
Seat 5: Mahu2021 ($9.28 in chips) 
Seat 6: liebhabär ($11.13 in chips) 
Apollolol: posts small blind $0.05
CDMPKR: posts big blind $0.10
*** HOLE CARDS ***
Dealt to Mahu2021 [6c Ac]
lEternamente: folds 
Mahu2021: raises $0.20 to $0.30
liebhabär: folds 
Thesheep69: raises $0.55 to $0.85
Apollolol: folds 
CDMPKR: folds 
Mahu2021: folds 
Uncalled bet ($0.55) returned to Thesheep69
Thesheep69 collected $0.75 from pot
Thesheep69: doesn't show hand 
*** SUMMARY ***
Total pot $0.75 | Rake $0 
Seat 1: Thesheep69 (button) collected ($0.75)
Seat 2: Apollolol (small blind) folded before Flop
Seat 3: CDMPKR (big blind) folded before Flop
Seat 4: lEternamente folded before Flop (didn't bet)
Seat 5: Mahu2021 folded before Flop
Seat 6: liebhabär folded before Flop (didn't bet)



PokerStars Zoom Hand #254075404080:  Hold'em No Limit ($0.05/$0.10) - 2024/12/28 21:51:16 CET [2024/12/28 15:51:16 ET]
Table 'Aludra' 6-max Seat #1 is the button
Seat 1: zaf0007 ($6.45 in chips) 
Seat 2: Babuin_Look ($10 in chips) 
Seat 3: juanGeu123 ($5.84 in chips) 
Seat 4: roo198 ($10.11 in chips) 
Seat 5: liebhabär ($11.13 in chips) 
Seat 6: Mahu2021 ($8.98 in chips) 
Babuin_Look: posts small blind $0.05
juanGeu123: posts big blind $0.10
*** HOLE CARDS ***
Dealt to Mahu2021 [4d 2s]
roo198: folds 
liebhabär: folds 
Mahu2021: folds 
zaf0007: folds 
Babuin_Look: raises $0.20 to $0.30
juanGeu123: calls $0.20
*** FLOP *** [3d Th Kc]
Babuin_Look: bets $0.44
juanGeu123: folds 
Uncalled bet ($0.44) returned to Babuin_Look
Babuin_Look collected $0.57 from pot
Babuin_Look: doesn't show hand 
*** SUMMARY ***
Total pot $0.60 | Rake $0.03 
Board [3d Th Kc]
Seat 1: zaf0007 (button) folded before Flop (didn't bet)
Seat 2: Babuin_Look (small blind) collected ($0.57)
Seat 3: juanGeu123 (big blind) folded on the Flop
Seat 4: roo198 folded before Flop (didn't bet)
Seat 5: liebhabär folded before Flop (didn't bet)
Seat 6: Mahu2021 folded before Flop (didn't bet)



PokerStars Zoom Hand #254075405819:  Hold'em No Limit ($0.05/$0.10) - 2024/12/28 21:51:21 CET [2024/12/28 15:51:21 ET]
Table 'Aludra' 6-max Seat #1 is the button
Seat 1: cz83 ($10.75 in chips) 
Seat 2: Mahu2021 ($8.98 in chips) 
Seat 3: TGVon ($18.02 in chips) 
Seat 4: pokking876 ($29.20 in chips) 
Seat 5: Xanderz24 ($11.28 in chips) 
Seat 6: Nork756 ($11.41 in chips) 
Mahu2021: posts small blind $0.05
TGVon: posts big blind $0.10
*** HOLE CARDS ***
Dealt to Mahu2021 [Jc Td]
pokking876: folds 
Xanderz24: raises $0.10 to $0.20
Nork756: raises $0.55 to $0.75
cz83: folds 
Mahu2021: folds 
TGVon: folds 
Xanderz24: folds 
Uncalled bet ($0.55) returned to Nork756
Nork756 collected $0.55 from pot
Nork756: doesn't show hand 
*** SUMMARY ***
Total pot $0.55 | Rake $0 
Seat 1: cz83 (button) folded before Flop (didn't bet)
Seat 2: Mahu2021 (small blind) folded before Flop
Seat 3: TGVon (big blind) folded before Flop
Seat 4: pokking876 folded before Flop (didn't bet)
Seat 5: Xanderz24 folded before Flop
Seat 6: Nork756 collected ($0.55)



PokerStars Zoom Hand #254075415078:  Hold'em No Limit ($0.05/$0.10) - 2024/12/28 21:51:49 CET [2024/12/28 15:51:49 ET]
Table 'Aludra' 6-max Seat #1 is the button
Seat 1: JuanOrtuzar ($15.21 in chips) 
Seat 2: pokking876 ($29.20 in chips) 
Seat 3: NyanRetired ($17.38 in chips) 
Seat 4: Mahu2021 ($8.93 in chips) 
Seat 5: Boymack05 ($16.24 in chips) 
Seat 6: _ThormentoZ_ ($22.14 in chips) 
pokking876: posts small blind $0.05
NyanRetired: posts big blind $0.10
*** HOLE CARDS ***
Dealt to Mahu2021 [7s Th]
Mahu2021: folds 
Boymack05: raises $0.20 to $0.30
_ThormentoZ_: folds 
JuanOrtuzar: folds 
pokking876: folds 
NyanRetired: folds 
Uncalled bet ($0.20) returned to Boymack05
Boymack05 collected $0.25 from pot
Boymack05: doesn't show hand 
*** SUMMARY ***
Total pot $0.25 | Rake $0 
Seat 1: JuanOrtuzar (button) folded before Flop (didn't bet)
Seat 2: pokking876 (small blind) folded before Flop
Seat 3: NyanRetired (big blind) folded before Flop
Seat 4: Mahu2021 folded before Flop (didn't bet)
Seat 5: Boymack05 collected ($0.25)
Seat 6: _ThormentoZ_ folded before Flop (didn't bet)



PokerStars Zoom Hand #254075418054:  Hold'em No Limit ($0.05/$0.10) - 2024/12/28 21:51:58 CET [2024/12/28 15:51:58 ET]
Table 'Aludra' 6-max Seat #1 is the button
Seat 1: jwpwml ($10 in chips) 
Seat 2: lucasdorre ($11.99 in chips) 
Seat 3: Mahu2021 ($8.93 in chips) 
Seat 4: Alf11douze ($12.53 in chips) 
Seat 5: craigbissett ($10 in chips) 
Seat 6: Pr0Hooker ($10 in chips) 
lucasdorre: posts small blind $0.05
Mahu2021: posts big blind $0.10
*** HOLE CARDS ***
Dealt to Mahu2021 [9d 3d]
Alf11douze: raises $0.15 to $0.25
craigbissett: folds 
Pr0Hooker: folds 
jwpwml: folds 
lucasdorre: folds 
Mahu2021: folds 
Uncalled bet ($0.15) returned to Alf11douze
Alf11douze collected $0.25 from pot
Alf11douze: doesn't show hand 
*** SUMMARY ***
Total pot $0.25 | Rake $0 
Seat 1: jwpwml (button) folded before Flop (didn't bet)
Seat 2: lucasdorre (small blind) folded before Flop
Seat 3: Mahu2021 (big blind) folded before Flop
Seat 4: Alf11douze collected ($0.25)
Seat 5: craigbissett folded before Flop (didn't bet)
Seat 6: Pr0Hooker folded before Flop (didn't bet)



PokerStars Zoom Hand #254075420137:  Hold'em No Limit ($0.05/$0.10) - 2024/12/28 21:52:04 CET [2024/12/28 15:52:04 ET]
Table 'Aludra' 6-max Seat #1 is the button
Seat 1: Mahu2021 ($8.83 in chips) 
Seat 2: jookai ($10.15 in chips) 
Seat 3: Gal4krond ($10.15 in chips) 
Seat 4: 2sword4 ($10.39 in chips) 
Seat 5: Ton_Tizz ($10 in chips) 
Seat 6: Dbentleyy ($45.96 in chips) 
jookai: posts small blind $0.05
Gal4krond: posts big blind $0.10
*** HOLE CARDS ***
Dealt to Mahu2021 [3s Qd]
2sword4: folds 
Ton_Tizz: folds 
Dbentleyy: raises $0.12 to $0.22
Mahu2021: folds 
jookai: folds 
Gal4krond: folds 
Uncalled bet ($0.12) returned to Dbentleyy
Dbentleyy collected $0.25 from pot
Dbentleyy: doesn't show hand 
*** SUMMARY ***
Total pot $0.25 | Rake $0 
Seat 1: Mahu2021 (button) folded before Flop (didn't bet)
Seat 2: jookai (small blind) folded before Flop
Seat 3: Gal4krond (big blind) folded before Flop
Seat 4: 2sword4 folded before Flop (didn't bet)
Seat 5: Ton_Tizz folded before Flop (didn't bet)
Seat 6: Dbentleyy collected ($0.25)



PokerStars Zoom Hand #254075416796:  Hold'em No Limit ($0.05/$0.10) - 2024/12/28 21:51:54 CET [2024/12/28 15:51:54 ET]
Table 'Aludra' 6-max Seat #1 is the button
Seat 1: Doctor2D ($14.15 in chips) 
Seat 2: Isohani ($10.59 in chips) 
Seat 3: pokking876 ($29.15 in chips) 
Seat 4: Gal4krond ($10.30 in chips) 
Seat 5: Mahu2021 ($8.93 in chips) 
Seat 6: Mr_Plejer7x ($10.25 in chips) 
Isohani: posts small blind $0.05
pokking876: posts big blind $0.10
*** HOLE CARDS ***
Dealt to Mahu2021 [3c 5h]
Gal4krond: folds 
Mahu2021: folds 
Mr_Plejer7x: folds 
Doctor2D: folds 
Isohani: raises $0.20 to $0.30
pokking876: raises $0.60 to $0.90
Isohani: calls $0.60
*** FLOP *** [3d 7s 2d]
Isohani: checks 
pokking876: bets $0.86
Isohani: folds 
Uncalled bet ($0.86) returned to pokking876
pokking876 collected $1.72 from pot
pokking876: doesn't show hand 
*** SUMMARY ***
Total pot $1.80 | Rake $0.08 
Board [3d 7s 2d]
Seat 1: Doctor2D (button) folded before Flop (didn't bet)
Seat 2: Isohani (small blind) folded on the Flop
Seat 3: pokking876 (big blind) collected ($1.72)
Seat 4: Gal4krond folded before Flop (didn't bet)
Seat 5: Mahu2021 folded before Flop (didn't bet)
Seat 6: Mr_Plejer7x folded before Flop (didn't bet)



PokerStars Zoom Hand #254075421256:  Hold'em No Limit ($0.05/$0.10) - 2024/12/28 21:52:07 CET [2024/12/28 15:52:07 ET]
Table 'Aludra' 6-max Seat #1 is the button
Seat 1: gelik32 ($10 in chips) 
Seat 2: zogecmarogec ($4.54 in chips) 
Seat 3: Karina2707 ($32.49 in chips) 
Seat 4: Mahu2021 ($8.83 in chips) 
Seat 5: Pr0Hooker ($10 in chips) 
Seat 6: Sijith78 ($6.65 in chips) 
zogecmarogec: posts small blind $0.05
Karina2707: posts big blind $0.10
*** HOLE CARDS ***
Dealt to Mahu2021 [3h 9c]
Mahu2021: folds 
Pr0Hooker: folds 
Sijith78: calls $0.10
gelik32: folds 
zogecmarogec: folds 
Karina2707: checks 
*** FLOP *** [5s 6d 4c]
Karina2707: checks 
Sijith78: bets $0.24
Karina2707: folds 
Uncalled bet ($0.24) returned to Sijith78
Sijith78 collected $0.24 from pot
Sijith78: doesn't show hand 
*** SUMMARY ***
Total pot $0.25 | Rake $0.01 
Board [5s 6d 4c]
Seat 1: gelik32 (button) folded before Flop (didn't bet)
Seat 2: zogecmarogec (small blind) folded before Flop
Seat 3: Karina2707 (big blind) folded on the Flop
Seat 4: Mahu2021 folded before Flop (didn't bet)
Seat 5: Pr0Hooker folded before Flop (didn't bet)
Seat 6: Sijith78 collected ($0.24)



PokerStars Zoom Hand #254075423918:  Hold'em No Limit ($0.05/$0.10) - 2024/12/28 21:52:15 CET [2024/12/28 15:52:15 ET]
Table 'Aludra' 6-max Seat #1 is the button
Seat 1: Alf11douze ($12.68 in chips) 
Seat 2: Mahu2021 ($8.83 in chips) 
Seat 3: pokking876 ($12.96 in chips) 
Seat 4: Kluessi67 ($11.13 in chips) 
Seat 5: _ThormentoZ_ ($22.04 in chips) 
Seat 6: jwpwml ($10 in chips) 
Mahu2021: posts small blind $0.05
pokking876: posts big blind $0.10
*** HOLE CARDS ***
Dealt to Mahu2021 [4s Ac]
Kluessi67: raises $0.10 to $0.20
_ThormentoZ_: folds 
jwpwml: folds 
Alf11douze: folds 
Mahu2021: calls $0.15
pokking876: raises $0.60 to $0.80
Kluessi67: folds 
Mahu2021: folds 
Uncalled bet ($0.60) returned to pokking876
pokking876 collected $0.60 from pot
pokking876: doesn't show hand 
*** SUMMARY ***
Total pot $0.60 | Rake $0 
Seat 1: Alf11douze (button) folded before Flop (didn't bet)
Seat 2: Mahu2021 (small blind) folded before Flop
Seat 3: pokking876 (big blind) collected ($0.60)
Seat 4: Kluessi67 folded before Flop
Seat 5: _ThormentoZ_ folded before Flop (didn't bet)
Seat 6: jwpwml folded before Flop (didn't bet)



PokerStars Zoom Hand #254075422251:  Hold'em No Limit ($0.05/$0.10) - 2024/12/28 21:52:10 CET [2024/12/28 15:52:10 ET]
Table 'Aludra' 6-max Seat #1 is the button
Seat 1: Ton_Tizz ($10 in chips) 
Seat 2: liebhabär ($23.08 in chips) 
Seat 3: Doctor2D ($12.93 in chips) 
Seat 4: Pr0Hooker ($10 in chips) 
Seat 5: craigbissett ($10.28 in chips) 
Seat 6: Mahu2021 ($8.83 in chips) 
liebhabär: posts small blind $0.05
Doctor2D: posts big blind $0.10
*** HOLE CARDS ***
Dealt to Mahu2021 [Ah 2d]
Pr0Hooker: folds 
craigbissett: folds 
Mahu2021: folds 
Ton_Tizz: folds 
liebhabär: raises $0.20 to $0.30
Doctor2D: calls $0.20
*** FLOP *** [3s 5d 8c]
liebhabär: bets $0.29
Doctor2D: folds 
Uncalled bet ($0.29) returned to liebhabär
liebhabär collected $0.56 from pot
liebhabär: doesn't show hand 
*** SUMMARY ***
Total pot $0.60 | Rake $0.04 
Board [3s 5d 8c]
Seat 1: Ton_Tizz (button) folded before Flop (didn't bet)
Seat 2: liebhabär (small blind) collected ($0.56)
Seat 3: Doctor2D (big blind) folded on the Flop
Seat 4: Pr0Hooker folded before Flop (didn't bet)
Seat 5: craigbissett folded before Flop (didn't bet)
Seat 6: Mahu2021 folded before Flop (didn't bet)



PokerStars Zoom Hand #254075428931:  Hold'em No Limit ($0.05/$0.10) - 2024/12/28 21:52:31 CET [2024/12/28 15:52:31 ET]
Table 'Aludra' 6-max Seat #1 is the button
Seat 1: PSOLEEOS ($14.66 in chips) 
Seat 2: Boymack05 ($16.69 in chips) 
Seat 3: babiloniaxxx ($10 in chips) 
Seat 4: JuanOrtuzar ($10.46 in chips) 
Seat 5: vogiatzis97 ($11.74 in chips) 
Seat 6: Mahu2021 ($8.63 in chips) 
Boymack05: posts small blind $0.05
babiloniaxxx: posts big blind $0.10
*** HOLE CARDS ***
Dealt to Mahu2021 [Kd 9c]
JuanOrtuzar: folds 
vogiatzis97: folds 
Mahu2021: raises $0.20 to $0.30
PSOLEEOS: folds 
Boymack05: folds 
babiloniaxxx: folds 
Uncalled bet ($0.20) returned to Mahu2021
Mahu2021 collected $0.25 from pot
Mahu2021: doesn't show hand 
*** SUMMARY ***
Total pot $0.25 | Rake $0 
Seat 1: PSOLEEOS (button) folded before Flop (didn't bet)
Seat 2: Boymack05 (small blind) folded before Flop
Seat 3: babiloniaxxx (big blind) folded before Flop
Seat 4: JuanOrtuzar folded before Flop (didn't bet)
Seat 5: vogiatzis97 folded before Flop (didn't bet)
Seat 6: Mahu2021 collected ($0.25)



PokerStars Zoom Hand #254075435052:  Hold'em No Limit ($0.05/$0.10) - 2024/12/28 21:52:49 CET [2024/12/28 15:52:49 ET]
Table 'Aludra' 6-max Seat #1 is the button
Seat 1: lEternamente ($10.42 in chips) 
Seat 2: lucasdorre ($12.40 in chips) 
Seat 3: Mahu2021 ($8.78 in chips) 
Seat 4: __wcok69__ ($9.45 in chips) 
Seat 5: JYCKF ($10 in chips) 
Seat 6: spatza ($18.52 in chips) 
lucasdorre: posts small blind $0.05
Mahu2021: posts big blind $0.10
*** HOLE CARDS ***
Dealt to Mahu2021 [2s 6s]
__wcok69__: folds 
JYCKF: folds 
spatza: calls $0.10
lEternamente: folds 
lucasdorre: folds 
Mahu2021: checks 
*** FLOP *** [Kh Tc Qd]
Mahu2021: checks 
spatza: checks 
*** TURN *** [Kh Tc Qd] [3h]
Mahu2021: checks 
spatza: checks 
*** RIVER *** [Kh Tc Qd 3h] [5s]
Mahu2021: checks 
spatza: bets $0.24
Mahu2021: folds 
Uncalled bet ($0.24) returned to spatza
spatza collected $0.24 from pot
spatza: doesn't show hand 
*** SUMMARY ***
Total pot $0.25 | Rake $0.01 
Board [Kh Tc Qd 3h 5s]
Seat 1: lEternamente (button) folded before Flop (didn't bet)
Seat 2: lucasdorre (small blind) folded before Flop
Seat 3: Mahu2021 (big blind) folded on the River
Seat 4: __wcok69__ folded before Flop (didn't bet)
Seat 5: JYCKF folded before Flop (didn't bet)
Seat 6: spatza collected ($0.24)



PokerStars Zoom Hand #254075427793:  Hold'em No Limit ($0.05/$0.10) - 2024/12/28 21:52:27 CET [2024/12/28 15:52:27 ET]
Table 'Aludra' 6-max Seat #1 is the button
Seat 1: Jhanr ($9.82 in chips) 
Seat 2: chrisb2605 ($9.97 in chips) 
Seat 3: Alf11douze ($12.68 in chips) 
Seat 4: Mahu2021 ($8.63 in chips) 
Seat 5: Apollolol ($10.45 in chips) 
Seat 6: liebhabär ($10 in chips) 
chrisb2605: posts small blind $0.05
Alf11douze: posts big blind $0.10
*** HOLE CARDS ***
Dealt to Mahu2021 [5d 6s]
Mahu2021: folds 
Apollolol: raises $0.15 to $0.25
liebhabär: folds 
Jhanr: raises $0.65 to $0.90
chrisb2605: folds 
Alf11douze: folds 
Apollolol: calls $0.65
*** FLOP *** [4h Js 2c]
Apollolol: checks 
Jhanr: bets $0.61
Apollolol: folds 
Uncalled bet ($0.61) returned to Jhanr
Jhanr collected $1.86 from pot
Jhanr: doesn't show hand 
*** SUMMARY ***
Total pot $1.95 | Rake $0.09 
Board [4h Js 2c]
Seat 1: Jhanr (button) collected ($1.86)
Seat 2: chrisb2605 (small blind) folded before Flop
Seat 3: Alf11douze (big blind) folded before Flop
Seat 4: Mahu2021 folded before Flop (didn't bet)
Seat 5: Apollolol folded on the Flop
Seat 6: liebhabär folded before Flop (didn't bet)



PokerStars Zoom Hand #254075445225:  Hold'em No Limit ($0.05/$0.10) - 2024/12/28 21:53:19 CET [2024/12/28 15:53:19 ET]
Table 'Aludra' 6-max Seat #1 is the button
Seat 1: Mahu2021 ($8.68 in chips) 
Seat 2: liebhabär ($10 in chips) 
Seat 3: jookai ($10 in chips) 
Seat 4: aces882 ($34.07 in chips) 
Seat 5: Gioovanni_99 ($6.46 in chips) 
Seat 6: 1mAgiciAn3 ($8.80 in chips) 
liebhabär: posts small blind $0.05
jookai: posts big blind $0.10
*** HOLE CARDS ***
Dealt to Mahu2021 [8s 3h]
aces882: folds 
Gioovanni_99: folds 
1mAgiciAn3: folds 
Mahu2021: folds 
liebhabär: raises $0.20 to $0.30
jookai: folds 
Uncalled bet ($0.20) returned to liebhabär
liebhabär collected $0.20 from pot
liebhabär: doesn't show hand 
*** SUMMARY ***
Total pot $0.20 | Rake $0 
Seat 1: Mahu2021 (button) folded before Flop (didn't bet)
Seat 2: liebhabär (small blind) collected ($0.20)
Seat 3: jookai (big blind) folded before Flop
Seat 4: aces882 folded before Flop (didn't bet)
Seat 5: Gioovanni_99 folded before Flop (didn't bet)
Seat 6: 1mAgiciAn3 folded before Flop (didn't bet)



PokerStars Zoom Hand #254075446679:  Hold'em No Limit ($0.05/$0.10) - 2024/12/28 21:53:24 CET [2024/12/28 15:53:24 ET]
Table 'Aludra' 6-max Seat #1 is the button
Seat 1: Ton_Tizz ($13.08 in chips) 
Seat 2: Gioovanni_99 ($6.46 in chips) 
Seat 3: luizcknc ($10.05 in chips) 
Seat 4: essa143 ($14.78 in chips) 
Seat 5: Mahu2021 ($8.68 in chips) 
Seat 6: Magic Nic ($3.45 in chips) 
Gioovanni_99: posts small blind $0.05
luizcknc: posts big blind $0.10
*** HOLE CARDS ***
Dealt to Mahu2021 [Qh Tc]
essa143: folds 
Mahu2021: raises $0.20 to $0.30
Magic Nic: folds 
Ton_Tizz: calls $0.30
Gioovanni_99: folds 
luizcknc: folds 
*** FLOP *** [2c Kc Th]
Mahu2021: bets $0.30
Ton_Tizz: calls $0.30
*** TURN *** [2c Kc Th] [Ac]
Mahu2021: checks 
Ton_Tizz: checks 
*** RIVER *** [2c Kc Th Ac] [4d]
Mahu2021: checks 
Ton_Tizz: checks 
*** SHOW DOWN ***
Mahu2021: shows [Qh Tc] (a pair of Tens)
Ton_Tizz: mucks hand 
Mahu2021 collected $1.29 from pot
*** SUMMARY ***
Total pot $1.35 | Rake $0.06 
Board [2c Kc Th Ac 4d]
Seat 1: Ton_Tizz (button) mucked [Qc 8s]
Seat 2: Gioovanni_99 (small blind) folded before Flop
Seat 3: luizcknc (big blind) folded before Flop
Seat 4: essa143 folded before Flop (didn't bet)
Seat 5: Mahu2021 showed [Qh Tc] and won ($1.29) with a pair of Tens
Seat 6: Magic Nic folded before Flop (didn't bet)



