PokerStars Zoom Hand #254801133616:  Hold'em No Limit ($0.05/$0.10) - 2025/02/10 17:41:58 CET [2025/02/10 11:41:58 ET]
Table 'Aludra' 6-max Seat #1 is the button
Seat 1: TANEV78 ($21.13 in chips) 
Seat 2: WolcharaAP ($11.20 in chips) 
Seat 3: Mahu2021 ($10 in chips) 
Seat 4: vinaof ($4.41 in chips) 
Seat 5: Gregory.M23 ($10 in chips) 
Seat 6: THMN30 ($10 in chips) 
WolcharaAP: posts small blind $0.05
Mahu2021: posts big blind $0.10
*** HOLE CARDS ***
Dealt to Mahu2021 [Qs 8s]
vinaof: folds 
Gregory.M23: folds 
THMN30: folds 
TANEV78: folds 
WolcharaAP: raises $0.10 to $0.20
Mahu2021: calls $0.10
*** FLOP *** [3c 6s 5h]
WolcharaAP: bets $0.10
Mahu2021: calls $0.10
*** TURN *** [3c 6s 5h] [Ks]
WolcharaAP: bets $0.10
Mahu2021: calls $0.10
*** RIVER *** [3c 6s 5h Ks] [4h]
WolcharaAP: checks 
Mahu2021: bets $2.10
WolcharaAP: folds 
Uncalled bet ($2.10) returned to Mahu2021
Mahu2021 collected $0.76 from pot
Mahu2021: doesn't show hand 
*** SUMMARY ***
Total pot $0.80 | Rake $0.04 
Board [3c 6s 5h Ks 4h]
Seat 1: TANEV78 (button) folded before Flop (didn't bet)
Seat 2: WolcharaAP (small blind) folded on the River
Seat 3: Mahu2021 (big blind) collected ($0.76)
Seat 4: vinaof folded before Flop (didn't bet)
Seat 5: Gregory.M23 folded before Flop (didn't bet)
Seat 6: THMN30 folded before Flop (didn't bet)



PokerStars Zoom Hand #254801142310:  Hold'em No Limit ($0.05/$0.10) - 2025/02/10 17:42:35 CET [2025/02/10 11:42:35 ET]
Table 'Aludra' 6-max Seat #1 is the button
Seat 1: 00O-2Z ($22.67 in chips) 
Seat 2: Mahu2021 ($10.36 in chips) 
Seat 3: Mariotini tk ($10 in chips) 
Seat 4: prettika ($8.70 in chips) 
Seat 5: P1ntail ($10 in chips) 
Seat 6: Diede777 ($4.01 in chips) 
Mahu2021: posts small blind $0.05
Mariotini tk: posts big blind $0.10
*** HOLE CARDS ***
Dealt to Mahu2021 [Qd 5c]
prettika: folds 
P1ntail: folds 
Diede777: folds 
00O-2Z: raises $0.10 to $0.20
Mahu2021: folds 
Mariotini tk: folds 
Uncalled bet ($0.10) returned to 00O-2Z
00O-2Z collected $0.25 from pot
00O-2Z: doesn't show hand 
*** SUMMARY ***
Total pot $0.25 | Rake $0 
Seat 1: 00O-2Z (button) collected ($0.25)
Seat 2: Mahu2021 (small blind) folded before Flop
Seat 3: Mariotini tk (big blind) folded before Flop
Seat 4: prettika folded before Flop (didn't bet)
Seat 5: P1ntail folded before Flop (didn't bet)
Seat 6: Diede777 folded before Flop (didn't bet)



PokerStars Zoom Hand #254801146576:  Hold'em No Limit ($0.05/$0.10) - 2025/02/10 17:42:53 CET [2025/02/10 11:42:53 ET]
Table 'Aludra' 6-max Seat #1 is the button
Seat 1: Corz00 ($10.06 in chips) 
Seat 2: juan19872323 ($9.95 in chips) 
Seat 3: 5AAAKKK5 ($32.05 in chips) 
Seat 4: Joshuabustos12 ($11.72 in chips) 
Seat 5: Mahu2021 ($10.31 in chips) 
Seat 6: Gregory.M23 ($10 in chips) 
juan19872323: posts small blind $0.05
5AAAKKK5: posts big blind $0.10
*** HOLE CARDS ***
Dealt to Mahu2021 [Kh 7s]
Joshuabustos12: folds 
Mahu2021: folds 
Gregory.M23: folds 
Corz00: folds 
juan19872323: folds 
Uncalled bet ($0.05) returned to 5AAAKKK5
5AAAKKK5 collected $0.10 from pot
5AAAKKK5: doesn't show hand 
*** SUMMARY ***
Total pot $0.10 | Rake $0 
Seat 1: Corz00 (button) folded before Flop (didn't bet)
Seat 2: juan19872323 (small blind) folded before Flop
Seat 3: 5AAAKKK5 (big blind) collected ($0.10)
Seat 4: Joshuabustos12 folded before Flop (didn't bet)
Seat 5: Mahu2021 folded before Flop (didn't bet)
Seat 6: Gregory.M23 folded before Flop (didn't bet)



PokerStars Zoom Hand #254801145688:  Hold'em No Limit ($0.05/$0.10) - 2025/02/10 17:42:49 CET [2025/02/10 11:42:49 ET]
Table 'Aludra' 6-max Seat #1 is the button
Seat 1: rk_ito7 ($15.44 in chips) 
Seat 2: hattington ($11.35 in chips) 
Seat 3: skc784 ($19.01 in chips) 
Seat 4: Jhonmax83 ($7.88 in chips) 
Seat 5: Corz00 ($10.06 in chips) 
Seat 6: Mahu2021 ($10.31 in chips) 
hattington: posts small blind $0.05
skc784: posts big blind $0.10
*** HOLE CARDS ***
Dealt to Mahu2021 [Tc 5s]
Jhonmax83: folds 
Corz00: folds 
Mahu2021: folds 
rk_ito7: folds 
hattington: raises $0.10 to $0.20
skc784: folds 
Uncalled bet ($0.10) returned to hattington
hattington collected $0.20 from pot
hattington: doesn't show hand 
*** SUMMARY ***
Total pot $0.20 | Rake $0 
Seat 1: rk_ito7 (button) folded before Flop (didn't bet)
Seat 2: hattington (small blind) collected ($0.20)
Seat 3: skc784 (big blind) folded before Flop
Seat 4: Jhonmax83 folded before Flop (didn't bet)
Seat 5: Corz00 folded before Flop (didn't bet)
Seat 6: Mahu2021 folded before Flop (didn't bet)



PokerStars Zoom Hand #254801147461:  Hold'em No Limit ($0.05/$0.10) - 2025/02/10 17:42:57 CET [2025/02/10 11:42:57 ET]
Table 'Aludra' 6-max Seat #1 is the button
Seat 1: iceballantyne ($21.55 in chips) 
Seat 2: Mahu2021 ($10.31 in chips) 
Seat 3: TANEV78 ($13.05 in chips) 
Seat 4: Pesulle ($31.17 in chips) 
Seat 5: alanis.g888 ($9.55 in chips) 
Seat 6: rGiosa ($13.93 in chips) 
Mahu2021: posts small blind $0.05
TANEV78: posts big blind $0.10
*** HOLE CARDS ***
Dealt to Mahu2021 [4h 5s]
Pesulle: folds 
alanis.g888: raises $0.20 to $0.30
rGiosa: folds 
iceballantyne: folds 
Mahu2021: folds 
TANEV78: folds 
Uncalled bet ($0.20) returned to alanis.g888
alanis.g888 collected $0.25 from pot
alanis.g888: doesn't show hand 
*** SUMMARY ***
Total pot $0.25 | Rake $0 
Seat 1: iceballantyne (button) folded before Flop (didn't bet)
Seat 2: Mahu2021 (small blind) folded before Flop
Seat 3: TANEV78 (big blind) folded before Flop
Seat 4: Pesulle folded before Flop (didn't bet)
Seat 5: alanis.g888 collected ($0.25)
Seat 6: rGiosa folded before Flop (didn't bet)



PokerStars Zoom Hand #254801143265:  Hold'em No Limit ($0.05/$0.10) - 2025/02/10 17:42:39 CET [2025/02/10 11:42:39 ET]
Table 'Aludra' 6-max Seat #1 is the button
Seat 1: Mahu2021 ($10.31 in chips) 
Seat 2: TANEV78 ($22.27 in chips) 
Seat 3: HERO777907 ($26.70 in chips) 
Seat 4: 5AAAKKK5 ($32.30 in chips) 
Seat 5: LasGrandes ($11.10 in chips) 
Seat 6: 1jims2 ($16.24 in chips) 
TANEV78: posts small blind $0.05
HERO777907: posts big blind $0.10
*** HOLE CARDS ***
Dealt to Mahu2021 [6c 7c]
5AAAKKK5: raises $0.15 to $0.25
LasGrandes: raises $0.65 to $0.90
1jims2: calls $0.90
Mahu2021: folds 
TANEV78: folds 
HERO777907: folds 
5AAAKKK5: folds 
*** FLOP *** [8s Ah 3s]
LasGrandes: checks 
1jims2: checks 
*** TURN *** [8s Ah 3s] [Qc]
LasGrandes: checks 
1jims2: checks 
*** RIVER *** [8s Ah 3s Qc] [Ad]
LasGrandes: bets $1.30
1jims2: folds 
Uncalled bet ($1.30) returned to LasGrandes
LasGrandes collected $2.10 from pot
LasGrandes: doesn't show hand 
*** SUMMARY ***
Total pot $2.20 | Rake $0.10 
Board [8s Ah 3s Qc Ad]
Seat 1: Mahu2021 (button) folded before Flop (didn't bet)
Seat 2: TANEV78 (small blind) folded before Flop
Seat 3: HERO777907 (big blind) folded before Flop
Seat 4: 5AAAKKK5 folded before Flop
Seat 5: LasGrandes collected ($2.10)
Seat 6: 1jims2 folded on the River



PokerStars Zoom Hand #254801148473:  Hold'em No Limit ($0.05/$0.10) - 2025/02/10 17:43:01 CET [2025/02/10 11:43:01 ET]
Table 'Aludra' 6-max Seat #1 is the button
Seat 1: lukzinn11 ($37.82 in chips) 
Seat 2: vuotee ($12.63 in chips) 
Seat 3: Mahu2021 ($10.26 in chips) 
Seat 4: hiding.by ($10.67 in chips) 
Seat 5: metel-sky ($7.21 in chips) 
Seat 6: Warible ($23.46 in chips) 
vuotee: posts small blind $0.05
Mahu2021: posts big blind $0.10
*** HOLE CARDS ***
Dealt to Mahu2021 [4s Ks]
hiding.by: folds 
metel-sky: raises $0.20 to $0.30
Warible: folds 
lukzinn11: raises $0.60 to $0.90
vuotee: folds 
Mahu2021: folds 
metel-sky: calls $0.60
*** FLOP *** [7d 3s 2h]
metel-sky: checks 
lukzinn11: checks 
*** TURN *** [7d 3s 2h] [As]
metel-sky: checks 
lukzinn11: checks 
*** RIVER *** [7d 3s 2h As] [5c]
metel-sky: checks 
lukzinn11: bets $1.23
metel-sky: folds 
Uncalled bet ($1.23) returned to lukzinn11
lukzinn11 collected $1.86 from pot
lukzinn11: doesn't show hand 
*** SUMMARY ***
Total pot $1.95 | Rake $0.09 
Board [7d 3s 2h As 5c]
Seat 1: lukzinn11 (button) collected ($1.86)
Seat 2: vuotee (small blind) folded before Flop
Seat 3: Mahu2021 (big blind) folded before Flop
Seat 4: hiding.by folded before Flop (didn't bet)
Seat 5: metel-sky folded on the River
Seat 6: Warible folded before Flop (didn't bet)



PokerStars Zoom Hand #254801151518:  Hold'em No Limit ($0.05/$0.10) - 2025/02/10 17:43:15 CET [2025/02/10 11:43:15 ET]
Table 'Aludra' 6-max Seat #1 is the button
Seat 1: Mahu2021 ($10.16 in chips) 
Seat 2: HERO777907 ($16.31 in chips) 
Seat 3: DanC996 ($11.48 in chips) 
Seat 4: skc784 ($17.94 in chips) 
Seat 5: kiks220272 ($27.55 in chips) 
Seat 6: traian1947 ($17.65 in chips) 
HERO777907: posts small blind $0.05
DanC996: posts big blind $0.10
*** HOLE CARDS ***
Dealt to Mahu2021 [6d 6h]
skc784: folds 
kiks220272: raises $0.10 to $0.20
traian1947: calls $0.20
Mahu2021: calls $0.20
HERO777907: folds 
DanC996: calls $0.10
*** FLOP *** [8s Ah 9s]
DanC996: checks 
kiks220272: bets $0.41
traian1947: folds 
Mahu2021: folds 
DanC996: calls $0.41
*** TURN *** [8s Ah 9s] [Jc]
DanC996: checks 
kiks220272: bets $0.95
DanC996: calls $0.95
*** RIVER *** [8s Ah 9s Jc] [7d]
DanC996: checks 
kiks220272: checks 
*** SHOW DOWN ***
DanC996: shows [Qd 9c] (a pair of Nines)
kiks220272: shows [Kh As] (a pair of Aces)
kiks220272 collected $3.41 from pot
*** SUMMARY ***
Total pot $3.57 | Rake $0.16 
Board [8s Ah 9s Jc 7d]
Seat 1: Mahu2021 (button) folded on the Flop
Seat 2: HERO777907 (small blind) folded before Flop
Seat 3: DanC996 (big blind) showed [Qd 9c] and lost with a pair of Nines
Seat 4: skc784 folded before Flop (didn't bet)
Seat 5: kiks220272 showed [Kh As] and won ($3.41) with a pair of Aces
Seat 6: traian1947 folded on the Flop



PokerStars Zoom Hand #254801157373:  Hold'em No Limit ($0.05/$0.10) - 2025/02/10 17:43:39 CET [2025/02/10 11:43:39 ET]
Table 'Aludra' 6-max Seat #1 is the button
Seat 1: 1234frey ($10.27 in chips) 
Seat 2: suikaa ($11.44 in chips) 
Seat 3: enankova ($10.54 in chips) 
Seat 4: P1ntail ($10.56 in chips) 
Seat 5: HERO777907 ($26.78 in chips) 
Seat 6: Mahu2021 ($9.96 in chips) 
suikaa: posts small blind $0.05
enankova: posts big blind $0.10
*** HOLE CARDS ***
Dealt to Mahu2021 [8c Jc]
P1ntail: folds 
HERO777907: folds 
Mahu2021: raises $0.14 to $0.24
1234frey: calls $0.24
suikaa: folds 
enankova: calls $0.14
*** FLOP *** [9h Qh 3d]
enankova: checks 
Mahu2021: checks 
1234frey: checks 
*** TURN *** [9h Qh 3d] [4d]
enankova: checks 
Mahu2021: checks 
1234frey: checks 
*** RIVER *** [9h Qh 3d 4d] [Kc]
enankova: checks 
Mahu2021: checks 
1234frey: checks 
*** SHOW DOWN ***
enankova: shows [Ah 4h] (a pair of Fours)
Mahu2021: mucks hand 
1234frey: mucks hand 
enankova collected $0.74 from pot
*** SUMMARY ***
Total pot $0.77 | Rake $0.03 
Board [9h Qh 3d 4d Kc]
Seat 1: 1234frey (button) mucked [3s As]
Seat 2: suikaa (small blind) folded before Flop
Seat 3: enankova (big blind) showed [Ah 4h] and won ($0.74) with a pair of Fours
Seat 4: P1ntail folded before Flop (didn't bet)
Seat 5: HERO777907 folded before Flop (didn't bet)
Seat 6: Mahu2021 mucked [8c Jc]



PokerStars Zoom Hand #254801170134:  Hold'em No Limit ($0.05/$0.10) - 2025/02/10 17:44:34 CET [2025/02/10 11:44:34 ET]
Table 'Aludra' 6-max Seat #1 is the button
Seat 1: Jhonmax83 ($7.43 in chips) 
Seat 2: HERO777907 ($26.83 in chips) 
Seat 3: DanC996 ($10 in chips) 
Seat 4: Mahu2021 ($9.72 in chips) 
Seat 5: gimmiurstack ($11.99 in chips) 
Seat 6: wattssc ($11.36 in chips) 
HERO777907: posts small blind $0.05
DanC996: posts big blind $0.10
*** HOLE CARDS ***
Dealt to Mahu2021 [Kh 9c]
Mahu2021: folds 
gimmiurstack: folds 
wattssc: folds 
Jhonmax83: folds 
HERO777907: folds 
Uncalled bet ($0.05) returned to DanC996
DanC996 collected $0.10 from pot
DanC996: doesn't show hand 
*** SUMMARY ***
Total pot $0.10 | Rake $0 
Seat 1: Jhonmax83 (button) folded before Flop (didn't bet)
Seat 2: HERO777907 (small blind) folded before Flop
Seat 3: DanC996 (big blind) collected ($0.10)
Seat 4: Mahu2021 folded before Flop (didn't bet)
Seat 5: gimmiurstack folded before Flop (didn't bet)
Seat 6: wattssc folded before Flop (didn't bet)



PokerStars Zoom Hand #254801168930:  Hold'em No Limit ($0.05/$0.10) - 2025/02/10 17:44:29 CET [2025/02/10 11:44:29 ET]
Table 'Aludra' 6-max Seat #1 is the button
Seat 1: Gregory.M23 ($10.10 in chips) 
Seat 2: superMike233 ($18.49 in chips) 
Seat 3: skc784 ($17.79 in chips) 
Seat 4: iceballantyne ($10 in chips) 
Seat 5: Mahu2021 ($9.72 in chips) 
Seat 6: Warible ($22.50 in chips) 
superMike233: posts small blind $0.05
skc784: posts big blind $0.10
*** HOLE CARDS ***
Dealt to Mahu2021 [Ad 9c]
iceballantyne: folds 
Mahu2021: folds 
Warible: folds 
Gregory.M23: raises $0.15 to $0.25
superMike233: folds 
skc784: folds 
Uncalled bet ($0.15) returned to Gregory.M23
Gregory.M23 collected $0.25 from pot
Gregory.M23: doesn't show hand 
*** SUMMARY ***
Total pot $0.25 | Rake $0 
Seat 1: Gregory.M23 (button) collected ($0.25)
Seat 2: superMike233 (small blind) folded before Flop
Seat 3: skc784 (big blind) folded before Flop
Seat 4: iceballantyne folded before Flop (didn't bet)
Seat 5: Mahu2021 folded before Flop (didn't bet)
Seat 6: Warible folded before Flop (didn't bet)



PokerStars Zoom Hand #254801170955:  Hold'em No Limit ($0.05/$0.10) - 2025/02/10 17:44:37 CET [2025/02/10 11:44:37 ET]
Table 'Aludra' 6-max Seat #1 is the button
Seat 1: WolcharaAP ($10.60 in chips) 
Seat 2: SwishTiroCerto ($2.79 in chips) 
Seat 3: Mahu2021 ($9.72 in chips) 
Seat 4: enankova ($18.95 in chips) 
Seat 5: khz71 ($11.08 in chips) 
Seat 6: iceballantyne ($10.35 in chips) 
SwishTiroCerto: posts small blind $0.05
Mahu2021: posts big blind $0.10
*** HOLE CARDS ***
Dealt to Mahu2021 [Qh Td]
enankova: folds 
khz71: folds 
iceballantyne: raises $0.15 to $0.25
WolcharaAP: folds 
SwishTiroCerto: folds 
Mahu2021: calls $0.15
*** FLOP *** [Ks 7d 2c]
Mahu2021: checks 
iceballantyne: bets $0.17
Mahu2021: raises $0.43 to $0.60
iceballantyne: calls $0.43
*** TURN *** [Ks 7d 2c] [Jh]
Mahu2021: bets $1.67
iceballantyne: calls $1.67
*** RIVER *** [Ks 7d 2c Jh] [5d]
Mahu2021: bets $7.20 and is all-in
iceballantyne: calls $7.20
*** SHOW DOWN ***
Mahu2021: shows [Qh Td] (high card King)
iceballantyne: shows [Kh Jd] (two pair, Kings and Jacks)
iceballantyne collected $18.61 from pot
*** SUMMARY ***
Total pot $19.49 | Rake $0.88 
Board [Ks 7d 2c Jh 5d]
Seat 1: WolcharaAP (button) folded before Flop (didn't bet)
Seat 2: SwishTiroCerto (small blind) folded before Flop
Seat 3: Mahu2021 (big blind) showed [Qh Td] and lost with high card King
Seat 4: enankova folded before Flop (didn't bet)
Seat 5: khz71 folded before Flop (didn't bet)
Seat 6: iceballantyne showed [Kh Jd] and won ($18.61) with two pair, Kings and Jacks



