PokerStars Hand #243223930777: Tournament #3580548660, $0.92+$0.08 USD Hold'em No Limit - Level I (10/20) - 2023/04/21 12:05:19 CET [2023/04/21 6:05:19 ET]
Table '3580548660 1' 3-max Seat #1 is the button
Seat 1: VäikePäike (500 in chips) 
Seat 2: Sossela (500 in chips) 
Seat 3: Mahu2021 (500 in chips) 
Sossela: posts small blind 10
Mahu2021: posts big blind 20
*** HOLE CARDS ***
Dealt to Mahu2021 [5h 5c]
VäikePäike: folds 
Sossela: raises 20 to 40
Mahu2021: raises 460 to 500 and is all-in
Sossela: calls 460 and is all-in
*** FLOP *** [Jd 2s Kc]
*** TURN *** [Jd 2s Kc] [Jh]
*** RIVER *** [Jd 2s Kc Jh] [Qh]
*** SHOW DOWN ***
Sossela: shows [As 9h] (a pair of Jacks)
Mahu2021: shows [5h 5c] (two pair, Jacks and Fives)
Mahu2021 collected 1000 from pot
Sossela finished the tournament in 3rd place
*** SUMMARY ***
Total pot 1000 | Rake 0 
Board [Jd 2s Kc Jh Qh]
Seat 1: VäikePäike (button) folded before Flop (didn't bet)
Seat 2: Sossela (small blind) showed [As 9h] and lost with a pair of Jacks
Seat 3: Mahu2021 (big blind) showed [5h 5c] and won (1000) with two pair, Jacks and Fives



PokerStars Hand #243223933574: Tournament #3580548660, $0.92+$0.08 USD Hold'em No Limit - Level I (10/20) - 2023/04/21 12:05:38 CET [2023/04/21 6:05:38 ET]
Table '3580548660 1' 3-max Seat #3 is the button
Seat 1: VäikePäike (500 in chips) 
Seat 3: Mahu2021 (1000 in chips) 
Mahu2021: posts small blind 10
VäikePäike: posts big blind 20
*** HOLE CARDS ***
Dealt to Mahu2021 [Js 2s]
Mahu2021: calls 10
VäikePäike: checks 
*** FLOP *** [7s 5d 6d]
VäikePäike: checks 
Mahu2021: bets 20
VäikePäike: calls 20
*** TURN *** [7s 5d 6d] [3c]
VäikePäike: checks 
Mahu2021: checks 
*** RIVER *** [7s 5d 6d 3c] [9c]
VäikePäike: checks 
Mahu2021: checks 
*** SHOW DOWN ***
VäikePäike: shows [5h Jc] (a pair of Fives)
Mahu2021: mucks hand 
VäikePäike collected 80 from pot
*** SUMMARY ***
Total pot 80 | Rake 0 
Board [7s 5d 6d 3c 9c]
Seat 1: VäikePäike (big blind) showed [5h Jc] and won (80) with a pair of Fives
Seat 3: Mahu2021 (button) (small blind) mucked [Js 2s]



PokerStars Hand #243223935955: Tournament #3580548660, $0.92+$0.08 USD Hold'em No Limit - Level I (10/20) - 2023/04/21 12:05:54 CET [2023/04/21 6:05:54 ET]
Table '3580548660 1' 3-max Seat #1 is the button
Seat 1: VäikePäike (540 in chips) 
Seat 3: Mahu2021 (960 in chips) 
VäikePäike: posts small blind 10
Mahu2021: posts big blind 20
*** HOLE CARDS ***
Dealt to Mahu2021 [6d 3c]
VäikePäike: calls 10
Mahu2021: checks 
*** FLOP *** [Td Kc 4d]
Mahu2021: checks 
VäikePäike: checks 
*** TURN *** [Td Kc 4d] [9c]
Mahu2021: checks 
VäikePäike: checks 
*** RIVER *** [Td Kc 4d 9c] [Jc]
Mahu2021: checks 
VäikePäike: checks 
*** SHOW DOWN ***
Mahu2021: shows [6d 3c] (high card King)
VäikePäike: shows [4s As] (a pair of Fours)
VäikePäike collected 40 from pot
*** SUMMARY ***
Total pot 40 | Rake 0 
Board [Td Kc 4d 9c Jc]
Seat 1: VäikePäike (button) (small blind) showed [4s As] and won (40) with a pair of Fours
Seat 3: Mahu2021 (big blind) showed [6d 3c] and lost with high card King



PokerStars Hand #243223938501: Tournament #3580548660, $0.92+$0.08 USD Hold'em No Limit - Level I (10/20) - 2023/04/21 12:06:12 CET [2023/04/21 6:06:12 ET]
Table '3580548660 1' 3-max Seat #3 is the button
Seat 1: VäikePäike (560 in chips) 
Seat 3: Mahu2021 (940 in chips) 
Mahu2021: posts small blind 10
VäikePäike: posts big blind 20
*** HOLE CARDS ***
Dealt to Mahu2021 [6h 8s]
Mahu2021: calls 10
VäikePäike: checks 
*** FLOP *** [4s Qc Ks]
VäikePäike: checks 
Mahu2021: bets 20
VäikePäike: folds 
Uncalled bet (20) returned to Mahu2021
Mahu2021 collected 40 from pot
Mahu2021: doesn't show hand 
*** SUMMARY ***
Total pot 40 | Rake 0 
Board [4s Qc Ks]
Seat 1: VäikePäike (big blind) folded on the Flop
Seat 3: Mahu2021 (button) (small blind) collected (40)



PokerStars Hand #243223940062: Tournament #3580548660, $0.92+$0.08 USD Hold'em No Limit - Level I (10/20) - 2023/04/21 12:06:22 CET [2023/04/21 6:06:22 ET]
Table '3580548660 1' 3-max Seat #1 is the button
Seat 1: VäikePäike (540 in chips) 
Seat 3: Mahu2021 (960 in chips) 
VäikePäike: posts small blind 10
Mahu2021: posts big blind 20
*** HOLE CARDS ***
Dealt to Mahu2021 [As Kc]
VäikePäike: folds 
Uncalled bet (10) returned to Mahu2021
Mahu2021 collected 20 from pot
Mahu2021: doesn't show hand 
*** SUMMARY ***
Total pot 20 | Rake 0 
Seat 1: VäikePäike (button) (small blind) folded before Flop
Seat 3: Mahu2021 (big blind) collected (20)



PokerStars Hand #243223940698: Tournament #3580548660, $0.92+$0.08 USD Hold'em No Limit - Level I (10/20) - 2023/04/21 12:06:27 CET [2023/04/21 6:06:27 ET]
Table '3580548660 1' 3-max Seat #3 is the button
Seat 1: VäikePäike (530 in chips) 
Seat 3: Mahu2021 (970 in chips) 
Mahu2021: posts small blind 10
VäikePäike: posts big blind 20
*** HOLE CARDS ***
Dealt to Mahu2021 [Ts 6h]
Mahu2021: calls 10
VäikePäike: checks 
*** FLOP *** [Ah 7h 6d]
VäikePäike: checks 
Mahu2021: bets 20
VäikePäike: calls 20
*** TURN *** [Ah 7h 6d] [4d]
VäikePäike: checks 
Mahu2021: checks 
*** RIVER *** [Ah 7h 6d 4d] [Jh]
VäikePäike: bets 80
Mahu2021: folds 
Uncalled bet (80) returned to VäikePäike
VäikePäike collected 80 from pot
*** SUMMARY ***
Total pot 80 | Rake 0 
Board [Ah 7h 6d 4d Jh]
Seat 1: VäikePäike (big blind) collected (80)
Seat 3: Mahu2021 (button) (small blind) folded on the River



PokerStars Hand #243223943238: Tournament #3580548660, $0.92+$0.08 USD Hold'em No Limit - Level I (10/20) - 2023/04/21 12:06:44 CET [2023/04/21 6:06:44 ET]
Table '3580548660 1' 3-max Seat #1 is the button
Seat 1: VäikePäike (570 in chips) 
Seat 3: Mahu2021 (930 in chips) 
VäikePäike: posts small blind 10
Mahu2021: posts big blind 20
*** HOLE CARDS ***
Dealt to Mahu2021 [Ts 2d]
VäikePäike: calls 10
Mahu2021: checks 
*** FLOP *** [Js 2s Qs]
Mahu2021: bets 20
VäikePäike: calls 20
*** TURN *** [Js 2s Qs] [As]
Mahu2021: bets 20
VäikePäike: calls 20
*** RIVER *** [Js 2s Qs As] [Td]
Mahu2021: bets 20
VäikePäike: calls 20
*** SHOW DOWN ***
Mahu2021: shows [Ts 2d] (a flush, Ace high)
VäikePäike: mucks hand 
Mahu2021 collected 160 from pot
*** SUMMARY ***
Total pot 160 | Rake 0 
Board [Js 2s Qs As Td]
Seat 1: VäikePäike (button) (small blind) mucked [6s 5s]
Seat 3: Mahu2021 (big blind) showed [Ts 2d] and won (160) with a flush, Ace high



PokerStars Hand #243223945729: Tournament #3580548660, $0.92+$0.08 USD Hold'em No Limit - Level I (10/20) - 2023/04/21 12:07:00 CET [2023/04/21 6:07:00 ET]
Table '3580548660 1' 3-max Seat #3 is the button
Seat 1: VäikePäike (490 in chips) 
Seat 3: Mahu2021 (1010 in chips) 
Mahu2021: posts small blind 10
VäikePäike: posts big blind 20
*** HOLE CARDS ***
Dealt to Mahu2021 [2d 7c]
Mahu2021: folds 
Uncalled bet (10) returned to VäikePäike
VäikePäike collected 20 from pot
*** SUMMARY ***
Total pot 20 | Rake 0 
Seat 1: VäikePäike (big blind) collected (20)
Seat 3: Mahu2021 (button) (small blind) folded before Flop



PokerStars Hand #243223946405: Tournament #3580548660, $0.92+$0.08 USD Hold'em No Limit - Level I (10/20) - 2023/04/21 12:07:05 CET [2023/04/21 6:07:05 ET]
Table '3580548660 1' 3-max Seat #1 is the button
Seat 1: VäikePäike (500 in chips) 
Seat 3: Mahu2021 (1000 in chips) 
VäikePäike: posts small blind 10
Mahu2021: posts big blind 20
*** HOLE CARDS ***
Dealt to Mahu2021 [Ah 4c]
VäikePäike: calls 10
Mahu2021: raises 40 to 60
VäikePäike: calls 40
*** FLOP *** [8c 6d Js]
Mahu2021: bets 60
VäikePäike: calls 60
*** TURN *** [8c 6d Js] [Jd]
Mahu2021: checks 
VäikePäike: checks 
*** RIVER *** [8c 6d Js Jd] [Ac]
Mahu2021: bets 240
VäikePäike: folds 
Uncalled bet (240) returned to Mahu2021
Mahu2021 collected 240 from pot
Mahu2021: doesn't show hand 
*** SUMMARY ***
Total pot 240 | Rake 0 
Board [8c 6d Js Jd Ac]
Seat 1: VäikePäike (button) (small blind) folded on the River
Seat 3: Mahu2021 (big blind) collected (240)



PokerStars Hand #243223949533: Tournament #3580548660, $0.92+$0.08 USD Hold'em No Limit - Level II (15/30) - 2023/04/21 12:07:26 CET [2023/04/21 6:07:26 ET]
Table '3580548660 1' 3-max Seat #3 is the button
Seat 1: VäikePäike (380 in chips) 
Seat 3: Mahu2021 (1120 in chips) 
Mahu2021: posts small blind 15
VäikePäike: posts big blind 30
*** HOLE CARDS ***
Dealt to Mahu2021 [Ad 6h]
Mahu2021: raises 60 to 90
VäikePäike: raises 290 to 380 and is all-in
Mahu2021: calls 290
*** FLOP *** [9h Jh 2h]
*** TURN *** [9h Jh 2h] [5c]
*** RIVER *** [9h Jh 2h 5c] [8s]
*** SHOW DOWN ***
VäikePäike: shows [Ac 2c] (a pair of Deuces)
Mahu2021: shows [Ad 6h] (high card Ace)
VäikePäike collected 760 from pot
*** SUMMARY ***
Total pot 760 | Rake 0 
Board [9h Jh 2h 5c 8s]
Seat 1: VäikePäike (big blind) showed [Ac 2c] and won (760) with a pair of Deuces
Seat 3: Mahu2021 (button) (small blind) showed [Ad 6h] and lost with high card Ace



PokerStars Hand #243223951713: Tournament #3580548660, $0.92+$0.08 USD Hold'em No Limit - Level II (15/30) - 2023/04/21 12:07:41 CET [2023/04/21 6:07:41 ET]
Table '3580548660 1' 3-max Seat #1 is the button
Seat 1: VäikePäike (760 in chips) 
Seat 3: Mahu2021 (740 in chips) 
VäikePäike: posts small blind 15
Mahu2021: posts big blind 30
*** HOLE CARDS ***
Dealt to Mahu2021 [3h 5d]
VäikePäike: folds 
Uncalled bet (15) returned to Mahu2021
Mahu2021 collected 30 from pot
Mahu2021: doesn't show hand 
*** SUMMARY ***
Total pot 30 | Rake 0 
Seat 1: VäikePäike (button) (small blind) folded before Flop
Seat 3: Mahu2021 (big blind) collected (30)



PokerStars Hand #243223952368: Tournament #3580548660, $0.92+$0.08 USD Hold'em No Limit - Level II (15/30) - 2023/04/21 12:07:46 CET [2023/04/21 6:07:46 ET]
Table '3580548660 1' 3-max Seat #3 is the button
Seat 1: VäikePäike (745 in chips) 
Seat 3: Mahu2021 (755 in chips) 
Mahu2021: posts small blind 15
VäikePäike: posts big blind 30
*** HOLE CARDS ***
Dealt to Mahu2021 [6h 3c]
Mahu2021: folds 
Uncalled bet (15) returned to VäikePäike
VäikePäike collected 30 from pot
*** SUMMARY ***
Total pot 30 | Rake 0 
Seat 1: VäikePäike (big blind) collected (30)
Seat 3: Mahu2021 (button) (small blind) folded before Flop



PokerStars Hand #243223953060: Tournament #3580548660, $0.92+$0.08 USD Hold'em No Limit - Level II (15/30) - 2023/04/21 12:07:50 CET [2023/04/21 6:07:50 ET]
Table '3580548660 1' 3-max Seat #1 is the button
Seat 1: VäikePäike (760 in chips) 
Seat 3: Mahu2021 (740 in chips) 
VäikePäike: posts small blind 15
Mahu2021: posts big blind 30
*** HOLE CARDS ***
Dealt to Mahu2021 [9c Ts]
VäikePäike: calls 15
Mahu2021: checks 
*** FLOP *** [Td 9s 6h]
Mahu2021: bets 60
VäikePäike: calls 60
*** TURN *** [Td 9s 6h] [Qd]
Mahu2021: bets 180
VäikePäike: calls 180
*** RIVER *** [Td 9s 6h Qd] [8c]
Mahu2021: bets 470 and is all-in
VäikePäike: calls 470
*** SHOW DOWN ***
Mahu2021: shows [9c Ts] (two pair, Tens and Nines)
VäikePäike: shows [Js 7h] (a straight, Eight to Queen)
VäikePäike collected 1480 from pot
Mahu2021 finished the tournament in 2nd place
VäikePäike wins the tournament and receives $2.00 - congratulations!
*** SUMMARY ***
Total pot 1480 | Rake 0 
Board [Td 9s 6h Qd 8c]
Seat 1: VäikePäike (button) (small blind) showed [Js 7h] and won (1480) with a straight, Eight to Queen
Seat 3: Mahu2021 (big blind) showed [9c Ts] and lost with two pair, Tens and Nines



