PokerStars Hand #243264915166: Tournament #3581488605, $0.92+$0.08 USD Hold'em No Limit - Level I (10/20) - 2023/04/23 12:09:44 CET [2023/04/23 6:09:44 ET]
Table '3581488605 1' 3-max Seat #1 is the button
Seat 1: Mahu2021 (500 in chips) 
Seat 2: $0REN D. (500 in chips) 
Seat 3: gr8baba (500 in chips) 
$0REN D.: posts small blind 10
gr8baba: posts big blind 20
*** HOLE CARDS ***
Dealt to Mahu2021 [Td 4s]
Mahu2021: folds 
$0REN D.: calls 10
gr8baba: checks 
*** FLOP *** [Js 8s 4c]
$0REN D.: checks 
gr8baba: bets 480 and is all-in
$0REN D.: folds 
Uncalled bet (480) returned to gr8baba
gr8baba collected 40 from pot
*** SUMMARY ***
Total pot 40 | Rake 0 
Board [Js 8s 4c]
Seat 1: Mahu2021 (button) folded before Flop (didn't bet)
Seat 2: $0REN D. (small blind) folded on the Flop
Seat 3: gr8baba (big blind) collected (40)



PokerStars Hand #243264920264: Tournament #3581488605, $0.92+$0.08 USD Hold'em No Limit - Level I (10/20) - 2023/04/23 12:10:17 CET [2023/04/23 6:10:17 ET]
Table '3581488605 1' 3-max Seat #2 is the button
Seat 1: Mahu2021 (500 in chips) 
Seat 2: $0REN D. (480 in chips) 
Seat 3: gr8baba (520 in chips) 
gr8baba: posts small blind 10
Mahu2021: posts big blind 20
*** HOLE CARDS ***
Dealt to Mahu2021 [4s Qd]
$0REN D.: raises 20 to 40
gr8baba: folds 
Mahu2021: folds 
Uncalled bet (20) returned to $0REN D.
$0REN D. collected 50 from pot
*** SUMMARY ***
Total pot 50 | Rake 0 
Seat 1: Mahu2021 (big blind) folded before Flop
Seat 2: $0REN D. (button) collected (50)
Seat 3: gr8baba (small blind) folded before Flop



PokerStars Hand #243264921472: Tournament #3581488605, $0.92+$0.08 USD Hold'em No Limit - Level I (10/20) - 2023/04/23 12:10:24 CET [2023/04/23 6:10:24 ET]
Table '3581488605 1' 3-max Seat #3 is the button
Seat 1: Mahu2021 (480 in chips) 
Seat 2: $0REN D. (510 in chips) 
Seat 3: gr8baba (510 in chips) 
Mahu2021: posts small blind 10
$0REN D.: posts big blind 20
*** HOLE CARDS ***
Dealt to Mahu2021 [Ts 2c]
gr8baba: folds 
Mahu2021: folds 
Uncalled bet (10) returned to $0REN D.
$0REN D. collected 20 from pot
*** SUMMARY ***
Total pot 20 | Rake 0 
Seat 1: Mahu2021 (small blind) folded before Flop
Seat 2: $0REN D. (big blind) collected (20)
Seat 3: gr8baba (button) folded before Flop (didn't bet)



PokerStars Hand #243264922277: Tournament #3581488605, $0.92+$0.08 USD Hold'em No Limit - Level I (10/20) - 2023/04/23 12:10:30 CET [2023/04/23 6:10:30 ET]
Table '3581488605 1' 3-max Seat #1 is the button
Seat 1: Mahu2021 (470 in chips) 
Seat 2: $0REN D. (520 in chips) 
Seat 3: gr8baba (510 in chips) 
$0REN D.: posts small blind 10
gr8baba: posts big blind 20
*** HOLE CARDS ***
Dealt to Mahu2021 [3d Jd]
Mahu2021: calls 20
$0REN D.: calls 10
gr8baba: checks 
*** FLOP *** [Ac Qd Qc]
$0REN D.: bets 20
gr8baba: calls 20
Mahu2021: folds 
*** TURN *** [Ac Qd Qc] [2c]
$0REN D.: checks 
gr8baba: bets 100
$0REN D.: folds 
Uncalled bet (100) returned to gr8baba
gr8baba collected 100 from pot
*** SUMMARY ***
Total pot 100 | Rake 0 
Board [Ac Qd Qc 2c]
Seat 1: Mahu2021 (button) folded on the Flop
Seat 2: $0REN D. (small blind) folded on the Turn
Seat 3: gr8baba (big blind) collected (100)



PokerStars Hand #243264926941: Tournament #3581488605, $0.92+$0.08 USD Hold'em No Limit - Level I (10/20) - 2023/04/23 12:11:00 CET [2023/04/23 6:11:00 ET]
Table '3581488605 1' 3-max Seat #2 is the button
Seat 1: Mahu2021 (450 in chips) 
Seat 2: $0REN D. (480 in chips) 
Seat 3: gr8baba (570 in chips) 
gr8baba: posts small blind 10
Mahu2021: posts big blind 20
*** HOLE CARDS ***
Dealt to Mahu2021 [4h 7h]
$0REN D.: calls 20
gr8baba: calls 10
Mahu2021: checks 
*** FLOP *** [Qc Td Kh]
gr8baba: checks 
Mahu2021: checks 
$0REN D.: checks 
*** TURN *** [Qc Td Kh] [Ad]
gr8baba: checks 
Mahu2021: bets 60
$0REN D.: folds 
gr8baba: folds 
Uncalled bet (60) returned to Mahu2021
Mahu2021 collected 60 from pot
Mahu2021: doesn't show hand 
*** SUMMARY ***
Total pot 60 | Rake 0 
Board [Qc Td Kh Ad]
Seat 1: Mahu2021 (big blind) collected (60)
Seat 2: $0REN D. (button) folded on the Turn
Seat 3: gr8baba (small blind) folded on the Turn



PokerStars Hand #243264931790: Tournament #3581488605, $0.92+$0.08 USD Hold'em No Limit - Level I (10/20) - 2023/04/23 12:11:31 CET [2023/04/23 6:11:31 ET]
Table '3581488605 1' 3-max Seat #3 is the button
Seat 1: Mahu2021 (490 in chips) 
Seat 2: $0REN D. (460 in chips) 
Seat 3: gr8baba (550 in chips) 
Mahu2021: posts small blind 10
$0REN D.: posts big blind 20
*** HOLE CARDS ***
Dealt to Mahu2021 [8s Kh]
gr8baba: calls 20
Mahu2021: calls 10
$0REN D.: checks 
*** FLOP *** [2d 9c 9h]
Mahu2021: checks 
$0REN D.: checks 
gr8baba: bets 530 and is all-in
Mahu2021: folds 
$0REN D.: folds 
Uncalled bet (530) returned to gr8baba
gr8baba collected 60 from pot
*** SUMMARY ***
Total pot 60 | Rake 0 
Board [2d 9c 9h]
Seat 1: Mahu2021 (small blind) folded on the Flop
Seat 2: $0REN D. (big blind) folded on the Flop
Seat 3: gr8baba (button) collected (60)



PokerStars Hand #243264935280: Tournament #3581488605, $0.92+$0.08 USD Hold'em No Limit - Level II (15/30) - 2023/04/23 12:11:54 CET [2023/04/23 6:11:54 ET]
Table '3581488605 1' 3-max Seat #1 is the button
Seat 1: Mahu2021 (470 in chips) 
Seat 2: $0REN D. (440 in chips) 
Seat 3: gr8baba (590 in chips) 
$0REN D.: posts small blind 15
gr8baba: posts big blind 30
*** HOLE CARDS ***
Dealt to Mahu2021 [Jd 2c]
Mahu2021: folds 
$0REN D.: calls 15
gr8baba: checks 
*** FLOP *** [6c Kc 4d]
$0REN D.: checks 
gr8baba: bets 560 and is all-in
$0REN D.: calls 410 and is all-in
Uncalled bet (150) returned to gr8baba
*** TURN *** [6c Kc 4d] [Ts]
*** RIVER *** [6c Kc 4d Ts] [2d]
*** SHOW DOWN ***
$0REN D.: shows [Qh 4h] (a pair of Fours)
gr8baba: shows [Kh Js] (a pair of Kings)
gr8baba collected 880 from pot
$0REN D. finished the tournament in 3rd place
*** SUMMARY ***
Total pot 880 | Rake 0 
Board [6c Kc 4d Ts 2d]
Seat 1: Mahu2021 (button) folded before Flop (didn't bet)
Seat 2: $0REN D. (small blind) showed [Qh 4h] and lost with a pair of Fours
Seat 3: gr8baba (big blind) showed [Kh Js] and won (880) with a pair of Kings



PokerStars Hand #243264943366: Tournament #3581488605, $0.92+$0.08 USD Hold'em No Limit - Level II (15/30) - 2023/04/23 12:12:44 CET [2023/04/23 6:12:44 ET]
Table '3581488605 1' 3-max Seat #3 is the button
Seat 1: Mahu2021 (470 in chips) 
Seat 3: gr8baba (1030 in chips) 
gr8baba: posts small blind 15
Mahu2021: posts big blind 30
*** HOLE CARDS ***
Dealt to Mahu2021 [9d 8h]
gr8baba: calls 15
Mahu2021: checks 
*** FLOP *** [2d Ts Kd]
Mahu2021: checks 
gr8baba: checks 
*** TURN *** [2d Ts Kd] [Ac]
Mahu2021: checks 
gr8baba: bets 30
Mahu2021: folds 
Uncalled bet (30) returned to gr8baba
gr8baba collected 60 from pot
*** SUMMARY ***
Total pot 60 | Rake 0 
Board [2d Ts Kd Ac]
Seat 1: Mahu2021 (big blind) folded on the Turn
Seat 3: gr8baba (button) (small blind) collected (60)



PokerStars Hand #243264945338: Tournament #3581488605, $0.92+$0.08 USD Hold'em No Limit - Level II (15/30) - 2023/04/23 12:12:57 CET [2023/04/23 6:12:57 ET]
Table '3581488605 1' 3-max Seat #1 is the button
Seat 1: Mahu2021 (440 in chips) 
Seat 3: gr8baba (1060 in chips) 
Mahu2021: posts small blind 15
gr8baba: posts big blind 30
*** HOLE CARDS ***
Dealt to Mahu2021 [9c 7d]
Mahu2021: calls 15
gr8baba: checks 
*** FLOP *** [Qd 5s Kh]
gr8baba: checks 
Mahu2021: bets 30
gr8baba: folds 
Uncalled bet (30) returned to Mahu2021
Mahu2021 collected 60 from pot
Mahu2021: doesn't show hand 
*** SUMMARY ***
Total pot 60 | Rake 0 
Board [Qd 5s Kh]
Seat 1: Mahu2021 (button) (small blind) collected (60)
Seat 3: gr8baba (big blind) folded on the Flop



PokerStars Hand #243264946865: Tournament #3581488605, $0.92+$0.08 USD Hold'em No Limit - Level II (15/30) - 2023/04/23 12:13:06 CET [2023/04/23 6:13:06 ET]
Table '3581488605 1' 3-max Seat #3 is the button
Seat 1: Mahu2021 (470 in chips) 
Seat 3: gr8baba (1030 in chips) 
gr8baba: posts small blind 15
Mahu2021: posts big blind 30
*** HOLE CARDS ***
Dealt to Mahu2021 [Kd Qs]
gr8baba: calls 15
Mahu2021: raises 90 to 120
gr8baba: calls 90
*** FLOP *** [Ac 3s 4d]
Mahu2021: checks 
gr8baba: checks 
*** TURN *** [Ac 3s 4d] [4s]
Mahu2021: checks 
gr8baba: checks 
*** RIVER *** [Ac 3s 4d 4s] [Kc]
Mahu2021: bets 240
gr8baba: folds 
Uncalled bet (240) returned to Mahu2021
Mahu2021 collected 240 from pot
Mahu2021: doesn't show hand 
*** SUMMARY ***
Total pot 240 | Rake 0 
Board [Ac 3s 4d 4s Kc]
Seat 1: Mahu2021 (big blind) collected (240)
Seat 3: gr8baba (button) (small blind) folded on the River



PokerStars Hand #243264949149: Tournament #3581488605, $0.92+$0.08 USD Hold'em No Limit - Level II (15/30) - 2023/04/23 12:13:21 CET [2023/04/23 6:13:21 ET]
Table '3581488605 1' 3-max Seat #1 is the button
Seat 1: Mahu2021 (590 in chips) 
Seat 3: gr8baba (910 in chips) 
Mahu2021: posts small blind 15
gr8baba: posts big blind 30
*** HOLE CARDS ***
Dealt to Mahu2021 [Jc Js]
Mahu2021: raises 560 to 590 and is all-in
gr8baba: folds 
Uncalled bet (560) returned to Mahu2021
Mahu2021 collected 60 from pot
Mahu2021: doesn't show hand 
*** SUMMARY ***
Total pot 60 | Rake 0 
Seat 1: Mahu2021 (button) (small blind) collected (60)
Seat 3: gr8baba (big blind) folded before Flop



PokerStars Hand #243264950284: Tournament #3581488605, $0.92+$0.08 USD Hold'em No Limit - Level II (15/30) - 2023/04/23 12:13:28 CET [2023/04/23 6:13:28 ET]
Table '3581488605 1' 3-max Seat #3 is the button
Seat 1: Mahu2021 (620 in chips) 
Seat 3: gr8baba (880 in chips) 
gr8baba: posts small blind 15
Mahu2021: posts big blind 30
*** HOLE CARDS ***
Dealt to Mahu2021 [7s 4c]
gr8baba: raises 850 to 880 and is all-in
Mahu2021: folds 
Uncalled bet (850) returned to gr8baba
gr8baba collected 60 from pot
*** SUMMARY ***
Total pot 60 | Rake 0 
Seat 1: Mahu2021 (big blind) folded before Flop
Seat 3: gr8baba (button) (small blind) collected (60)



PokerStars Hand #243264951417: Tournament #3581488605, $0.92+$0.08 USD Hold'em No Limit - Level II (15/30) - 2023/04/23 12:13:35 CET [2023/04/23 6:13:35 ET]
Table '3581488605 1' 3-max Seat #1 is the button
Seat 1: Mahu2021 (590 in chips) 
Seat 3: gr8baba (910 in chips) 
Mahu2021: posts small blind 15
gr8baba: posts big blind 30
*** HOLE CARDS ***
Dealt to Mahu2021 [8d 2h]
Mahu2021: folds 
Uncalled bet (15) returned to gr8baba
gr8baba collected 30 from pot
*** SUMMARY ***
Total pot 30 | Rake 0 
Seat 1: Mahu2021 (button) (small blind) folded before Flop
Seat 3: gr8baba (big blind) collected (30)



PokerStars Hand #243264952157: Tournament #3581488605, $0.92+$0.08 USD Hold'em No Limit - Level II (15/30) - 2023/04/23 12:13:39 CET [2023/04/23 6:13:39 ET]
Table '3581488605 1' 3-max Seat #3 is the button
Seat 1: Mahu2021 (575 in chips) 
Seat 3: gr8baba (925 in chips) 
gr8baba: posts small blind 15
Mahu2021: posts big blind 30
*** HOLE CARDS ***
Dealt to Mahu2021 [4c Td]
gr8baba: calls 15
Mahu2021: checks 
*** FLOP *** [5d Ac Kh]
Mahu2021: checks 
gr8baba: checks 
*** TURN *** [5d Ac Kh] [Kc]
Mahu2021: checks 
gr8baba: bets 30
Mahu2021: folds 
Uncalled bet (30) returned to gr8baba
gr8baba collected 60 from pot
*** SUMMARY ***
Total pot 60 | Rake 0 
Board [5d Ac Kh Kc]
Seat 1: Mahu2021 (big blind) folded on the Turn
Seat 3: gr8baba (button) (small blind) collected (60)



PokerStars Hand #243264954405: Tournament #3581488605, $0.92+$0.08 USD Hold'em No Limit - Level III (20/40) - 2023/04/23 12:13:53 CET [2023/04/23 6:13:53 ET]
Table '3581488605 1' 3-max Seat #1 is the button
Seat 1: Mahu2021 (545 in chips) 
Seat 3: gr8baba (955 in chips) 
Mahu2021: posts small blind 20
gr8baba: posts big blind 40
*** HOLE CARDS ***
Dealt to Mahu2021 [2h Qd]
Mahu2021: folds 
Uncalled bet (20) returned to gr8baba
gr8baba collected 40 from pot
*** SUMMARY ***
Total pot 40 | Rake 0 
Seat 1: Mahu2021 (button) (small blind) folded before Flop
Seat 3: gr8baba (big blind) collected (40)



PokerStars Hand #243264955104: Tournament #3581488605, $0.92+$0.08 USD Hold'em No Limit - Level III (20/40) - 2023/04/23 12:13:58 CET [2023/04/23 6:13:58 ET]
Table '3581488605 1' 3-max Seat #3 is the button
Seat 1: Mahu2021 (525 in chips) 
Seat 3: gr8baba (975 in chips) 
gr8baba: posts small blind 20
Mahu2021: posts big blind 40
*** HOLE CARDS ***
Dealt to Mahu2021 [2d 7d]
gr8baba: raises 40 to 80
Mahu2021: folds 
Uncalled bet (40) returned to gr8baba
gr8baba collected 80 from pot
*** SUMMARY ***
Total pot 80 | Rake 0 
Seat 1: Mahu2021 (big blind) folded before Flop
Seat 3: gr8baba (button) (small blind) collected (80)



PokerStars Hand #243264955967: Tournament #3581488605, $0.92+$0.08 USD Hold'em No Limit - Level III (20/40) - 2023/04/23 12:14:04 CET [2023/04/23 6:14:04 ET]
Table '3581488605 1' 3-max Seat #1 is the button
Seat 1: Mahu2021 (485 in chips) 
Seat 3: gr8baba (1015 in chips) 
Mahu2021: posts small blind 20
gr8baba: posts big blind 40
*** HOLE CARDS ***
Dealt to Mahu2021 [4d 6s]
Mahu2021: folds 
Uncalled bet (20) returned to gr8baba
gr8baba collected 40 from pot
*** SUMMARY ***
Total pot 40 | Rake 0 
Seat 1: Mahu2021 (button) (small blind) folded before Flop
Seat 3: gr8baba (big blind) collected (40)



PokerStars Hand #243264956751: Tournament #3581488605, $0.92+$0.08 USD Hold'em No Limit - Level III (20/40) - 2023/04/23 12:14:08 CET [2023/04/23 6:14:08 ET]
Table '3581488605 1' 3-max Seat #3 is the button
Seat 1: Mahu2021 (465 in chips) 
Seat 3: gr8baba (1035 in chips) 
gr8baba: posts small blind 20
Mahu2021: posts big blind 40
*** HOLE CARDS ***
Dealt to Mahu2021 [7d Th]
gr8baba: calls 20
Mahu2021: checks 
*** FLOP *** [6d 9s Qd]
Mahu2021: checks 
gr8baba: bets 40
Mahu2021: calls 40
*** TURN *** [6d 9s Qd] [Ad]
Mahu2021: checks 
gr8baba: checks 
*** RIVER *** [6d 9s Qd Ad] [8s]
Mahu2021: bets 160
gr8baba: folds 
Uncalled bet (160) returned to Mahu2021
Mahu2021 collected 160 from pot
Mahu2021: doesn't show hand 
*** SUMMARY ***
Total pot 160 | Rake 0 
Board [6d 9s Qd Ad 8s]
Seat 1: Mahu2021 (big blind) collected (160)
Seat 3: gr8baba (button) (small blind) folded on the River



PokerStars Hand #243264959399: Tournament #3581488605, $0.92+$0.08 USD Hold'em No Limit - Level III (20/40) - 2023/04/23 12:14:25 CET [2023/04/23 6:14:25 ET]
Table '3581488605 1' 3-max Seat #1 is the button
Seat 1: Mahu2021 (545 in chips) 
Seat 3: gr8baba (955 in chips) 
Mahu2021: posts small blind 20
gr8baba: posts big blind 40
*** HOLE CARDS ***
Dealt to Mahu2021 [8s 9d]
Mahu2021: calls 20
gr8baba: raises 915 to 955 and is all-in
Mahu2021: folds 
Uncalled bet (915) returned to gr8baba
gr8baba collected 80 from pot
*** SUMMARY ***
Total pot 80 | Rake 0 
Seat 1: Mahu2021 (button) (small blind) folded before Flop
Seat 3: gr8baba (big blind) collected (80)



PokerStars Hand #243264960667: Tournament #3581488605, $0.92+$0.08 USD Hold'em No Limit - Level III (20/40) - 2023/04/23 12:14:33 CET [2023/04/23 6:14:33 ET]
Table '3581488605 1' 3-max Seat #3 is the button
Seat 1: Mahu2021 (505 in chips) 
Seat 3: gr8baba (995 in chips) 
gr8baba: posts small blind 20
Mahu2021: posts big blind 40
*** HOLE CARDS ***
Dealt to Mahu2021 [As Jd]
gr8baba: calls 20
Mahu2021: raises 120 to 160
gr8baba: folds 
Uncalled bet (120) returned to Mahu2021
Mahu2021 collected 80 from pot
Mahu2021: doesn't show hand 
*** SUMMARY ***
Total pot 80 | Rake 0 
Seat 1: Mahu2021 (big blind) collected (80)
Seat 3: gr8baba (button) (small blind) folded before Flop



PokerStars Hand #243264961787: Tournament #3581488605, $0.92+$0.08 USD Hold'em No Limit - Level III (20/40) - 2023/04/23 12:14:40 CET [2023/04/23 6:14:40 ET]
Table '3581488605 1' 3-max Seat #1 is the button
Seat 1: Mahu2021 (545 in chips) 
Seat 3: gr8baba (955 in chips) 
Mahu2021: posts small blind 20
gr8baba: posts big blind 40
*** HOLE CARDS ***
Dealt to Mahu2021 [Jd 3h]
Mahu2021: folds 
Uncalled bet (20) returned to gr8baba
gr8baba collected 40 from pot
*** SUMMARY ***
Total pot 40 | Rake 0 
Seat 1: Mahu2021 (button) (small blind) folded before Flop
Seat 3: gr8baba (big blind) collected (40)



PokerStars Hand #243264962551: Tournament #3581488605, $0.92+$0.08 USD Hold'em No Limit - Level III (20/40) - 2023/04/23 12:14:45 CET [2023/04/23 6:14:45 ET]
Table '3581488605 1' 3-max Seat #3 is the button
Seat 1: Mahu2021 (525 in chips) 
Seat 3: gr8baba (975 in chips) 
gr8baba: posts small blind 20
Mahu2021: posts big blind 40
*** HOLE CARDS ***
Dealt to Mahu2021 [Jd Tc]
gr8baba: calls 20
Mahu2021: checks 
*** FLOP *** [3d Jh 4d]
Mahu2021: bets 80
gr8baba: calls 80
*** TURN *** [3d Jh 4d] [9c]
Mahu2021: bets 405 and is all-in
gr8baba: folds 
Uncalled bet (405) returned to Mahu2021
Mahu2021 collected 240 from pot
Mahu2021: doesn't show hand 
*** SUMMARY ***
Total pot 240 | Rake 0 
Board [3d Jh 4d 9c]
Seat 1: Mahu2021 (big blind) collected (240)
Seat 3: gr8baba (button) (small blind) folded on the Turn



PokerStars Hand #243264964546: Tournament #3581488605, $0.92+$0.08 USD Hold'em No Limit - Level III (20/40) - 2023/04/23 12:14:58 CET [2023/04/23 6:14:58 ET]
Table '3581488605 1' 3-max Seat #1 is the button
Seat 1: Mahu2021 (645 in chips) 
Seat 3: gr8baba (855 in chips) 
Mahu2021: posts small blind 20
gr8baba: posts big blind 40
*** HOLE CARDS ***
Dealt to Mahu2021 [Ac 2c]
Mahu2021: raises 40 to 80
gr8baba: raises 40 to 120
Mahu2021: calls 40
*** FLOP *** [Qc 3d Tc]
gr8baba: bets 735 and is all-in
Mahu2021: calls 525 and is all-in
Uncalled bet (210) returned to gr8baba
*** TURN *** [Qc 3d Tc] [Qd]
*** RIVER *** [Qc 3d Tc Qd] [8h]
*** SHOW DOWN ***
gr8baba: shows [9h 9s] (two pair, Queens and Nines)
Mahu2021: shows [Ac 2c] (a pair of Queens)
gr8baba collected 1290 from pot
Mahu2021 finished the tournament in 2nd place
gr8baba wins the tournament and receives $2.00 - congratulations!
*** SUMMARY ***
Total pot 1290 | Rake 0 
Board [Qc 3d Tc Qd 8h]
Seat 1: Mahu2021 (button) (small blind) showed [Ac 2c] and lost with a pair of Queens
Seat 3: gr8baba (big blind) showed [9h 9s] and won (1290) with two pair, Queens and Nines



