PokerStars Hand #247584727388: Tournament #3684653043, $1.84+$0.16 USD Hold'em No Limit - Level I (10/20) - 2023/12/10 17:20:49 CET [2023/12/10 11:20:49 ET]
Table '3684653043 1' 3-max Seat #1 is the button
Seat 1: Cocolyno4 (500 in chips) 
Seat 2: Mahu2021 (500 in chips) 
Seat 3: Pieman1964 (500 in chips) 
Mahu2021: posts small blind 10
Pieman1964: posts big blind 20
*** HOLE CARDS ***
Dealt to Mahu2021 [3d 9s]
Cocolyno4: raises 20 to 40
Mahu2021: folds 
Pieman1964: calls 20
*** FLOP *** [Qh 8s Ks]
Pieman1964: checks 
Cocolyno4: checks 
*** TURN *** [Qh 8s Ks] [Jh]
Pieman1964: checks 
Cocolyno4: checks 
*** RIVER *** [Qh 8s Ks Jh] [7d]
Pieman1964: checks 
Cocolyno4: checks 
*** SHOW DOWN ***
Pieman1964: shows [Tc 6c] (high card King)
Cocolyno4: mucks hand 
Pieman1964 collected 90 from pot
*** SUMMARY ***
Total pot 90 | Rake 0 
Board [Qh 8s Ks Jh 7d]
Seat 1: Cocolyno4 (button) mucked [6h 4d]
Seat 2: Mahu2021 (small blind) folded before Flop
Seat 3: Pieman1964 (big blind) showed [Tc 6c] and won (90) with high card King



PokerStars Hand #247584735861: Tournament #3684653043, $1.84+$0.16 USD Hold'em No Limit - Level I (10/20) - 2023/12/10 17:21:17 CET [2023/12/10 11:21:17 ET]
Table '3684653043 1' 3-max Seat #2 is the button
Seat 1: Cocolyno4 (460 in chips) 
Seat 2: Mahu2021 (490 in chips) 
Seat 3: Pieman1964 (550 in chips) 
Pieman1964: posts small blind 10
Cocolyno4: posts big blind 20
*** HOLE CARDS ***
Dealt to Mahu2021 [3c 7d]
Mahu2021: folds 
Pieman1964: folds 
Uncalled bet (10) returned to Cocolyno4
Cocolyno4 collected 20 from pot
*** SUMMARY ***
Total pot 20 | Rake 0 
Seat 1: Cocolyno4 (big blind) collected (20)
Seat 2: Mahu2021 (button) folded before Flop (didn't bet)
Seat 3: Pieman1964 (small blind) folded before Flop



PokerStars Hand #247584739780: Tournament #3684653043, $1.84+$0.16 USD Hold'em No Limit - Level I (10/20) - 2023/12/10 17:21:29 CET [2023/12/10 11:21:29 ET]
Table '3684653043 1' 3-max Seat #3 is the button
Seat 1: Cocolyno4 (470 in chips) 
Seat 2: Mahu2021 (490 in chips) 
Seat 3: Pieman1964 (540 in chips) 
Cocolyno4: posts small blind 10
Mahu2021: posts big blind 20
*** HOLE CARDS ***
Dealt to Mahu2021 [6h 8d]
Pieman1964: folds 
Cocolyno4: folds 
Uncalled bet (10) returned to Mahu2021
Mahu2021 collected 20 from pot
Mahu2021: doesn't show hand 
*** SUMMARY ***
Total pot 20 | Rake 0 
Seat 1: Cocolyno4 (small blind) folded before Flop
Seat 2: Mahu2021 (big blind) collected (20)
Seat 3: Pieman1964 (button) folded before Flop (didn't bet)



PokerStars Hand #247584743331: Tournament #3684653043, $1.84+$0.16 USD Hold'em No Limit - Level I (10/20) - 2023/12/10 17:21:41 CET [2023/12/10 11:21:41 ET]
Table '3684653043 1' 3-max Seat #1 is the button
Seat 1: Cocolyno4 (460 in chips) 
Seat 2: Mahu2021 (500 in chips) 
Seat 3: Pieman1964 (540 in chips) 
Mahu2021: posts small blind 10
Pieman1964: posts big blind 20
*** HOLE CARDS ***
Dealt to Mahu2021 [5s 2h]
Cocolyno4: raises 20 to 40
Mahu2021: folds 
Pieman1964: calls 20
*** FLOP *** [Ad 6s 9c]
Pieman1964: checks 
Cocolyno4: bets 40
Pieman1964: folds 
Uncalled bet (40) returned to Cocolyno4
Cocolyno4 collected 90 from pot
*** SUMMARY ***
Total pot 90 | Rake 0 
Board [Ad 6s 9c]
Seat 1: Cocolyno4 (button) collected (90)
Seat 2: Mahu2021 (small blind) folded before Flop
Seat 3: Pieman1964 (big blind) folded on the Flop



PokerStars Hand #247584748256: Tournament #3684653043, $1.84+$0.16 USD Hold'em No Limit - Level I (10/20) - 2023/12/10 17:21:56 CET [2023/12/10 11:21:56 ET]
Table '3684653043 1' 3-max Seat #2 is the button
Seat 1: Cocolyno4 (510 in chips) 
Seat 2: Mahu2021 (490 in chips) 
Seat 3: Pieman1964 (500 in chips) 
Pieman1964: posts small blind 10
Cocolyno4: posts big blind 20
*** HOLE CARDS ***
Dealt to Mahu2021 [6s 8s]
Mahu2021: calls 20
Pieman1964: calls 10
Cocolyno4: checks 
*** FLOP *** [Js 8d Qs]
Pieman1964: checks 
Cocolyno4: bets 40
Mahu2021: calls 40
Pieman1964: calls 40
*** TURN *** [Js 8d Qs] [Kd]
Pieman1964: checks 
Cocolyno4: bets 60
Mahu2021: calls 60
Pieman1964: folds 
*** RIVER *** [Js 8d Qs Kd] [Kh]
Cocolyno4: checks 
Mahu2021: bets 370 and is all-in
Cocolyno4: calls 370
*** SHOW DOWN ***
Mahu2021: shows [6s 8s] (two pair, Kings and Eights)
Cocolyno4: shows [5h Qh] (two pair, Kings and Queens)
Cocolyno4 collected 1040 from pot
Mahu2021 finished the tournament in 3rd place
*** SUMMARY ***
Total pot 1040 | Rake 0 
Board [Js 8d Qs Kd Kh]
Seat 1: Cocolyno4 (big blind) showed [5h Qh] and won (1040) with two pair, Kings and Queens
Seat 2: Mahu2021 (button) showed [6s 8s] and lost with two pair, Kings and Eights
Seat 3: Pieman1964 (small blind) folded on the Turn



