PokerStars Hand #243275251714: Tournament #3581683435, $0.92+$0.08 USD Hold'em No Limit - Level I (10/20) - 2023/04/23 21:20:26 CET [2023/04/23 15:20:26 ET]
Table '3581683435 1' 3-max Seat #1 is the button
Seat 1: Ferroetigni (500 in chips) 
Seat 2: bikli (500 in chips) 
Seat 3: Mahu2021 (500 in chips) 
bikli: posts small blind 10
Mahu2021: posts big blind 20
*** HOLE CARDS ***
Dealt to Mahu2021 [Ah Ts]
Ferroetigni: folds 
bikli: calls 10
Mahu2021: checks 
*** FLOP *** [7c 2s 9c]
bikli: bets 40
Mahu2021: calls 40
*** TURN *** [7c 2s 9c] [4s]
bikli: checks 
Mahu2021: checks 
*** RIVER *** [7c 2s 9c 4s] [Jc]
bikli: checks 
Mahu2021: checks 
*** SHOW DOWN ***
bikli: shows [9d Qd] (a pair of Nines)
Mahu2021: mucks hand 
bikli collected 120 from pot
*** SUMMARY ***
Total pot 120 | Rake 0 
Board [7c 2s 9c 4s Jc]
Seat 1: Ferroetigni (button) folded before Flop (didn't bet)
Seat 2: bikli (small blind) showed [9d Qd] and won (120) with a pair of Nines
Seat 3: Mahu2021 (big blind) mucked [Ah Ts]



PokerStars Hand #243275260293: Tournament #3581683435, $0.92+$0.08 USD Hold'em No Limit - Level I (10/20) - 2023/04/23 21:20:44 CET [2023/04/23 15:20:44 ET]
Table '3581683435 1' 3-max Seat #2 is the button
Seat 1: Ferroetigni (500 in chips) 
Seat 2: bikli (560 in chips) 
Seat 3: Mahu2021 (440 in chips) 
Mahu2021: posts small blind 10
Ferroetigni: posts big blind 20
*** HOLE CARDS ***
Dealt to Mahu2021 [Ad 3d]
bikli: folds 
Mahu2021: raises 20 to 40
Ferroetigni: calls 20
*** FLOP *** [5h Ah 5d]
Mahu2021: bets 40
Ferroetigni: calls 40
*** TURN *** [5h Ah 5d] [Js]
Mahu2021: bets 40
Ferroetigni: calls 40
*** RIVER *** [5h Ah 5d Js] [7s]
Mahu2021: bets 120
Ferroetigni: folds 
Uncalled bet (120) returned to Mahu2021
Mahu2021 collected 240 from pot
Mahu2021: doesn't show hand 
*** SUMMARY ***
Total pot 240 | Rake 0 
Board [5h Ah 5d Js 7s]
Seat 1: Ferroetigni (big blind) folded on the River
Seat 2: bikli (button) folded before Flop (didn't bet)
Seat 3: Mahu2021 (small blind) collected (240)



PokerStars Hand #243275273709: Tournament #3581683435, $0.92+$0.08 USD Hold'em No Limit - Level I (10/20) - 2023/04/23 21:21:10 CET [2023/04/23 15:21:10 ET]
Table '3581683435 1' 3-max Seat #3 is the button
Seat 1: Ferroetigni (380 in chips) 
Seat 2: bikli (560 in chips) 
Seat 3: Mahu2021 (560 in chips) 
Ferroetigni: posts small blind 10
bikli: posts big blind 20
*** HOLE CARDS ***
Dealt to Mahu2021 [9s Td]
Mahu2021: folds 
Ferroetigni: raises 20 to 40
bikli: calls 20
*** FLOP *** [Jh 9c 4s]
Ferroetigni: bets 40
bikli: folds 
Uncalled bet (40) returned to Ferroetigni
Ferroetigni collected 80 from pot
Ferroetigni: doesn't show hand 
*** SUMMARY ***
Total pot 80 | Rake 0 
Board [Jh 9c 4s]
Seat 1: Ferroetigni (small blind) collected (80)
Seat 2: bikli (big blind) folded on the Flop
Seat 3: Mahu2021 (button) folded before Flop (didn't bet)



PokerStars Hand #243275280501: Tournament #3581683435, $0.92+$0.08 USD Hold'em No Limit - Level I (10/20) - 2023/04/23 21:21:24 CET [2023/04/23 15:21:24 ET]
Table '3581683435 1' 3-max Seat #1 is the button
Seat 1: Ferroetigni (420 in chips) 
Seat 2: bikli (520 in chips) 
Seat 3: Mahu2021 (560 in chips) 
bikli: posts small blind 10
Mahu2021: posts big blind 20
*** HOLE CARDS ***
Dealt to Mahu2021 [3s Jh]
Ferroetigni: folds 
bikli: folds 
Uncalled bet (10) returned to Mahu2021
Mahu2021 collected 20 from pot
Mahu2021: doesn't show hand 
*** SUMMARY ***
Total pot 20 | Rake 0 
Seat 1: Ferroetigni (button) folded before Flop (didn't bet)
Seat 2: bikli (small blind) folded before Flop
Seat 3: Mahu2021 (big blind) collected (20)



PokerStars Hand #243275282719: Tournament #3581683435, $0.92+$0.08 USD Hold'em No Limit - Level I (10/20) - 2023/04/23 21:21:28 CET [2023/04/23 15:21:28 ET]
Table '3581683435 1' 3-max Seat #2 is the button
Seat 1: Ferroetigni (420 in chips) 
Seat 2: bikli (510 in chips) 
Seat 3: Mahu2021 (570 in chips) 
Mahu2021: posts small blind 10
Ferroetigni: posts big blind 20
*** HOLE CARDS ***
Dealt to Mahu2021 [5c 9h]
bikli: folds 
Mahu2021: folds 
Uncalled bet (10) returned to Ferroetigni
Ferroetigni collected 20 from pot
Ferroetigni: doesn't show hand 
*** SUMMARY ***
Total pot 20 | Rake 0 
Seat 1: Ferroetigni (big blind) collected (20)
Seat 2: bikli (button) folded before Flop (didn't bet)
Seat 3: Mahu2021 (small blind) folded before Flop



PokerStars Hand #243275285390: Tournament #3581683435, $0.92+$0.08 USD Hold'em No Limit - Level I (10/20) - 2023/04/23 21:21:34 CET [2023/04/23 15:21:34 ET]
Table '3581683435 1' 3-max Seat #3 is the button
Seat 1: Ferroetigni (430 in chips) 
Seat 2: bikli (510 in chips) 
Seat 3: Mahu2021 (560 in chips) 
Ferroetigni: posts small blind 10
bikli: posts big blind 20
*** HOLE CARDS ***
Dealt to Mahu2021 [2d Ks]
Mahu2021: folds 
Ferroetigni: folds 
Uncalled bet (10) returned to bikli
bikli collected 20 from pot
bikli: doesn't show hand 
*** SUMMARY ***
Total pot 20 | Rake 0 
Seat 1: Ferroetigni (small blind) folded before Flop
Seat 2: bikli (big blind) collected (20)
Seat 3: Mahu2021 (button) folded before Flop (didn't bet)



PokerStars Hand #243275287857: Tournament #3581683435, $0.92+$0.08 USD Hold'em No Limit - Level I (10/20) - 2023/04/23 21:21:39 CET [2023/04/23 15:21:39 ET]
Table '3581683435 1' 3-max Seat #1 is the button
Seat 1: Ferroetigni (420 in chips) 
Seat 2: bikli (520 in chips) 
Seat 3: Mahu2021 (560 in chips) 
bikli: posts small blind 10
Mahu2021: posts big blind 20
*** HOLE CARDS ***
Dealt to Mahu2021 [4c Jc]
Ferroetigni: raises 20 to 40
bikli: folds 
Mahu2021: calls 20
*** FLOP *** [Th Qc Js]
Mahu2021: checks 
Ferroetigni: checks 
*** TURN *** [Th Qc Js] [Td]
Mahu2021: bets 40
Ferroetigni: calls 40
*** RIVER *** [Th Qc Js Td] [7h]
Mahu2021: checks 
Ferroetigni: checks 
*** SHOW DOWN ***
Mahu2021: shows [4c Jc] (two pair, Jacks and Tens)
Ferroetigni: mucks hand 
Mahu2021 collected 170 from pot
*** SUMMARY ***
Total pot 170 | Rake 0 
Board [Th Qc Js Td 7h]
Seat 1: Ferroetigni (button) mucked [9d Ac]
Seat 2: bikli (small blind) folded before Flop
Seat 3: Mahu2021 (big blind) showed [4c Jc] and won (170) with two pair, Jacks and Tens



PokerStars Hand #243275299128: Tournament #3581683435, $0.92+$0.08 USD Hold'em No Limit - Level I (10/20) - 2023/04/23 21:22:02 CET [2023/04/23 15:22:02 ET]
Table '3581683435 1' 3-max Seat #2 is the button
Seat 1: Ferroetigni (340 in chips) 
Seat 2: bikli (510 in chips) 
Seat 3: Mahu2021 (650 in chips) 
Mahu2021: posts small blind 10
Ferroetigni: posts big blind 20
*** HOLE CARDS ***
Dealt to Mahu2021 [8c 5c]
bikli: raises 20 to 40
Mahu2021: folds 
Ferroetigni: calls 20
*** FLOP *** [2c Qh Ac]
Ferroetigni: checks 
bikli: bets 40
Ferroetigni: folds 
Uncalled bet (40) returned to bikli
bikli collected 90 from pot
bikli: doesn't show hand 
*** SUMMARY ***
Total pot 90 | Rake 0 
Board [2c Qh Ac]
Seat 1: Ferroetigni (big blind) folded on the Flop
Seat 2: bikli (button) collected (90)
Seat 3: Mahu2021 (small blind) folded before Flop



PokerStars Hand #243275308303: Tournament #3581683435, $0.92+$0.08 USD Hold'em No Limit - Level I (10/20) - 2023/04/23 21:22:20 CET [2023/04/23 15:22:20 ET]
Table '3581683435 1' 3-max Seat #3 is the button
Seat 1: Ferroetigni (300 in chips) 
Seat 2: bikli (560 in chips) 
Seat 3: Mahu2021 (640 in chips) 
Ferroetigni: posts small blind 10
bikli: posts big blind 20
*** HOLE CARDS ***
Dealt to Mahu2021 [7d 3d]
Mahu2021: folds 
Ferroetigni: folds 
Uncalled bet (10) returned to bikli
bikli collected 20 from pot
bikli: doesn't show hand 
*** SUMMARY ***
Total pot 20 | Rake 0 
Seat 1: Ferroetigni (small blind) folded before Flop
Seat 2: bikli (big blind) collected (20)
Seat 3: Mahu2021 (button) folded before Flop (didn't bet)



PokerStars Hand #243275310906: Tournament #3581683435, $0.92+$0.08 USD Hold'em No Limit - Level I (10/20) - 2023/04/23 21:22:25 CET [2023/04/23 15:22:25 ET]
Table '3581683435 1' 3-max Seat #1 is the button
Seat 1: Ferroetigni (290 in chips) 
Seat 2: bikli (570 in chips) 
Seat 3: Mahu2021 (640 in chips) 
bikli: posts small blind 10
Mahu2021: posts big blind 20
*** HOLE CARDS ***
Dealt to Mahu2021 [Qc Td]
Ferroetigni: folds 
bikli: calls 10
Mahu2021: checks 
*** FLOP *** [Ac Qs 4c]
bikli: bets 40
Mahu2021: calls 40
*** TURN *** [Ac Qs 4c] [9c]
bikli: checks 
Mahu2021: bets 80
bikli: folds 
Uncalled bet (80) returned to Mahu2021
Mahu2021 collected 120 from pot
Mahu2021: doesn't show hand 
*** SUMMARY ***
Total pot 120 | Rake 0 
Board [Ac Qs 4c 9c]
Seat 1: Ferroetigni (button) folded before Flop (didn't bet)
Seat 2: bikli (small blind) folded on the Turn
Seat 3: Mahu2021 (big blind) collected (120)



PokerStars Hand #243275321891: Tournament #3581683435, $0.92+$0.08 USD Hold'em No Limit - Level I (10/20) - 2023/04/23 21:22:47 CET [2023/04/23 15:22:47 ET]
Table '3581683435 1' 3-max Seat #2 is the button
Seat 1: Ferroetigni (290 in chips) 
Seat 2: bikli (510 in chips) 
Seat 3: Mahu2021 (700 in chips) 
Mahu2021: posts small blind 10
Ferroetigni: posts big blind 20
*** HOLE CARDS ***
Dealt to Mahu2021 [2d 4s]
bikli: folds 
Mahu2021: folds 
Uncalled bet (10) returned to Ferroetigni
Ferroetigni collected 20 from pot
Ferroetigni: doesn't show hand 
*** SUMMARY ***
Total pot 20 | Rake 0 
Seat 1: Ferroetigni (big blind) collected (20)
Seat 2: bikli (button) folded before Flop (didn't bet)
Seat 3: Mahu2021 (small blind) folded before Flop



PokerStars Hand #243275324197: Tournament #3581683435, $0.92+$0.08 USD Hold'em No Limit - Level I (10/20) - 2023/04/23 21:22:52 CET [2023/04/23 15:22:52 ET]
Table '3581683435 1' 3-max Seat #3 is the button
Seat 1: Ferroetigni (300 in chips) 
Seat 2: bikli (510 in chips) 
Seat 3: Mahu2021 (690 in chips) 
Ferroetigni: posts small blind 10
bikli: posts big blind 20
*** HOLE CARDS ***
Dealt to Mahu2021 [2c 4h]
Mahu2021: folds 
Ferroetigni: raises 20 to 40
bikli: calls 20
*** FLOP *** [Qs 5d 3d]
Ferroetigni: bets 27
bikli: folds 
Uncalled bet (27) returned to Ferroetigni
Ferroetigni collected 80 from pot
Ferroetigni: doesn't show hand 
*** SUMMARY ***
Total pot 80 | Rake 0 
Board [Qs 5d 3d]
Seat 1: Ferroetigni (small blind) collected (80)
Seat 2: bikli (big blind) folded on the Flop
Seat 3: Mahu2021 (button) folded before Flop (didn't bet)



PokerStars Hand #243275337682: Tournament #3581683435, $0.92+$0.08 USD Hold'em No Limit - Level I (10/20) - 2023/04/23 21:23:20 CET [2023/04/23 15:23:20 ET]
Table '3581683435 1' 3-max Seat #1 is the button
Seat 1: Ferroetigni (340 in chips) 
Seat 2: bikli (470 in chips) 
Seat 3: Mahu2021 (690 in chips) 
bikli: posts small blind 10
Mahu2021: posts big blind 20
*** HOLE CARDS ***
Dealt to Mahu2021 [5c 9c]
Ferroetigni: folds 
bikli: folds 
Uncalled bet (10) returned to Mahu2021
Mahu2021 collected 20 from pot
Mahu2021: doesn't show hand 
*** SUMMARY ***
Total pot 20 | Rake 0 
Seat 1: Ferroetigni (button) folded before Flop (didn't bet)
Seat 2: bikli (small blind) folded before Flop
Seat 3: Mahu2021 (big blind) collected (20)



PokerStars Hand #243275341083: Tournament #3581683435, $0.92+$0.08 USD Hold'em No Limit - Level I (10/20) - 2023/04/23 21:23:26 CET [2023/04/23 15:23:26 ET]
Table '3581683435 1' 3-max Seat #2 is the button
Seat 1: Ferroetigni (340 in chips) 
Seat 2: bikli (460 in chips) 
Seat 3: Mahu2021 (700 in chips) 
Mahu2021: posts small blind 10
Ferroetigni: posts big blind 20
*** HOLE CARDS ***
Dealt to Mahu2021 [9h 8c]
bikli: raises 20 to 40
Mahu2021: calls 30
Ferroetigni: folds 
*** FLOP *** [Tc Ts 7d]
Mahu2021: checks 
bikli: checks 
*** TURN *** [Tc Ts 7d] [7s]
Mahu2021: bets 40
bikli: calls 40
*** RIVER *** [Tc Ts 7d 7s] [Qh]
Mahu2021: checks 
bikli: bets 40
Mahu2021: folds 
Uncalled bet (40) returned to bikli
bikli collected 180 from pot
bikli: doesn't show hand 
*** SUMMARY ***
Total pot 180 | Rake 0 
Board [Tc Ts 7d 7s Qh]
Seat 1: Ferroetigni (big blind) folded before Flop
Seat 2: bikli (button) collected (180)
Seat 3: Mahu2021 (small blind) folded on the River



PokerStars Hand #243275357529: Tournament #3581683435, $0.92+$0.08 USD Hold'em No Limit - Level II (15/30) - 2023/04/23 21:24:00 CET [2023/04/23 15:24:00 ET]
Table '3581683435 1' 3-max Seat #3 is the button
Seat 1: Ferroetigni (320 in chips) 
Seat 2: bikli (560 in chips) 
Seat 3: Mahu2021 (620 in chips) 
Ferroetigni: posts small blind 15
bikli: posts big blind 30
*** HOLE CARDS ***
Dealt to Mahu2021 [4d Td]
Mahu2021: folds 
Ferroetigni: raises 290 to 320 and is all-in
bikli: folds 
Uncalled bet (290) returned to Ferroetigni
Ferroetigni collected 60 from pot
Ferroetigni: doesn't show hand 
*** SUMMARY ***
Total pot 60 | Rake 0 
Seat 1: Ferroetigni (small blind) collected (60)
Seat 2: bikli (big blind) folded before Flop
Seat 3: Mahu2021 (button) folded before Flop (didn't bet)



PokerStars Hand #243275361583: Tournament #3581683435, $0.92+$0.08 USD Hold'em No Limit - Level II (15/30) - 2023/04/23 21:24:08 CET [2023/04/23 15:24:08 ET]
Table '3581683435 1' 3-max Seat #1 is the button
Seat 1: Ferroetigni (350 in chips) 
Seat 2: bikli (530 in chips) 
Seat 3: Mahu2021 (620 in chips) 
bikli: posts small blind 15
Mahu2021: posts big blind 30
*** HOLE CARDS ***
Dealt to Mahu2021 [3d 9h]
Ferroetigni: folds 
bikli: folds 
Uncalled bet (15) returned to Mahu2021
Mahu2021 collected 30 from pot
Mahu2021: doesn't show hand 
*** SUMMARY ***
Total pot 30 | Rake 0 
Seat 1: Ferroetigni (button) folded before Flop (didn't bet)
Seat 2: bikli (small blind) folded before Flop
Seat 3: Mahu2021 (big blind) collected (30)



PokerStars Hand #243275366374: Tournament #3581683435, $0.92+$0.08 USD Hold'em No Limit - Level II (15/30) - 2023/04/23 21:24:18 CET [2023/04/23 15:24:18 ET]
Table '3581683435 1' 3-max Seat #2 is the button
Seat 1: Ferroetigni (350 in chips) 
Seat 2: bikli (515 in chips) 
Seat 3: Mahu2021 (635 in chips) 
Mahu2021: posts small blind 15
Ferroetigni: posts big blind 30
*** HOLE CARDS ***
Dealt to Mahu2021 [Td 3d]
bikli: folds 
Mahu2021: calls 15
Ferroetigni: checks 
*** FLOP *** [2c Ts 6h]
Mahu2021: bets 30
Ferroetigni: folds 
Uncalled bet (30) returned to Mahu2021
Mahu2021 collected 60 from pot
Mahu2021: doesn't show hand 
*** SUMMARY ***
Total pot 60 | Rake 0 
Board [2c Ts 6h]
Seat 1: Ferroetigni (big blind) folded on the Flop
Seat 2: bikli (button) folded before Flop (didn't bet)
Seat 3: Mahu2021 (small blind) collected (60)



PokerStars Hand #243275372329: Tournament #3581683435, $0.92+$0.08 USD Hold'em No Limit - Level II (15/30) - 2023/04/23 21:24:30 CET [2023/04/23 15:24:30 ET]
Table '3581683435 1' 3-max Seat #3 is the button
Seat 1: Ferroetigni (320 in chips) 
Seat 2: bikli (515 in chips) 
Seat 3: Mahu2021 (665 in chips) 
Ferroetigni: posts small blind 15
bikli: posts big blind 30
*** HOLE CARDS ***
Dealt to Mahu2021 [5d Kc]
Mahu2021: folds 
Ferroetigni: folds 
Uncalled bet (15) returned to bikli
bikli collected 30 from pot
bikli: doesn't show hand 
*** SUMMARY ***
Total pot 30 | Rake 0 
Seat 1: Ferroetigni (small blind) folded before Flop
Seat 2: bikli (big blind) collected (30)
Seat 3: Mahu2021 (button) folded before Flop (didn't bet)



PokerStars Hand #243275375207: Tournament #3581683435, $0.92+$0.08 USD Hold'em No Limit - Level II (15/30) - 2023/04/23 21:24:36 CET [2023/04/23 15:24:36 ET]
Table '3581683435 1' 3-max Seat #1 is the button
Seat 1: Ferroetigni (305 in chips) 
Seat 2: bikli (530 in chips) 
Seat 3: Mahu2021 (665 in chips) 
bikli: posts small blind 15
Mahu2021: posts big blind 30
*** HOLE CARDS ***
Dealt to Mahu2021 [Kh 2c]
Ferroetigni: folds 
bikli: folds 
Uncalled bet (15) returned to Mahu2021
Mahu2021 collected 30 from pot
Mahu2021: doesn't show hand 
*** SUMMARY ***
Total pot 30 | Rake 0 
Seat 1: Ferroetigni (button) folded before Flop (didn't bet)
Seat 2: bikli (small blind) folded before Flop
Seat 3: Mahu2021 (big blind) collected (30)



PokerStars Hand #243275377884: Tournament #3581683435, $0.92+$0.08 USD Hold'em No Limit - Level II (15/30) - 2023/04/23 21:24:41 CET [2023/04/23 15:24:41 ET]
Table '3581683435 1' 3-max Seat #2 is the button
Seat 1: Ferroetigni (305 in chips) 
Seat 2: bikli (515 in chips) 
Seat 3: Mahu2021 (680 in chips) 
Mahu2021: posts small blind 15
Ferroetigni: posts big blind 30
*** HOLE CARDS ***
Dealt to Mahu2021 [4h Th]
bikli: raises 30 to 60
Mahu2021: folds 
Ferroetigni: folds 
Uncalled bet (30) returned to bikli
bikli collected 75 from pot
bikli: doesn't show hand 
*** SUMMARY ***
Total pot 75 | Rake 0 
Seat 1: Ferroetigni (big blind) folded before Flop
Seat 2: bikli (button) collected (75)
Seat 3: Mahu2021 (small blind) folded before Flop



PokerStars Hand #243275381622: Tournament #3581683435, $0.92+$0.08 USD Hold'em No Limit - Level II (15/30) - 2023/04/23 21:24:49 CET [2023/04/23 15:24:49 ET]
Table '3581683435 1' 3-max Seat #3 is the button
Seat 1: Ferroetigni (275 in chips) 
Seat 2: bikli (560 in chips) 
Seat 3: Mahu2021 (665 in chips) 
Ferroetigni: posts small blind 15
bikli: posts big blind 30
*** HOLE CARDS ***
Dealt to Mahu2021 [3c Qh]
Mahu2021: folds 
Ferroetigni: calls 15
bikli: checks 
*** FLOP *** [4c 6s 2c]
Ferroetigni: bets 30
bikli: folds 
Uncalled bet (30) returned to Ferroetigni
Ferroetigni collected 60 from pot
Ferroetigni: doesn't show hand 
*** SUMMARY ***
Total pot 60 | Rake 0 
Board [4c 6s 2c]
Seat 1: Ferroetigni (small blind) collected (60)
Seat 2: bikli (big blind) folded on the Flop
Seat 3: Mahu2021 (button) folded before Flop (didn't bet)



PokerStars Hand #243275387304: Tournament #3581683435, $0.92+$0.08 USD Hold'em No Limit - Level II (15/30) - 2023/04/23 21:25:00 CET [2023/04/23 15:25:00 ET]
Table '3581683435 1' 3-max Seat #1 is the button
Seat 1: Ferroetigni (305 in chips) 
Seat 2: bikli (530 in chips) 
Seat 3: Mahu2021 (665 in chips) 
bikli: posts small blind 15
Mahu2021: posts big blind 30
*** HOLE CARDS ***
Dealt to Mahu2021 [8d Jh]
Ferroetigni: raises 275 to 305 and is all-in
bikli: folds 
Mahu2021: folds 
Uncalled bet (275) returned to Ferroetigni
Ferroetigni collected 75 from pot
Ferroetigni: doesn't show hand 
*** SUMMARY ***
Total pot 75 | Rake 0 
Seat 1: Ferroetigni (button) collected (75)
Seat 2: bikli (small blind) folded before Flop
Seat 3: Mahu2021 (big blind) folded before Flop



PokerStars Hand #243275390642: Tournament #3581683435, $0.92+$0.08 USD Hold'em No Limit - Level II (15/30) - 2023/04/23 21:25:07 CET [2023/04/23 15:25:07 ET]
Table '3581683435 1' 3-max Seat #2 is the button
Seat 1: Ferroetigni (350 in chips) 
Seat 2: bikli (515 in chips) 
Seat 3: Mahu2021 (635 in chips) 
Mahu2021: posts small blind 15
Ferroetigni: posts big blind 30
*** HOLE CARDS ***
Dealt to Mahu2021 [5d Ah]
bikli: folds 
Mahu2021: calls 15
Ferroetigni: checks 
*** FLOP *** [7c 8s 7d]
Mahu2021: bets 30
Ferroetigni: calls 30
*** TURN *** [7c 8s 7d] [9h]
Mahu2021: checks 
Ferroetigni: checks 
*** RIVER *** [7c 8s 7d 9h] [9d]
Mahu2021: checks 
Ferroetigni: checks 
*** SHOW DOWN ***
Mahu2021: shows [5d Ah] (two pair, Nines and Sevens)
Ferroetigni: shows [5h 8d] (two pair, Nines and Eights)
Ferroetigni collected 120 from pot
*** SUMMARY ***
Total pot 120 | Rake 0 
Board [7c 8s 7d 9h 9d]
Seat 1: Ferroetigni (big blind) showed [5h 8d] and won (120) with two pair, Nines and Eights
Seat 2: bikli (button) folded before Flop (didn't bet)
Seat 3: Mahu2021 (small blind) showed [5d Ah] and lost with two pair, Nines and Sevens



PokerStars Hand #243275401478: Tournament #3581683435, $0.92+$0.08 USD Hold'em No Limit - Level II (15/30) - 2023/04/23 21:25:29 CET [2023/04/23 15:25:29 ET]
Table '3581683435 1' 3-max Seat #3 is the button
Seat 1: Ferroetigni (410 in chips) 
Seat 2: bikli (515 in chips) 
Seat 3: Mahu2021 (575 in chips) 
Ferroetigni: posts small blind 15
bikli: posts big blind 30
*** HOLE CARDS ***
Dealt to Mahu2021 [8c 7h]
Mahu2021: calls 30
Ferroetigni: calls 15
bikli: checks 
*** FLOP *** [Kh 4s 8h]
Ferroetigni: checks 
bikli: checks 
Mahu2021: bets 60
Ferroetigni: folds 
bikli: folds 
Uncalled bet (60) returned to Mahu2021
Mahu2021 collected 90 from pot
Mahu2021: doesn't show hand 
*** SUMMARY ***
Total pot 90 | Rake 0 
Board [Kh 4s 8h]
Seat 1: Ferroetigni (small blind) folded on the Flop
Seat 2: bikli (big blind) folded on the Flop
Seat 3: Mahu2021 (button) collected (90)



PokerStars Hand #243275411199: Tournament #3581683435, $0.92+$0.08 USD Hold'em No Limit - Level II (15/30) - 2023/04/23 21:25:48 CET [2023/04/23 15:25:48 ET]
Table '3581683435 1' 3-max Seat #1 is the button
Seat 1: Ferroetigni (380 in chips) 
Seat 2: bikli (485 in chips) 
Seat 3: Mahu2021 (635 in chips) 
bikli: posts small blind 15
Mahu2021: posts big blind 30
*** HOLE CARDS ***
Dealt to Mahu2021 [8s 6s]
Ferroetigni: folds 
bikli: folds 
Uncalled bet (15) returned to Mahu2021
Mahu2021 collected 30 from pot
Mahu2021: doesn't show hand 
*** SUMMARY ***
Total pot 30 | Rake 0 
Seat 1: Ferroetigni (button) folded before Flop (didn't bet)
Seat 2: bikli (small blind) folded before Flop
Seat 3: Mahu2021 (big blind) collected (30)



PokerStars Hand #243275413551: Tournament #3581683435, $0.92+$0.08 USD Hold'em No Limit - Level II (15/30) - 2023/04/23 21:25:53 CET [2023/04/23 15:25:53 ET]
Table '3581683435 1' 3-max Seat #2 is the button
Seat 1: Ferroetigni (380 in chips) 
Seat 2: bikli (470 in chips) 
Seat 3: Mahu2021 (650 in chips) 
Mahu2021: posts small blind 15
Ferroetigni: posts big blind 30
*** HOLE CARDS ***
Dealt to Mahu2021 [Jd 3h]
bikli: calls 30
Mahu2021: calls 15
Ferroetigni: checks 
*** FLOP *** [As 8s 2s]
Mahu2021: checks 
Ferroetigni: checks 
bikli: checks 
*** TURN *** [As 8s 2s] [8h]
Mahu2021: checks 
Ferroetigni: bets 60
bikli: calls 60
Mahu2021: folds 
*** RIVER *** [As 8s 2s 8h] [Jh]
Ferroetigni: bets 157
bikli: calls 157
*** SHOW DOWN ***
Ferroetigni: shows [Ks 3s] (a flush, Ace high)
bikli: mucks hand 
Ferroetigni collected 524 from pot
*** SUMMARY ***
Total pot 524 | Rake 0 
Board [As 8s 2s 8h Jh]
Seat 1: Ferroetigni (big blind) showed [Ks 3s] and won (524) with a flush, Ace high
Seat 2: bikli (button) mucked [Qc 8c]
Seat 3: Mahu2021 (small blind) folded on the Turn



PokerStars Hand #243275427328: Tournament #3581683435, $0.92+$0.08 USD Hold'em No Limit - Level II (15/30) - 2023/04/23 21:26:21 CET [2023/04/23 15:26:21 ET]
Table '3581683435 1' 3-max Seat #3 is the button
Seat 1: Ferroetigni (657 in chips) 
Seat 2: bikli (223 in chips) 
Seat 3: Mahu2021 (620 in chips) 
Ferroetigni: posts small blind 15
bikli: posts big blind 30
*** HOLE CARDS ***
Dealt to Mahu2021 [Tc 4s]
Mahu2021: folds 
Ferroetigni: folds 
Uncalled bet (15) returned to bikli
bikli collected 30 from pot
bikli: doesn't show hand 
*** SUMMARY ***
Total pot 30 | Rake 0 
Seat 1: Ferroetigni (small blind) folded before Flop
Seat 2: bikli (big blind) collected (30)
Seat 3: Mahu2021 (button) folded before Flop (didn't bet)



PokerStars Hand #243275429869: Tournament #3581683435, $0.92+$0.08 USD Hold'em No Limit - Level II (15/30) - 2023/04/23 21:26:26 CET [2023/04/23 15:26:26 ET]
Table '3581683435 1' 3-max Seat #1 is the button
Seat 1: Ferroetigni (642 in chips) 
Seat 2: bikli (238 in chips) 
Seat 3: Mahu2021 (620 in chips) 
bikli: posts small blind 15
Mahu2021: posts big blind 30
*** HOLE CARDS ***
Dealt to Mahu2021 [5d Td]
Ferroetigni: folds 
bikli: calls 15
Mahu2021: checks 
*** FLOP *** [2d Jc Qs]
bikli: checks 
Mahu2021: checks 
*** TURN *** [2d Jc Qs] [7s]
bikli: checks 
Mahu2021: checks 
*** RIVER *** [2d Jc Qs 7s] [Kd]
bikli: checks 
Mahu2021: bets 60
bikli: folds 
Uncalled bet (60) returned to Mahu2021
Mahu2021 collected 60 from pot
Mahu2021: doesn't show hand 
*** SUMMARY ***
Total pot 60 | Rake 0 
Board [2d Jc Qs 7s Kd]
Seat 1: Ferroetigni (button) folded before Flop (didn't bet)
Seat 2: bikli (small blind) folded on the River
Seat 3: Mahu2021 (big blind) collected (60)



PokerStars Hand #243275439110: Tournament #3581683435, $0.92+$0.08 USD Hold'em No Limit - Level III (20/40) - 2023/04/23 21:26:45 CET [2023/04/23 15:26:45 ET]
Table '3581683435 1' 3-max Seat #2 is the button
Seat 1: Ferroetigni (642 in chips) 
Seat 2: bikli (208 in chips) 
Seat 3: Mahu2021 (650 in chips) 
Mahu2021: posts small blind 20
Ferroetigni: posts big blind 40
*** HOLE CARDS ***
Dealt to Mahu2021 [7c Kd]
bikli: folds 
Mahu2021: calls 20
Ferroetigni: checks 
*** FLOP *** [8h 4d Qh]
Mahu2021: checks 
Ferroetigni: checks 
*** TURN *** [8h 4d Qh] [4c]
Mahu2021: bets 40
Ferroetigni: folds 
Uncalled bet (40) returned to Mahu2021
Mahu2021 collected 80 from pot
Mahu2021: doesn't show hand 
*** SUMMARY ***
Total pot 80 | Rake 0 
Board [8h 4d Qh 4c]
Seat 1: Ferroetigni (big blind) folded on the Turn
Seat 2: bikli (button) folded before Flop (didn't bet)
Seat 3: Mahu2021 (small blind) collected (80)



PokerStars Hand #243275447085: Tournament #3581683435, $0.92+$0.08 USD Hold'em No Limit - Level III (20/40) - 2023/04/23 21:27:01 CET [2023/04/23 15:27:01 ET]
Table '3581683435 1' 3-max Seat #3 is the button
Seat 1: Ferroetigni (602 in chips) 
Seat 2: bikli (208 in chips) 
Seat 3: Mahu2021 (690 in chips) 
Ferroetigni: posts small blind 20
bikli: posts big blind 40
*** HOLE CARDS ***
Dealt to Mahu2021 [Qs 2h]
Mahu2021: folds 
Ferroetigni: folds 
Uncalled bet (20) returned to bikli
bikli collected 40 from pot
bikli: doesn't show hand 
*** SUMMARY ***
Total pot 40 | Rake 0 
Seat 1: Ferroetigni (small blind) folded before Flop
Seat 2: bikli (big blind) collected (40)
Seat 3: Mahu2021 (button) folded before Flop (didn't bet)



PokerStars Hand #243275450197: Tournament #3581683435, $0.92+$0.08 USD Hold'em No Limit - Level III (20/40) - 2023/04/23 21:27:07 CET [2023/04/23 15:27:07 ET]
Table '3581683435 1' 3-max Seat #1 is the button
Seat 1: Ferroetigni (582 in chips) 
Seat 2: bikli (228 in chips) 
Seat 3: Mahu2021 (690 in chips) 
bikli: posts small blind 20
Mahu2021: posts big blind 40
*** HOLE CARDS ***
Dealt to Mahu2021 [As 5h]
Ferroetigni: raises 542 to 582 and is all-in
bikli: folds 
Mahu2021: folds 
Uncalled bet (542) returned to Ferroetigni
Ferroetigni collected 100 from pot
Ferroetigni: doesn't show hand 
*** SUMMARY ***
Total pot 100 | Rake 0 
Seat 1: Ferroetigni (button) collected (100)
Seat 2: bikli (small blind) folded before Flop
Seat 3: Mahu2021 (big blind) folded before Flop



PokerStars Hand #243275454205: Tournament #3581683435, $0.92+$0.08 USD Hold'em No Limit - Level III (20/40) - 2023/04/23 21:27:15 CET [2023/04/23 15:27:15 ET]
Table '3581683435 1' 3-max Seat #2 is the button
Seat 1: Ferroetigni (642 in chips) 
Seat 2: bikli (208 in chips) 
Seat 3: Mahu2021 (650 in chips) 
Mahu2021: posts small blind 20
Ferroetigni: posts big blind 40
*** HOLE CARDS ***
Dealt to Mahu2021 [8c Qs]
bikli: folds 
Mahu2021: calls 20
Ferroetigni: raises 80 to 120
Mahu2021: calls 80
*** FLOP *** [4h Kd Jh]
Mahu2021: checks 
Ferroetigni: checks 
*** TURN *** [4h Kd Jh] [3h]
Mahu2021: bets 80
Ferroetigni: calls 80
*** RIVER *** [4h Kd Jh 3h] [5h]
Mahu2021: bets 400
Ferroetigni: calls 400
*** SHOW DOWN ***
Mahu2021: shows [8c Qs] (high card King)
Ferroetigni: shows [Tc Th] (a flush, Jack high)
Ferroetigni collected 1200 from pot
*** SUMMARY ***
Total pot 1200 | Rake 0 
Board [4h Kd Jh 3h 5h]
Seat 1: Ferroetigni (big blind) showed [Tc Th] and won (1200) with a flush, Jack high
Seat 2: bikli (button) folded before Flop (didn't bet)
Seat 3: Mahu2021 (small blind) showed [8c Qs] and lost with high card King



PokerStars Hand #243275465075: Tournament #3581683435, $0.92+$0.08 USD Hold'em No Limit - Level III (20/40) - 2023/04/23 21:27:38 CET [2023/04/23 15:27:38 ET]
Table '3581683435 1' 3-max Seat #3 is the button
Seat 1: Ferroetigni (1242 in chips) 
Seat 2: bikli (208 in chips) 
Seat 3: Mahu2021 (50 in chips) 
Ferroetigni: posts small blind 20
bikli: posts big blind 40
*** HOLE CARDS ***
Dealt to Mahu2021 [Ac 6h]
Mahu2021: raises 10 to 50 and is all-in
Ferroetigni: raises 1192 to 1242 and is all-in
bikli: folds 
Uncalled bet (1192) returned to Ferroetigni
*** FLOP *** [3h 7s 8h]
*** TURN *** [3h 7s 8h] [2c]
*** RIVER *** [3h 7s 8h 2c] [Qh]
*** SHOW DOWN ***
Ferroetigni: shows [Ts Ad] (high card Ace)
Mahu2021: shows [Ac 6h] (high card Ace - lower kicker)
Ferroetigni collected 140 from pot
Mahu2021 finished the tournament in 3rd place
*** SUMMARY ***
Total pot 140 | Rake 0 
Board [3h 7s 8h 2c Qh]
Seat 1: Ferroetigni (small blind) showed [Ts Ad] and won (140) with high card Ace
Seat 2: bikli (big blind) folded before Flop
Seat 3: Mahu2021 (button) showed [Ac 6h] and lost with high card Ace



