PokerStars Zoom Hand #254499210558:  Hold'em No Limit ($0.05/$0.10) - 2025/01/22 16:04:03 CET [2025/01/22 10:04:03 ET]
Table 'Aludra' 6-max Seat #1 is the button
Seat 1: masa2929 ($8.59 in chips) 
Seat 2: sinister_mogi ($10.27 in chips) 
Seat 3: Mahu2021 ($10 in chips) 
Seat 4: ji6413 ($12.88 in chips) 
Seat 5: Fishpoker17 ($13.54 in chips) 
Seat 6: Vadim91_blr ($10.28 in chips) 
sinister_mogi: posts small blind $0.05
Mahu2021: posts big blind $0.10
*** HOLE CARDS ***
Dealt to Mahu2021 [4s Ks]
ji6413: folds 
Fishpoker17: folds 
Vadim91_blr: raises $0.10 to $0.20
masa2929: folds 
sinister_mogi: folds 
Mahu2021: calls $0.10
*** FLOP *** [7d Ah 8c]
Mahu2021: checks 
Vadim91_blr: checks 
*** TURN *** [7d Ah 8c] [Kc]
Mahu2021: checks 
Vadim91_blr: checks 
*** RIVER *** [7d Ah 8c Kc] [2d]
Mahu2021: bets $0.20
Vadim91_blr: folds 
Uncalled bet ($0.20) returned to Mahu2021
Mahu2021 collected $0.43 from pot
Mahu2021: doesn't show hand 
*** SUMMARY ***
Total pot $0.45 | Rake $0.02 
Board [7d Ah 8c Kc 2d]
Seat 1: masa2929 (button) folded before Flop (didn't bet)
Seat 2: sinister_mogi (small blind) folded before Flop
Seat 3: Mahu2021 (big blind) collected ($0.43)
Seat 4: ji6413 folded before Flop (didn't bet)
Seat 5: Fishpoker17 folded before Flop (didn't bet)
Seat 6: Vadim91_blr folded on the River



PokerStars Zoom Hand #254499216687:  Hold'em No Limit ($0.05/$0.10) - 2025/01/22 16:04:36 CET [2025/01/22 10:04:36 ET]
Table 'Aludra' 6-max Seat #1 is the button
Seat 1: assuncaogu ($11.08 in chips) 
Seat 2: Mahu2021 ($10.23 in chips) 
Seat 3: Vadim91_blr ($10.83 in chips) 
Seat 4: drobo-bos ($9.64 in chips) 
Seat 5: PNSalgado ($11.61 in chips) 
Seat 6: Shehe4 ($12.58 in chips) 
Mahu2021: posts small blind $0.05
Vadim91_blr: posts big blind $0.10
*** HOLE CARDS ***
Dealt to Mahu2021 [6d 9h]
drobo-bos: folds 
PNSalgado: folds 
Shehe4: folds 
assuncaogu: folds 
Mahu2021: folds 
Uncalled bet ($0.05) returned to Vadim91_blr
Vadim91_blr collected $0.10 from pot
Vadim91_blr: doesn't show hand 
*** SUMMARY ***
Total pot $0.10 | Rake $0 
Seat 1: assuncaogu (button) folded before Flop (didn't bet)
Seat 2: Mahu2021 (small blind) folded before Flop
Seat 3: Vadim91_blr (big blind) collected ($0.10)
Seat 4: drobo-bos folded before Flop (didn't bet)
Seat 5: PNSalgado folded before Flop (didn't bet)
Seat 6: Shehe4 folded before Flop (didn't bet)



PokerStars Zoom Hand #254499218233:  Hold'em No Limit ($0.05/$0.10) - 2025/01/22 16:04:44 CET [2025/01/22 10:04:44 ET]
Table 'Aludra' 6-max Seat #1 is the button
Seat 1: Gobi000 ($10.08 in chips) 
Seat 2: Mahu2021 ($10.18 in chips) 
Seat 3: kloniss ($23.50 in chips) 
Seat 4: ji6413 ($13.67 in chips) 
Seat 5: AllMenMstSrv ($17.29 in chips) 
Seat 6: PNSalgado ($16.76 in chips) 
Mahu2021: posts small blind $0.05
kloniss: posts big blind $0.10
*** HOLE CARDS ***
Dealt to Mahu2021 [5h 4h]
ji6413: folds 
AllMenMstSrv: folds 
PNSalgado: folds 
Gobi000: folds 
Mahu2021: raises $0.20 to $0.30
kloniss: folds 
Uncalled bet ($0.20) returned to Mahu2021
Mahu2021 collected $0.20 from pot
Mahu2021: doesn't show hand 
*** SUMMARY ***
Total pot $0.20 | Rake $0 
Seat 1: Gobi000 (button) folded before Flop (didn't bet)
Seat 2: Mahu2021 (small blind) collected ($0.20)
Seat 3: kloniss (big blind) folded before Flop
Seat 4: ji6413 folded before Flop (didn't bet)
Seat 5: AllMenMstSrv folded before Flop (didn't bet)
Seat 6: PNSalgado folded before Flop (didn't bet)



PokerStars Zoom Hand #254499217451:  Hold'em No Limit ($0.05/$0.10) - 2025/01/22 16:04:40 CET [2025/01/22 10:04:40 ET]
Table 'Aludra' 6-max Seat #1 is the button
Seat 1: Mahu2021 ($10.18 in chips) 
Seat 2: drobo-bos ($9.64 in chips) 
Seat 3: Belphegor228 ($17.10 in chips) 
Seat 4: Gregory.M23 ($10.85 in chips) 
Seat 5: geo3pokerr ($7.34 in chips) 
Seat 6: coolio1984 ($10 in chips) 
drobo-bos: posts small blind $0.05
Belphegor228: posts big blind $0.10
*** HOLE CARDS ***
Dealt to Mahu2021 [8s 2c]
Gregory.M23: folds 
geo3pokerr: folds 
coolio1984: folds 
Mahu2021: folds 
drobo-bos: raises $0.15 to $0.25
Belphegor228: calls $0.15
*** FLOP *** [As 2d Td]
drobo-bos: bets $0.34
Belphegor228: calls $0.34
*** TURN *** [As 2d Td] [4c]
drobo-bos: bets $0.93
Belphegor228: calls $0.93
*** RIVER *** [As 2d Td 4c] [6h]
drobo-bos: bets $1.75
Belphegor228: calls $1.75
*** SHOW DOWN ***
drobo-bos: shows [Ah Jd] (a pair of Aces)
Belphegor228: mucks hand 
drobo-bos collected $6.25 from pot
*** SUMMARY ***
Total pot $6.54 | Rake $0.29 
Board [As 2d Td 4c 6h]
Seat 1: Mahu2021 (button) folded before Flop (didn't bet)
Seat 2: drobo-bos (small blind) showed [Ah Jd] and won ($6.25) with a pair of Aces
Seat 3: Belphegor228 (big blind) mucked [Tc 9h]
Seat 4: Gregory.M23 folded before Flop (didn't bet)
Seat 5: geo3pokerr folded before Flop (didn't bet)
Seat 6: coolio1984 folded before Flop (didn't bet)



PokerStars Zoom Hand #254499220451:  Hold'em No Limit ($0.05/$0.10) - 2025/01/22 16:04:55 CET [2025/01/22 10:04:55 ET]
Table 'Aludra' 6-max Seat #1 is the button
Seat 1: BigG2882 ($9.92 in chips) 
Seat 2: Jayce230308 ($10 in chips) 
Seat 3: Mahu2021 ($10.28 in chips) 
Seat 4: Shehe4 ($12.48 in chips) 
Seat 5: osfp7john ($50.16 in chips) 
Seat 6: hiding.by ($12.44 in chips) 
Jayce230308: posts small blind $0.05
Mahu2021: posts big blind $0.10
*** HOLE CARDS ***
Dealt to Mahu2021 [4h Qd]
Shehe4: folds 
osfp7john: raises $0.10 to $0.20
hiding.by: calls $0.20
BigG2882: calls $0.20
Jayce230308: folds 
Mahu2021: folds 
*** FLOP *** [9s 2h Jd]
osfp7john: checks 
hiding.by: checks 
BigG2882: bets $0.36
osfp7john: calls $0.36
hiding.by: calls $0.36
*** TURN *** [9s 2h Jd] [Kh]
osfp7john: checks 
hiding.by: checks 
BigG2882: checks 
*** RIVER *** [9s 2h Jd Kh] [3s]
osfp7john: bets $1.31
hiding.by: folds 
BigG2882: folds 
Uncalled bet ($1.31) returned to osfp7john
osfp7john collected $1.75 from pot
osfp7john: doesn't show hand 
*** SUMMARY ***
Total pot $1.83 | Rake $0.08 
Board [9s 2h Jd Kh 3s]
Seat 1: BigG2882 (button) folded on the River
Seat 2: Jayce230308 (small blind) folded before Flop
Seat 3: Mahu2021 (big blind) folded before Flop
Seat 4: Shehe4 folded before Flop (didn't bet)
Seat 5: osfp7john collected ($1.75)
Seat 6: hiding.by folded on the River



PokerStars Zoom Hand #254499222315:  Hold'em No Limit ($0.05/$0.10) - 2025/01/22 16:05:05 CET [2025/01/22 10:05:05 ET]
Table 'Aludra' 6-max Seat #1 is the button
Seat 1: TSC1511 ($10.35 in chips) 
Seat 2: Cyborg_0113 ($10.20 in chips) 
Seat 3: dsanchez11 ($11.28 in chips) 
Seat 4: kato-2003 ($10 in chips) 
Seat 5: HHI34 ($16.07 in chips) 
Seat 6: Mahu2021 ($10.18 in chips) 
Cyborg_0113: posts small blind $0.05
dsanchez11: posts big blind $0.10
*** HOLE CARDS ***
Dealt to Mahu2021 [Jh Ah]
kato-2003: folds 
HHI34: folds 
Mahu2021: raises $0.14 to $0.24
TSC1511: folds 
Cyborg_0113: folds 
dsanchez11: raises $0.96 to $1.20
Mahu2021: calls $0.96
*** FLOP *** [4h 4s 5s]
dsanchez11: checks 
Mahu2021: bets $1
dsanchez11: raises $9.08 to $10.08 and is all-in
Mahu2021: folds 
Uncalled bet ($9.08) returned to dsanchez11
dsanchez11 collected $4.25 from pot
dsanchez11: doesn't show hand 
*** SUMMARY ***
Total pot $4.45 | Rake $0.20 
Board [4h 4s 5s]
Seat 1: TSC1511 (button) folded before Flop (didn't bet)
Seat 2: Cyborg_0113 (small blind) folded before Flop
Seat 3: dsanchez11 (big blind) collected ($4.25)
Seat 4: kato-2003 folded before Flop (didn't bet)
Seat 5: HHI34 folded before Flop (didn't bet)
Seat 6: Mahu2021 folded on the Flop



PokerStars Zoom Hand #254499233854:  Hold'em No Limit ($0.05/$0.10) - 2025/01/22 16:06:06 CET [2025/01/22 10:06:06 ET]
Table 'Aludra' 6-max Seat #1 is the button
Seat 1: lukyanchuk83 ($11.28 in chips) 
Seat 2: HHI34 ($17.49 in chips) 
Seat 3: acvbhnet ($10.60 in chips) 
Seat 4: Jayce230308 ($10 in chips) 
Seat 5: Mahu2021 ($7.98 in chips) 
Seat 6: tabo483 ($10.91 in chips) 
HHI34: posts small blind $0.05
acvbhnet: posts big blind $0.10
*** HOLE CARDS ***
Dealt to Mahu2021 [6h 6s]
Jayce230308: raises $0.10 to $0.20
Mahu2021: calls $0.20
tabo483: folds 
lukyanchuk83: raises $1 to $1.20
HHI34: folds 
acvbhnet: folds 
Jayce230308: folds 
Mahu2021: folds 
Uncalled bet ($1) returned to lukyanchuk83
lukyanchuk83 collected $0.75 from pot
lukyanchuk83: doesn't show hand 
*** SUMMARY ***
Total pot $0.75 | Rake $0 
Seat 1: lukyanchuk83 (button) collected ($0.75)
Seat 2: HHI34 (small blind) folded before Flop
Seat 3: acvbhnet (big blind) folded before Flop
Seat 4: Jayce230308 folded before Flop
Seat 5: Mahu2021 folded before Flop
Seat 6: tabo483 folded before Flop (didn't bet)



PokerStars Zoom Hand #254499236005:  Hold'em No Limit ($0.05/$0.10) - 2025/01/22 16:06:17 CET [2025/01/22 10:06:17 ET]
Table 'Aludra' 6-max Seat #1 is the button
Seat 1: Mahu2021 ($7.78 in chips) 
Seat 2: coolio1984 ($16.70 in chips) 
Seat 3: bachiko29 ($10.32 in chips) 
Seat 4: Belphegor228 ($8.23 in chips) 
Seat 5: Sao77 ($10 in chips) 
Seat 6: Gobi000 ($10 in chips) 
coolio1984: posts small blind $0.05
bachiko29: posts big blind $0.10
*** HOLE CARDS ***
Dealt to Mahu2021 [4s 3s]
Belphegor228: folds 
Sao77: folds 
Gobi000: folds 
Mahu2021: raises $0.20 to $0.30
coolio1984: folds 
bachiko29: raises $1.20 to $1.50
Mahu2021: folds 
Uncalled bet ($1.20) returned to bachiko29
bachiko29 collected $0.65 from pot
bachiko29: doesn't show hand 
*** SUMMARY ***
Total pot $0.65 | Rake $0 
Seat 1: Mahu2021 (button) folded before Flop
Seat 2: coolio1984 (small blind) folded before Flop
Seat 3: bachiko29 (big blind) collected ($0.65)
Seat 4: Belphegor228 folded before Flop (didn't bet)
Seat 5: Sao77 folded before Flop (didn't bet)
Seat 6: Gobi000 folded before Flop (didn't bet)



PokerStars Zoom Hand #254499241245:  Hold'em No Limit ($0.05/$0.10) - 2025/01/22 16:06:46 CET [2025/01/22 10:06:46 ET]
Table 'Aludra' 6-max Seat #1 is the button
Seat 1: yossarian51 ($8.06 in chips) 
Seat 2: Footraiser ($16.13 in chips) 
Seat 3: d-play250987 ($10.59 in chips) 
Seat 4: geo3pokerr ($6.74 in chips) 
Seat 5: maciejass83 ($10.23 in chips) 
Seat 6: Mahu2021 ($7.48 in chips) 
Footraiser: posts small blind $0.05
d-play250987: posts big blind $0.10
*** HOLE CARDS ***
Dealt to Mahu2021 [5c 9h]
geo3pokerr: folds 
maciejass83: folds 
Mahu2021: folds 
yossarian51: folds 
Footraiser: folds 
Uncalled bet ($0.05) returned to d-play250987
d-play250987 collected $0.10 from pot
d-play250987: doesn't show hand 
*** SUMMARY ***
Total pot $0.10 | Rake $0 
Seat 1: yossarian51 (button) folded before Flop (didn't bet)
Seat 2: Footraiser (small blind) folded before Flop
Seat 3: d-play250987 (big blind) collected ($0.10)
Seat 4: geo3pokerr folded before Flop (didn't bet)
Seat 5: maciejass83 folded before Flop (didn't bet)
Seat 6: Mahu2021 folded before Flop (didn't bet)



PokerStars Zoom Hand #254499240263:  Hold'em No Limit ($0.05/$0.10) - 2025/01/22 16:06:40 CET [2025/01/22 10:06:40 ET]
Table 'Aludra' 6-max Seat #1 is the button
Seat 1: coolio1984 ($19.08 in chips) 
Seat 2: Danielitoosk ($34.15 in chips) 
Seat 3: DrHugoLarsen ($7.19 in chips) 
Seat 4: Mahu2021 ($7.48 in chips) 
Seat 5: foggz ($23.12 in chips) 
Seat 6: Vadim91_blr ($10.88 in chips) 
Danielitoosk: posts small blind $0.05
DrHugoLarsen: posts big blind $0.10
*** HOLE CARDS ***
Dealt to Mahu2021 [8c Jc]
Mahu2021: folds 
foggz: folds 
Vadim91_blr: raises $0.10 to $0.20
coolio1984: folds 
Danielitoosk: folds 
DrHugoLarsen: folds 
Uncalled bet ($0.10) returned to Vadim91_blr
Vadim91_blr collected $0.25 from pot
Vadim91_blr: doesn't show hand 
*** SUMMARY ***
Total pot $0.25 | Rake $0 
Seat 1: coolio1984 (button) folded before Flop (didn't bet)
Seat 2: Danielitoosk (small blind) folded before Flop
Seat 3: DrHugoLarsen (big blind) folded before Flop
Seat 4: Mahu2021 folded before Flop (didn't bet)
Seat 5: foggz folded before Flop (didn't bet)
Seat 6: Vadim91_blr collected ($0.25)



PokerStars Zoom Hand #254499241960:  Hold'em No Limit ($0.05/$0.10) - 2025/01/22 16:06:49 CET [2025/01/22 10:06:49 ET]
Table 'Aludra' 6-max Seat #1 is the button
Seat 1: tabo483 ($25.43 in chips) 
Seat 2: dingdongitsme ($10 in chips) 
Seat 3: Footraiser ($16.08 in chips) 
Seat 4: Cyborg_0113 ($10.79 in chips) 
Seat 5: Mahu2021 ($7.48 in chips) 
Seat 6: Smashadabass ($24.53 in chips) 
dingdongitsme: posts small blind $0.05
Footraiser: posts big blind $0.10
*** HOLE CARDS ***
Dealt to Mahu2021 [Kc 7d]
Cyborg_0113: raises $0.12 to $0.22
Mahu2021: folds 
Smashadabass: folds 
tabo483: folds 
dingdongitsme: folds 
Footraiser: folds 
Uncalled bet ($0.12) returned to Cyborg_0113
Cyborg_0113 collected $0.25 from pot
Cyborg_0113: doesn't show hand 
*** SUMMARY ***
Total pot $0.25 | Rake $0 
Seat 1: tabo483 (button) folded before Flop (didn't bet)
Seat 2: dingdongitsme (small blind) folded before Flop
Seat 3: Footraiser (big blind) folded before Flop
Seat 4: Cyborg_0113 collected ($0.25)
Seat 5: Mahu2021 folded before Flop (didn't bet)
Seat 6: Smashadabass folded before Flop (didn't bet)



PokerStars Zoom Hand #254499249027:  Hold'em No Limit ($0.05/$0.10) - 2025/01/22 16:07:26 CET [2025/01/22 10:07:26 ET]
Table 'Aludra' 6-max Seat #1 is the button
Seat 1: 1-9-9-0.-.ch ($10.53 in chips) 
Seat 2: Mahu2021 ($7.38 in chips) 
Seat 3: Vadim91_blr ($10.10 in chips) 
Seat 4: Calvis_lol ($11.48 in chips) 
Seat 5: Shehe4 ($12.78 in chips) 
Seat 6: masa2929 ($10 in chips) 
Mahu2021: posts small blind $0.05
Vadim91_blr: posts big blind $0.10
*** HOLE CARDS ***
Dealt to Mahu2021 [9d 3c]
Calvis_lol: folds 
Shehe4: folds 
masa2929: folds 
1-9-9-0.-.ch: folds 
Mahu2021: folds 
Uncalled bet ($0.05) returned to Vadim91_blr
Vadim91_blr collected $0.10 from pot
Vadim91_blr: doesn't show hand 
*** SUMMARY ***
Total pot $0.10 | Rake $0 
Seat 1: 1-9-9-0.-.ch (button) folded before Flop (didn't bet)
Seat 2: Mahu2021 (small blind) folded before Flop
Seat 3: Vadim91_blr (big blind) collected ($0.10)
Seat 4: Calvis_lol folded before Flop (didn't bet)
Seat 5: Shehe4 folded before Flop (didn't bet)
Seat 6: masa2929 folded before Flop (didn't bet)



PokerStars Zoom Hand #254499242728:  Hold'em No Limit ($0.05/$0.10) - 2025/01/22 16:06:53 CET [2025/01/22 10:06:53 ET]
Table 'Aludra' 6-max Seat #1 is the button
Seat 1: assuncaogu ($16.99 in chips) 
Seat 2: Jayce230308 ($10 in chips) 
Seat 3: Mahu2021 ($7.48 in chips) 
Seat 4: Vadim91_blr ($10.15 in chips) 
Seat 5: dsanchez11 ($21.12 in chips) 
Seat 6: d-play250987 ($9.70 in chips) 
Jayce230308: posts small blind $0.05
Mahu2021: posts big blind $0.10
*** HOLE CARDS ***
Dealt to Mahu2021 [Tc Qs]
Vadim91_blr: folds 
dsanchez11: folds 
d-play250987: folds 
assuncaogu: raises $0.10 to $0.20
Jayce230308: raises $0.80 to $1
Mahu2021: folds 
assuncaogu: folds 
Uncalled bet ($0.80) returned to Jayce230308
Jayce230308 collected $0.50 from pot
Jayce230308: doesn't show hand 
*** SUMMARY ***
Total pot $0.50 | Rake $0 
Seat 1: assuncaogu (button) folded before Flop
Seat 2: Jayce230308 (small blind) collected ($0.50)
Seat 3: Mahu2021 (big blind) folded before Flop
Seat 4: Vadim91_blr folded before Flop (didn't bet)
Seat 5: dsanchez11 folded before Flop (didn't bet)
Seat 6: d-play250987 folded before Flop (didn't bet)



PokerStars Zoom Hand #254499249591:  Hold'em No Limit ($0.05/$0.10) - 2025/01/22 16:07:29 CET [2025/01/22 10:07:29 ET]
Table 'Aludra' 6-max Seat #1 is the button
Seat 1: Mahu2021 ($7.33 in chips) 
Seat 2: Whaleshark97 ($12.70 in chips) 
Seat 3: kato-2003 ($10.60 in chips) 
Seat 4: AllMenMstSrv ($16.44 in chips) 
Seat 5: tabo483 ($25.18 in chips) 
Seat 6: ASENNA76 ($10 in chips) 
Whaleshark97: posts small blind $0.05
kato-2003: posts big blind $0.10
*** HOLE CARDS ***
Dealt to Mahu2021 [3c 7d]
AllMenMstSrv: folds 
tabo483: raises $0.12 to $0.22
ASENNA76: folds 
Mahu2021: folds 
Whaleshark97: folds 
kato-2003: folds 
Uncalled bet ($0.12) returned to tabo483
tabo483 collected $0.25 from pot
tabo483: doesn't show hand 
*** SUMMARY ***
Total pot $0.25 | Rake $0 
Seat 1: Mahu2021 (button) folded before Flop (didn't bet)
Seat 2: Whaleshark97 (small blind) folded before Flop
Seat 3: kato-2003 (big blind) folded before Flop
Seat 4: AllMenMstSrv folded before Flop (didn't bet)
Seat 5: tabo483 collected ($0.25)
Seat 6: ASENNA76 folded before Flop (didn't bet)



PokerStars Zoom Hand #254499251311:  Hold'em No Limit ($0.05/$0.10) - 2025/01/22 16:07:38 CET [2025/01/22 10:07:38 ET]
Table 'Aludra' 6-max Seat #1 is the button
Seat 1: Jayce230308 ($10.30 in chips) 
Seat 2: d-play250987 ($9.75 in chips) 
Seat 3: Yogui_jos ($19.95 in chips) 
Seat 4: ASENNA76 ($10 in chips) 
Seat 5: Mahu2021 ($7.33 in chips) 
Seat 6: Deox666 ($21.89 in chips) 
d-play250987: posts small blind $0.05
Yogui_jos: posts big blind $0.10
*** HOLE CARDS ***
Dealt to Mahu2021 [Kc 3c]
ASENNA76: folds 
Mahu2021: folds 
Deox666: folds 
Jayce230308: raises $0.15 to $0.25
d-play250987: folds 
Yogui_jos: folds 
Uncalled bet ($0.15) returned to Jayce230308
Jayce230308 collected $0.25 from pot
Jayce230308: doesn't show hand 
*** SUMMARY ***
Total pot $0.25 | Rake $0 
Seat 1: Jayce230308 (button) collected ($0.25)
Seat 2: d-play250987 (small blind) folded before Flop
Seat 3: Yogui_jos (big blind) folded before Flop
Seat 4: ASENNA76 folded before Flop (didn't bet)
Seat 5: Mahu2021 folded before Flop (didn't bet)
Seat 6: Deox666 folded before Flop (didn't bet)



PokerStars Zoom Hand #254499252260:  Hold'em No Limit ($0.05/$0.10) - 2025/01/22 16:07:43 CET [2025/01/22 10:07:43 ET]
Table 'Aludra' 6-max Seat #1 is the button
Seat 1: Deox666 ($21.89 in chips) 
Seat 2: acvbhnet ($9.73 in chips) 
Seat 3: PNSalgado ($13.04 in chips) 
Seat 4: Mahu2021 ($7.33 in chips) 
Seat 5: Danielitoosk ($33.35 in chips) 
Seat 6: PabloLee_01 ($10 in chips) 
acvbhnet: posts small blind $0.05
PNSalgado: posts big blind $0.10
*** HOLE CARDS ***
Dealt to Mahu2021 [6c 5s]
Mahu2021: folds 
Danielitoosk: raises $0.10 to $0.20
PabloLee_01: folds 
Deox666: folds 
acvbhnet: raises $0.10 to $0.30
PNSalgado: folds 
Danielitoosk: calls $0.10
*** FLOP *** [2s Qc 7c]
acvbhnet: bets $0.25
Danielitoosk: folds 
Uncalled bet ($0.25) returned to acvbhnet
acvbhnet collected $0.67 from pot
acvbhnet: doesn't show hand 
*** SUMMARY ***
Total pot $0.70 | Rake $0.03 
Board [2s Qc 7c]
Seat 1: Deox666 (button) folded before Flop (didn't bet)
Seat 2: acvbhnet (small blind) collected ($0.67)
Seat 3: PNSalgado (big blind) folded before Flop
Seat 4: Mahu2021 folded before Flop (didn't bet)
Seat 5: Danielitoosk folded on the Flop
Seat 6: PabloLee_01 folded before Flop (didn't bet)



PokerStars Zoom Hand #254499253016:  Hold'em No Limit ($0.05/$0.10) - 2025/01/22 16:07:47 CET [2025/01/22 10:07:47 ET]
Table 'Aludra' 6-max Seat #1 is the button
Seat 1: Jayce230308 ($11.96 in chips) 
Seat 2: Gregory.M23 ($12.36 in chips) 
Seat 3: Mahu2021 ($7.33 in chips) 
Seat 4: cobwobbler ($5.29 in chips) 
Seat 5: Calvis_lol ($11.43 in chips) 
Seat 6: coolio1984 ($18.93 in chips) 
Gregory.M23: posts small blind $0.05
Mahu2021: posts big blind $0.10
*** HOLE CARDS ***
Dealt to Mahu2021 [Td Kd]
cobwobbler: folds 
Calvis_lol: folds 
coolio1984: folds 
Jayce230308: raises $0.15 to $0.25
Gregory.M23: folds 
Mahu2021: calls $0.15
*** FLOP *** [Qc 4h Kh]
Mahu2021: checks 
Jayce230308: bets $0.17
Mahu2021: calls $0.17
*** TURN *** [Qc 4h Kh] [6d]
Mahu2021: checks 
Jayce230308: checks 
*** RIVER *** [Qc 4h Kh 6d] [Ah]
Mahu2021: checks 
Jayce230308: bets $0.43
Mahu2021: folds 
Uncalled bet ($0.43) returned to Jayce230308
Jayce230308 collected $0.85 from pot
Jayce230308: doesn't show hand 
*** SUMMARY ***
Total pot $0.89 | Rake $0.04 
Board [Qc 4h Kh 6d Ah]
Seat 1: Jayce230308 (button) collected ($0.85)
Seat 2: Gregory.M23 (small blind) folded before Flop
Seat 3: Mahu2021 (big blind) folded on the River
Seat 4: cobwobbler folded before Flop (didn't bet)
Seat 5: Calvis_lol folded before Flop (didn't bet)
Seat 6: coolio1984 folded before Flop (didn't bet)



PokerStars Zoom Hand #254499260116:  Hold'em No Limit ($0.05/$0.10) - 2025/01/22 16:08:24 CET [2025/01/22 10:08:24 ET]
Table 'Aludra' 6-max Seat #1 is the button
Seat 1: DesTaZaDoR17 ($8.53 in chips) 
Seat 2: PNSalgado ($15.95 in chips) 
Seat 3: Smashadabass ($20.79 in chips) 
Seat 4: Deox666 ($14.44 in chips) 
Seat 5: Mahu2021 ($6.91 in chips) 
Seat 6: Calvis_lol ($10.08 in chips) 
PNSalgado: posts small blind $0.05
Smashadabass: posts big blind $0.10
*** HOLE CARDS ***
Dealt to Mahu2021 [3d 9h]
Deox666: folds 
Mahu2021: folds 
Calvis_lol: folds 
DesTaZaDoR17: folds 
PNSalgado: folds 
Uncalled bet ($0.05) returned to Smashadabass
Smashadabass collected $0.10 from pot
Smashadabass: doesn't show hand 
*** SUMMARY ***
Total pot $0.10 | Rake $0 
Seat 1: DesTaZaDoR17 (button) folded before Flop (didn't bet)
Seat 2: PNSalgado (small blind) folded before Flop
Seat 3: Smashadabass (big blind) collected ($0.10)
Seat 4: Deox666 folded before Flop (didn't bet)
Seat 5: Mahu2021 folded before Flop (didn't bet)
Seat 6: Calvis_lol folded before Flop (didn't bet)



PokerStars Zoom Hand #254499261618:  Hold'em No Limit ($0.05/$0.10) - 2025/01/22 16:08:32 CET [2025/01/22 10:08:32 ET]
Table 'Aludra' 6-max Seat #1 is the button
Seat 1: Fishpoker17 ($11.32 in chips) 
Seat 2: PNSalgado ($19.33 in chips) 
Seat 3: Deox666 ($14.44 in chips) 
Seat 4: Mahu2021 ($6.86 in chips) 
Seat 5: lukyanchuk83 ($7.52 in chips) 
Seat 6: Dylpoke92 ($4.12 in chips) 
PNSalgado: posts small blind $0.05
Deox666: posts big blind $0.10
*** HOLE CARDS ***
Dealt to Mahu2021 [Jc 2h]
Mahu2021: folds 
lukyanchuk83: folds 
Dylpoke92: folds 
Fishpoker17: folds 
PNSalgado: folds 
Uncalled bet ($0.05) returned to Deox666
Deox666 collected $0.10 from pot
Deox666: doesn't show hand 
*** SUMMARY ***
Total pot $0.10 | Rake $0 
Seat 1: Fishpoker17 (button) folded before Flop (didn't bet)
Seat 2: PNSalgado (small blind) folded before Flop
Seat 3: Deox666 (big blind) collected ($0.10)
Seat 4: Mahu2021 folded before Flop (didn't bet)
Seat 5: lukyanchuk83 folded before Flop (didn't bet)
Seat 6: Dylpoke92 folded before Flop (didn't bet)



PokerStars Zoom Hand #254499260827:  Hold'em No Limit ($0.05/$0.10) - 2025/01/22 16:08:28 CET [2025/01/22 10:08:28 ET]
Table 'Aludra' 6-max Seat #1 is the button
Seat 1: Gobi000 ($10 in chips) 
Seat 2: Mahu2021 ($6.91 in chips) 
Seat 3: AllMenMstSrv ($13.12 in chips) 
Seat 4: d-play250987 ($9.75 in chips) 
Seat 5: Gregory.M23 ($34.50 in chips) 
Seat 6: Vadim91_blr ($19.24 in chips) 
Mahu2021: posts small blind $0.05
AllMenMstSrv: posts big blind $0.10
*** HOLE CARDS ***
Dealt to Mahu2021 [7h Tc]
d-play250987: folds 
Gregory.M23: folds 
Vadim91_blr: folds 
Gobi000: raises $0.15 to $0.25
Mahu2021: folds 
AllMenMstSrv: folds 
Uncalled bet ($0.15) returned to Gobi000
Gobi000 collected $0.25 from pot
Gobi000: doesn't show hand 
*** SUMMARY ***
Total pot $0.25 | Rake $0 
Seat 1: Gobi000 (button) collected ($0.25)
Seat 2: Mahu2021 (small blind) folded before Flop
Seat 3: AllMenMstSrv (big blind) folded before Flop
Seat 4: d-play250987 folded before Flop (didn't bet)
Seat 5: Gregory.M23 folded before Flop (didn't bet)
Seat 6: Vadim91_blr folded before Flop (didn't bet)



PokerStars Zoom Hand #254499262425:  Hold'em No Limit ($0.05/$0.10) - 2025/01/22 16:08:36 CET [2025/01/22 10:08:36 ET]
Table 'Aludra' 6-max Seat #1 is the button
Seat 1: Mahu2021 ($6.86 in chips) 
Seat 2: Lampard10228 ($25.48 in chips) 
Seat 3: Yogui_jos ($20 in chips) 
Seat 4: lukyanchuk83 ($7.52 in chips) 
Seat 5: Gregory.M23 ($34.50 in chips) 
Seat 6: assuncaogu ($16.74 in chips) 
Lampard10228: posts small blind $0.05
Yogui_jos: posts big blind $0.10
*** HOLE CARDS ***
Dealt to Mahu2021 [Jc 9s]
lukyanchuk83: raises $0.20 to $0.30
Gregory.M23: folds 
assuncaogu: folds 
Mahu2021: folds 
Lampard10228: folds 
Yogui_jos: folds 
Uncalled bet ($0.20) returned to lukyanchuk83
lukyanchuk83 collected $0.25 from pot
lukyanchuk83: doesn't show hand 
*** SUMMARY ***
Total pot $0.25 | Rake $0 
Seat 1: Mahu2021 (button) folded before Flop (didn't bet)
Seat 2: Lampard10228 (small blind) folded before Flop
Seat 3: Yogui_jos (big blind) folded before Flop
Seat 4: lukyanchuk83 collected ($0.25)
Seat 5: Gregory.M23 folded before Flop (didn't bet)
Seat 6: assuncaogu folded before Flop (didn't bet)



PokerStars Zoom Hand #254499250569:  Hold'em No Limit ($0.05/$0.10) - 2025/01/22 16:07:34 CET [2025/01/22 10:07:34 ET]
Table 'Aludra' 6-max Seat #1 is the button
Seat 1: coolio1984 ($18.93 in chips) 
Seat 2: RodrigoGouveia ($10 in chips) 
Seat 3: Cyborg_0113 ($10.94 in chips) 
Seat 4: Gregory.M23 ($12.36 in chips) 
Seat 5: dsanchez11 ($13.75 in chips) 
Seat 6: Mahu2021 ($7.33 in chips) 
RodrigoGouveia: posts small blind $0.05
Cyborg_0113: posts big blind $0.10
*** HOLE CARDS ***
Dealt to Mahu2021 [6c Ah]
Gregory.M23: folds 
dsanchez11: raises $0.15 to $0.25
Mahu2021: folds 
coolio1984: folds 
RodrigoGouveia: folds 
Cyborg_0113: calls $0.15
*** FLOP *** [6d 6h 5d]
Cyborg_0113: checks 
dsanchez11: bets $0.17
Cyborg_0113: raises $0.53 to $0.70
dsanchez11: calls $0.53
*** TURN *** [6d 6h 5d] [8s]
Cyborg_0113: checks 
dsanchez11: checks 
*** RIVER *** [6d 6h 5d 8s] [Kh]
Cyborg_0113: checks 
dsanchez11: checks 
*** SHOW DOWN ***
Cyborg_0113: shows [9d 9h] (two pair, Nines and Sixes)
dsanchez11: shows [Qd Qs] (two pair, Queens and Sixes)
dsanchez11 collected $1.86 from pot
*** SUMMARY ***
Total pot $1.95 | Rake $0.09 
Board [6d 6h 5d 8s Kh]
Seat 1: coolio1984 (button) folded before Flop (didn't bet)
Seat 2: RodrigoGouveia (small blind) folded before Flop
Seat 3: Cyborg_0113 (big blind) showed [9d 9h] and lost with two pair, Nines and Sixes
Seat 4: Gregory.M23 folded before Flop (didn't bet)
Seat 5: dsanchez11 showed [Qd Qs] and won ($1.86) with two pair, Queens and Sixes
Seat 6: Mahu2021 folded before Flop (didn't bet)



PokerStars Zoom Hand #254499263585:  Hold'em No Limit ($0.05/$0.10) - 2025/01/22 16:08:42 CET [2025/01/22 10:08:42 ET]
Table 'Aludra' 6-max Seat #1 is the button
Seat 1: dingdongitsme ($18.60 in chips) 
Seat 2: Gregory.M23 ($34.50 in chips) 
Seat 3: PNSalgado ($15.90 in chips) 
Seat 4: Pillar02 ($18.86 in chips) 
Seat 5: Whaleshark97 ($11.54 in chips) 
Seat 6: Mahu2021 ($6.86 in chips) 
Gregory.M23: posts small blind $0.05
PNSalgado: posts big blind $0.10
*** HOLE CARDS ***
Dealt to Mahu2021 [8c 5s]
Pillar02: folds 
Whaleshark97: raises $0.12 to $0.22
Mahu2021: folds 
dingdongitsme: folds 
Gregory.M23: folds 
PNSalgado: folds 
Uncalled bet ($0.12) returned to Whaleshark97
Whaleshark97 collected $0.25 from pot
Whaleshark97: doesn't show hand 
*** SUMMARY ***
Total pot $0.25 | Rake $0 
Seat 1: dingdongitsme (button) folded before Flop (didn't bet)
Seat 2: Gregory.M23 (small blind) folded before Flop
Seat 3: PNSalgado (big blind) folded before Flop
Seat 4: Pillar02 folded before Flop (didn't bet)
Seat 5: Whaleshark97 collected ($0.25)
Seat 6: Mahu2021 folded before Flop (didn't bet)



PokerStars Zoom Hand #254499264465:  Hold'em No Limit ($0.05/$0.10) - 2025/01/22 16:08:47 CET [2025/01/22 10:08:47 ET]
Table 'Aludra' 6-max Seat #1 is the button
Seat 1: assuncaogu ($10 in chips) 
Seat 2: anderetsu ($21.53 in chips) 
Seat 3: Mahu2021 ($6.86 in chips) 
Seat 4: maciejass83 ($12.15 in chips) 
Seat 5: Dr.EMW ($39.69 in chips) 
Seat 6: Deox666 ($21.52 in chips) 
anderetsu: posts small blind $0.05
Mahu2021: posts big blind $0.10
*** HOLE CARDS ***
Dealt to Mahu2021 [Td 9c]
maciejass83: folds 
Dr.EMW: folds 
Deox666: raises $0.15 to $0.25
assuncaogu: folds 
anderetsu: folds 
Mahu2021: calls $0.15
*** FLOP *** [As 4c 9d]
Mahu2021: checks 
Deox666: checks 
*** TURN *** [As 4c 9d] [Kc]
Mahu2021: checks 
Deox666: checks 
*** RIVER *** [As 4c 9d Kc] [4s]
Mahu2021: bets $0.20
Deox666: calls $0.20
*** SHOW DOWN ***
Mahu2021: shows [Td 9c] (two pair, Nines and Fours)
Deox666: shows [Tc Th] (two pair, Tens and Fours)
Deox666 collected $0.91 from pot
*** SUMMARY ***
Total pot $0.95 | Rake $0.04 
Board [As 4c 9d Kc 4s]
Seat 1: assuncaogu (button) folded before Flop (didn't bet)
Seat 2: anderetsu (small blind) folded before Flop
Seat 3: Mahu2021 (big blind) showed [Td 9c] and lost with two pair, Nines and Fours
Seat 4: maciejass83 folded before Flop (didn't bet)
Seat 5: Dr.EMW folded before Flop (didn't bet)
Seat 6: Deox666 showed [Tc Th] and won ($0.91) with two pair, Tens and Fours



PokerStars Zoom Hand #254499270526:  Hold'em No Limit ($0.05/$0.10) - 2025/01/22 16:09:19 CET [2025/01/22 10:09:19 ET]
Table 'Aludra' 6-max Seat #1 is the button
Seat 1: Yogui_jos ($20.50 in chips) 
Seat 2: Smashadabass ($20.59 in chips) 
Seat 3: Vadim91_blr ($11.06 in chips) 
Seat 4: Deox666 ($21.98 in chips) 
Seat 5: Whaleshark97 ($13.05 in chips) 
Seat 6: Mahu2021 ($6.41 in chips) 
Smashadabass: posts small blind $0.05
Vadim91_blr: posts big blind $0.10
*** HOLE CARDS ***
Dealt to Mahu2021 [8d 8h]
Deox666: folds 
Whaleshark97: folds 
Mahu2021: raises $0.14 to $0.24
Yogui_jos: folds 
Smashadabass: folds 
Vadim91_blr: folds 
Uncalled bet ($0.14) returned to Mahu2021
Mahu2021 collected $0.25 from pot
Mahu2021: doesn't show hand 
*** SUMMARY ***
Total pot $0.25 | Rake $0 
Seat 1: Yogui_jos (button) folded before Flop (didn't bet)
Seat 2: Smashadabass (small blind) folded before Flop
Seat 3: Vadim91_blr (big blind) folded before Flop
Seat 4: Deox666 folded before Flop (didn't bet)
Seat 5: Whaleshark97 folded before Flop (didn't bet)
Seat 6: Mahu2021 collected ($0.25)



PokerStars Zoom Hand #254499274064:  Hold'em No Limit ($0.05/$0.10) - 2025/01/22 16:09:37 CET [2025/01/22 10:09:37 ET]
Table 'Aludra' 6-max Seat #1 is the button
Seat 1: tabo483 ($24.76 in chips) 
Seat 2: Mahu2021 ($6.56 in chips) 
Seat 3: Jayce230308 ($12.03 in chips) 
Seat 4: skar4ish ($8.42 in chips) 
Seat 5: Fishpoker17 ($11.02 in chips) 
Seat 6: assuncaogu ($14.14 in chips) 
Mahu2021: posts small blind $0.05
Jayce230308: posts big blind $0.10
*** HOLE CARDS ***
Dealt to Mahu2021 [8h Qc]
skar4ish: raises $0.20 to $0.30
Fishpoker17: folds 
assuncaogu: folds 
tabo483: folds 
Mahu2021: folds 
Jayce230308: folds 
Uncalled bet ($0.20) returned to skar4ish
skar4ish collected $0.25 from pot
skar4ish: doesn't show hand 
*** SUMMARY ***
Total pot $0.25 | Rake $0 
Seat 1: tabo483 (button) folded before Flop (didn't bet)
Seat 2: Mahu2021 (small blind) folded before Flop
Seat 3: Jayce230308 (big blind) folded before Flop
Seat 4: skar4ish collected ($0.25)
Seat 5: Fishpoker17 folded before Flop (didn't bet)
Seat 6: assuncaogu folded before Flop (didn't bet)



PokerStars Zoom Hand #254499273311:  Hold'em No Limit ($0.05/$0.10) - 2025/01/22 16:09:33 CET [2025/01/22 10:09:33 ET]
Table 'Aludra' 6-max Seat #1 is the button
Seat 1: DE!!Tu11@more ($9.90 in chips) 
Seat 2: cheddarman24 ($10 in chips) 
Seat 3: drobo-bos ($4.21 in chips) 
Seat 4: geo3pokerr ($5.87 in chips) 
Seat 5: Mahu2021 ($6.56 in chips) 
Seat 6: Deox666 ($14.09 in chips) 
cheddarman24: posts small blind $0.05
drobo-bos: posts big blind $0.10
*** HOLE CARDS ***
Dealt to Mahu2021 [8c Kh]
geo3pokerr: raises $0.20 to $0.30
Mahu2021: folds 
Deox666: calls $0.30
DE!!Tu11@more: folds 
cheddarman24: folds 
drobo-bos: raises $3.91 to $4.21 and is all-in
geo3pokerr: folds 
Deox666: folds 
Uncalled bet ($3.91) returned to drobo-bos
drobo-bos collected $0.95 from pot
drobo-bos: doesn't show hand 
*** SUMMARY ***
Total pot $0.95 | Rake $0 
Seat 1: DE!!Tu11@more (button) folded before Flop (didn't bet)
Seat 2: cheddarman24 (small blind) folded before Flop
Seat 3: drobo-bos (big blind) collected ($0.95)
Seat 4: geo3pokerr folded before Flop
Seat 5: Mahu2021 folded before Flop (didn't bet)
Seat 6: Deox666 folded before Flop



PokerStars Zoom Hand #254499274826:  Hold'em No Limit ($0.05/$0.10) - 2025/01/22 16:09:41 CET [2025/01/22 10:09:41 ET]
Table 'Aludra' 6-max Seat #1 is the button
Seat 1: Mahu2021 ($6.51 in chips) 
Seat 2: Gregory.M23 ($20.34 in chips) 
Seat 3: osfp7john ($30.41 in chips) 
Seat 4: Fishpoker17 ($11.02 in chips) 
Seat 5: Smashadabass ($20.54 in chips) 
Seat 6: Ki55 ma Ace ($10 in chips) 
Gregory.M23: posts small blind $0.05
osfp7john: posts big blind $0.10
*** HOLE CARDS ***
Dealt to Mahu2021 [Js 3c]
Fishpoker17: folds 
Smashadabass: folds 
Ki55 ma Ace: folds 
Mahu2021: folds 
Gregory.M23: raises $0.20 to $0.30
osfp7john: folds 
Uncalled bet ($0.20) returned to Gregory.M23
Gregory.M23 collected $0.20 from pot
Gregory.M23: doesn't show hand 
*** SUMMARY ***
Total pot $0.20 | Rake $0 
Seat 1: Mahu2021 (button) folded before Flop (didn't bet)
Seat 2: Gregory.M23 (small blind) collected ($0.20)
Seat 3: osfp7john (big blind) folded before Flop
Seat 4: Fishpoker17 folded before Flop (didn't bet)
Seat 5: Smashadabass folded before Flop (didn't bet)
Seat 6: Ki55 ma Ace folded before Flop (didn't bet)



PokerStars Zoom Hand #254499275605:  Hold'em No Limit ($0.05/$0.10) - 2025/01/22 16:09:45 CET [2025/01/22 10:09:45 ET]
Table 'Aludra' 6-max Seat #1 is the button
Seat 1: Dr.EMW ($39.54 in chips) 
Seat 2: Ki55 ma Ace ($10 in chips) 
Seat 3: anderetsu ($20.61 in chips) 
Seat 4: PNSalgado ($12.32 in chips) 
Seat 5: Mahu2021 ($6.51 in chips) 
Seat 6: tabo483 ($24.76 in chips) 
Ki55 ma Ace: posts small blind $0.05
anderetsu: posts big blind $0.10
*** HOLE CARDS ***
Dealt to Mahu2021 [As Ts]
PNSalgado: raises $0.20 to $0.30
Mahu2021: calls $0.30
tabo483: folds 
Dr.EMW: folds 
Ki55 ma Ace: folds 
anderetsu: folds 
*** FLOP *** [Qc Ad 5h]
PNSalgado: checks 
Mahu2021: checks 
*** TURN *** [Qc Ad 5h] [Tc]
PNSalgado: checks 
Mahu2021: bets $0.72
PNSalgado: folds 
Uncalled bet ($0.72) returned to Mahu2021
Mahu2021 collected $0.72 from pot
Mahu2021: doesn't show hand 
*** SUMMARY ***
Total pot $0.75 | Rake $0.03 
Board [Qc Ad 5h Tc]
Seat 1: Dr.EMW (button) folded before Flop (didn't bet)
Seat 2: Ki55 ma Ace (small blind) folded before Flop
Seat 3: anderetsu (big blind) folded before Flop
Seat 4: PNSalgado folded on the Turn
Seat 5: Mahu2021 collected ($0.72)
Seat 6: tabo483 folded before Flop (didn't bet)



PokerStars Zoom Hand #254499282135:  Hold'em No Limit ($0.05/$0.10) - 2025/01/22 16:10:20 CET [2025/01/22 10:10:20 ET]
Table 'Aludra' 6-max Seat #1 is the button
Seat 1: Deox666 ($22.21 in chips) 
Seat 2: RodrigoGouveia ($11.34 in chips) 
Seat 3: Mahu2021 ($6.93 in chips) 
Seat 4: Poker Don1994 ($10.16 in chips) 
Seat 5: BluesUK ($10 in chips) 
Seat 6: Gobi000 ($11.81 in chips) 
RodrigoGouveia: posts small blind $0.05
Mahu2021: posts big blind $0.10
*** HOLE CARDS ***
Dealt to Mahu2021 [9d 6c]
Poker Don1994: folds 
BluesUK: folds 
Gobi000: folds 
Deox666: folds 
RodrigoGouveia: folds 
Uncalled bet ($0.05) returned to Mahu2021
Mahu2021 collected $0.10 from pot
Mahu2021: doesn't show hand 
*** SUMMARY ***
Total pot $0.10 | Rake $0 
Seat 1: Deox666 (button) folded before Flop (didn't bet)
Seat 2: RodrigoGouveia (small blind) folded before Flop
Seat 3: Mahu2021 (big blind) collected ($0.10)
Seat 4: Poker Don1994 folded before Flop (didn't bet)
Seat 5: BluesUK folded before Flop (didn't bet)
Seat 6: Gobi000 folded before Flop (didn't bet)



PokerStars Zoom Hand #254499281434:  Hold'em No Limit ($0.05/$0.10) - 2025/01/22 16:10:17 CET [2025/01/22 10:10:17 ET]
Table 'Aludra' 6-max Seat #1 is the button
Seat 1: d-play250987 ($11.04 in chips) 
Seat 2: assuncaogu ($16.84 in chips) 
Seat 3: Gobi000 ($12.80 in chips) 
Seat 4: Mahu2021 ($6.93 in chips) 
Seat 5: Whaleshark97 ($13.20 in chips) 
Seat 6: tabo483 ($14.75 in chips) 
assuncaogu: posts small blind $0.05
Gobi000: posts big blind $0.10
*** HOLE CARDS ***
Dealt to Mahu2021 [2h 5h]
Mahu2021: folds 
Whaleshark97: folds 
tabo483: raises $0.12 to $0.22
d-play250987: folds 
assuncaogu: folds 
Gobi000: folds 
Uncalled bet ($0.12) returned to tabo483
tabo483 collected $0.25 from pot
tabo483: doesn't show hand 
*** SUMMARY ***
Total pot $0.25 | Rake $0 
Seat 1: d-play250987 (button) folded before Flop (didn't bet)
Seat 2: assuncaogu (small blind) folded before Flop
Seat 3: Gobi000 (big blind) folded before Flop
Seat 4: Mahu2021 folded before Flop (didn't bet)
Seat 5: Whaleshark97 folded before Flop (didn't bet)
Seat 6: tabo483 collected ($0.25)



PokerStars Zoom Hand #254499283911:  Hold'em No Limit ($0.05/$0.10) - 2025/01/22 16:10:30 CET [2025/01/22 10:10:30 ET]
Table 'Aludra' 6-max Seat #1 is the button
Seat 1: assuncaogu ($13.06 in chips) 
Seat 2: Mahu2021 ($6.98 in chips) 
Seat 3: Deox666 ($22.21 in chips) 
Seat 4: d-play250987 ($11.04 in chips) 
Seat 5: Calvis_lol ($10.48 in chips) 
Seat 6: Fishpoker17 ($12.07 in chips) 
Mahu2021: posts small blind $0.05
Deox666: posts big blind $0.10
*** HOLE CARDS ***
Dealt to Mahu2021 [4d Ts]
d-play250987 has timed out
d-play250987: folds 
Calvis_lol: folds 
Fishpoker17: folds 
assuncaogu: folds 
Mahu2021: folds 
Uncalled bet ($0.05) returned to Deox666
Deox666 collected $0.10 from pot
Deox666: doesn't show hand 
*** SUMMARY ***
Total pot $0.10 | Rake $0 
Seat 1: assuncaogu (button) folded before Flop (didn't bet)
Seat 2: Mahu2021 (small blind) folded before Flop
Seat 3: Deox666 (big blind) collected ($0.10)
Seat 4: d-play250987 folded before Flop (didn't bet)
Seat 5: Calvis_lol folded before Flop (didn't bet)
Seat 6: Fishpoker17 folded before Flop (didn't bet)



PokerStars Zoom Hand #254499285437:  Hold'em No Limit ($0.05/$0.10) - 2025/01/22 16:10:38 CET [2025/01/22 10:10:38 ET]
Table 'Aludra' 6-max Seat #1 is the button
Seat 1: foggz ($10 in chips) 
Seat 2: Yogui_jos ($20.35 in chips) 
Seat 3: lukyanchuk83 ($10.87 in chips) 
Seat 4: RodrigoGouveia ($9.85 in chips) 
Seat 5: assuncaogu ($13.06 in chips) 
Seat 6: Mahu2021 ($6.93 in chips) 
Yogui_jos: posts small blind $0.05
lukyanchuk83: posts big blind $0.10
*** HOLE CARDS ***
Dealt to Mahu2021 [7d Th]
RodrigoGouveia: folds 
assuncaogu: folds 
Mahu2021: folds 
foggz: folds 
Yogui_jos: folds 
Uncalled bet ($0.05) returned to lukyanchuk83
lukyanchuk83 collected $0.10 from pot
lukyanchuk83: doesn't show hand 
*** SUMMARY ***
Total pot $0.10 | Rake $0 
Seat 1: foggz (button) folded before Flop (didn't bet)
Seat 2: Yogui_jos (small blind) folded before Flop
Seat 3: lukyanchuk83 (big blind) collected ($0.10)
Seat 4: RodrigoGouveia folded before Flop (didn't bet)
Seat 5: assuncaogu folded before Flop (didn't bet)
Seat 6: Mahu2021 folded before Flop (didn't bet)



PokerStars Zoom Hand #254499286387:  Hold'em No Limit ($0.05/$0.10) - 2025/01/22 16:10:43 CET [2025/01/22 10:10:43 ET]
Table 'Aludra' 6-max Seat #1 is the button
Seat 1: tabo483 ($23.16 in chips) 
Seat 2: Mahu2021 ($6.93 in chips) 
Seat 3: anderetsu ($21.43 in chips) 
Seat 4: zodapoker ($10.03 in chips) 
Seat 5: kato-2003 ($10 in chips) 
Seat 6: ASENNA76 ($10 in chips) 
Mahu2021: posts small blind $0.05
anderetsu: posts big blind $0.10
*** HOLE CARDS ***
Dealt to Mahu2021 [4s Qh]
zodapoker: folds 
kato-2003: raises $0.15 to $0.25
ASENNA76: folds 
tabo483: folds 
Mahu2021: folds 
anderetsu: folds 
Uncalled bet ($0.15) returned to kato-2003
kato-2003 collected $0.25 from pot
kato-2003: doesn't show hand 
*** SUMMARY ***
Total pot $0.25 | Rake $0 
Seat 1: tabo483 (button) folded before Flop (didn't bet)
Seat 2: Mahu2021 (small blind) folded before Flop
Seat 3: anderetsu (big blind) folded before Flop
Seat 4: zodapoker folded before Flop (didn't bet)
Seat 5: kato-2003 collected ($0.25)
Seat 6: ASENNA76 folded before Flop (didn't bet)



PokerStars Zoom Hand #254499287102:  Hold'em No Limit ($0.05/$0.10) - 2025/01/22 16:10:46 CET [2025/01/22 10:10:46 ET]
Table 'Aludra' 6-max Seat #1 is the button
Seat 1: Sao77 ($11 in chips) 
Seat 2: joedunston ($13.75 in chips) 
Seat 3: Mahu2021 ($6.88 in chips) 
Seat 4: DanC996 ($22.19 in chips) 
Seat 5: ASENNA76 ($10.89 in chips) 
Seat 6: zodapoker ($10.03 in chips) 
joedunston: posts small blind $0.05
Mahu2021: posts big blind $0.10
*** HOLE CARDS ***
Dealt to Mahu2021 [2s 6c]
DanC996: folds 
ASENNA76: folds 
zodapoker: folds 
Sao77: raises $0.15 to $0.25
joedunston: folds 
Mahu2021: folds 
Uncalled bet ($0.15) returned to Sao77
Sao77 collected $0.25 from pot
Sao77: doesn't show hand 
*** SUMMARY ***
Total pot $0.25 | Rake $0 
Seat 1: Sao77 (button) collected ($0.25)
Seat 2: joedunston (small blind) folded before Flop
Seat 3: Mahu2021 (big blind) folded before Flop
Seat 4: DanC996 folded before Flop (didn't bet)
Seat 5: ASENNA76 folded before Flop (didn't bet)
Seat 6: zodapoker folded before Flop (didn't bet)



PokerStars Zoom Hand #254499290740:  Hold'em No Limit ($0.05/$0.10) - 2025/01/22 16:11:06 CET [2025/01/22 10:11:06 ET]
Table 'Aludra' 6-max Seat #1 is the button
Seat 1: Mahu2021 ($6.78 in chips) 
Seat 2: Fishpoker17 ($11.92 in chips) 
Seat 3: Whaleshark97 ($12.02 in chips) 
Seat 4: DrHugoLarsen ($7.39 in chips) 
Seat 5: Danielitoosk ($53.44 in chips) 
Seat 6: Jayce230308 ($11.83 in chips) 
Fishpoker17: posts small blind $0.05
Whaleshark97: posts big blind $0.10
*** HOLE CARDS ***
Dealt to Mahu2021 [2d 6c]
DrHugoLarsen: folds 
Danielitoosk: folds 
Jayce230308: folds 
Mahu2021: folds 
Fishpoker17: folds 
Uncalled bet ($0.05) returned to Whaleshark97
Whaleshark97 collected $0.10 from pot
Whaleshark97: doesn't show hand 
*** SUMMARY ***
Total pot $0.10 | Rake $0 
Seat 1: Mahu2021 (button) folded before Flop (didn't bet)
Seat 2: Fishpoker17 (small blind) folded before Flop
Seat 3: Whaleshark97 (big blind) collected ($0.10)
Seat 4: DrHugoLarsen folded before Flop (didn't bet)
Seat 5: Danielitoosk folded before Flop (didn't bet)
Seat 6: Jayce230308 folded before Flop (didn't bet)



PokerStars Zoom Hand #254499291274:  Hold'em No Limit ($0.05/$0.10) - 2025/01/22 16:11:09 CET [2025/01/22 10:11:09 ET]
Table 'Aludra' 6-max Seat #1 is the button
Seat 1: RodrigoGouveia ($9.75 in chips) 
Seat 2: PNSalgado ($10.61 in chips) 
Seat 3: cobwobbler ($10.11 in chips) 
Seat 4: Vadim91_blr ($17.37 in chips) 
Seat 5: tabo483 ($10.85 in chips) 
Seat 6: Mahu2021 ($6.78 in chips) 
PNSalgado: posts small blind $0.05
cobwobbler: posts big blind $0.10
*** HOLE CARDS ***
Dealt to Mahu2021 [Qc Jh]
Vadim91_blr: folds 
tabo483: folds 
Mahu2021: raises $0.14 to $0.24
RodrigoGouveia: folds 
PNSalgado: folds 
cobwobbler: folds 
Uncalled bet ($0.14) returned to Mahu2021
Mahu2021 collected $0.25 from pot
Mahu2021: doesn't show hand 
*** SUMMARY ***
Total pot $0.25 | Rake $0 
Seat 1: RodrigoGouveia (button) folded before Flop (didn't bet)
Seat 2: PNSalgado (small blind) folded before Flop
Seat 3: cobwobbler (big blind) folded before Flop
Seat 4: Vadim91_blr folded before Flop (didn't bet)
Seat 5: tabo483 folded before Flop (didn't bet)
Seat 6: Mahu2021 collected ($0.25)



PokerStars Zoom Hand #254499284639:  Hold'em No Limit ($0.05/$0.10) - 2025/01/22 16:10:34 CET [2025/01/22 10:10:34 ET]
Table 'Aludra' 6-max Seat #1 is the button
Seat 1: Mahu2021 ($6.93 in chips) 
Seat 2: PNSalgado ($11.92 in chips) 
Seat 3: tabo483 ($23.26 in chips) 
Seat 4: Danielitoosk ($32.75 in chips) 
Seat 5: ji6413 ($10.16 in chips) 
Seat 6: drobo-bos ($4.60 in chips) 
PNSalgado: posts small blind $0.05
tabo483: posts big blind $0.10
*** HOLE CARDS ***
Dealt to Mahu2021 [5c Th]
Danielitoosk: raises $0.10 to $0.20
ji6413: calls $0.20
drobo-bos: calls $0.20
Mahu2021: folds 
PNSalgado: folds 
tabo483: folds 
*** FLOP *** [Jc 3s 9h]
Danielitoosk: checks 
ji6413: checks 
drobo-bos: bets $0.36
Danielitoosk: calls $0.36
ji6413: folds 
*** TURN *** [Jc 3s 9h] [8c]
Danielitoosk: checks 
drobo-bos: bets $0.90
Danielitoosk: folds 
Uncalled bet ($0.90) returned to drobo-bos
drobo-bos collected $1.40 from pot
drobo-bos: doesn't show hand 
*** SUMMARY ***
Total pot $1.47 | Rake $0.07 
Board [Jc 3s 9h 8c]
Seat 1: Mahu2021 (button) folded before Flop (didn't bet)
Seat 2: PNSalgado (small blind) folded before Flop
Seat 3: tabo483 (big blind) folded before Flop
Seat 4: Danielitoosk folded on the Turn
Seat 5: ji6413 folded on the Flop
Seat 6: drobo-bos collected ($1.40)



PokerStars Zoom Hand #254499289990:  Hold'em No Limit ($0.05/$0.10) - 2025/01/22 16:11:02 CET [2025/01/22 10:11:02 ET]
Table 'Aludra' 6-max Seat #1 is the button
Seat 1: TSC1511 ($11.41 in chips) 
Seat 2: Fishpoker17 ($14.24 in chips) 
Seat 3: Yogui_jos ($18.02 in chips) 
Seat 4: drobo-bos ($5.19 in chips) 
Seat 5: Mahu2021 ($6.78 in chips) 
Seat 6: PabloLee_01 ($10.37 in chips) 
Fishpoker17: posts small blind $0.05
Yogui_jos: posts big blind $0.10
*** HOLE CARDS ***
Dealt to Mahu2021 [6d 5c]
drobo-bos: folds 
Mahu2021: folds 
PabloLee_01: folds 
TSC1511: folds 
Fishpoker17: raises $0.20 to $0.30
Yogui_jos: calls $0.20
*** FLOP *** [7d 8h 3h]
Fishpoker17: checks 
Yogui_jos: checks 
*** TURN *** [7d 8h 3h] [Jd]
Fishpoker17: checks 
Yogui_jos: checks 
*** RIVER *** [7d 8h 3h Jd] [2d]
Fishpoker17: checks 
Yogui_jos: checks 
*** SHOW DOWN ***
Fishpoker17: shows [As 9d] (high card Ace)
Yogui_jos: shows [Ac 9c] (high card Ace)
Fishpoker17 collected $0.29 from pot
Yogui_jos collected $0.28 from pot
*** SUMMARY ***
Total pot $0.60 | Rake $0.03 
Board [7d 8h 3h Jd 2d]
Seat 1: TSC1511 (button) folded before Flop (didn't bet)
Seat 2: Fishpoker17 (small blind) showed [As 9d] and won ($0.29) with high card Ace
Seat 3: Yogui_jos (big blind) showed [Ac 9c] and won ($0.28) with high card Ace
Seat 4: drobo-bos folded before Flop (didn't bet)
Seat 5: Mahu2021 folded before Flop (didn't bet)
Seat 6: PabloLee_01 folded before Flop (didn't bet)



PokerStars Zoom Hand #254499293744:  Hold'em No Limit ($0.05/$0.10) - 2025/01/22 16:11:22 CET [2025/01/22 10:11:22 ET]
Table 'Aludra' 6-max Seat #1 is the button
Seat 1: DE!!Tu11@more ($10 in chips) 
Seat 2: mexxxy_90 ($10 in chips) 
Seat 3: Mahu2021 ($6.93 in chips) 
Seat 4: geo3pokerr ($5.77 in chips) 
Seat 5: tabo483 ($14.75 in chips) 
Seat 6: coolio1984 ($18.06 in chips) 
mexxxy_90: posts small blind $0.05
Mahu2021: posts big blind $0.10
*** HOLE CARDS ***
Dealt to Mahu2021 [Td 6c]
geo3pokerr: calls $0.10
tabo483: folds 
coolio1984: folds 
DE!!Tu11@more: folds 
mexxxy_90: folds 
Mahu2021: checks 
*** FLOP *** [9c Qh Qd]
Mahu2021: checks 
geo3pokerr: checks 
*** TURN *** [9c Qh Qd] [8d]
Mahu2021: checks 
geo3pokerr: bets $0.30
Mahu2021: calls $0.30
*** RIVER *** [9c Qh Qd 8d] [Th]
Mahu2021: checks 
geo3pokerr: bets $0.50
Mahu2021: folds 
Uncalled bet ($0.50) returned to geo3pokerr
geo3pokerr collected $0.81 from pot
geo3pokerr: doesn't show hand 
*** SUMMARY ***
Total pot $0.85 | Rake $0.04 
Board [9c Qh Qd 8d Th]
Seat 1: DE!!Tu11@more (button) folded before Flop (didn't bet)
Seat 2: mexxxy_90 (small blind) folded before Flop
Seat 3: Mahu2021 (big blind) folded on the River
Seat 4: geo3pokerr collected ($0.81)
Seat 5: tabo483 folded before Flop (didn't bet)
Seat 6: coolio1984 folded before Flop (didn't bet)



PokerStars Zoom Hand #254499302808:  Hold'em No Limit ($0.05/$0.10) - 2025/01/22 16:12:09 CET [2025/01/22 10:12:09 ET]
Table 'Aludra' 6-max Seat #1 is the button
Seat 1: Vadim91_blr ($10 in chips) 
Seat 2: tabo483 ($24.29 in chips) 
Seat 3: dingdongitsme ($14.95 in chips) 
Seat 4: Smashadabass ($25.03 in chips) 
Seat 5: Mahu2021 ($6.53 in chips) 
Seat 6: PNSalgado ($15.18 in chips) 
tabo483: posts small blind $0.05
dingdongitsme: posts big blind $0.10
*** HOLE CARDS ***
Dealt to Mahu2021 [Qc Tc]
Smashadabass: folds 
Mahu2021: raises $0.14 to $0.24
PNSalgado: folds 
Vadim91_blr: folds 
tabo483: folds 
dingdongitsme: raises $0.96 to $1.20
Mahu2021: calls $0.96
*** FLOP *** [6d 9h 5h]
dingdongitsme: bets $1.17
Mahu2021: folds 
Uncalled bet ($1.17) returned to dingdongitsme
dingdongitsme collected $2.34 from pot
dingdongitsme: doesn't show hand 
*** SUMMARY ***
Total pot $2.45 | Rake $0.11 
Board [6d 9h 5h]
Seat 1: Vadim91_blr (button) folded before Flop (didn't bet)
Seat 2: tabo483 (small blind) folded before Flop
Seat 3: dingdongitsme (big blind) collected ($2.34)
Seat 4: Smashadabass folded before Flop (didn't bet)
Seat 5: Mahu2021 folded on the Flop
Seat 6: PNSalgado folded before Flop (didn't bet)



