PokerStars Hand #251548361296: Tournament #3779222219, $1.84+$0.16 USD Hold'em No Limit - Level I (10/20) - 2024/07/18 17:29:26 CET [2024/07/18 11:29:26 ET]
Table '3779222219 1' 3-max Seat #1 is the button
Seat 1: Mahu2021 (500 in chips) 
Seat 2: DYLIONARE (500 in chips) 
Seat 3: llsilveirabc (500 in chips) 
DYLIONARE: posts small blind 10
llsilveirabc: posts big blind 20
*** HOLE CARDS ***
Dealt to Mahu2021 [Jd Qc]
Mahu2021: raises 20 to 40
DYLIONARE: folds 
llsilveirabc: calls 20
*** FLOP *** [2h 6s Jc]
llsilveirabc: bets 90
Mahu2021: raises 370 to 460 and is all-in
llsilveirabc: calls 370 and is all-in
*** TURN *** [2h 6s Jc] [9c]
*** RIVER *** [2h 6s Jc 9c] [5c]
*** SHOW DOWN ***
llsilveirabc: shows [Tc 2d] (a pair of Deuces)
Mahu2021: shows [Jd Qc] (a pair of Jacks)
Mahu2021 collected 1010 from pot
llsilveirabc finished the tournament in 3rd place
*** SUMMARY ***
Total pot 1010 | Rake 0 
Board [2h 6s Jc 9c 5c]
Seat 1: Mahu2021 (button) showed [Jd Qc] and won (1010) with a pair of Jacks
Seat 2: DYLIONARE (small blind) folded before Flop
Seat 3: llsilveirabc (big blind) showed [Tc 2d] and lost with a pair of Deuces



PokerStars Hand #251548366365: Tournament #3779222219, $1.84+$0.16 USD Hold'em No Limit - Level I (10/20) - 2024/07/18 17:29:50 CET [2024/07/18 11:29:50 ET]
Table '3779222219 1' 3-max Seat #2 is the button
Seat 1: Mahu2021 (1010 in chips) 
Seat 2: DYLIONARE (490 in chips) 
DYLIONARE: posts small blind 10
Mahu2021: posts big blind 20
*** HOLE CARDS ***
Dealt to Mahu2021 [Kc 7d]
DYLIONARE: calls 10
Mahu2021: checks 
*** FLOP *** [8c 3c Td]
Mahu2021: checks 
DYLIONARE: checks 
*** TURN *** [8c 3c Td] [6d]
Mahu2021: checks 
DYLIONARE: bets 20
Mahu2021: calls 20
*** RIVER *** [8c 3c Td 6d] [5s]
Mahu2021: checks 
DYLIONARE: checks 
*** SHOW DOWN ***
Mahu2021: shows [Kc 7d] (high card King)
DYLIONARE: shows [9d 6h] (a pair of Sixes)
DYLIONARE collected 80 from pot
*** SUMMARY ***
Total pot 80 | Rake 0 
Board [8c 3c Td 6d 5s]
Seat 1: Mahu2021 (big blind) showed [Kc 7d] and lost with high card King
Seat 2: DYLIONARE (button) (small blind) showed [9d 6h] and won (80) with a pair of Sixes



PokerStars Hand #251548370361: Tournament #3779222219, $1.84+$0.16 USD Hold'em No Limit - Level I (10/20) - 2024/07/18 17:30:08 CET [2024/07/18 11:30:08 ET]
Table '3779222219 1' 3-max Seat #1 is the button
Seat 1: Mahu2021 (970 in chips) 
Seat 2: DYLIONARE (530 in chips) 
Mahu2021: posts small blind 10
DYLIONARE: posts big blind 20
*** HOLE CARDS ***
Dealt to Mahu2021 [Qh Tc]
Mahu2021: raises 20 to 40
DYLIONARE: raises 490 to 530 and is all-in
Mahu2021: folds 
Uncalled bet (490) returned to DYLIONARE
DYLIONARE collected 80 from pot
*** SUMMARY ***
Total pot 80 | Rake 0 
Seat 1: Mahu2021 (button) (small blind) folded before Flop
Seat 2: DYLIONARE (big blind) collected (80)



PokerStars Hand #251548372310: Tournament #3779222219, $1.84+$0.16 USD Hold'em No Limit - Level I (10/20) - 2024/07/18 17:30:17 CET [2024/07/18 11:30:17 ET]
Table '3779222219 1' 3-max Seat #2 is the button
Seat 1: Mahu2021 (930 in chips) 
Seat 2: DYLIONARE (570 in chips) 
DYLIONARE: posts small blind 10
Mahu2021: posts big blind 20
*** HOLE CARDS ***
Dealt to Mahu2021 [5h Kd]
DYLIONARE: folds 
Uncalled bet (10) returned to Mahu2021
Mahu2021 collected 20 from pot
Mahu2021: doesn't show hand 
*** SUMMARY ***
Total pot 20 | Rake 0 
Seat 1: Mahu2021 (big blind) collected (20)
Seat 2: DYLIONARE (button) (small blind) folded before Flop



PokerStars Hand #251548373368: Tournament #3779222219, $1.84+$0.16 USD Hold'em No Limit - Level I (10/20) - 2024/07/18 17:30:22 CET [2024/07/18 11:30:22 ET]
Table '3779222219 1' 3-max Seat #1 is the button
Seat 1: Mahu2021 (940 in chips) 
Seat 2: DYLIONARE (560 in chips) 
Mahu2021: posts small blind 10
DYLIONARE: posts big blind 20
*** HOLE CARDS ***
Dealt to Mahu2021 [7d Ac]
Mahu2021: raises 20 to 40
DYLIONARE: folds 
Uncalled bet (20) returned to Mahu2021
Mahu2021 collected 40 from pot
Mahu2021: doesn't show hand 
*** SUMMARY ***
Total pot 40 | Rake 0 
Seat 1: Mahu2021 (button) (small blind) collected (40)
Seat 2: DYLIONARE (big blind) folded before Flop



PokerStars Hand #251548374857: Tournament #3779222219, $1.84+$0.16 USD Hold'em No Limit - Level I (10/20) - 2024/07/18 17:30:29 CET [2024/07/18 11:30:29 ET]
Table '3779222219 1' 3-max Seat #2 is the button
Seat 1: Mahu2021 (960 in chips) 
Seat 2: DYLIONARE (540 in chips) 
DYLIONARE: posts small blind 10
Mahu2021: posts big blind 20
*** HOLE CARDS ***
Dealt to Mahu2021 [Ad Qd]
DYLIONARE: raises 40 to 60
Mahu2021: raises 900 to 960 and is all-in
DYLIONARE: calls 480 and is all-in
Uncalled bet (420) returned to Mahu2021
*** FLOP *** [5s Ks 4h]
*** TURN *** [5s Ks 4h] [9s]
*** RIVER *** [5s Ks 4h 9s] [9h]
*** SHOW DOWN ***
Mahu2021: shows [Ad Qd] (a pair of Nines)
DYLIONARE: shows [7h 7s] (two pair, Nines and Sevens)
DYLIONARE collected 1080 from pot
*** SUMMARY ***
Total pot 1080 | Rake 0 
Board [5s Ks 4h 9s 9h]
Seat 1: Mahu2021 (big blind) showed [Ad Qd] and lost with a pair of Nines
Seat 2: DYLIONARE (button) (small blind) showed [7h 7s] and won (1080) with two pair, Nines and Sevens



PokerStars Hand #251548379310: Tournament #3779222219, $1.84+$0.16 USD Hold'em No Limit - Level I (10/20) - 2024/07/18 17:30:50 CET [2024/07/18 11:30:50 ET]
Table '3779222219 1' 3-max Seat #1 is the button
Seat 1: Mahu2021 (420 in chips) 
Seat 2: DYLIONARE (1080 in chips) 
Mahu2021: posts small blind 10
DYLIONARE: posts big blind 20
*** HOLE CARDS ***
Dealt to Mahu2021 [2d As]
Mahu2021: calls 10
DYLIONARE: checks 
*** FLOP *** [Qh Tc 6c]
DYLIONARE: checks 
Mahu2021: checks 
*** TURN *** [Qh Tc 6c] [Th]
DYLIONARE: bets 20
Mahu2021: calls 20
*** RIVER *** [Qh Tc 6c Th] [9s]
DYLIONARE: checks 
Mahu2021: bets 80
DYLIONARE: folds 
Uncalled bet (80) returned to Mahu2021
Mahu2021 collected 80 from pot
Mahu2021: doesn't show hand 
*** SUMMARY ***
Total pot 80 | Rake 0 
Board [Qh Tc 6c Th 9s]
Seat 1: Mahu2021 (button) (small blind) collected (80)
Seat 2: DYLIONARE (big blind) folded on the River



PokerStars Hand #251548384081: Tournament #3779222219, $1.84+$0.16 USD Hold'em No Limit - Level I (10/20) - 2024/07/18 17:31:12 CET [2024/07/18 11:31:12 ET]
Table '3779222219 1' 3-max Seat #2 is the button
Seat 1: Mahu2021 (460 in chips) 
Seat 2: DYLIONARE (1040 in chips) 
DYLIONARE: posts small blind 10
Mahu2021: posts big blind 20
*** HOLE CARDS ***
Dealt to Mahu2021 [4s Ac]
DYLIONARE: calls 10
Mahu2021: checks 
*** FLOP *** [Jd Ad 7c]
Mahu2021: checks 
DYLIONARE: bets 20
Mahu2021: calls 20
*** TURN *** [Jd Ad 7c] [3h]
Mahu2021: checks 
DYLIONARE: checks 
*** RIVER *** [Jd Ad 7c 3h] [9h]
Mahu2021: bets 20
DYLIONARE: calls 20
*** SHOW DOWN ***
Mahu2021: shows [4s Ac] (a pair of Aces)
DYLIONARE: mucks hand 
Mahu2021 collected 120 from pot
*** SUMMARY ***
Total pot 120 | Rake 0 
Board [Jd Ad 7c 3h 9h]
Seat 1: Mahu2021 (big blind) showed [4s Ac] and won (120) with a pair of Aces
Seat 2: DYLIONARE (button) (small blind) mucked [9d 6h]



PokerStars Hand #251548388299: Tournament #3779222219, $1.84+$0.16 USD Hold'em No Limit - Level I (10/20) - 2024/07/18 17:31:32 CET [2024/07/18 11:31:32 ET]
Table '3779222219 1' 3-max Seat #1 is the button
Seat 1: Mahu2021 (520 in chips) 
Seat 2: DYLIONARE (980 in chips) 
Mahu2021: posts small blind 10
DYLIONARE: posts big blind 20
*** HOLE CARDS ***
Dealt to Mahu2021 [7d 5h]
Mahu2021: calls 10
DYLIONARE: checks 
*** FLOP *** [8c 9h Jd]
DYLIONARE: checks 
Mahu2021: bets 20
DYLIONARE: raises 40 to 60
Mahu2021: calls 40
*** TURN *** [8c 9h Jd] [5c]
DYLIONARE: bets 100
Mahu2021: calls 100
*** RIVER *** [8c 9h Jd 5c] [Qh]
DYLIONARE: checks 
Mahu2021: bets 340 and is all-in
DYLIONARE: folds 
Uncalled bet (340) returned to Mahu2021
Mahu2021 collected 360 from pot
Mahu2021: doesn't show hand 
*** SUMMARY ***
Total pot 360 | Rake 0 
Board [8c 9h Jd 5c Qh]
Seat 1: Mahu2021 (button) (small blind) collected (360)
Seat 2: DYLIONARE (big blind) folded on the River



PokerStars Hand #251548395772: Tournament #3779222219, $1.84+$0.16 USD Hold'em No Limit - Level I (10/20) - 2024/07/18 17:32:06 CET [2024/07/18 11:32:06 ET]
Table '3779222219 1' 3-max Seat #2 is the button
Seat 1: Mahu2021 (700 in chips) 
Seat 2: DYLIONARE (800 in chips) 
DYLIONARE: posts small blind 10
Mahu2021: posts big blind 20
*** HOLE CARDS ***
Dealt to Mahu2021 [Ah Jc]
DYLIONARE: folds 
Uncalled bet (10) returned to Mahu2021
Mahu2021 collected 20 from pot
Mahu2021: doesn't show hand 
*** SUMMARY ***
Total pot 20 | Rake 0 
Seat 1: Mahu2021 (big blind) collected (20)
Seat 2: DYLIONARE (button) (small blind) folded before Flop



PokerStars Hand #251548396717: Tournament #3779222219, $1.84+$0.16 USD Hold'em No Limit - Level I (10/20) - 2024/07/18 17:32:10 CET [2024/07/18 11:32:10 ET]
Table '3779222219 1' 3-max Seat #1 is the button
Seat 1: Mahu2021 (710 in chips) 
Seat 2: DYLIONARE (790 in chips) 
Mahu2021: posts small blind 10
DYLIONARE: posts big blind 20
*** HOLE CARDS ***
Dealt to Mahu2021 [7d Ah]
Mahu2021: raises 20 to 40
DYLIONARE: folds 
Uncalled bet (20) returned to Mahu2021
Mahu2021 collected 40 from pot
Mahu2021: doesn't show hand 
*** SUMMARY ***
Total pot 40 | Rake 0 
Seat 1: Mahu2021 (button) (small blind) collected (40)
Seat 2: DYLIONARE (big blind) folded before Flop



PokerStars Hand #251548398142: Tournament #3779222219, $1.84+$0.16 USD Hold'em No Limit - Level I (10/20) - 2024/07/18 17:32:17 CET [2024/07/18 11:32:17 ET]
Table '3779222219 1' 3-max Seat #2 is the button
Seat 1: Mahu2021 (730 in chips) 
Seat 2: DYLIONARE (770 in chips) 
DYLIONARE: posts small blind 10
Mahu2021: posts big blind 20
*** HOLE CARDS ***
Dealt to Mahu2021 [Jc 7h]
DYLIONARE: raises 20 to 40
Mahu2021: calls 20
*** FLOP *** [Ad 3c Jd]
Mahu2021: checks 
DYLIONARE: bets 30
Mahu2021: calls 30
*** TURN *** [Ad 3c Jd] [4c]
Mahu2021: checks 
DYLIONARE: bets 70
Mahu2021: calls 70
*** RIVER *** [Ad 3c Jd 4c] [3s]
Mahu2021: checks 
DYLIONARE: checks 
*** SHOW DOWN ***
Mahu2021: shows [Jc 7h] (two pair, Jacks and Threes)
DYLIONARE: mucks hand 
Mahu2021 collected 280 from pot
*** SUMMARY ***
Total pot 280 | Rake 0 
Board [Ad 3c Jd 4c 3s]
Seat 1: Mahu2021 (big blind) showed [Jc 7h] and won (280) with two pair, Jacks and Threes
Seat 2: DYLIONARE (button) (small blind) mucked [8d 9d]



PokerStars Hand #251548403194: Tournament #3779222219, $1.84+$0.16 USD Hold'em No Limit - Level II (15/30) - 2024/07/18 17:32:40 CET [2024/07/18 11:32:40 ET]
Table '3779222219 1' 3-max Seat #1 is the button
Seat 1: Mahu2021 (870 in chips) 
Seat 2: DYLIONARE (630 in chips) 
Mahu2021: posts small blind 15
DYLIONARE: posts big blind 30
*** HOLE CARDS ***
Dealt to Mahu2021 [8h 4c]
Mahu2021: folds 
Uncalled bet (15) returned to DYLIONARE
DYLIONARE collected 30 from pot
*** SUMMARY ***
Total pot 30 | Rake 0 
Seat 1: Mahu2021 (button) (small blind) folded before Flop
Seat 2: DYLIONARE (big blind) collected (30)



PokerStars Hand #251548404288: Tournament #3779222219, $1.84+$0.16 USD Hold'em No Limit - Level II (15/30) - 2024/07/18 17:32:45 CET [2024/07/18 11:32:45 ET]
Table '3779222219 1' 3-max Seat #2 is the button
Seat 1: Mahu2021 (855 in chips) 
Seat 2: DYLIONARE (645 in chips) 
DYLIONARE: posts small blind 15
Mahu2021: posts big blind 30
*** HOLE CARDS ***
Dealt to Mahu2021 [4c Jd]
DYLIONARE: calls 15
Mahu2021: checks 
*** FLOP *** [2c 9d 4h]
Mahu2021: checks 
DYLIONARE: bets 45
Mahu2021: calls 45
*** TURN *** [2c 9d 4h] [Td]
Mahu2021: checks 
DYLIONARE: checks 
*** RIVER *** [2c 9d 4h Td] [Ac]
Mahu2021: checks 
DYLIONARE: checks 
*** SHOW DOWN ***
Mahu2021: shows [4c Jd] (a pair of Fours)
DYLIONARE: shows [Kd 4s] (a pair of Fours - Ace+King kicker)
DYLIONARE collected 150 from pot
*** SUMMARY ***
Total pot 150 | Rake 0 
Board [2c 9d 4h Td Ac]
Seat 1: Mahu2021 (big blind) showed [4c Jd] and lost with a pair of Fours
Seat 2: DYLIONARE (button) (small blind) showed [Kd 4s] and won (150) with a pair of Fours



PokerStars Hand #251548407922: Tournament #3779222219, $1.84+$0.16 USD Hold'em No Limit - Level II (15/30) - 2024/07/18 17:33:02 CET [2024/07/18 11:33:02 ET]
Table '3779222219 1' 3-max Seat #1 is the button
Seat 1: Mahu2021 (780 in chips) 
Seat 2: DYLIONARE (720 in chips) 
Mahu2021: posts small blind 15
DYLIONARE: posts big blind 30
*** HOLE CARDS ***
Dealt to Mahu2021 [Js 4d]
Mahu2021: calls 15
DYLIONARE: checks 
*** FLOP *** [Qs 8s 9d]
DYLIONARE: checks 
Mahu2021: bets 30
DYLIONARE: raises 60 to 90
Mahu2021: calls 60
*** TURN *** [Qs 8s 9d] [Ah]
DYLIONARE: checks 
Mahu2021: checks 
*** RIVER *** [Qs 8s 9d Ah] [3d]
DYLIONARE: checks 
Mahu2021: bets 240
DYLIONARE: calls 240
*** SHOW DOWN ***
Mahu2021: shows [Js 4d] (high card Ace)
DYLIONARE: shows [4s Qc] (a pair of Queens)
DYLIONARE collected 720 from pot
*** SUMMARY ***
Total pot 720 | Rake 0 
Board [Qs 8s 9d Ah 3d]
Seat 1: Mahu2021 (button) (small blind) showed [Js 4d] and lost with high card Ace
Seat 2: DYLIONARE (big blind) showed [4s Qc] and won (720) with a pair of Queens



PokerStars Hand #251548413453: Tournament #3779222219, $1.84+$0.16 USD Hold'em No Limit - Level II (15/30) - 2024/07/18 17:33:28 CET [2024/07/18 11:33:28 ET]
Table '3779222219 1' 3-max Seat #2 is the button
Seat 1: Mahu2021 (420 in chips) 
Seat 2: DYLIONARE (1080 in chips) 
DYLIONARE: posts small blind 15
Mahu2021: posts big blind 30
*** HOLE CARDS ***
Dealt to Mahu2021 [8c 9s]
DYLIONARE: raises 30 to 60
Mahu2021: calls 30
*** FLOP *** [8d Td 6d]
Mahu2021: checks 
DYLIONARE: bets 60
Mahu2021: raises 300 to 360 and is all-in
DYLIONARE: calls 300
*** TURN *** [8d Td 6d] [Jh]
*** RIVER *** [8d Td 6d Jh] [Jc]
*** SHOW DOWN ***
Mahu2021: shows [8c 9s] (two pair, Jacks and Eights)
DYLIONARE: shows [5d Ad] (a flush, Ace high)
DYLIONARE collected 840 from pot
Mahu2021 finished the tournament in 2nd place
DYLIONARE wins the tournament and receives $6.00 - congratulations!
*** SUMMARY ***
Total pot 840 | Rake 0 
Board [8d Td 6d Jh Jc]
Seat 1: Mahu2021 (big blind) showed [8c 9s] and lost with two pair, Jacks and Eights
Seat 2: DYLIONARE (button) (small blind) showed [5d Ad] and won (840) with a flush, Ace high



