PokerStars Hand #248264702066: Tournament #3700864874, $1.84+$0.16 USD Hold'em No Limit - Level I (10/20) - 2024/01/14 11:03:17 CET [2024/01/14 5:03:17 ET]
Table '3700864874 1' 3-max Seat #1 is the button
Seat 1: goholly (500 in chips) 
Seat 2: Jeanzinnnn (500 in chips) 
Seat 3: Mahu2021 (500 in chips) 
Jeanzinnnn: posts small blind 10
Mahu2021: posts big blind 20
*** HOLE CARDS ***
Dealt to Mahu2021 [2c Kh]
goholly: calls 20
Jeanzinnnn: calls 10
Mahu2021: checks 
*** FLOP *** [3s 9s As]
Jeanzinnnn: checks 
Mahu2021: checks 
goholly: checks 
*** TURN *** [3s 9s As] [Ad]
Jeanzinnnn: checks 
Mahu2021: checks 
goholly: checks 
*** RIVER *** [3s 9s As Ad] [7h]
Jeanzinnnn: checks 
Mahu2021: checks 
goholly: checks 
*** SHOW DOWN ***
Jeanzinnnn: shows [Qs 7d] (two pair, Aces and Sevens)
Mahu2021: mucks hand 
goholly: mucks hand 
Jeanzinnnn collected 60 from pot
*** SUMMARY ***
Total pot 60 | Rake 0 
Board [3s 9s As Ad 7h]
Seat 1: goholly (button) mucked [Tc 7c]
Seat 2: Jeanzinnnn (small blind) showed [Qs 7d] and won (60) with two pair, Aces and Sevens
Seat 3: Mahu2021 (big blind) mucked [2c Kh]



PokerStars Hand #248264708095: Tournament #3700864874, $1.84+$0.16 USD Hold'em No Limit - Level I (10/20) - 2024/01/14 11:03:57 CET [2024/01/14 5:03:57 ET]
Table '3700864874 1' 3-max Seat #2 is the button
Seat 1: goholly (480 in chips) 
Seat 2: Jeanzinnnn (540 in chips) 
Seat 3: Mahu2021 (480 in chips) 
Mahu2021: posts small blind 10
goholly: posts big blind 20
*** HOLE CARDS ***
Dealt to Mahu2021 [2d 8s]
Jeanzinnnn: folds 
Mahu2021: folds 
Uncalled bet (10) returned to goholly
goholly collected 20 from pot
goholly: doesn't show hand 
*** SUMMARY ***
Total pot 20 | Rake 0 
Seat 1: goholly (big blind) collected (20)
Seat 2: Jeanzinnnn (button) folded before Flop (didn't bet)
Seat 3: Mahu2021 (small blind) folded before Flop



PokerStars Hand #248264709375: Tournament #3700864874, $1.84+$0.16 USD Hold'em No Limit - Level I (10/20) - 2024/01/14 11:04:06 CET [2024/01/14 5:04:06 ET]
Table '3700864874 1' 3-max Seat #3 is the button
Seat 1: goholly (490 in chips) 
Seat 2: Jeanzinnnn (540 in chips) 
Seat 3: Mahu2021 (470 in chips) 
goholly: posts small blind 10
Jeanzinnnn: posts big blind 20
*** HOLE CARDS ***
Dealt to Mahu2021 [9h Ts]
Mahu2021: calls 20
goholly: calls 10
Jeanzinnnn: checks 
*** FLOP *** [6h 7s 4d]
goholly: checks 
Jeanzinnnn: checks 
Mahu2021: checks 
*** TURN *** [6h 7s 4d] [8c]
goholly: checks 
Jeanzinnnn: checks 
Mahu2021: bets 60
goholly: calls 60
Jeanzinnnn: folds 
*** RIVER *** [6h 7s 4d 8c] [As]
goholly: checks 
Mahu2021: bets 60
goholly: folds 
Uncalled bet (60) returned to Mahu2021
Mahu2021 collected 180 from pot
Mahu2021: doesn't show hand 
*** SUMMARY ***
Total pot 180 | Rake 0 
Board [6h 7s 4d 8c As]
Seat 1: goholly (small blind) folded on the River
Seat 2: Jeanzinnnn (big blind) folded on the Turn
Seat 3: Mahu2021 (button) collected (180)



PokerStars Hand #248264714785: Tournament #3700864874, $1.84+$0.16 USD Hold'em No Limit - Level I (10/20) - 2024/01/14 11:04:42 CET [2024/01/14 5:04:42 ET]
Table '3700864874 1' 3-max Seat #1 is the button
Seat 1: goholly (410 in chips) 
Seat 2: Jeanzinnnn (520 in chips) 
Seat 3: Mahu2021 (570 in chips) 
Jeanzinnnn: posts small blind 10
Mahu2021: posts big blind 20
*** HOLE CARDS ***
Dealt to Mahu2021 [2h Ac]
goholly: folds 
Jeanzinnnn: folds 
Uncalled bet (10) returned to Mahu2021
Mahu2021 collected 20 from pot
Mahu2021: doesn't show hand 
*** SUMMARY ***
Total pot 20 | Rake 0 
Seat 1: goholly (button) folded before Flop (didn't bet)
Seat 2: Jeanzinnnn (small blind) folded before Flop
Seat 3: Mahu2021 (big blind) collected (20)



PokerStars Hand #248264716632: Tournament #3700864874, $1.84+$0.16 USD Hold'em No Limit - Level I (10/20) - 2024/01/14 11:04:53 CET [2024/01/14 5:04:53 ET]
Table '3700864874 1' 3-max Seat #2 is the button
Seat 1: goholly (410 in chips) 
Seat 2: Jeanzinnnn (510 in chips) 
Seat 3: Mahu2021 (580 in chips) 
Mahu2021: posts small blind 10
goholly: posts big blind 20
*** HOLE CARDS ***
Dealt to Mahu2021 [2c 9s]
Jeanzinnnn: calls 20
Mahu2021: folds 
goholly: checks 
*** FLOP *** [6d 3c 3d]
goholly: checks 
Jeanzinnnn: bets 20
goholly: folds 
Uncalled bet (20) returned to Jeanzinnnn
Jeanzinnnn collected 50 from pot
*** SUMMARY ***
Total pot 50 | Rake 0 
Board [6d 3c 3d]
Seat 1: goholly (big blind) folded on the Flop
Seat 2: Jeanzinnnn (button) collected (50)
Seat 3: Mahu2021 (small blind) folded before Flop



PokerStars Hand #248264720488: Tournament #3700864874, $1.84+$0.16 USD Hold'em No Limit - Level I (10/20) - 2024/01/14 11:05:18 CET [2024/01/14 5:05:18 ET]
Table '3700864874 1' 3-max Seat #3 is the button
Seat 1: goholly (390 in chips) 
Seat 2: Jeanzinnnn (540 in chips) 
Seat 3: Mahu2021 (570 in chips) 
goholly: posts small blind 10
Jeanzinnnn: posts big blind 20
*** HOLE CARDS ***
Dealt to Mahu2021 [Qd Ac]
Mahu2021: raises 20 to 40
goholly: folds 
Jeanzinnnn: calls 20
*** FLOP *** [6d Ah Qh]
Jeanzinnnn: checks 
Mahu2021: bets 40
Jeanzinnnn: calls 40
*** TURN *** [6d Ah Qh] [4s]
Jeanzinnnn: checks 
Mahu2021: bets 40
Jeanzinnnn: calls 40
*** RIVER *** [6d Ah Qh 4s] [7d]
Jeanzinnnn: checks 
Mahu2021: bets 40
Jeanzinnnn: folds 
Uncalled bet (40) returned to Mahu2021
Mahu2021 collected 250 from pot
Mahu2021: doesn't show hand 
*** SUMMARY ***
Total pot 250 | Rake 0 
Board [6d Ah Qh 4s 7d]
Seat 1: goholly (small blind) folded before Flop
Seat 2: Jeanzinnnn (big blind) folded on the River
Seat 3: Mahu2021 (button) collected (250)



PokerStars Hand #248264729876: Tournament #3700864874, $1.84+$0.16 USD Hold'em No Limit - Level II (15/30) - 2024/01/14 11:06:19 CET [2024/01/14 5:06:19 ET]
Table '3700864874 1' 3-max Seat #1 is the button
Seat 1: goholly (380 in chips) 
Seat 2: Jeanzinnnn (420 in chips) 
Seat 3: Mahu2021 (700 in chips) 
Jeanzinnnn: posts small blind 15
Mahu2021: posts big blind 30
*** HOLE CARDS ***
Dealt to Mahu2021 [Ah 4d]
goholly: calls 30
Jeanzinnnn: calls 15
Mahu2021: checks 
*** FLOP *** [4h 5d 7h]
Jeanzinnnn: checks 
Mahu2021: checks 
goholly: checks 
*** TURN *** [4h 5d 7h] [2d]
Jeanzinnnn: bets 60
Mahu2021: folds 
goholly: calls 60
*** RIVER *** [4h 5d 7h 2d] [6d]
Jeanzinnnn: bets 105
goholly: folds 
Uncalled bet (105) returned to Jeanzinnnn
Jeanzinnnn collected 210 from pot
*** SUMMARY ***
Total pot 210 | Rake 0 
Board [4h 5d 7h 2d 6d]
Seat 1: goholly (button) folded on the River
Seat 2: Jeanzinnnn (small blind) collected (210)
Seat 3: Mahu2021 (big blind) folded on the Turn



PokerStars Hand #248264737512: Tournament #3700864874, $1.84+$0.16 USD Hold'em No Limit - Level II (15/30) - 2024/01/14 11:07:09 CET [2024/01/14 5:07:09 ET]
Table '3700864874 1' 3-max Seat #2 is the button
Seat 1: goholly (290 in chips) 
Seat 2: Jeanzinnnn (540 in chips) 
Seat 3: Mahu2021 (670 in chips) 
Mahu2021: posts small blind 15
goholly: posts big blind 30
*** HOLE CARDS ***
Dealt to Mahu2021 [Ks 7c]
Jeanzinnnn: calls 30
Mahu2021: calls 15
goholly: checks 
*** FLOP *** [8d Kd 4h]
Mahu2021: bets 30
goholly: raises 30 to 60
Jeanzinnnn: folds 
Mahu2021: calls 30
*** TURN *** [8d Kd 4h] [2s]
Mahu2021: checks 
goholly: bets 105
Mahu2021: calls 105
*** RIVER *** [8d Kd 4h 2s] [Jd]
Mahu2021: checks 
goholly: bets 95 and is all-in
Mahu2021: folds 
Uncalled bet (95) returned to goholly
goholly collected 420 from pot
goholly: doesn't show hand 
*** SUMMARY ***
Total pot 420 | Rake 0 
Board [8d Kd 4h 2s Jd]
Seat 1: goholly (big blind) collected (420)
Seat 2: Jeanzinnnn (button) folded on the Flop
Seat 3: Mahu2021 (small blind) folded on the River



PokerStars Hand #248264743595: Tournament #3700864874, $1.84+$0.16 USD Hold'em No Limit - Level III (20/40) - 2024/01/14 11:07:48 CET [2024/01/14 5:07:48 ET]
Table '3700864874 1' 3-max Seat #3 is the button
Seat 1: goholly (515 in chips) 
Seat 2: Jeanzinnnn (510 in chips) 
Seat 3: Mahu2021 (475 in chips) 
goholly: posts small blind 20
Jeanzinnnn: posts big blind 40
*** HOLE CARDS ***
Dealt to Mahu2021 [6d Tc]
Mahu2021: folds 
goholly: calls 20
Jeanzinnnn: checks 
*** FLOP *** [2d 9h 5s]
goholly: checks 
Jeanzinnnn: checks 
*** TURN *** [2d 9h 5s] [8d]
goholly: checks 
Jeanzinnnn: bets 40
goholly: folds 
Uncalled bet (40) returned to Jeanzinnnn
Jeanzinnnn collected 80 from pot
*** SUMMARY ***
Total pot 80 | Rake 0 
Board [2d 9h 5s 8d]
Seat 1: goholly (small blind) folded on the Turn
Seat 2: Jeanzinnnn (big blind) collected (80)
Seat 3: Mahu2021 (button) folded before Flop (didn't bet)



PokerStars Hand #248264748323: Tournament #3700864874, $1.84+$0.16 USD Hold'em No Limit - Level III (20/40) - 2024/01/14 11:08:18 CET [2024/01/14 5:08:18 ET]
Table '3700864874 1' 3-max Seat #1 is the button
Seat 1: goholly (475 in chips) 
Seat 2: Jeanzinnnn (550 in chips) 
Seat 3: Mahu2021 (475 in chips) 
Jeanzinnnn: posts small blind 20
Mahu2021: posts big blind 40
*** HOLE CARDS ***
Dealt to Mahu2021 [8d 6c]
goholly: folds 
Jeanzinnnn: raises 40 to 80
Mahu2021: folds 
Uncalled bet (40) returned to Jeanzinnnn
Jeanzinnnn collected 80 from pot
*** SUMMARY ***
Total pot 80 | Rake 0 
Seat 1: goholly (button) folded before Flop (didn't bet)
Seat 2: Jeanzinnnn (small blind) collected (80)
Seat 3: Mahu2021 (big blind) folded before Flop



PokerStars Hand #248264750004: Tournament #3700864874, $1.84+$0.16 USD Hold'em No Limit - Level III (20/40) - 2024/01/14 11:08:29 CET [2024/01/14 5:08:29 ET]
Table '3700864874 1' 3-max Seat #2 is the button
Seat 1: goholly (475 in chips) 
Seat 2: Jeanzinnnn (590 in chips) 
Seat 3: Mahu2021 (435 in chips) 
Mahu2021: posts small blind 20
goholly: posts big blind 40
*** HOLE CARDS ***
Dealt to Mahu2021 [Kd 5s]
Jeanzinnnn: folds 
Mahu2021: calls 20
goholly: checks 
*** FLOP *** [Js Kh Qs]
Mahu2021: bets 40
goholly: calls 40
*** TURN *** [Js Kh Qs] [Td]
Mahu2021: checks 
goholly: checks 
*** RIVER *** [Js Kh Qs Td] [Kc]
Mahu2021: bets 160
goholly: folds 
Uncalled bet (160) returned to Mahu2021
Mahu2021 collected 160 from pot
Mahu2021: doesn't show hand 
*** SUMMARY ***
Total pot 160 | Rake 0 
Board [Js Kh Qs Td Kc]
Seat 1: goholly (big blind) folded on the River
Seat 2: Jeanzinnnn (button) folded before Flop (didn't bet)
Seat 3: Mahu2021 (small blind) collected (160)



PokerStars Hand #248264753554: Tournament #3700864874, $1.84+$0.16 USD Hold'em No Limit - Level III (20/40) - 2024/01/14 11:08:52 CET [2024/01/14 5:08:52 ET]
Table '3700864874 1' 3-max Seat #3 is the button
Seat 1: goholly (395 in chips) 
Seat 2: Jeanzinnnn (590 in chips) 
Seat 3: Mahu2021 (515 in chips) 
goholly: posts small blind 20
Jeanzinnnn: posts big blind 40
*** HOLE CARDS ***
Dealt to Mahu2021 [Kc Js]
Mahu2021: calls 40
goholly: folds 
Jeanzinnnn: checks 
*** FLOP *** [7s 4d 3d]
Jeanzinnnn: checks 
Mahu2021: checks 
*** TURN *** [7s 4d 3d] [8s]
Jeanzinnnn: checks 
Mahu2021: checks 
*** RIVER *** [7s 4d 3d 8s] [Ac]
Jeanzinnnn: checks 
Mahu2021: bets 40
Jeanzinnnn: folds 
Uncalled bet (40) returned to Mahu2021
Mahu2021 collected 100 from pot
Mahu2021: doesn't show hand 
*** SUMMARY ***
Total pot 100 | Rake 0 
Board [7s 4d 3d 8s Ac]
Seat 1: goholly (small blind) folded before Flop
Seat 2: Jeanzinnnn (big blind) folded on the River
Seat 3: Mahu2021 (button) collected (100)



PokerStars Hand #248264758860: Tournament #3700864874, $1.84+$0.16 USD Hold'em No Limit - Level IV (30/60) - 2024/01/14 11:09:26 CET [2024/01/14 5:09:26 ET]
Table '3700864874 1' 3-max Seat #1 is the button
Seat 1: goholly (375 in chips) 
Seat 2: Jeanzinnnn (550 in chips) 
Seat 3: Mahu2021 (575 in chips) 
Jeanzinnnn: posts small blind 30
Mahu2021: posts big blind 60
*** HOLE CARDS ***
Dealt to Mahu2021 [4s 3h]
goholly: folds 
Jeanzinnnn: raises 60 to 120
Mahu2021: folds 
Uncalled bet (60) returned to Jeanzinnnn
Jeanzinnnn collected 120 from pot
*** SUMMARY ***
Total pot 120 | Rake 0 
Seat 1: goholly (button) folded before Flop (didn't bet)
Seat 2: Jeanzinnnn (small blind) collected (120)
Seat 3: Mahu2021 (big blind) folded before Flop



PokerStars Hand #248264760562: Tournament #3700864874, $1.84+$0.16 USD Hold'em No Limit - Level IV (30/60) - 2024/01/14 11:09:38 CET [2024/01/14 5:09:38 ET]
Table '3700864874 1' 3-max Seat #2 is the button
Seat 1: goholly (375 in chips) 
Seat 2: Jeanzinnnn (610 in chips) 
Seat 3: Mahu2021 (515 in chips) 
Mahu2021: posts small blind 30
goholly: posts big blind 60
*** HOLE CARDS ***
Dealt to Mahu2021 [Td 7d]
Jeanzinnnn: raises 60 to 120
Mahu2021: folds 
goholly: folds 
Uncalled bet (60) returned to Jeanzinnnn
Jeanzinnnn collected 150 from pot
*** SUMMARY ***
Total pot 150 | Rake 0 
Seat 1: goholly (big blind) folded before Flop
Seat 2: Jeanzinnnn (button) collected (150)
Seat 3: Mahu2021 (small blind) folded before Flop



PokerStars Hand #248264762051: Tournament #3700864874, $1.84+$0.16 USD Hold'em No Limit - Level IV (30/60) - 2024/01/14 11:09:47 CET [2024/01/14 5:09:47 ET]
Table '3700864874 1' 3-max Seat #3 is the button
Seat 1: goholly (315 in chips) 
Seat 2: Jeanzinnnn (700 in chips) 
Seat 3: Mahu2021 (485 in chips) 
goholly: posts small blind 30
Jeanzinnnn: posts big blind 60
*** HOLE CARDS ***
Dealt to Mahu2021 [4c Jc]
Mahu2021: folds 
goholly: calls 30
Jeanzinnnn: checks 
*** FLOP *** [6h 3c 4s]
goholly: checks 
Jeanzinnnn: bets 60
goholly: folds 
Uncalled bet (60) returned to Jeanzinnnn
Jeanzinnnn collected 120 from pot
*** SUMMARY ***
Total pot 120 | Rake 0 
Board [6h 3c 4s]
Seat 1: goholly (small blind) folded on the Flop
Seat 2: Jeanzinnnn (big blind) collected (120)
Seat 3: Mahu2021 (button) folded before Flop (didn't bet)



PokerStars Hand #248264765140: Tournament #3700864874, $1.84+$0.16 USD Hold'em No Limit - Level IV (30/60) - 2024/01/14 11:10:07 CET [2024/01/14 5:10:07 ET]
Table '3700864874 1' 3-max Seat #1 is the button
Seat 1: goholly (255 in chips) 
Seat 2: Jeanzinnnn (760 in chips) 
Seat 3: Mahu2021 (485 in chips) 
Jeanzinnnn: posts small blind 30
Mahu2021: posts big blind 60
*** HOLE CARDS ***
Dealt to Mahu2021 [As 4c]
goholly: folds 
Jeanzinnnn: folds 
Uncalled bet (30) returned to Mahu2021
Mahu2021 collected 60 from pot
Mahu2021: doesn't show hand 
*** SUMMARY ***
Total pot 60 | Rake 0 
Seat 1: goholly (button) folded before Flop (didn't bet)
Seat 2: Jeanzinnnn (small blind) folded before Flop
Seat 3: Mahu2021 (big blind) collected (60)



PokerStars Hand #248264766344: Tournament #3700864874, $1.84+$0.16 USD Hold'em No Limit - Level IV (30/60) - 2024/01/14 11:10:15 CET [2024/01/14 5:10:15 ET]
Table '3700864874 1' 3-max Seat #2 is the button
Seat 1: goholly (255 in chips) 
Seat 2: Jeanzinnnn (730 in chips) 
Seat 3: Mahu2021 (515 in chips) 
Mahu2021: posts small blind 30
goholly: posts big blind 60
*** HOLE CARDS ***
Dealt to Mahu2021 [5d 3d]
Jeanzinnnn: folds 
Mahu2021: calls 30
goholly: checks 
*** FLOP *** [Kh 8c 2d]
Mahu2021: checks 
goholly: checks 
*** TURN *** [Kh 8c 2d] [4h]
Mahu2021: bets 60
goholly: folds 
Uncalled bet (60) returned to Mahu2021
Mahu2021 collected 120 from pot
Mahu2021: doesn't show hand 
*** SUMMARY ***
Total pot 120 | Rake 0 
Board [Kh 8c 2d 4h]
Seat 1: goholly (big blind) folded on the Turn
Seat 2: Jeanzinnnn (button) folded before Flop (didn't bet)
Seat 3: Mahu2021 (small blind) collected (120)



PokerStars Hand #248264768606: Tournament #3700864874, $1.84+$0.16 USD Hold'em No Limit - Level IV (30/60) - 2024/01/14 11:10:30 CET [2024/01/14 5:10:30 ET]
Table '3700864874 1' 3-max Seat #3 is the button
Seat 1: goholly (195 in chips) 
Seat 2: Jeanzinnnn (730 in chips) 
Seat 3: Mahu2021 (575 in chips) 
goholly: posts small blind 30
Jeanzinnnn: posts big blind 60
*** HOLE CARDS ***
Dealt to Mahu2021 [Ac 9d]
Mahu2021: calls 60
goholly: calls 30
Jeanzinnnn: raises 180 to 240
Mahu2021: folds 
goholly: calls 135 and is all-in
Uncalled bet (45) returned to Jeanzinnnn
*** FLOP *** [7c As Ad]
*** TURN *** [7c As Ad] [5h]
*** RIVER *** [7c As Ad 5h] [6d]
*** SHOW DOWN ***
goholly: shows [Jh 9h] (a pair of Aces)
Jeanzinnnn: shows [Qc Qh] (two pair, Aces and Queens)
Jeanzinnnn collected 450 from pot
goholly finished the tournament in 3rd place
*** SUMMARY ***
Total pot 450 | Rake 0 
Board [7c As Ad 5h 6d]
Seat 1: goholly (small blind) showed [Jh 9h] and lost with a pair of Aces
Seat 2: Jeanzinnnn (big blind) showed [Qc Qh] and won (450) with two pair, Aces and Queens
Seat 3: Mahu2021 (button) folded before Flop



PokerStars Hand #248264772401: Tournament #3700864874, $1.84+$0.16 USD Hold'em No Limit - Level IV (30/60) - 2024/01/14 11:10:54 CET [2024/01/14 5:10:54 ET]
Table '3700864874 1' 3-max Seat #2 is the button
Seat 2: Jeanzinnnn (985 in chips) 
Seat 3: Mahu2021 (515 in chips) 
Jeanzinnnn: posts small blind 30
Mahu2021: posts big blind 60
*** HOLE CARDS ***
Dealt to Mahu2021 [Th As]
Jeanzinnnn: calls 30
Mahu2021: raises 120 to 180
Jeanzinnnn: folds 
Uncalled bet (120) returned to Mahu2021
Mahu2021 collected 120 from pot
Mahu2021: doesn't show hand 
*** SUMMARY ***
Total pot 120 | Rake 0 
Seat 2: Jeanzinnnn (button) (small blind) folded before Flop
Seat 3: Mahu2021 (big blind) collected (120)



PokerStars Hand #248264774927: Tournament #3700864874, $1.84+$0.16 USD Hold'em No Limit - Level IV (30/60) - 2024/01/14 11:11:10 CET [2024/01/14 5:11:10 ET]
Table '3700864874 1' 3-max Seat #3 is the button
Seat 2: Jeanzinnnn (925 in chips) 
Seat 3: Mahu2021 (575 in chips) 
Mahu2021: posts small blind 30
Jeanzinnnn: posts big blind 60
*** HOLE CARDS ***
Dealt to Mahu2021 [Tc Qd]
Mahu2021: calls 30
Jeanzinnnn: raises 120 to 180
Mahu2021: calls 120
*** FLOP *** [4h 2s Jd]
Jeanzinnnn: bets 745 and is all-in
Mahu2021: folds 
Uncalled bet (745) returned to Jeanzinnnn
Jeanzinnnn collected 360 from pot
*** SUMMARY ***
Total pot 360 | Rake 0 
Board [4h 2s Jd]
Seat 2: Jeanzinnnn (big blind) collected (360)
Seat 3: Mahu2021 (button) (small blind) folded on the Flop



PokerStars Hand #248264778032: Tournament #3700864874, $1.84+$0.16 USD Hold'em No Limit - Level V (40/80) - 2024/01/14 11:11:30 CET [2024/01/14 5:11:30 ET]
Table '3700864874 1' 3-max Seat #2 is the button
Seat 2: Jeanzinnnn (1105 in chips) 
Seat 3: Mahu2021 (395 in chips) 
Jeanzinnnn: posts small blind 40
Mahu2021: posts big blind 80
*** HOLE CARDS ***
Dealt to Mahu2021 [Ts 5c]
Jeanzinnnn: calls 40
Mahu2021: checks 
*** FLOP *** [5s 2d Js]
Mahu2021: bets 315 and is all-in
Jeanzinnnn: calls 315
*** TURN *** [5s 2d Js] [4s]
*** RIVER *** [5s 2d Js 4s] [4c]
*** SHOW DOWN ***
Mahu2021: shows [Ts 5c] (two pair, Fives and Fours)
Jeanzinnnn: shows [5h 6s] (two pair, Fives and Fours)
Mahu2021 collected 395 from pot
Jeanzinnnn collected 395 from pot
*** SUMMARY ***
Total pot 790 | Rake 0 
Board [5s 2d Js 4s 4c]
Seat 2: Jeanzinnnn (button) (small blind) showed [5h 6s] and won (395) with two pair, Fives and Fours
Seat 3: Mahu2021 (big blind) showed [Ts 5c] and won (395) with two pair, Fives and Fours



PokerStars Hand #248264780940: Tournament #3700864874, $1.84+$0.16 USD Hold'em No Limit - Level V (40/80) - 2024/01/14 11:11:49 CET [2024/01/14 5:11:49 ET]
Table '3700864874 1' 3-max Seat #3 is the button
Seat 2: Jeanzinnnn (1105 in chips) 
Seat 3: Mahu2021 (395 in chips) 
Mahu2021: posts small blind 40
Jeanzinnnn: posts big blind 80
*** HOLE CARDS ***
Dealt to Mahu2021 [4c 8c]
Mahu2021: calls 40
Jeanzinnnn: raises 1025 to 1105 and is all-in
Mahu2021: folds 
Uncalled bet (1025) returned to Jeanzinnnn
Jeanzinnnn collected 160 from pot
*** SUMMARY ***
Total pot 160 | Rake 0 
Seat 2: Jeanzinnnn (big blind) collected (160)
Seat 3: Mahu2021 (button) (small blind) folded before Flop



PokerStars Hand #248264782395: Tournament #3700864874, $1.84+$0.16 USD Hold'em No Limit - Level V (40/80) - 2024/01/14 11:11:58 CET [2024/01/14 5:11:58 ET]
Table '3700864874 1' 3-max Seat #2 is the button
Seat 2: Jeanzinnnn (1185 in chips) 
Seat 3: Mahu2021 (315 in chips) 
Jeanzinnnn: posts small blind 40
Mahu2021: posts big blind 80
*** HOLE CARDS ***
Dealt to Mahu2021 [Jc 3d]
Jeanzinnnn: folds 
Uncalled bet (40) returned to Mahu2021
Mahu2021 collected 80 from pot
Mahu2021: doesn't show hand 
*** SUMMARY ***
Total pot 80 | Rake 0 
Seat 2: Jeanzinnnn (button) (small blind) folded before Flop
Seat 3: Mahu2021 (big blind) collected (80)



PokerStars Hand #248264783645: Tournament #3700864874, $1.84+$0.16 USD Hold'em No Limit - Level V (40/80) - 2024/01/14 11:12:06 CET [2024/01/14 5:12:06 ET]
Table '3700864874 1' 3-max Seat #3 is the button
Seat 2: Jeanzinnnn (1145 in chips) 
Seat 3: Mahu2021 (355 in chips) 
Mahu2021: posts small blind 40
Jeanzinnnn: posts big blind 80
*** HOLE CARDS ***
Dealt to Mahu2021 [Qc 7d]
Mahu2021: raises 275 to 355 and is all-in
Jeanzinnnn: folds 
Uncalled bet (275) returned to Mahu2021
Mahu2021 collected 160 from pot
Mahu2021: doesn't show hand 
*** SUMMARY ***
Total pot 160 | Rake 0 
Seat 2: Jeanzinnnn (big blind) folded before Flop
Seat 3: Mahu2021 (button) (small blind) collected (160)



PokerStars Hand #248264785266: Tournament #3700864874, $1.84+$0.16 USD Hold'em No Limit - Level V (40/80) - 2024/01/14 11:12:17 CET [2024/01/14 5:12:17 ET]
Table '3700864874 1' 3-max Seat #2 is the button
Seat 2: Jeanzinnnn (1065 in chips) 
Seat 3: Mahu2021 (435 in chips) 
Jeanzinnnn: posts small blind 40
Mahu2021: posts big blind 80
*** HOLE CARDS ***
Dealt to Mahu2021 [4c 3s]
Jeanzinnnn: raises 985 to 1065 and is all-in
Mahu2021: folds 
Uncalled bet (985) returned to Jeanzinnnn
Jeanzinnnn collected 160 from pot
*** SUMMARY ***
Total pot 160 | Rake 0 
Seat 2: Jeanzinnnn (button) (small blind) collected (160)
Seat 3: Mahu2021 (big blind) folded before Flop



PokerStars Hand #248264786222: Tournament #3700864874, $1.84+$0.16 USD Hold'em No Limit - Level V (40/80) - 2024/01/14 11:12:23 CET [2024/01/14 5:12:23 ET]
Table '3700864874 1' 3-max Seat #3 is the button
Seat 2: Jeanzinnnn (1145 in chips) 
Seat 3: Mahu2021 (355 in chips) 
Mahu2021: posts small blind 40
Jeanzinnnn: posts big blind 80
*** HOLE CARDS ***
Dealt to Mahu2021 [2c 3d]
Mahu2021: folds 
Uncalled bet (40) returned to Jeanzinnnn
Jeanzinnnn collected 80 from pot
*** SUMMARY ***
Total pot 80 | Rake 0 
Seat 2: Jeanzinnnn (big blind) collected (80)
Seat 3: Mahu2021 (button) (small blind) folded before Flop



PokerStars Hand #248264786934: Tournament #3700864874, $1.84+$0.16 USD Hold'em No Limit - Level V (40/80) - 2024/01/14 11:12:27 CET [2024/01/14 5:12:27 ET]
Table '3700864874 1' 3-max Seat #2 is the button
Seat 2: Jeanzinnnn (1185 in chips) 
Seat 3: Mahu2021 (315 in chips) 
Jeanzinnnn: posts small blind 40
Mahu2021: posts big blind 80
*** HOLE CARDS ***
Dealt to Mahu2021 [8s Qs]
Jeanzinnnn: calls 40
Mahu2021: raises 235 to 315 and is all-in
Jeanzinnnn: folds 
Uncalled bet (235) returned to Mahu2021
Mahu2021 collected 160 from pot
Mahu2021: doesn't show hand 
*** SUMMARY ***
Total pot 160 | Rake 0 
Seat 2: Jeanzinnnn (button) (small blind) folded before Flop
Seat 3: Mahu2021 (big blind) collected (160)



PokerStars Hand #248264788819: Tournament #3700864874, $1.84+$0.16 USD Hold'em No Limit - Level V (40/80) - 2024/01/14 11:12:39 CET [2024/01/14 5:12:39 ET]
Table '3700864874 1' 3-max Seat #3 is the button
Seat 2: Jeanzinnnn (1105 in chips) 
Seat 3: Mahu2021 (395 in chips) 
Mahu2021: posts small blind 40
Jeanzinnnn: posts big blind 80
*** HOLE CARDS ***
Dealt to Mahu2021 [Kd 8h]
Mahu2021: raises 315 to 395 and is all-in
Jeanzinnnn: folds 
Uncalled bet (315) returned to Mahu2021
Mahu2021 collected 160 from pot
Mahu2021: doesn't show hand 
*** SUMMARY ***
Total pot 160 | Rake 0 
Seat 2: Jeanzinnnn (big blind) folded before Flop
Seat 3: Mahu2021 (button) (small blind) collected (160)



PokerStars Hand #248264790004: Tournament #3700864874, $1.84+$0.16 USD Hold'em No Limit - Level V (40/80) - 2024/01/14 11:12:47 CET [2024/01/14 5:12:47 ET]
Table '3700864874 1' 3-max Seat #2 is the button
Seat 2: Jeanzinnnn (1025 in chips) 
Seat 3: Mahu2021 (475 in chips) 
Jeanzinnnn: posts small blind 40
Mahu2021: posts big blind 80
*** HOLE CARDS ***
Dealt to Mahu2021 [Jd 2s]
Jeanzinnnn: raises 80 to 160
Mahu2021: folds 
Uncalled bet (80) returned to Jeanzinnnn
Jeanzinnnn collected 160 from pot
*** SUMMARY ***
Total pot 160 | Rake 0 
Seat 2: Jeanzinnnn (button) (small blind) collected (160)
Seat 3: Mahu2021 (big blind) folded before Flop



PokerStars Hand #248264791183: Tournament #3700864874, $1.84+$0.16 USD Hold'em No Limit - Level V (40/80) - 2024/01/14 11:12:54 CET [2024/01/14 5:12:54 ET]
Table '3700864874 1' 3-max Seat #3 is the button
Seat 2: Jeanzinnnn (1105 in chips) 
Seat 3: Mahu2021 (395 in chips) 
Mahu2021: posts small blind 40
Jeanzinnnn: posts big blind 80
*** HOLE CARDS ***
Dealt to Mahu2021 [Qh 9s]
Mahu2021: raises 315 to 395 and is all-in
Jeanzinnnn: folds 
Uncalled bet (315) returned to Mahu2021
Mahu2021 collected 160 from pot
Mahu2021: doesn't show hand 
*** SUMMARY ***
Total pot 160 | Rake 0 
Seat 2: Jeanzinnnn (big blind) folded before Flop
Seat 3: Mahu2021 (button) (small blind) collected (160)



PokerStars Hand #248264793084: Tournament #3700864874, $1.84+$0.16 USD Hold'em No Limit - Level V (40/80) - 2024/01/14 11:13:07 CET [2024/01/14 5:13:07 ET]
Table '3700864874 1' 3-max Seat #2 is the button
Seat 2: Jeanzinnnn (1025 in chips) 
Seat 3: Mahu2021 (475 in chips) 
Jeanzinnnn: posts small blind 40
Mahu2021: posts big blind 80
*** HOLE CARDS ***
Dealt to Mahu2021 [Th 4d]
Jeanzinnnn: raises 945 to 1025 and is all-in
Mahu2021: folds 
Uncalled bet (945) returned to Jeanzinnnn
Jeanzinnnn collected 160 from pot
*** SUMMARY ***
Total pot 160 | Rake 0 
Seat 2: Jeanzinnnn (button) (small blind) collected (160)
Seat 3: Mahu2021 (big blind) folded before Flop



PokerStars Hand #248264793979: Tournament #3700864874, $1.84+$0.16 USD Hold'em No Limit - Level V (40/80) - 2024/01/14 11:13:12 CET [2024/01/14 5:13:12 ET]
Table '3700864874 1' 3-max Seat #3 is the button
Seat 2: Jeanzinnnn (1105 in chips) 
Seat 3: Mahu2021 (395 in chips) 
Mahu2021: posts small blind 40
Jeanzinnnn: posts big blind 80
*** HOLE CARDS ***
Dealt to Mahu2021 [Ad 8s]
Mahu2021: calls 40
Jeanzinnnn: checks 
*** FLOP *** [Kc Kh Qd]
Jeanzinnnn: checks 
Mahu2021: bets 80
Jeanzinnnn: folds 
Uncalled bet (80) returned to Mahu2021
Mahu2021 collected 160 from pot
Mahu2021: doesn't show hand 
*** SUMMARY ***
Total pot 160 | Rake 0 
Board [Kc Kh Qd]
Seat 2: Jeanzinnnn (big blind) folded on the Flop
Seat 3: Mahu2021 (button) (small blind) collected (160)



PokerStars Hand #248264796389: Tournament #3700864874, $1.84+$0.16 USD Hold'em No Limit - Level VI (50/100) - 2024/01/14 11:13:28 CET [2024/01/14 5:13:28 ET]
Table '3700864874 1' 3-max Seat #2 is the button
Seat 2: Jeanzinnnn (1025 in chips) 
Seat 3: Mahu2021 (475 in chips) 
Jeanzinnnn: posts small blind 50
Mahu2021: posts big blind 100
*** HOLE CARDS ***
Dealt to Mahu2021 [Qs 8c]
Jeanzinnnn: folds 
Uncalled bet (50) returned to Mahu2021
Mahu2021 collected 100 from pot
Mahu2021: doesn't show hand 
*** SUMMARY ***
Total pot 100 | Rake 0 
Seat 2: Jeanzinnnn (button) (small blind) folded before Flop
Seat 3: Mahu2021 (big blind) collected (100)



PokerStars Hand #248264797422: Tournament #3700864874, $1.84+$0.16 USD Hold'em No Limit - Level VI (50/100) - 2024/01/14 11:13:35 CET [2024/01/14 5:13:35 ET]
Table '3700864874 1' 3-max Seat #3 is the button
Seat 2: Jeanzinnnn (975 in chips) 
Seat 3: Mahu2021 (525 in chips) 
Mahu2021: posts small blind 50
Jeanzinnnn: posts big blind 100
*** HOLE CARDS ***
Dealt to Mahu2021 [9d 2d]
Mahu2021: folds 
Uncalled bet (50) returned to Jeanzinnnn
Jeanzinnnn collected 100 from pot
*** SUMMARY ***
Total pot 100 | Rake 0 
Seat 2: Jeanzinnnn (big blind) collected (100)
Seat 3: Mahu2021 (button) (small blind) folded before Flop



PokerStars Hand #248264798141: Tournament #3700864874, $1.84+$0.16 USD Hold'em No Limit - Level VI (50/100) - 2024/01/14 11:13:40 CET [2024/01/14 5:13:40 ET]
Table '3700864874 1' 3-max Seat #2 is the button
Seat 2: Jeanzinnnn (1025 in chips) 
Seat 3: Mahu2021 (475 in chips) 
Jeanzinnnn: posts small blind 50
Mahu2021: posts big blind 100
*** HOLE CARDS ***
Dealt to Mahu2021 [6c 5h]
Jeanzinnnn: raises 925 to 1025 and is all-in
Mahu2021: folds 
Uncalled bet (925) returned to Jeanzinnnn
Jeanzinnnn collected 200 from pot
*** SUMMARY ***
Total pot 200 | Rake 0 
Seat 2: Jeanzinnnn (button) (small blind) collected (200)
Seat 3: Mahu2021 (big blind) folded before Flop



PokerStars Hand #248264799122: Tournament #3700864874, $1.84+$0.16 USD Hold'em No Limit - Level VI (50/100) - 2024/01/14 11:13:46 CET [2024/01/14 5:13:46 ET]
Table '3700864874 1' 3-max Seat #3 is the button
Seat 2: Jeanzinnnn (1125 in chips) 
Seat 3: Mahu2021 (375 in chips) 
Mahu2021: posts small blind 50
Jeanzinnnn: posts big blind 100
*** HOLE CARDS ***
Dealt to Mahu2021 [7c 8d]
Mahu2021: folds 
Uncalled bet (50) returned to Jeanzinnnn
Jeanzinnnn collected 100 from pot
*** SUMMARY ***
Total pot 100 | Rake 0 
Seat 2: Jeanzinnnn (big blind) collected (100)
Seat 3: Mahu2021 (button) (small blind) folded before Flop



PokerStars Hand #248264799814: Tournament #3700864874, $1.84+$0.16 USD Hold'em No Limit - Level VI (50/100) - 2024/01/14 11:13:51 CET [2024/01/14 5:13:51 ET]
Table '3700864874 1' 3-max Seat #2 is the button
Seat 2: Jeanzinnnn (1175 in chips) 
Seat 3: Mahu2021 (325 in chips) 
Jeanzinnnn: posts small blind 50
Mahu2021: posts big blind 100
*** HOLE CARDS ***
Dealt to Mahu2021 [8d 5s]
Jeanzinnnn: raises 1075 to 1175 and is all-in
Mahu2021: folds 
Uncalled bet (1075) returned to Jeanzinnnn
Jeanzinnnn collected 200 from pot
*** SUMMARY ***
Total pot 200 | Rake 0 
Seat 2: Jeanzinnnn (button) (small blind) collected (200)
Seat 3: Mahu2021 (big blind) folded before Flop



PokerStars Hand #248264800922: Tournament #3700864874, $1.84+$0.16 USD Hold'em No Limit - Level VI (50/100) - 2024/01/14 11:13:58 CET [2024/01/14 5:13:58 ET]
Table '3700864874 1' 3-max Seat #3 is the button
Seat 2: Jeanzinnnn (1275 in chips) 
Seat 3: Mahu2021 (225 in chips) 
Mahu2021: posts small blind 50
Jeanzinnnn: posts big blind 100
*** HOLE CARDS ***
Dealt to Mahu2021 [As Tc]
Mahu2021: raises 125 to 225 and is all-in
Jeanzinnnn: calls 125
*** FLOP *** [9h 2c 6c]
*** TURN *** [9h 2c 6c] [9c]
*** RIVER *** [9h 2c 6c 9c] [Ah]
*** SHOW DOWN ***
Jeanzinnnn: shows [Ts Td] (two pair, Tens and Nines)
Mahu2021: shows [As Tc] (two pair, Aces and Nines)
Mahu2021 collected 450 from pot
*** SUMMARY ***
Total pot 450 | Rake 0 
Board [9h 2c 6c 9c Ah]
Seat 2: Jeanzinnnn (big blind) showed [Ts Td] and lost with two pair, Tens and Nines
Seat 3: Mahu2021 (button) (small blind) showed [As Tc] and won (450) with two pair, Aces and Nines



PokerStars Hand #248264802873: Tournament #3700864874, $1.84+$0.16 USD Hold'em No Limit - Level VI (50/100) - 2024/01/14 11:14:11 CET [2024/01/14 5:14:11 ET]
Table '3700864874 1' 3-max Seat #2 is the button
Seat 2: Jeanzinnnn (1050 in chips) 
Seat 3: Mahu2021 (450 in chips) 
Jeanzinnnn: posts small blind 50
Mahu2021: posts big blind 100
*** HOLE CARDS ***
Dealt to Mahu2021 [Ac 9s]
Jeanzinnnn: raises 950 to 1050 and is all-in
Mahu2021: calls 350 and is all-in
Uncalled bet (600) returned to Jeanzinnnn
*** FLOP *** [6c 4s Kh]
*** TURN *** [6c 4s Kh] [Tc]
*** RIVER *** [6c 4s Kh Tc] [9h]
*** SHOW DOWN ***
Mahu2021: shows [Ac 9s] (a pair of Nines)
Jeanzinnnn: shows [Ts 8c] (a pair of Tens)
Jeanzinnnn collected 900 from pot
Mahu2021 finished the tournament in 2nd place
Jeanzinnnn wins the tournament and receives $4.00 - congratulations!
*** SUMMARY ***
Total pot 900 | Rake 0 
Board [6c 4s Kh Tc 9h]
Seat 2: Jeanzinnnn (button) (small blind) showed [Ts 8c] and won (900) with a pair of Tens
Seat 3: Mahu2021 (big blind) showed [Ac 9s] and lost with a pair of Nines



