PokerStars Hand #246422437699: Tournament #3655774681, $0.92+$0.08 USD Hold'em No Limit - Level I (10/20) - 2023/10/08 18:51:13 CET [2023/10/08 12:51:13 ET]
Table '3655774681 1' 3-max Seat #1 is the button
Seat 1: NAM4STE (500 in chips) 
Seat 2: leba275 (500 in chips) 
Seat 3: Mahu2021 (500 in chips) 
leba275: posts small blind 10
Mahu2021: posts big blind 20
*** HOLE CARDS ***
Dealt to Mahu2021 [8c As]
NAM4STE: folds 
leba275: raises 20 to 40
Mahu2021: calls 20
*** FLOP *** [Kc 8s 2c]
leba275: checks 
Mahu2021: checks 
*** TURN *** [Kc 8s 2c] [3h]
leba275: checks 
Mahu2021: bets 40
leba275: folds 
Uncalled bet (40) returned to Mahu2021
Mahu2021 collected 80 from pot
Mahu2021: doesn't show hand 
*** SUMMARY ***
Total pot 80 | Rake 0 
Board [Kc 8s 2c 3h]
Seat 1: NAM4STE (button) folded before Flop (didn't bet)
Seat 2: leba275 (small blind) folded on the Turn
Seat 3: Mahu2021 (big blind) collected (80)



PokerStars Hand #246422449896: Tournament #3655774681, $0.92+$0.08 USD Hold'em No Limit - Level I (10/20) - 2023/10/08 18:51:50 CET [2023/10/08 12:51:50 ET]
Table '3655774681 1' 3-max Seat #2 is the button
Seat 1: NAM4STE (500 in chips) 
Seat 2: leba275 (460 in chips) 
Seat 3: Mahu2021 (540 in chips) 
Mahu2021: posts small blind 10
NAM4STE: posts big blind 20
*** HOLE CARDS ***
Dealt to Mahu2021 [Jd 5c]
leba275: raises 20 to 40
Mahu2021: folds 
NAM4STE: raises 90 to 130
leba275: calls 90
*** FLOP *** [6s 2s 5s]
NAM4STE: bets 370 and is all-in
leba275: folds 
Uncalled bet (370) returned to NAM4STE
NAM4STE collected 270 from pot
NAM4STE: doesn't show hand 
*** SUMMARY ***
Total pot 270 | Rake 0 
Board [6s 2s 5s]
Seat 1: NAM4STE (big blind) collected (270)
Seat 2: leba275 (button) folded on the Flop
Seat 3: Mahu2021 (small blind) folded before Flop



PokerStars Hand #246422459117: Tournament #3655774681, $0.92+$0.08 USD Hold'em No Limit - Level I (10/20) - 2023/10/08 18:52:19 CET [2023/10/08 12:52:19 ET]
Table '3655774681 1' 3-max Seat #3 is the button
Seat 1: NAM4STE (640 in chips) 
Seat 2: leba275 (330 in chips) 
Seat 3: Mahu2021 (530 in chips) 
NAM4STE: posts small blind 10
leba275: posts big blind 20
*** HOLE CARDS ***
Dealt to Mahu2021 [8c Tc]
Mahu2021: calls 20
NAM4STE: raises 620 to 640 and is all-in
leba275: calls 310 and is all-in
Mahu2021: folds 
Uncalled bet (310) returned to NAM4STE
*** FLOP *** [Jd Qd 7d]
*** TURN *** [Jd Qd 7d] [7s]
*** RIVER *** [Jd Qd 7d 7s] [Jh]
*** SHOW DOWN ***
NAM4STE: shows [2s As] (two pair, Jacks and Sevens)
leba275: shows [Ac Qc] (two pair, Queens and Jacks)
leba275 collected 680 from pot
*** SUMMARY ***
Total pot 680 | Rake 0 
Board [Jd Qd 7d 7s Jh]
Seat 1: NAM4STE (small blind) showed [2s As] and lost with two pair, Jacks and Sevens
Seat 2: leba275 (big blind) showed [Ac Qc] and won (680) with two pair, Queens and Jacks
Seat 3: Mahu2021 (button) folded before Flop



PokerStars Hand #246422464573: Tournament #3655774681, $0.92+$0.08 USD Hold'em No Limit - Level I (10/20) - 2023/10/08 18:52:35 CET [2023/10/08 12:52:35 ET]
Table '3655774681 1' 3-max Seat #1 is the button
Seat 1: NAM4STE (310 in chips) 
Seat 2: leba275 (680 in chips) 
Seat 3: Mahu2021 (510 in chips) 
leba275: posts small blind 10
Mahu2021: posts big blind 20
*** HOLE CARDS ***
Dealt to Mahu2021 [Jd Td]
NAM4STE: calls 20
leba275: raises 60 to 80
Mahu2021: folds 
NAM4STE: raises 230 to 310 and is all-in
leba275: folds 
Uncalled bet (230) returned to NAM4STE
NAM4STE collected 180 from pot
NAM4STE: doesn't show hand 
*** SUMMARY ***
Total pot 180 | Rake 0 
Seat 1: NAM4STE (button) collected (180)
Seat 2: leba275 (small blind) folded before Flop
Seat 3: Mahu2021 (big blind) folded before Flop



PokerStars Hand #246422470953: Tournament #3655774681, $0.92+$0.08 USD Hold'em No Limit - Level I (10/20) - 2023/10/08 18:52:55 CET [2023/10/08 12:52:55 ET]
Table '3655774681 1' 3-max Seat #2 is the button
Seat 1: NAM4STE (410 in chips) 
Seat 2: leba275 (600 in chips) 
Seat 3: Mahu2021 (490 in chips) 
Mahu2021: posts small blind 10
NAM4STE: posts big blind 20
*** HOLE CARDS ***
Dealt to Mahu2021 [Qc Jd]
leba275: raises 20 to 40
Mahu2021: calls 30
NAM4STE: calls 20
*** FLOP *** [Ks Qs 4h]
Mahu2021: checks 
NAM4STE: checks 
leba275: bets 36
Mahu2021: calls 36
NAM4STE: raises 228 to 264
leba275: folds 
Mahu2021: raises 186 to 450 and is all-in
NAM4STE: calls 106 and is all-in
Uncalled bet (80) returned to Mahu2021
*** TURN *** [Ks Qs 4h] [3s]
*** RIVER *** [Ks Qs 4h 3s] [Ts]
*** SHOW DOWN ***
Mahu2021: shows [Qc Jd] (a pair of Queens)
NAM4STE: shows [9c Qd] (a pair of Queens - lower kicker)
Mahu2021 collected 896 from pot
NAM4STE finished the tournament in 3rd place
*** SUMMARY ***
Total pot 896 | Rake 0 
Board [Ks Qs 4h 3s Ts]
Seat 1: NAM4STE (big blind) showed [9c Qd] and lost with a pair of Queens
Seat 2: leba275 (button) folded on the Flop
Seat 3: Mahu2021 (small blind) showed [Qc Jd] and won (896) with a pair of Queens



PokerStars Hand #246422487140: Tournament #3655774681, $0.92+$0.08 USD Hold'em No Limit - Level I (10/20) - 2023/10/08 18:53:45 CET [2023/10/08 12:53:45 ET]
Table '3655774681 1' 3-max Seat #3 is the button
Seat 2: leba275 (524 in chips) 
Seat 3: Mahu2021 (976 in chips) 
Mahu2021: posts small blind 10
leba275: posts big blind 20
*** HOLE CARDS ***
Dealt to Mahu2021 [Jh 4s]
Mahu2021: folds 
Uncalled bet (10) returned to leba275
leba275 collected 20 from pot
leba275: doesn't show hand 
*** SUMMARY ***
Total pot 20 | Rake 0 
Seat 2: leba275 (big blind) collected (20)
Seat 3: Mahu2021 (button) (small blind) folded before Flop



PokerStars Hand #246422488551: Tournament #3655774681, $0.92+$0.08 USD Hold'em No Limit - Level I (10/20) - 2023/10/08 18:53:49 CET [2023/10/08 12:53:49 ET]
Table '3655774681 1' 3-max Seat #2 is the button
Seat 2: leba275 (534 in chips) 
Seat 3: Mahu2021 (966 in chips) 
leba275: posts small blind 10
Mahu2021: posts big blind 20
*** HOLE CARDS ***
Dealt to Mahu2021 [6d Qs]
leba275: raises 20 to 40
Mahu2021: calls 20
*** FLOP *** [Ad 9c Ah]
Mahu2021: checks 
leba275: bets 24
Mahu2021: folds 
Uncalled bet (24) returned to leba275
leba275 collected 80 from pot
leba275: doesn't show hand 
*** SUMMARY ***
Total pot 80 | Rake 0 
Board [Ad 9c Ah]
Seat 2: leba275 (button) (small blind) collected (80)
Seat 3: Mahu2021 (big blind) folded on the Flop



PokerStars Hand #246422494311: Tournament #3655774681, $0.92+$0.08 USD Hold'em No Limit - Level I (10/20) - 2023/10/08 18:54:07 CET [2023/10/08 12:54:07 ET]
Table '3655774681 1' 3-max Seat #3 is the button
Seat 2: leba275 (574 in chips) 
Seat 3: Mahu2021 (926 in chips) 
Mahu2021: posts small blind 10
leba275: posts big blind 20
*** HOLE CARDS ***
Dealt to Mahu2021 [5c Qd]
Mahu2021: folds 
Uncalled bet (10) returned to leba275
leba275 collected 20 from pot
leba275: doesn't show hand 
*** SUMMARY ***
Total pot 20 | Rake 0 
Seat 2: leba275 (big blind) collected (20)
Seat 3: Mahu2021 (button) (small blind) folded before Flop



PokerStars Hand #246422495754: Tournament #3655774681, $0.92+$0.08 USD Hold'em No Limit - Level I (10/20) - 2023/10/08 18:54:12 CET [2023/10/08 12:54:12 ET]
Table '3655774681 1' 3-max Seat #2 is the button
Seat 2: leba275 (584 in chips) 
Seat 3: Mahu2021 (916 in chips) 
leba275: posts small blind 10
Mahu2021: posts big blind 20
*** HOLE CARDS ***
Dealt to Mahu2021 [Qh 4s]
leba275: calls 10
Mahu2021: checks 
*** FLOP *** [3h 5h 4d]
Mahu2021: bets 20
leba275: calls 20
*** TURN *** [3h 5h 4d] [3c]
Mahu2021: checks 
leba275: bets 20
Mahu2021: calls 20
*** RIVER *** [3h 5h 4d 3c] [Jh]
Mahu2021: checks 
leba275: checks 
*** SHOW DOWN ***
Mahu2021: shows [Qh 4s] (two pair, Fours and Threes)
leba275: shows [5s 9s] (two pair, Fives and Threes)
leba275 collected 120 from pot
*** SUMMARY ***
Total pot 120 | Rake 0 
Board [3h 5h 4d 3c Jh]
Seat 2: leba275 (button) (small blind) showed [5s 9s] and won (120) with two pair, Fives and Threes
Seat 3: Mahu2021 (big blind) showed [Qh 4s] and lost with two pair, Fours and Threes



PokerStars Hand #246422509313: Tournament #3655774681, $0.92+$0.08 USD Hold'em No Limit - Level II (15/30) - 2023/10/08 18:54:53 CET [2023/10/08 12:54:53 ET]
Table '3655774681 1' 3-max Seat #3 is the button
Seat 2: leba275 (644 in chips) 
Seat 3: Mahu2021 (856 in chips) 
Mahu2021: posts small blind 15
leba275: posts big blind 30
*** HOLE CARDS ***
Dealt to Mahu2021 [6h Ad]
Mahu2021: raises 30 to 60
leba275: calls 30
*** FLOP *** [Ac 4h Ks]
leba275: checks 
Mahu2021: bets 120
leba275: folds 
Uncalled bet (120) returned to Mahu2021
Mahu2021 collected 120 from pot
Mahu2021: doesn't show hand 
*** SUMMARY ***
Total pot 120 | Rake 0 
Board [Ac 4h Ks]
Seat 2: leba275 (big blind) folded on the Flop
Seat 3: Mahu2021 (button) (small blind) collected (120)



PokerStars Hand #246422517165: Tournament #3655774681, $0.92+$0.08 USD Hold'em No Limit - Level II (15/30) - 2023/10/08 18:55:26 CET [2023/10/08 12:55:26 ET]
Table '3655774681 1' 3-max Seat #2 is the button
Seat 2: leba275 (584 in chips) 
Seat 3: Mahu2021 (916 in chips) 
leba275: posts small blind 15
Mahu2021: posts big blind 30
*** HOLE CARDS ***
Dealt to Mahu2021 [9h Kd]
leba275: raises 30 to 60
Mahu2021: calls 30
*** FLOP *** [7s 3h 6h]
Mahu2021: checks 
leba275: checks 
*** TURN *** [7s 3h 6h] [8c]
Mahu2021: bets 30
leba275: folds 
Uncalled bet (30) returned to Mahu2021
Mahu2021 collected 120 from pot
Mahu2021: doesn't show hand 
*** SUMMARY ***
Total pot 120 | Rake 0 
Board [7s 3h 6h 8c]
Seat 2: leba275 (button) (small blind) folded on the Turn
Seat 3: Mahu2021 (big blind) collected (120)



PokerStars Hand #246422522916: Tournament #3655774681, $0.92+$0.08 USD Hold'em No Limit - Level II (15/30) - 2023/10/08 18:55:53 CET [2023/10/08 12:55:53 ET]
Table '3655774681 1' 3-max Seat #3 is the button
Seat 2: leba275 (524 in chips) 
Seat 3: Mahu2021 (976 in chips) 
Mahu2021: posts small blind 15
leba275: posts big blind 30
*** HOLE CARDS ***
Dealt to Mahu2021 [3c Js]
Mahu2021: folds 
Uncalled bet (15) returned to leba275
leba275 collected 30 from pot
leba275: doesn't show hand 
*** SUMMARY ***
Total pot 30 | Rake 0 
Seat 2: leba275 (big blind) collected (30)
Seat 3: Mahu2021 (button) (small blind) folded before Flop



PokerStars Hand #246422523904: Tournament #3655774681, $0.92+$0.08 USD Hold'em No Limit - Level II (15/30) - 2023/10/08 18:55:57 CET [2023/10/08 12:55:57 ET]
Table '3655774681 1' 3-max Seat #2 is the button
Seat 2: leba275 (539 in chips) 
Seat 3: Mahu2021 (961 in chips) 
leba275: posts small blind 15
Mahu2021: posts big blind 30
*** HOLE CARDS ***
Dealt to Mahu2021 [2s Kh]
leba275: raises 30 to 60
Mahu2021: calls 30
*** FLOP *** [5s Kc 4d]
Mahu2021: checks 
leba275: bets 36
Mahu2021: calls 36
*** TURN *** [5s Kc 4d] [Jh]
Mahu2021: checks 
leba275: bets 128
Mahu2021: calls 128
*** RIVER *** [5s Kc 4d Jh] [7c]
Mahu2021: checks 
leba275: checks 
*** SHOW DOWN ***
Mahu2021: shows [2s Kh] (a pair of Kings)
leba275: mucks hand 
Mahu2021 collected 448 from pot
*** SUMMARY ***
Total pot 448 | Rake 0 
Board [5s Kc 4d Jh 7c]
Seat 2: leba275 (button) (small blind) mucked [Jc Ah]
Seat 3: Mahu2021 (big blind) showed [2s Kh] and won (448) with a pair of Kings



PokerStars Hand #246422533901: Tournament #3655774681, $0.92+$0.08 USD Hold'em No Limit - Level II (15/30) - 2023/10/08 18:56:43 CET [2023/10/08 12:56:43 ET]
Table '3655774681 1' 3-max Seat #3 is the button
Seat 2: leba275 (315 in chips) 
Seat 3: Mahu2021 (1185 in chips) 
Mahu2021: posts small blind 15
leba275: posts big blind 30
*** HOLE CARDS ***
Dealt to Mahu2021 [Jd 5s]
Mahu2021: folds 
Uncalled bet (15) returned to leba275
leba275 collected 30 from pot
leba275: doesn't show hand 
*** SUMMARY ***
Total pot 30 | Rake 0 
Seat 2: leba275 (big blind) collected (30)
Seat 3: Mahu2021 (button) (small blind) folded before Flop



PokerStars Hand #246422534877: Tournament #3655774681, $0.92+$0.08 USD Hold'em No Limit - Level II (15/30) - 2023/10/08 18:56:48 CET [2023/10/08 12:56:48 ET]
Table '3655774681 1' 3-max Seat #2 is the button
Seat 2: leba275 (330 in chips) 
Seat 3: Mahu2021 (1170 in chips) 
leba275: posts small blind 15
Mahu2021: posts big blind 30
*** HOLE CARDS ***
Dealt to Mahu2021 [5c 2d]
leba275: calls 15
Mahu2021: checks 
*** FLOP *** [Th Ah Tc]
Mahu2021: checks 
leba275: checks 
*** TURN *** [Th Ah Tc] [8c]
Mahu2021: checks 
leba275: bets 30
Mahu2021: folds 
Uncalled bet (30) returned to leba275
leba275 collected 60 from pot
leba275: doesn't show hand 
*** SUMMARY ***
Total pot 60 | Rake 0 
Board [Th Ah Tc 8c]
Seat 2: leba275 (button) (small blind) collected (60)
Seat 3: Mahu2021 (big blind) folded on the Turn



PokerStars Hand #246422539539: Tournament #3655774681, $0.92+$0.08 USD Hold'em No Limit - Level II (15/30) - 2023/10/08 18:57:09 CET [2023/10/08 12:57:09 ET]
Table '3655774681 1' 3-max Seat #3 is the button
Seat 2: leba275 (360 in chips) 
Seat 3: Mahu2021 (1140 in chips) 
Mahu2021: posts small blind 15
leba275: posts big blind 30
*** HOLE CARDS ***
Dealt to Mahu2021 [2s 7h]
Mahu2021: folds 
Uncalled bet (15) returned to leba275
leba275 collected 30 from pot
leba275: doesn't show hand 
*** SUMMARY ***
Total pot 30 | Rake 0 
Seat 2: leba275 (big blind) collected (30)
Seat 3: Mahu2021 (button) (small blind) folded before Flop



PokerStars Hand #246422540457: Tournament #3655774681, $0.92+$0.08 USD Hold'em No Limit - Level II (15/30) - 2023/10/08 18:57:14 CET [2023/10/08 12:57:14 ET]
Table '3655774681 1' 3-max Seat #2 is the button
Seat 2: leba275 (375 in chips) 
Seat 3: Mahu2021 (1125 in chips) 
leba275: posts small blind 15
Mahu2021: posts big blind 30
*** HOLE CARDS ***
Dealt to Mahu2021 [Td 5h]
leba275: raises 30 to 60
Mahu2021: folds 
Uncalled bet (30) returned to leba275
leba275 collected 60 from pot
leba275: doesn't show hand 
*** SUMMARY ***
Total pot 60 | Rake 0 
Seat 2: leba275 (button) (small blind) collected (60)
Seat 3: Mahu2021 (big blind) folded before Flop



PokerStars Hand #246422542496: Tournament #3655774681, $0.92+$0.08 USD Hold'em No Limit - Level III (20/40) - 2023/10/08 18:57:23 CET [2023/10/08 12:57:23 ET]
Table '3655774681 1' 3-max Seat #3 is the button
Seat 2: leba275 (405 in chips) 
Seat 3: Mahu2021 (1095 in chips) 
Mahu2021: posts small blind 20
leba275: posts big blind 40
*** HOLE CARDS ***
Dealt to Mahu2021 [Kc Ks]
Mahu2021: raises 40 to 80
leba275: raises 325 to 405 and is all-in
Mahu2021: calls 325
*** FLOP *** [Qs Kh 4s]
*** TURN *** [Qs Kh 4s] [2d]
*** RIVER *** [Qs Kh 4s 2d] [Ts]
*** SHOW DOWN ***
leba275: shows [Ah 8c] (high card Ace)
Mahu2021: shows [Kc Ks] (three of a kind, Kings)
Mahu2021 collected 810 from pot
leba275 finished the tournament in 2nd place
Mahu2021 wins the tournament and receives $3.00 - congratulations!
*** SUMMARY ***
Total pot 810 | Rake 0 
Board [Qs Kh 4s 2d Ts]
Seat 2: leba275 (big blind) showed [Ah 8c] and lost with high card Ace
Seat 3: Mahu2021 (button) (small blind) showed [Kc Ks] and won (810) with three of a kind, Kings



