PokerStars Hand #243291138854: Tournament #3582030757, $0.92+$0.08 USD Hold'em No Limit - Level I (10/20) - 2023/04/24 18:07:12 CET [2023/04/24 12:07:12 ET]
Table '3582030757 1' 3-max Seat #1 is the button
Seat 1: Mahu2021 (500 in chips) 
Seat 2: GorditoBarik (500 in chips) 
Seat 3: ivanmzp (500 in chips) 
GorditoBarik: posts small blind 10
ivanmzp: posts big blind 20
*** HOLE CARDS ***
Dealt to Mahu2021 [8d 5h]
Mahu2021: folds 
GorditoBarik: raises 50 to 70
ivanmzp: folds 
Uncalled bet (50) returned to GorditoBarik
GorditoBarik collected 40 from pot
*** SUMMARY ***
Total pot 40 | Rake 0 
Seat 1: Mahu2021 (button) folded before Flop (didn't bet)
Seat 2: GorditoBarik (small blind) collected (40)
Seat 3: ivanmzp (big blind) folded before Flop



PokerStars Hand #243291141611: Tournament #3582030757, $0.92+$0.08 USD Hold'em No Limit - Level I (10/20) - 2023/04/24 18:07:22 CET [2023/04/24 12:07:22 ET]
Table '3582030757 1' 3-max Seat #2 is the button
Seat 1: Mahu2021 (500 in chips) 
Seat 2: GorditoBarik (520 in chips) 
Seat 3: ivanmzp (480 in chips) 
ivanmzp: posts small blind 10
Mahu2021: posts big blind 20
*** HOLE CARDS ***
Dealt to Mahu2021 [5c 9c]
GorditoBarik: folds 
ivanmzp: calls 10
Mahu2021: checks 
*** FLOP *** [Ts As 3c]
ivanmzp: bets 20
Mahu2021: folds 
Uncalled bet (20) returned to ivanmzp
ivanmzp collected 40 from pot
ivanmzp: doesn't show hand 
*** SUMMARY ***
Total pot 40 | Rake 0 
Board [Ts As 3c]
Seat 1: Mahu2021 (big blind) folded on the Flop
Seat 2: GorditoBarik (button) folded before Flop (didn't bet)
Seat 3: ivanmzp (small blind) collected (40)



PokerStars Hand #243291144749: Tournament #3582030757, $0.92+$0.08 USD Hold'em No Limit - Level I (10/20) - 2023/04/24 18:07:33 CET [2023/04/24 12:07:33 ET]
Table '3582030757 1' 3-max Seat #3 is the button
Seat 1: Mahu2021 (480 in chips) 
Seat 2: GorditoBarik (520 in chips) 
Seat 3: ivanmzp (500 in chips) 
Mahu2021: posts small blind 10
GorditoBarik: posts big blind 20
*** HOLE CARDS ***
Dealt to Mahu2021 [Td Js]
ivanmzp: folds 
Mahu2021: calls 10
GorditoBarik: checks 
*** FLOP *** [Jh 4d 7h]
Mahu2021: bets 40
GorditoBarik: calls 40
*** TURN *** [Jh 4d 7h] [3d]
Mahu2021: checks 
GorditoBarik: bets 100
Mahu2021: folds 
Uncalled bet (100) returned to GorditoBarik
GorditoBarik collected 120 from pot
*** SUMMARY ***
Total pot 120 | Rake 0 
Board [Jh 4d 7h 3d]
Seat 1: Mahu2021 (small blind) folded on the Turn
Seat 2: GorditoBarik (big blind) collected (120)
Seat 3: ivanmzp (button) folded before Flop (didn't bet)



PokerStars Hand #243291154030: Tournament #3582030757, $0.92+$0.08 USD Hold'em No Limit - Level I (10/20) - 2023/04/24 18:08:05 CET [2023/04/24 12:08:05 ET]
Table '3582030757 1' 3-max Seat #1 is the button
Seat 1: Mahu2021 (420 in chips) 
Seat 2: GorditoBarik (580 in chips) 
Seat 3: ivanmzp (500 in chips) 
GorditoBarik: posts small blind 10
ivanmzp: posts big blind 20
*** HOLE CARDS ***
Dealt to Mahu2021 [8h Kd]
Mahu2021: calls 20
GorditoBarik: folds 
ivanmzp: checks 
*** FLOP *** [8s 7s 5h]
ivanmzp: checks 
Mahu2021: bets 50
ivanmzp: folds 
Uncalled bet (50) returned to Mahu2021
Mahu2021 collected 50 from pot
Mahu2021: doesn't show hand 
*** SUMMARY ***
Total pot 50 | Rake 0 
Board [8s 7s 5h]
Seat 1: Mahu2021 (button) collected (50)
Seat 2: GorditoBarik (small blind) folded before Flop
Seat 3: ivanmzp (big blind) folded on the Flop



PokerStars Hand #243291157575: Tournament #3582030757, $0.92+$0.08 USD Hold'em No Limit - Level I (10/20) - 2023/04/24 18:08:18 CET [2023/04/24 12:08:18 ET]
Table '3582030757 1' 3-max Seat #2 is the button
Seat 1: Mahu2021 (450 in chips) 
Seat 2: GorditoBarik (570 in chips) 
Seat 3: ivanmzp (480 in chips) 
ivanmzp: posts small blind 10
Mahu2021: posts big blind 20
*** HOLE CARDS ***
Dealt to Mahu2021 [4h Qs]
GorditoBarik: folds 
ivanmzp: calls 10
Mahu2021: checks 
*** FLOP *** [Kc 9d 4c]
ivanmzp: checks 
Mahu2021: checks 
*** TURN *** [Kc 9d 4c] [Ad]
ivanmzp: bets 20
Mahu2021: calls 20
*** RIVER *** [Kc 9d 4c Ad] [3d]
ivanmzp: bets 53
Mahu2021: folds 
Uncalled bet (53) returned to ivanmzp
ivanmzp collected 80 from pot
ivanmzp: doesn't show hand 
*** SUMMARY ***
Total pot 80 | Rake 0 
Board [Kc 9d 4c Ad 3d]
Seat 1: Mahu2021 (big blind) folded on the River
Seat 2: GorditoBarik (button) folded before Flop (didn't bet)
Seat 3: ivanmzp (small blind) collected (80)



PokerStars Hand #243291162685: Tournament #3582030757, $0.92+$0.08 USD Hold'em No Limit - Level I (10/20) - 2023/04/24 18:08:35 CET [2023/04/24 12:08:35 ET]
Table '3582030757 1' 3-max Seat #3 is the button
Seat 1: Mahu2021 (410 in chips) 
Seat 2: GorditoBarik (570 in chips) 
Seat 3: ivanmzp (520 in chips) 
Mahu2021: posts small blind 10
GorditoBarik: posts big blind 20
*** HOLE CARDS ***
Dealt to Mahu2021 [8s 4h]
ivanmzp: raises 20 to 40
Mahu2021: folds 
GorditoBarik: folds 
Uncalled bet (20) returned to ivanmzp
ivanmzp collected 50 from pot
ivanmzp: doesn't show hand 
*** SUMMARY ***
Total pot 50 | Rake 0 
Seat 1: Mahu2021 (small blind) folded before Flop
Seat 2: GorditoBarik (big blind) folded before Flop
Seat 3: ivanmzp (button) collected (50)



PokerStars Hand #243291164633: Tournament #3582030757, $0.92+$0.08 USD Hold'em No Limit - Level I (10/20) - 2023/04/24 18:08:42 CET [2023/04/24 12:08:42 ET]
Table '3582030757 1' 3-max Seat #1 is the button
Seat 1: Mahu2021 (400 in chips) 
Seat 2: GorditoBarik (550 in chips) 
Seat 3: ivanmzp (550 in chips) 
GorditoBarik: posts small blind 10
ivanmzp: posts big blind 20
*** HOLE CARDS ***
Dealt to Mahu2021 [5d 3d]
Mahu2021: calls 20
GorditoBarik: raises 70 to 90
ivanmzp: raises 460 to 550 and is all-in
Mahu2021: folds 
GorditoBarik: folds 
Uncalled bet (460) returned to ivanmzp
ivanmzp collected 200 from pot
ivanmzp: doesn't show hand 
*** SUMMARY ***
Total pot 200 | Rake 0 
Seat 1: Mahu2021 (button) folded before Flop
Seat 2: GorditoBarik (small blind) folded before Flop
Seat 3: ivanmzp (big blind) collected (200)



PokerStars Hand #243291168870: Tournament #3582030757, $0.92+$0.08 USD Hold'em No Limit - Level I (10/20) - 2023/04/24 18:08:57 CET [2023/04/24 12:08:57 ET]
Table '3582030757 1' 3-max Seat #2 is the button
Seat 1: Mahu2021 (380 in chips) 
Seat 2: GorditoBarik (460 in chips) 
Seat 3: ivanmzp (660 in chips) 
ivanmzp: posts small blind 10
Mahu2021: posts big blind 20
*** HOLE CARDS ***
Dealt to Mahu2021 [5c 4d]
GorditoBarik: folds 
ivanmzp: raises 20 to 40
Mahu2021: calls 20
*** FLOP *** [3c 9s Qs]
ivanmzp: checks 
Mahu2021: checks 
*** TURN *** [3c 9s Qs] [8c]
ivanmzp: checks 
Mahu2021: checks 
*** RIVER *** [3c 9s Qs 8c] [Tc]
ivanmzp: checks 
Mahu2021: checks 
*** SHOW DOWN ***
ivanmzp: shows [As 6d] (high card Ace)
Mahu2021: mucks hand 
ivanmzp collected 80 from pot
*** SUMMARY ***
Total pot 80 | Rake 0 
Board [3c 9s Qs 8c Tc]
Seat 1: Mahu2021 (big blind) mucked [5c 4d]
Seat 2: GorditoBarik (button) folded before Flop (didn't bet)
Seat 3: ivanmzp (small blind) showed [As 6d] and won (80) with high card Ace



PokerStars Hand #243291173261: Tournament #3582030757, $0.92+$0.08 USD Hold'em No Limit - Level I (10/20) - 2023/04/24 18:09:12 CET [2023/04/24 12:09:12 ET]
Table '3582030757 1' 3-max Seat #3 is the button
Seat 1: Mahu2021 (340 in chips) 
Seat 2: GorditoBarik (460 in chips) 
Seat 3: ivanmzp (700 in chips) 
Mahu2021: posts small blind 10
GorditoBarik: posts big blind 20
*** HOLE CARDS ***
Dealt to Mahu2021 [2c 3h]
ivanmzp: raises 20 to 40
Mahu2021: folds 
GorditoBarik: calls 20
*** FLOP *** [4d Jh 5d]
GorditoBarik: checks 
ivanmzp: checks 
*** TURN *** [4d Jh 5d] [6h]
GorditoBarik: checks 
ivanmzp: bets 47
GorditoBarik: calls 47
*** RIVER *** [4d Jh 5d 6h] [Qh]
GorditoBarik: checks 
ivanmzp: checks 
*** SHOW DOWN ***
GorditoBarik: shows [Ah 5c] (a pair of Fives)
ivanmzp: shows [Ac 6s] (a pair of Sixes)
ivanmzp collected 184 from pot
*** SUMMARY ***
Total pot 184 | Rake 0 
Board [4d Jh 5d 6h Qh]
Seat 1: Mahu2021 (small blind) folded before Flop
Seat 2: GorditoBarik (big blind) showed [Ah 5c] and lost with a pair of Fives
Seat 3: ivanmzp (button) showed [Ac 6s] and won (184) with a pair of Sixes



PokerStars Hand #243291179142: Tournament #3582030757, $0.92+$0.08 USD Hold'em No Limit - Level I (10/20) - 2023/04/24 18:09:33 CET [2023/04/24 12:09:33 ET]
Table '3582030757 1' 3-max Seat #1 is the button
Seat 1: Mahu2021 (330 in chips) 
Seat 2: GorditoBarik (373 in chips) 
Seat 3: ivanmzp (797 in chips) 
GorditoBarik: posts small blind 10
ivanmzp: posts big blind 20
*** HOLE CARDS ***
Dealt to Mahu2021 [Tc Ad]
Mahu2021: raises 40 to 60
GorditoBarik: folds 
ivanmzp: folds 
Uncalled bet (40) returned to Mahu2021
Mahu2021 collected 50 from pot
Mahu2021: doesn't show hand 
*** SUMMARY ***
Total pot 50 | Rake 0 
Seat 1: Mahu2021 (button) collected (50)
Seat 2: GorditoBarik (small blind) folded before Flop
Seat 3: ivanmzp (big blind) folded before Flop



PokerStars Hand #243291181195: Tournament #3582030757, $0.92+$0.08 USD Hold'em No Limit - Level I (10/20) - 2023/04/24 18:09:40 CET [2023/04/24 12:09:40 ET]
Table '3582030757 1' 3-max Seat #2 is the button
Seat 1: Mahu2021 (360 in chips) 
Seat 2: GorditoBarik (363 in chips) 
Seat 3: ivanmzp (777 in chips) 
ivanmzp: posts small blind 10
Mahu2021: posts big blind 20
*** HOLE CARDS ***
Dealt to Mahu2021 [2c 6s]
GorditoBarik: raises 20 to 40
ivanmzp: folds 
Mahu2021: calls 20
*** FLOP *** [Ah Td 8c]
Mahu2021: checks 
GorditoBarik: bets 40
Mahu2021: folds 
Uncalled bet (40) returned to GorditoBarik
GorditoBarik collected 90 from pot
*** SUMMARY ***
Total pot 90 | Rake 0 
Board [Ah Td 8c]
Seat 1: Mahu2021 (big blind) folded on the Flop
Seat 2: GorditoBarik (button) collected (90)
Seat 3: ivanmzp (small blind) folded before Flop



PokerStars Hand #243291185384: Tournament #3582030757, $0.92+$0.08 USD Hold'em No Limit - Level I (10/20) - 2023/04/24 18:09:54 CET [2023/04/24 12:09:54 ET]
Table '3582030757 1' 3-max Seat #3 is the button
Seat 1: Mahu2021 (320 in chips) 
Seat 2: GorditoBarik (413 in chips) 
Seat 3: ivanmzp (767 in chips) 
Mahu2021: posts small blind 10
GorditoBarik: posts big blind 20
*** HOLE CARDS ***
Dealt to Mahu2021 [Qd Td]
ivanmzp: folds 
Mahu2021: raises 40 to 60
GorditoBarik: calls 40
*** FLOP *** [9c Qs 7h]
Mahu2021: bets 260 and is all-in
GorditoBarik: folds 
Uncalled bet (260) returned to Mahu2021
Mahu2021 collected 120 from pot
Mahu2021: doesn't show hand 
*** SUMMARY ***
Total pot 120 | Rake 0 
Board [9c Qs 7h]
Seat 1: Mahu2021 (small blind) collected (120)
Seat 2: GorditoBarik (big blind) folded on the Flop
Seat 3: ivanmzp (button) folded before Flop (didn't bet)



PokerStars Hand #243291194276: Tournament #3582030757, $0.92+$0.08 USD Hold'em No Limit - Level II (15/30) - 2023/04/24 18:10:25 CET [2023/04/24 12:10:25 ET]
Table '3582030757 1' 3-max Seat #1 is the button
Seat 1: Mahu2021 (380 in chips) 
Seat 2: GorditoBarik (353 in chips) 
Seat 3: ivanmzp (767 in chips) 
GorditoBarik: posts small blind 15
ivanmzp: posts big blind 30
*** HOLE CARDS ***
Dealt to Mahu2021 [Kh 3s]
Mahu2021: folds 
GorditoBarik: folds 
Uncalled bet (15) returned to ivanmzp
ivanmzp collected 30 from pot
ivanmzp: doesn't show hand 
*** SUMMARY ***
Total pot 30 | Rake 0 
Seat 1: Mahu2021 (button) folded before Flop (didn't bet)
Seat 2: GorditoBarik (small blind) folded before Flop
Seat 3: ivanmzp (big blind) collected (30)



PokerStars Hand #243291196034: Tournament #3582030757, $0.92+$0.08 USD Hold'em No Limit - Level II (15/30) - 2023/04/24 18:10:31 CET [2023/04/24 12:10:31 ET]
Table '3582030757 1' 3-max Seat #2 is the button
Seat 1: Mahu2021 (380 in chips) 
Seat 2: GorditoBarik (338 in chips) 
Seat 3: ivanmzp (782 in chips) 
ivanmzp: posts small blind 15
Mahu2021: posts big blind 30
*** HOLE CARDS ***
Dealt to Mahu2021 [7h Jc]
GorditoBarik: raises 30 to 60
ivanmzp: folds 
Mahu2021: calls 30
*** FLOP *** [3h 5c Kc]
Mahu2021: checks 
GorditoBarik: bets 135
Mahu2021: folds 
Uncalled bet (135) returned to GorditoBarik
GorditoBarik collected 135 from pot
*** SUMMARY ***
Total pot 135 | Rake 0 
Board [3h 5c Kc]
Seat 1: Mahu2021 (big blind) folded on the Flop
Seat 2: GorditoBarik (button) collected (135)
Seat 3: ivanmzp (small blind) folded before Flop



PokerStars Hand #243291200120: Tournament #3582030757, $0.92+$0.08 USD Hold'em No Limit - Level II (15/30) - 2023/04/24 18:10:45 CET [2023/04/24 12:10:45 ET]
Table '3582030757 1' 3-max Seat #3 is the button
Seat 1: Mahu2021 (320 in chips) 
Seat 2: GorditoBarik (413 in chips) 
Seat 3: ivanmzp (767 in chips) 
Mahu2021: posts small blind 15
GorditoBarik: posts big blind 30
*** HOLE CARDS ***
Dealt to Mahu2021 [6s Tc]
ivanmzp: folds 
Mahu2021: folds 
Uncalled bet (15) returned to GorditoBarik
GorditoBarik collected 30 from pot
*** SUMMARY ***
Total pot 30 | Rake 0 
Seat 1: Mahu2021 (small blind) folded before Flop
Seat 2: GorditoBarik (big blind) collected (30)
Seat 3: ivanmzp (button) folded before Flop (didn't bet)



PokerStars Hand #243291201468: Tournament #3582030757, $0.92+$0.08 USD Hold'em No Limit - Level II (15/30) - 2023/04/24 18:10:50 CET [2023/04/24 12:10:50 ET]
Table '3582030757 1' 3-max Seat #1 is the button
Seat 1: Mahu2021 (305 in chips) 
Seat 2: GorditoBarik (428 in chips) 
Seat 3: ivanmzp (767 in chips) 
GorditoBarik: posts small blind 15
ivanmzp: posts big blind 30
*** HOLE CARDS ***
Dealt to Mahu2021 [2s Jh]
Mahu2021: folds 
GorditoBarik: calls 15
ivanmzp: raises 737 to 767 and is all-in
GorditoBarik: folds 
Uncalled bet (737) returned to ivanmzp
ivanmzp collected 60 from pot
ivanmzp: doesn't show hand 
*** SUMMARY ***
Total pot 60 | Rake 0 
Seat 1: Mahu2021 (button) folded before Flop (didn't bet)
Seat 2: GorditoBarik (small blind) folded before Flop
Seat 3: ivanmzp (big blind) collected (60)



PokerStars Hand #243291204431: Tournament #3582030757, $0.92+$0.08 USD Hold'em No Limit - Level II (15/30) - 2023/04/24 18:11:00 CET [2023/04/24 12:11:00 ET]
Table '3582030757 1' 3-max Seat #2 is the button
Seat 1: Mahu2021 (305 in chips) 
Seat 2: GorditoBarik (398 in chips) 
Seat 3: ivanmzp (797 in chips) 
ivanmzp: posts small blind 15
Mahu2021: posts big blind 30
*** HOLE CARDS ***
Dealt to Mahu2021 [5d Ac]
GorditoBarik: raises 30 to 60
ivanmzp: folds 
Mahu2021: calls 30
*** FLOP *** [Qh 8h Ad]
Mahu2021: checks 
GorditoBarik: bets 60
Mahu2021: raises 120 to 180
GorditoBarik: folds 
Uncalled bet (120) returned to Mahu2021
Mahu2021 collected 255 from pot
Mahu2021: doesn't show hand 
*** SUMMARY ***
Total pot 255 | Rake 0 
Board [Qh 8h Ad]
Seat 1: Mahu2021 (big blind) collected (255)
Seat 2: GorditoBarik (button) folded on the Flop
Seat 3: ivanmzp (small blind) folded before Flop



PokerStars Hand #243291213507: Tournament #3582030757, $0.92+$0.08 USD Hold'em No Limit - Level II (15/30) - 2023/04/24 18:11:31 CET [2023/04/24 12:11:31 ET]
Table '3582030757 1' 3-max Seat #3 is the button
Seat 1: Mahu2021 (440 in chips) 
Seat 2: GorditoBarik (278 in chips) 
Seat 3: ivanmzp (782 in chips) 
Mahu2021: posts small blind 15
GorditoBarik: posts big blind 30
*** HOLE CARDS ***
Dealt to Mahu2021 [8c Td]
ivanmzp: folds 
Mahu2021: folds 
Uncalled bet (15) returned to GorditoBarik
GorditoBarik collected 30 from pot
*** SUMMARY ***
Total pot 30 | Rake 0 
Seat 1: Mahu2021 (small blind) folded before Flop
Seat 2: GorditoBarik (big blind) collected (30)
Seat 3: ivanmzp (button) folded before Flop (didn't bet)



PokerStars Hand #243291214936: Tournament #3582030757, $0.92+$0.08 USD Hold'em No Limit - Level II (15/30) - 2023/04/24 18:11:36 CET [2023/04/24 12:11:36 ET]
Table '3582030757 1' 3-max Seat #1 is the button
Seat 1: Mahu2021 (425 in chips) 
Seat 2: GorditoBarik (293 in chips) 
Seat 3: ivanmzp (782 in chips) 
GorditoBarik: posts small blind 15
ivanmzp: posts big blind 30
*** HOLE CARDS ***
Dealt to Mahu2021 [Qd 7h]
Mahu2021: folds 
GorditoBarik: raises 30 to 60
ivanmzp: calls 30
*** FLOP *** [Jc Ac Ts]
GorditoBarik: bets 233 and is all-in
ivanmzp: calls 233
*** TURN *** [Jc Ac Ts] [9c]
*** RIVER *** [Jc Ac Ts 9c] [As]
*** SHOW DOWN ***
GorditoBarik: shows [8s 9h] (two pair, Aces and Nines)
ivanmzp: shows [8d Jd] (two pair, Aces and Jacks)
ivanmzp collected 586 from pot
GorditoBarik finished the tournament in 3rd place
*** SUMMARY ***
Total pot 586 | Rake 0 
Board [Jc Ac Ts 9c As]
Seat 1: Mahu2021 (button) folded before Flop (didn't bet)
Seat 2: GorditoBarik (small blind) showed [8s 9h] and lost with two pair, Aces and Nines
Seat 3: ivanmzp (big blind) showed [8d Jd] and won (586) with two pair, Aces and Jacks



PokerStars Hand #243291222290: Tournament #3582030757, $0.92+$0.08 USD Hold'em No Limit - Level II (15/30) - 2023/04/24 18:12:02 CET [2023/04/24 12:12:02 ET]
Table '3582030757 1' 3-max Seat #3 is the button
Seat 1: Mahu2021 (425 in chips) 
Seat 3: ivanmzp (1075 in chips) 
ivanmzp: posts small blind 15
Mahu2021: posts big blind 30
*** HOLE CARDS ***
Dealt to Mahu2021 [Kd Qc]
ivanmzp: calls 15
Mahu2021: raises 60 to 90
ivanmzp: folds 
Uncalled bet (60) returned to Mahu2021
Mahu2021 collected 60 from pot
Mahu2021: doesn't show hand 
*** SUMMARY ***
Total pot 60 | Rake 0 
Seat 1: Mahu2021 (big blind) collected (60)
Seat 3: ivanmzp (button) (small blind) folded before Flop



PokerStars Hand #243291224460: Tournament #3582030757, $0.92+$0.08 USD Hold'em No Limit - Level II (15/30) - 2023/04/24 18:12:10 CET [2023/04/24 12:12:10 ET]
Table '3582030757 1' 3-max Seat #1 is the button
Seat 1: Mahu2021 (455 in chips) 
Seat 3: ivanmzp (1045 in chips) 
Mahu2021: posts small blind 15
ivanmzp: posts big blind 30
*** HOLE CARDS ***
Dealt to Mahu2021 [7h 4d]
Mahu2021: folds 
Uncalled bet (15) returned to ivanmzp
ivanmzp collected 30 from pot
ivanmzp: doesn't show hand 
*** SUMMARY ***
Total pot 30 | Rake 0 
Seat 1: Mahu2021 (button) (small blind) folded before Flop
Seat 3: ivanmzp (big blind) collected (30)



PokerStars Hand #243291225689: Tournament #3582030757, $0.92+$0.08 USD Hold'em No Limit - Level II (15/30) - 2023/04/24 18:12:14 CET [2023/04/24 12:12:14 ET]
Table '3582030757 1' 3-max Seat #3 is the button
Seat 1: Mahu2021 (440 in chips) 
Seat 3: ivanmzp (1060 in chips) 
ivanmzp: posts small blind 15
Mahu2021: posts big blind 30
*** HOLE CARDS ***
Dealt to Mahu2021 [Th 4s]
ivanmzp: calls 15
Mahu2021: checks 
*** FLOP *** [8d 4d Js]
Mahu2021: checks 
ivanmzp: bets 40
Mahu2021: folds 
Uncalled bet (40) returned to ivanmzp
ivanmzp collected 60 from pot
ivanmzp: doesn't show hand 
*** SUMMARY ***
Total pot 60 | Rake 0 
Board [8d 4d Js]
Seat 1: Mahu2021 (big blind) folded on the Flop
Seat 3: ivanmzp (button) (small blind) collected (60)



PokerStars Hand #243291228786: Tournament #3582030757, $0.92+$0.08 USD Hold'em No Limit - Level II (15/30) - 2023/04/24 18:12:25 CET [2023/04/24 12:12:25 ET]
Table '3582030757 1' 3-max Seat #1 is the button
Seat 1: Mahu2021 (410 in chips) 
Seat 3: ivanmzp (1090 in chips) 
Mahu2021: posts small blind 15
ivanmzp: posts big blind 30
*** HOLE CARDS ***
Dealt to Mahu2021 [6d Jd]
Mahu2021: calls 15
ivanmzp: checks 
*** FLOP *** [3d As Qh]
ivanmzp: checks 
Mahu2021: checks 
*** TURN *** [3d As Qh] [Qs]
ivanmzp: checks 
Mahu2021: bets 30
ivanmzp: folds 
Uncalled bet (30) returned to Mahu2021
Mahu2021 collected 60 from pot
Mahu2021: doesn't show hand 
*** SUMMARY ***
Total pot 60 | Rake 0 
Board [3d As Qh Qs]
Seat 1: Mahu2021 (button) (small blind) collected (60)
Seat 3: ivanmzp (big blind) folded on the Turn



PokerStars Hand #243291232978: Tournament #3582030757, $0.92+$0.08 USD Hold'em No Limit - Level II (15/30) - 2023/04/24 18:12:39 CET [2023/04/24 12:12:39 ET]
Table '3582030757 1' 3-max Seat #3 is the button
Seat 1: Mahu2021 (440 in chips) 
Seat 3: ivanmzp (1060 in chips) 
ivanmzp: posts small blind 15
Mahu2021: posts big blind 30
*** HOLE CARDS ***
Dealt to Mahu2021 [Td 2s]
ivanmzp: raises 1030 to 1060 and is all-in
Mahu2021: folds 
Uncalled bet (1030) returned to ivanmzp
ivanmzp collected 60 from pot
ivanmzp: doesn't show hand 
*** SUMMARY ***
Total pot 60 | Rake 0 
Seat 1: Mahu2021 (big blind) folded before Flop
Seat 3: ivanmzp (button) (small blind) collected (60)



PokerStars Hand #243291234680: Tournament #3582030757, $0.92+$0.08 USD Hold'em No Limit - Level II (15/30) - 2023/04/24 18:12:45 CET [2023/04/24 12:12:45 ET]
Table '3582030757 1' 3-max Seat #1 is the button
Seat 1: Mahu2021 (410 in chips) 
Seat 3: ivanmzp (1090 in chips) 
Mahu2021: posts small blind 15
ivanmzp: posts big blind 30
*** HOLE CARDS ***
Dealt to Mahu2021 [Td Ks]
Mahu2021: calls 15
ivanmzp: raises 1060 to 1090 and is all-in
Mahu2021: folds 
Uncalled bet (1060) returned to ivanmzp
ivanmzp collected 60 from pot
ivanmzp: doesn't show hand 
*** SUMMARY ***
Total pot 60 | Rake 0 
Seat 1: Mahu2021 (button) (small blind) folded before Flop
Seat 3: ivanmzp (big blind) collected (60)



PokerStars Hand #243291237461: Tournament #3582030757, $0.92+$0.08 USD Hold'em No Limit - Level II (15/30) - 2023/04/24 18:12:55 CET [2023/04/24 12:12:55 ET]
Table '3582030757 1' 3-max Seat #3 is the button
Seat 1: Mahu2021 (380 in chips) 
Seat 3: ivanmzp (1120 in chips) 
ivanmzp: posts small blind 15
Mahu2021: posts big blind 30
*** HOLE CARDS ***
Dealt to Mahu2021 [Jd 7s]
ivanmzp: calls 15
Mahu2021: checks 
*** FLOP *** [3h 4h 3c]
Mahu2021: checks 
ivanmzp: checks 
*** TURN *** [3h 4h 3c] [7h]
Mahu2021: bets 60
ivanmzp: folds 
Uncalled bet (60) returned to Mahu2021
Mahu2021 collected 60 from pot
Mahu2021: doesn't show hand 
*** SUMMARY ***
Total pot 60 | Rake 0 
Board [3h 4h 3c 7h]
Seat 1: Mahu2021 (big blind) collected (60)
Seat 3: ivanmzp (button) (small blind) folded on the Turn



PokerStars Hand #243291241363: Tournament #3582030757, $0.92+$0.08 USD Hold'em No Limit - Level II (15/30) - 2023/04/24 18:13:09 CET [2023/04/24 12:13:09 ET]
Table '3582030757 1' 3-max Seat #1 is the button
Seat 1: Mahu2021 (410 in chips) 
Seat 3: ivanmzp (1090 in chips) 
Mahu2021: posts small blind 15
ivanmzp: posts big blind 30
*** HOLE CARDS ***
Dealt to Mahu2021 [7c Ad]
Mahu2021: calls 15
ivanmzp: checks 
*** FLOP *** [6d 5d 4h]
ivanmzp: checks 
Mahu2021: bets 60
ivanmzp: folds 
Uncalled bet (60) returned to Mahu2021
Mahu2021 collected 60 from pot
Mahu2021: doesn't show hand 
*** SUMMARY ***
Total pot 60 | Rake 0 
Board [6d 5d 4h]
Seat 1: Mahu2021 (button) (small blind) collected (60)
Seat 3: ivanmzp (big blind) folded on the Flop



PokerStars Hand #243291246642: Tournament #3582030757, $0.92+$0.08 USD Hold'em No Limit - Level III (20/40) - 2023/04/24 18:13:27 CET [2023/04/24 12:13:27 ET]
Table '3582030757 1' 3-max Seat #3 is the button
Seat 1: Mahu2021 (440 in chips) 
Seat 3: ivanmzp (1060 in chips) 
ivanmzp: posts small blind 20
Mahu2021: posts big blind 40
*** HOLE CARDS ***
Dealt to Mahu2021 [6s 5s]
ivanmzp: calls 20
Mahu2021: checks 
*** FLOP *** [Qc 8c 8d]
Mahu2021: checks 
ivanmzp: bets 40
Mahu2021: folds 
Uncalled bet (40) returned to ivanmzp
ivanmzp collected 80 from pot
ivanmzp: doesn't show hand 
*** SUMMARY ***
Total pot 80 | Rake 0 
Board [Qc 8c 8d]
Seat 1: Mahu2021 (big blind) folded on the Flop
Seat 3: ivanmzp (button) (small blind) collected (80)



PokerStars Hand #243291250546: Tournament #3582030757, $0.92+$0.08 USD Hold'em No Limit - Level III (20/40) - 2023/04/24 18:13:41 CET [2023/04/24 12:13:41 ET]
Table '3582030757 1' 3-max Seat #1 is the button
Seat 1: Mahu2021 (400 in chips) 
Seat 3: ivanmzp (1100 in chips) 
Mahu2021: posts small blind 20
ivanmzp: posts big blind 40
*** HOLE CARDS ***
Dealt to Mahu2021 [9c 6s]
Mahu2021: folds 
Uncalled bet (20) returned to ivanmzp
ivanmzp collected 40 from pot
ivanmzp: doesn't show hand 
*** SUMMARY ***
Total pot 40 | Rake 0 
Seat 1: Mahu2021 (button) (small blind) folded before Flop
Seat 3: ivanmzp (big blind) collected (40)



PokerStars Hand #243291251778: Tournament #3582030757, $0.92+$0.08 USD Hold'em No Limit - Level III (20/40) - 2023/04/24 18:13:45 CET [2023/04/24 12:13:45 ET]
Table '3582030757 1' 3-max Seat #3 is the button
Seat 1: Mahu2021 (380 in chips) 
Seat 3: ivanmzp (1120 in chips) 
ivanmzp: posts small blind 20
Mahu2021: posts big blind 40
*** HOLE CARDS ***
Dealt to Mahu2021 [3s Jd]
ivanmzp: folds 
Uncalled bet (20) returned to Mahu2021
Mahu2021 collected 40 from pot
Mahu2021: doesn't show hand 
*** SUMMARY ***
Total pot 40 | Rake 0 
Seat 1: Mahu2021 (big blind) collected (40)
Seat 3: ivanmzp (button) (small blind) folded before Flop



PokerStars Hand #243291252932: Tournament #3582030757, $0.92+$0.08 USD Hold'em No Limit - Level III (20/40) - 2023/04/24 18:13:49 CET [2023/04/24 12:13:49 ET]
Table '3582030757 1' 3-max Seat #1 is the button
Seat 1: Mahu2021 (400 in chips) 
Seat 3: ivanmzp (1100 in chips) 
Mahu2021: posts small blind 20
ivanmzp: posts big blind 40
*** HOLE CARDS ***
Dealt to Mahu2021 [8d 4h]
Mahu2021: folds 
Uncalled bet (20) returned to ivanmzp
ivanmzp collected 40 from pot
ivanmzp: doesn't show hand 
*** SUMMARY ***
Total pot 40 | Rake 0 
Seat 1: Mahu2021 (button) (small blind) folded before Flop
Seat 3: ivanmzp (big blind) collected (40)



PokerStars Hand #243291254150: Tournament #3582030757, $0.92+$0.08 USD Hold'em No Limit - Level III (20/40) - 2023/04/24 18:13:54 CET [2023/04/24 12:13:54 ET]
Table '3582030757 1' 3-max Seat #3 is the button
Seat 1: Mahu2021 (380 in chips) 
Seat 3: ivanmzp (1120 in chips) 
ivanmzp: posts small blind 20
Mahu2021: posts big blind 40
*** HOLE CARDS ***
Dealt to Mahu2021 [Kd Ah]
ivanmzp: raises 1080 to 1120 and is all-in
Mahu2021: calls 340 and is all-in
Uncalled bet (740) returned to ivanmzp
*** FLOP *** [2h 4d Th]
*** TURN *** [2h 4d Th] [8h]
*** RIVER *** [2h 4d Th 8h] [4h]
*** SHOW DOWN ***
Mahu2021: shows [Kd Ah] (a flush, Ace high)
ivanmzp: shows [Qs As] (a pair of Fours)
Mahu2021 collected 760 from pot
*** SUMMARY ***
Total pot 760 | Rake 0 
Board [2h 4d Th 8h 4h]
Seat 1: Mahu2021 (big blind) showed [Kd Ah] and won (760) with a flush, Ace high
Seat 3: ivanmzp (button) (small blind) showed [Qs As] and lost with a pair of Fours



PokerStars Hand #243291257479: Tournament #3582030757, $0.92+$0.08 USD Hold'em No Limit - Level III (20/40) - 2023/04/24 18:14:05 CET [2023/04/24 12:14:05 ET]
Table '3582030757 1' 3-max Seat #1 is the button
Seat 1: Mahu2021 (760 in chips) 
Seat 3: ivanmzp (740 in chips) 
Mahu2021: posts small blind 20
ivanmzp: posts big blind 40
*** HOLE CARDS ***
Dealt to Mahu2021 [Kc Th]
Mahu2021: calls 20
ivanmzp: checks 
*** FLOP *** [9c 5d Js]
ivanmzp: checks 
Mahu2021: bets 80
ivanmzp: folds 
Uncalled bet (80) returned to Mahu2021
Mahu2021 collected 80 from pot
Mahu2021: doesn't show hand 
*** SUMMARY ***
Total pot 80 | Rake 0 
Board [9c 5d Js]
Seat 1: Mahu2021 (button) (small blind) collected (80)
Seat 3: ivanmzp (big blind) folded on the Flop



PokerStars Hand #243291260499: Tournament #3582030757, $0.92+$0.08 USD Hold'em No Limit - Level III (20/40) - 2023/04/24 18:14:15 CET [2023/04/24 12:14:15 ET]
Table '3582030757 1' 3-max Seat #3 is the button
Seat 1: Mahu2021 (800 in chips) 
Seat 3: ivanmzp (700 in chips) 
ivanmzp: posts small blind 20
Mahu2021: posts big blind 40
*** HOLE CARDS ***
Dealt to Mahu2021 [2h 7c]
ivanmzp: folds 
Uncalled bet (20) returned to Mahu2021
Mahu2021 collected 40 from pot
Mahu2021: doesn't show hand 
*** SUMMARY ***
Total pot 40 | Rake 0 
Seat 1: Mahu2021 (big blind) collected (40)
Seat 3: ivanmzp (button) (small blind) folded before Flop



PokerStars Hand #243291261426: Tournament #3582030757, $0.92+$0.08 USD Hold'em No Limit - Level III (20/40) - 2023/04/24 18:14:19 CET [2023/04/24 12:14:19 ET]
Table '3582030757 1' 3-max Seat #1 is the button
Seat 1: Mahu2021 (820 in chips) 
Seat 3: ivanmzp (680 in chips) 
Mahu2021: posts small blind 20
ivanmzp: posts big blind 40
*** HOLE CARDS ***
Dealt to Mahu2021 [Ac 6h]
Mahu2021: calls 20
ivanmzp: checks 
*** FLOP *** [6s Td 7h]
ivanmzp: checks 
Mahu2021: bets 40
ivanmzp: raises 107 to 147
Mahu2021: folds 
Uncalled bet (107) returned to ivanmzp
ivanmzp collected 160 from pot
ivanmzp: doesn't show hand 
*** SUMMARY ***
Total pot 160 | Rake 0 
Board [6s Td 7h]
Seat 1: Mahu2021 (button) (small blind) folded on the Flop
Seat 3: ivanmzp (big blind) collected (160)



PokerStars Hand #243291267675: Tournament #3582030757, $0.92+$0.08 USD Hold'em No Limit - Level III (20/40) - 2023/04/24 18:14:40 CET [2023/04/24 12:14:40 ET]
Table '3582030757 1' 3-max Seat #3 is the button
Seat 1: Mahu2021 (740 in chips) 
Seat 3: ivanmzp (760 in chips) 
ivanmzp: posts small blind 20
Mahu2021: posts big blind 40
*** HOLE CARDS ***
Dealt to Mahu2021 [Qc 2c]
ivanmzp: calls 20
Mahu2021: checks 
*** FLOP *** [Jd Jc 8s]
Mahu2021: checks 
ivanmzp: bets 40
Mahu2021: calls 40
*** TURN *** [Jd Jc 8s] [4d]
Mahu2021: checks 
ivanmzp: checks 
*** RIVER *** [Jd Jc 8s 4d] [Ac]
Mahu2021: bets 160
ivanmzp: folds 
Uncalled bet (160) returned to Mahu2021
Mahu2021 collected 160 from pot
Mahu2021: doesn't show hand 
*** SUMMARY ***
Total pot 160 | Rake 0 
Board [Jd Jc 8s 4d Ac]
Seat 1: Mahu2021 (big blind) collected (160)
Seat 3: ivanmzp (button) (small blind) folded on the River



PokerStars Hand #243291273063: Tournament #3582030757, $0.92+$0.08 USD Hold'em No Limit - Level III (20/40) - 2023/04/24 18:14:59 CET [2023/04/24 12:14:59 ET]
Table '3582030757 1' 3-max Seat #1 is the button
Seat 1: Mahu2021 (820 in chips) 
Seat 3: ivanmzp (680 in chips) 
Mahu2021: posts small blind 20
ivanmzp: posts big blind 40
*** HOLE CARDS ***
Dealt to Mahu2021 [6s Kh]
Mahu2021: calls 20
ivanmzp: raises 640 to 680 and is all-in
Mahu2021: folds 
Uncalled bet (640) returned to ivanmzp
ivanmzp collected 80 from pot
ivanmzp: doesn't show hand 
*** SUMMARY ***
Total pot 80 | Rake 0 
Seat 1: Mahu2021 (button) (small blind) folded before Flop
Seat 3: ivanmzp (big blind) collected (80)



PokerStars Hand #243291275302: Tournament #3582030757, $0.92+$0.08 USD Hold'em No Limit - Level III (20/40) - 2023/04/24 18:15:07 CET [2023/04/24 12:15:07 ET]
Table '3582030757 1' 3-max Seat #3 is the button
Seat 1: Mahu2021 (780 in chips) 
Seat 3: ivanmzp (720 in chips) 
ivanmzp: posts small blind 20
Mahu2021: posts big blind 40
*** HOLE CARDS ***
Dealt to Mahu2021 [6s Qs]
ivanmzp: calls 20
Mahu2021: checks 
*** FLOP *** [Js 8c 7c]
Mahu2021: checks 
ivanmzp: checks 
*** TURN *** [Js 8c 7c] [2s]
Mahu2021: bets 80
ivanmzp: folds 
Uncalled bet (80) returned to Mahu2021
Mahu2021 collected 80 from pot
Mahu2021: doesn't show hand 
*** SUMMARY ***
Total pot 80 | Rake 0 
Board [Js 8c 7c 2s]
Seat 1: Mahu2021 (big blind) collected (80)
Seat 3: ivanmzp (button) (small blind) folded on the Turn



PokerStars Hand #243291279490: Tournament #3582030757, $0.92+$0.08 USD Hold'em No Limit - Level III (20/40) - 2023/04/24 18:15:21 CET [2023/04/24 12:15:21 ET]
Table '3582030757 1' 3-max Seat #1 is the button
Seat 1: Mahu2021 (820 in chips) 
Seat 3: ivanmzp (680 in chips) 
Mahu2021: posts small blind 20
ivanmzp: posts big blind 40
*** HOLE CARDS ***
Dealt to Mahu2021 [4d 3s]
Mahu2021: folds 
Uncalled bet (20) returned to ivanmzp
ivanmzp collected 40 from pot
ivanmzp: doesn't show hand 
*** SUMMARY ***
Total pot 40 | Rake 0 
Seat 1: Mahu2021 (button) (small blind) folded before Flop
Seat 3: ivanmzp (big blind) collected (40)



PokerStars Hand #243291280985: Tournament #3582030757, $0.92+$0.08 USD Hold'em No Limit - Level III (20/40) - 2023/04/24 18:15:27 CET [2023/04/24 12:15:27 ET]
Table '3582030757 1' 3-max Seat #3 is the button
Seat 1: Mahu2021 (800 in chips) 
Seat 3: ivanmzp (700 in chips) 
ivanmzp: posts small blind 20
Mahu2021: posts big blind 40
*** HOLE CARDS ***
Dealt to Mahu2021 [7h Qd]
ivanmzp: calls 20
Mahu2021: checks 
*** FLOP *** [6c 6h 6d]
Mahu2021: checks 
ivanmzp: checks 
*** TURN *** [6c 6h 6d] [Th]
Mahu2021: checks 
ivanmzp: checks 
*** RIVER *** [6c 6h 6d Th] [2h]
Mahu2021: checks 
ivanmzp: checks 
*** SHOW DOWN ***
Mahu2021: shows [7h Qd] (three of a kind, Sixes)
ivanmzp: mucks hand 
Mahu2021 collected 80 from pot
*** SUMMARY ***
Total pot 80 | Rake 0 
Board [6c 6h 6d Th 2h]
Seat 1: Mahu2021 (big blind) showed [7h Qd] and won (80) with three of a kind, Sixes
Seat 3: ivanmzp (button) (small blind) mucked [5d 7d]



PokerStars Hand #243291286009: Tournament #3582030757, $0.92+$0.08 USD Hold'em No Limit - Level III (20/40) - 2023/04/24 18:15:44 CET [2023/04/24 12:15:44 ET]
Table '3582030757 1' 3-max Seat #1 is the button
Seat 1: Mahu2021 (840 in chips) 
Seat 3: ivanmzp (660 in chips) 
Mahu2021: posts small blind 20
ivanmzp: posts big blind 40
*** HOLE CARDS ***
Dealt to Mahu2021 [8h 4d]
Mahu2021: folds 
Uncalled bet (20) returned to ivanmzp
ivanmzp collected 40 from pot
ivanmzp: doesn't show hand 
*** SUMMARY ***
Total pot 40 | Rake 0 
Seat 1: Mahu2021 (button) (small blind) folded before Flop
Seat 3: ivanmzp (big blind) collected (40)



PokerStars Hand #243291287343: Tournament #3582030757, $0.92+$0.08 USD Hold'em No Limit - Level III (20/40) - 2023/04/24 18:15:49 CET [2023/04/24 12:15:49 ET]
Table '3582030757 1' 3-max Seat #3 is the button
Seat 1: Mahu2021 (820 in chips) 
Seat 3: ivanmzp (680 in chips) 
ivanmzp: posts small blind 20
Mahu2021: posts big blind 40
*** HOLE CARDS ***
Dealt to Mahu2021 [Jc 2s]
ivanmzp: folds 
Uncalled bet (20) returned to Mahu2021
Mahu2021 collected 40 from pot
Mahu2021: doesn't show hand 
*** SUMMARY ***
Total pot 40 | Rake 0 
Seat 1: Mahu2021 (big blind) collected (40)
Seat 3: ivanmzp (button) (small blind) folded before Flop



PokerStars Hand #243291288622: Tournament #3582030757, $0.92+$0.08 USD Hold'em No Limit - Level III (20/40) - 2023/04/24 18:15:53 CET [2023/04/24 12:15:53 ET]
Table '3582030757 1' 3-max Seat #1 is the button
Seat 1: Mahu2021 (840 in chips) 
Seat 3: ivanmzp (660 in chips) 
Mahu2021: posts small blind 20
ivanmzp: posts big blind 40
*** HOLE CARDS ***
Dealt to Mahu2021 [2s 2d]
Mahu2021: raises 80 to 120
ivanmzp: raises 540 to 660 and is all-in
Mahu2021: calls 540
*** FLOP *** [4d Qd 2h]
*** TURN *** [4d Qd 2h] [7h]
*** RIVER *** [4d Qd 2h 7h] [3c]
*** SHOW DOWN ***
ivanmzp: shows [Jh As] (high card Ace)
Mahu2021: shows [2s 2d] (three of a kind, Deuces)
Mahu2021 collected 1320 from pot
ivanmzp finished the tournament in 2nd place
Mahu2021 wins the tournament and receives $3.00 - congratulations!
*** SUMMARY ***
Total pot 1320 | Rake 0 
Board [4d Qd 2h 7h 3c]
Seat 1: Mahu2021 (button) (small blind) showed [2s 2d] and won (1320) with three of a kind, Deuces
Seat 3: ivanmzp (big blind) showed [Jh As] and lost with high card Ace



