PokerStars Hand #243274709638: Tournament #3581674763, $0.92+$0.08 USD Hold'em No Limit - Level I (10/20) - 2023/04/23 21:01:26 CET [2023/04/23 15:01:26 ET]
Table '3581674763 1' 3-max Seat #1 is the button
Seat 1: Mahu2021 (500 in chips) 
Seat 2: arkanprod (500 in chips) 
Seat 3: Oraham.david111 (500 in chips) 
arkanprod: posts small blind 10
Oraham.david111: posts big blind 20
*** HOLE CARDS ***
Dealt to Mahu2021 [Tc Jc]
Mahu2021: calls 20
arkanprod: raises 480 to 500 and is all-in
Oraham.david111: folds 
Mahu2021: folds 
Uncalled bet (480) returned to arkanprod
arkanprod collected 60 from pot
arkanprod: doesn't show hand 
*** SUMMARY ***
Total pot 60 | Rake 0 
Seat 1: Mahu2021 (button) folded before Flop
Seat 2: arkanprod (small blind) collected (60)
Seat 3: Oraham.david111 (big blind) folded before Flop



PokerStars Hand #243274714127: Tournament #3581674763, $0.92+$0.08 USD Hold'em No Limit - Level I (10/20) - 2023/04/23 21:01:39 CET [2023/04/23 15:01:39 ET]
Table '3581674763 1' 3-max Seat #2 is the button
Seat 1: Mahu2021 (480 in chips) 
Seat 2: arkanprod (540 in chips) 
Seat 3: Oraham.david111 (480 in chips) 
Oraham.david111: posts small blind 10
Mahu2021: posts big blind 20
*** HOLE CARDS ***
Dealt to Mahu2021 [As 2h]
arkanprod: raises 20 to 40
Oraham.david111: folds 
Mahu2021: calls 20
*** FLOP *** [Ah 7c Qs]
Mahu2021: checks 
arkanprod: bets 40
Mahu2021: calls 40
*** TURN *** [Ah 7c Qs] [Jh]
Mahu2021: checks 
arkanprod: checks 
*** RIVER *** [Ah 7c Qs Jh] [7d]
Mahu2021: bets 40
arkanprod: calls 40
*** SHOW DOWN ***
Mahu2021: shows [As 2h] (two pair, Aces and Sevens)
arkanprod: mucks hand 
Mahu2021 collected 250 from pot
*** SUMMARY ***
Total pot 250 | Rake 0 
Board [Ah 7c Qs Jh 7d]
Seat 1: Mahu2021 (big blind) showed [As 2h] and won (250) with two pair, Aces and Sevens
Seat 2: arkanprod (button) mucked [Js Tc]
Seat 3: Oraham.david111 (small blind) folded before Flop



PokerStars Hand #243274727683: Tournament #3581674763, $0.92+$0.08 USD Hold'em No Limit - Level I (10/20) - 2023/04/23 21:02:15 CET [2023/04/23 15:02:15 ET]
Table '3581674763 1' 3-max Seat #3 is the button
Seat 1: Mahu2021 (610 in chips) 
Seat 2: arkanprod (420 in chips) 
Seat 3: Oraham.david111 (470 in chips) 
Mahu2021: posts small blind 10
arkanprod: posts big blind 20
*** HOLE CARDS ***
Dealt to Mahu2021 [Qh 8d]
Oraham.david111: raises 20 to 40
Mahu2021: folds 
arkanprod: folds 
Uncalled bet (20) returned to Oraham.david111
Oraham.david111 collected 50 from pot
Oraham.david111: doesn't show hand 
*** SUMMARY ***
Total pot 50 | Rake 0 
Seat 1: Mahu2021 (small blind) folded before Flop
Seat 2: arkanprod (big blind) folded before Flop
Seat 3: Oraham.david111 (button) collected (50)



PokerStars Hand #243274730094: Tournament #3581674763, $0.92+$0.08 USD Hold'em No Limit - Level I (10/20) - 2023/04/23 21:02:22 CET [2023/04/23 15:02:22 ET]
Table '3581674763 1' 3-max Seat #1 is the button
Seat 1: Mahu2021 (600 in chips) 
Seat 2: arkanprod (400 in chips) 
Seat 3: Oraham.david111 (500 in chips) 
arkanprod: posts small blind 10
Oraham.david111: posts big blind 20
*** HOLE CARDS ***
Dealt to Mahu2021 [6s 9s]
Mahu2021: folds 
arkanprod: folds 
Uncalled bet (10) returned to Oraham.david111
Oraham.david111 collected 20 from pot
Oraham.david111: doesn't show hand 
*** SUMMARY ***
Total pot 20 | Rake 0 
Seat 1: Mahu2021 (button) folded before Flop (didn't bet)
Seat 2: arkanprod (small blind) folded before Flop
Seat 3: Oraham.david111 (big blind) collected (20)



PokerStars Hand #243274733265: Tournament #3581674763, $0.92+$0.08 USD Hold'em No Limit - Level I (10/20) - 2023/04/23 21:02:31 CET [2023/04/23 15:02:31 ET]
Table '3581674763 1' 3-max Seat #2 is the button
Seat 1: Mahu2021 (600 in chips) 
Seat 2: arkanprod (390 in chips) 
Seat 3: Oraham.david111 (510 in chips) 
Oraham.david111: posts small blind 10
Mahu2021: posts big blind 20
*** HOLE CARDS ***
Dealt to Mahu2021 [Ks 3c]
arkanprod: folds 
Oraham.david111: calls 10
Mahu2021: checks 
*** FLOP *** [Kh Ts 7h]
Oraham.david111: bets 20
Mahu2021: calls 20
*** TURN *** [Kh Ts 7h] [Qd]
Oraham.david111: bets 40
Mahu2021: calls 40
*** RIVER *** [Kh Ts 7h Qd] [9c]
Oraham.david111: bets 20
Mahu2021: calls 20
*** SHOW DOWN ***
Oraham.david111: shows [2s 7d] (a pair of Sevens)
Mahu2021: shows [Ks 3c] (a pair of Kings)
Mahu2021 collected 200 from pot
*** SUMMARY ***
Total pot 200 | Rake 0 
Board [Kh Ts 7h Qd 9c]
Seat 1: Mahu2021 (big blind) showed [Ks 3c] and won (200) with a pair of Kings
Seat 2: arkanprod (button) folded before Flop (didn't bet)
Seat 3: Oraham.david111 (small blind) showed [2s 7d] and lost with a pair of Sevens



PokerStars Hand #243274744214: Tournament #3581674763, $0.92+$0.08 USD Hold'em No Limit - Level I (10/20) - 2023/04/23 21:02:54 CET [2023/04/23 15:02:54 ET]
Table '3581674763 1' 3-max Seat #3 is the button
Seat 1: Mahu2021 (700 in chips) 
Seat 2: arkanprod (390 in chips) 
Seat 3: Oraham.david111 (410 in chips) 
Mahu2021: posts small blind 10
arkanprod: posts big blind 20
*** HOLE CARDS ***
Dealt to Mahu2021 [9s Qc]
Oraham.david111: folds 
Mahu2021: raises 40 to 60
arkanprod: folds 
Uncalled bet (40) returned to Mahu2021
Mahu2021 collected 40 from pot
Mahu2021: doesn't show hand 
*** SUMMARY ***
Total pot 40 | Rake 0 
Seat 1: Mahu2021 (small blind) collected (40)
Seat 2: arkanprod (big blind) folded before Flop
Seat 3: Oraham.david111 (button) folded before Flop (didn't bet)



PokerStars Hand #243274751479: Tournament #3581674763, $0.92+$0.08 USD Hold'em No Limit - Level I (10/20) - 2023/04/23 21:03:09 CET [2023/04/23 15:03:09 ET]
Table '3581674763 1' 3-max Seat #1 is the button
Seat 1: Mahu2021 (720 in chips) 
Seat 2: arkanprod (370 in chips) 
Seat 3: Oraham.david111 (410 in chips) 
arkanprod: posts small blind 10
Oraham.david111: posts big blind 20
*** HOLE CARDS ***
Dealt to Mahu2021 [2c Qd]
Mahu2021: folds 
arkanprod: folds 
Uncalled bet (10) returned to Oraham.david111
Oraham.david111 collected 20 from pot
Oraham.david111: doesn't show hand 
*** SUMMARY ***
Total pot 20 | Rake 0 
Seat 1: Mahu2021 (button) folded before Flop (didn't bet)
Seat 2: arkanprod (small blind) folded before Flop
Seat 3: Oraham.david111 (big blind) collected (20)



PokerStars Hand #243274755489: Tournament #3581674763, $0.92+$0.08 USD Hold'em No Limit - Level I (10/20) - 2023/04/23 21:03:18 CET [2023/04/23 15:03:18 ET]
Table '3581674763 1' 3-max Seat #2 is the button
Seat 1: Mahu2021 (720 in chips) 
Seat 2: arkanprod (360 in chips) 
Seat 3: Oraham.david111 (420 in chips) 
Oraham.david111: posts small blind 10
Mahu2021: posts big blind 20
*** HOLE CARDS ***
Dealt to Mahu2021 [5s 9h]
arkanprod: folds 
Oraham.david111: raises 20 to 40
Mahu2021: folds 
Uncalled bet (20) returned to Oraham.david111
Oraham.david111 collected 40 from pot
Oraham.david111: doesn't show hand 
*** SUMMARY ***
Total pot 40 | Rake 0 
Seat 1: Mahu2021 (big blind) folded before Flop
Seat 2: arkanprod (button) folded before Flop (didn't bet)
Seat 3: Oraham.david111 (small blind) collected (40)



PokerStars Hand #243274758361: Tournament #3581674763, $0.92+$0.08 USD Hold'em No Limit - Level I (10/20) - 2023/04/23 21:03:25 CET [2023/04/23 15:03:25 ET]
Table '3581674763 1' 3-max Seat #3 is the button
Seat 1: Mahu2021 (700 in chips) 
Seat 2: arkanprod (360 in chips) 
Seat 3: Oraham.david111 (440 in chips) 
Mahu2021: posts small blind 10
arkanprod: posts big blind 20
*** HOLE CARDS ***
Dealt to Mahu2021 [Qh 3d]
Oraham.david111: raises 20 to 40
Mahu2021: folds 
arkanprod: calls 20
*** FLOP *** [5h 4c 3s]
arkanprod: checks 
Oraham.david111: bets 20
arkanprod: folds 
Uncalled bet (20) returned to Oraham.david111
Oraham.david111 collected 90 from pot
Oraham.david111: doesn't show hand 
*** SUMMARY ***
Total pot 90 | Rake 0 
Board [5h 4c 3s]
Seat 1: Mahu2021 (small blind) folded before Flop
Seat 2: arkanprod (big blind) folded on the Flop
Seat 3: Oraham.david111 (button) collected (90)



PokerStars Hand #243274768490: Tournament #3581674763, $0.92+$0.08 USD Hold'em No Limit - Level II (15/30) - 2023/04/23 21:03:47 CET [2023/04/23 15:03:47 ET]
Table '3581674763 1' 3-max Seat #1 is the button
Seat 1: Mahu2021 (690 in chips) 
Seat 2: arkanprod (320 in chips) 
Seat 3: Oraham.david111 (490 in chips) 
arkanprod: posts small blind 15
Oraham.david111: posts big blind 30
*** HOLE CARDS ***
Dealt to Mahu2021 [Js Qs]
Mahu2021: raises 30 to 60
arkanprod: folds 
Oraham.david111: calls 30
*** FLOP *** [3d Ks 3h]
Oraham.david111: checks 
Mahu2021: bets 60
Oraham.david111: folds 
Uncalled bet (60) returned to Mahu2021
Mahu2021 collected 135 from pot
Mahu2021: doesn't show hand 
*** SUMMARY ***
Total pot 135 | Rake 0 
Board [3d Ks 3h]
Seat 1: Mahu2021 (button) collected (135)
Seat 2: arkanprod (small blind) folded before Flop
Seat 3: Oraham.david111 (big blind) folded on the Flop



PokerStars Hand #243274776910: Tournament #3581674763, $0.92+$0.08 USD Hold'em No Limit - Level II (15/30) - 2023/04/23 21:04:05 CET [2023/04/23 15:04:05 ET]
Table '3581674763 1' 3-max Seat #2 is the button
Seat 1: Mahu2021 (765 in chips) 
Seat 2: arkanprod (305 in chips) 
Seat 3: Oraham.david111 (430 in chips) 
Oraham.david111: posts small blind 15
Mahu2021: posts big blind 30
*** HOLE CARDS ***
Dealt to Mahu2021 [9c Jh]
arkanprod: folds 
Oraham.david111: calls 15
Mahu2021: checks 
*** FLOP *** [6c 6d 2c]
Oraham.david111: checks 
Mahu2021: checks 
*** TURN *** [6c 6d 2c] [8h]
Oraham.david111: bets 30
Mahu2021: calls 30
*** RIVER *** [6c 6d 2c 8h] [9h]
Oraham.david111: bets 120
Mahu2021: calls 120
*** SHOW DOWN ***
Oraham.david111: shows [Qs 9d] (two pair, Nines and Sixes)
Mahu2021: mucks hand 
Oraham.david111 collected 360 from pot
*** SUMMARY ***
Total pot 360 | Rake 0 
Board [6c 6d 2c 8h 9h]
Seat 1: Mahu2021 (big blind) mucked [9c Jh]
Seat 2: arkanprod (button) folded before Flop (didn't bet)
Seat 3: Oraham.david111 (small blind) showed [Qs 9d] and won (360) with two pair, Nines and Sixes



PokerStars Hand #243274787410: Tournament #3581674763, $0.92+$0.08 USD Hold'em No Limit - Level II (15/30) - 2023/04/23 21:04:28 CET [2023/04/23 15:04:28 ET]
Table '3581674763 1' 3-max Seat #3 is the button
Seat 1: Mahu2021 (585 in chips) 
Seat 2: arkanprod (305 in chips) 
Seat 3: Oraham.david111 (610 in chips) 
Mahu2021: posts small blind 15
arkanprod: posts big blind 30
*** HOLE CARDS ***
Dealt to Mahu2021 [8h 3h]
Oraham.david111: folds 
Mahu2021: calls 15
arkanprod: checks 
*** FLOP *** [3d 5d Qc]
Mahu2021: bets 30
arkanprod: folds 
Uncalled bet (30) returned to Mahu2021
Mahu2021 collected 60 from pot
Mahu2021: doesn't show hand 
*** SUMMARY ***
Total pot 60 | Rake 0 
Board [3d 5d Qc]
Seat 1: Mahu2021 (small blind) collected (60)
Seat 2: arkanprod (big blind) folded on the Flop
Seat 3: Oraham.david111 (button) folded before Flop (didn't bet)



PokerStars Hand #243274795320: Tournament #3581674763, $0.92+$0.08 USD Hold'em No Limit - Level II (15/30) - 2023/04/23 21:04:45 CET [2023/04/23 15:04:45 ET]
Table '3581674763 1' 3-max Seat #1 is the button
Seat 1: Mahu2021 (615 in chips) 
Seat 2: arkanprod (275 in chips) 
Seat 3: Oraham.david111 (610 in chips) 
arkanprod: posts small blind 15
Oraham.david111: posts big blind 30
*** HOLE CARDS ***
Dealt to Mahu2021 [8d Jd]
Mahu2021: calls 30
arkanprod: raises 245 to 275 and is all-in
Oraham.david111: folds 
Mahu2021: folds 
Uncalled bet (245) returned to arkanprod
arkanprod collected 90 from pot
arkanprod: doesn't show hand 
*** SUMMARY ***
Total pot 90 | Rake 0 
Seat 1: Mahu2021 (button) folded before Flop
Seat 2: arkanprod (small blind) collected (90)
Seat 3: Oraham.david111 (big blind) folded before Flop



PokerStars Hand #243274800638: Tournament #3581674763, $0.92+$0.08 USD Hold'em No Limit - Level II (15/30) - 2023/04/23 21:04:57 CET [2023/04/23 15:04:57 ET]
Table '3581674763 1' 3-max Seat #2 is the button
Seat 1: Mahu2021 (585 in chips) 
Seat 2: arkanprod (335 in chips) 
Seat 3: Oraham.david111 (580 in chips) 
Oraham.david111: posts small blind 15
Mahu2021: posts big blind 30
*** HOLE CARDS ***
Dealt to Mahu2021 [Qd 7h]
arkanprod: folds 
Oraham.david111: calls 15
Mahu2021: checks 
*** FLOP *** [Td 9d 6s]
Oraham.david111: bets 60
Mahu2021: calls 60
*** TURN *** [Td 9d 6s] [Ks]
Oraham.david111: bets 30
Mahu2021: calls 30
*** RIVER *** [Td 9d 6s Ks] [6h]
Oraham.david111: bets 460 and is all-in
Mahu2021: folds 
Uncalled bet (460) returned to Oraham.david111
Oraham.david111 collected 240 from pot
Oraham.david111: doesn't show hand 
*** SUMMARY ***
Total pot 240 | Rake 0 
Board [Td 9d 6s Ks 6h]
Seat 1: Mahu2021 (big blind) folded on the River
Seat 2: arkanprod (button) folded before Flop (didn't bet)
Seat 3: Oraham.david111 (small blind) collected (240)



PokerStars Hand #243274813122: Tournament #3581674763, $0.92+$0.08 USD Hold'em No Limit - Level II (15/30) - 2023/04/23 21:05:22 CET [2023/04/23 15:05:22 ET]
Table '3581674763 1' 3-max Seat #3 is the button
Seat 1: Mahu2021 (465 in chips) 
Seat 2: arkanprod (335 in chips) 
Seat 3: Oraham.david111 (700 in chips) 
Mahu2021: posts small blind 15
arkanprod: posts big blind 30
*** HOLE CARDS ***
Dealt to Mahu2021 [4s Js]
Oraham.david111: calls 30
Mahu2021: calls 15
arkanprod: checks 
*** FLOP *** [Ks 9d 3c]
Mahu2021: checks 
arkanprod: checks 
Oraham.david111: bets 30
Mahu2021: folds 
arkanprod: folds 
Uncalled bet (30) returned to Oraham.david111
Oraham.david111 collected 90 from pot
Oraham.david111: doesn't show hand 
*** SUMMARY ***
Total pot 90 | Rake 0 
Board [Ks 9d 3c]
Seat 1: Mahu2021 (small blind) folded on the Flop
Seat 2: arkanprod (big blind) folded on the Flop
Seat 3: Oraham.david111 (button) collected (90)



PokerStars Hand #243274824493: Tournament #3581674763, $0.92+$0.08 USD Hold'em No Limit - Level III (20/40) - 2023/04/23 21:05:46 CET [2023/04/23 15:05:46 ET]
Table '3581674763 1' 3-max Seat #1 is the button
Seat 1: Mahu2021 (435 in chips) 
Seat 2: arkanprod (305 in chips) 
Seat 3: Oraham.david111 (760 in chips) 
arkanprod: posts small blind 20
Oraham.david111: posts big blind 40
*** HOLE CARDS ***
Dealt to Mahu2021 [Td Qd]
Mahu2021: raises 40 to 80
arkanprod: folds 
Oraham.david111: folds 
Uncalled bet (40) returned to Mahu2021
Mahu2021 collected 100 from pot
Mahu2021: doesn't show hand 
*** SUMMARY ***
Total pot 100 | Rake 0 
Seat 1: Mahu2021 (button) collected (100)
Seat 2: arkanprod (small blind) folded before Flop
Seat 3: Oraham.david111 (big blind) folded before Flop



PokerStars Hand #243274828355: Tournament #3581674763, $0.92+$0.08 USD Hold'em No Limit - Level III (20/40) - 2023/04/23 21:05:55 CET [2023/04/23 15:05:55 ET]
Table '3581674763 1' 3-max Seat #2 is the button
Seat 1: Mahu2021 (495 in chips) 
Seat 2: arkanprod (285 in chips) 
Seat 3: Oraham.david111 (720 in chips) 
Oraham.david111: posts small blind 20
Mahu2021: posts big blind 40
*** HOLE CARDS ***
Dealt to Mahu2021 [Ts 8h]
arkanprod: raises 245 to 285 and is all-in
Oraham.david111: folds 
Mahu2021: folds 
Uncalled bet (245) returned to arkanprod
arkanprod collected 100 from pot
arkanprod: doesn't show hand 
*** SUMMARY ***
Total pot 100 | Rake 0 
Seat 1: Mahu2021 (big blind) folded before Flop
Seat 2: arkanprod (button) collected (100)
Seat 3: Oraham.david111 (small blind) folded before Flop



PokerStars Hand #243274832961: Tournament #3581674763, $0.92+$0.08 USD Hold'em No Limit - Level III (20/40) - 2023/04/23 21:06:04 CET [2023/04/23 15:06:04 ET]
Table '3581674763 1' 3-max Seat #3 is the button
Seat 1: Mahu2021 (455 in chips) 
Seat 2: arkanprod (345 in chips) 
Seat 3: Oraham.david111 (700 in chips) 
Mahu2021: posts small blind 20
arkanprod: posts big blind 40
*** HOLE CARDS ***
Dealt to Mahu2021 [Ks 6h]
Oraham.david111: folds 
Mahu2021: calls 20
arkanprod: checks 
*** FLOP *** [3s 4c 2d]
Mahu2021: checks 
arkanprod: checks 
*** TURN *** [3s 4c 2d] [8c]
Mahu2021: checks 
arkanprod: bets 80
Mahu2021: calls 80
*** RIVER *** [3s 4c 2d 8c] [Kc]
Mahu2021: checks 
arkanprod: bets 225 and is all-in
Mahu2021: calls 225
*** SHOW DOWN ***
arkanprod: shows [6c 5s] (a straight, Deuce to Six)
Mahu2021: shows [Ks 6h] (a pair of Kings)
arkanprod collected 690 from pot
*** SUMMARY ***
Total pot 690 | Rake 0 
Board [3s 4c 2d 8c Kc]
Seat 1: Mahu2021 (small blind) showed [Ks 6h] and lost with a pair of Kings
Seat 2: arkanprod (big blind) showed [6c 5s] and won (690) with a straight, Deuce to Six
Seat 3: Oraham.david111 (button) folded before Flop (didn't bet)



PokerStars Hand #243274851650: Tournament #3581674763, $0.92+$0.08 USD Hold'em No Limit - Level III (20/40) - 2023/04/23 21:06:43 CET [2023/04/23 15:06:43 ET]
Table '3581674763 1' 3-max Seat #1 is the button
Seat 1: Mahu2021 (110 in chips) 
Seat 2: arkanprod (690 in chips) 
Seat 3: Oraham.david111 (700 in chips) 
arkanprod: posts small blind 20
Oraham.david111: posts big blind 40
*** HOLE CARDS ***
Dealt to Mahu2021 [5s 9d]
Mahu2021: folds 
arkanprod: raises 40 to 80
Oraham.david111: calls 40
*** FLOP *** [7s 5c Ac]
arkanprod: bets 80
Oraham.david111: calls 80
*** TURN *** [7s 5c Ac] [Qd]
arkanprod: bets 120
Oraham.david111: calls 120
*** RIVER *** [7s 5c Ac Qd] [6d]
arkanprod: checks 
Oraham.david111: checks 
*** SHOW DOWN ***
arkanprod: shows [Td Qs] (a pair of Queens)
Oraham.david111: mucks hand 
arkanprod collected 560 from pot
*** SUMMARY ***
Total pot 560 | Rake 0 
Board [7s 5c Ac Qd 6d]
Seat 1: Mahu2021 (button) folded before Flop (didn't bet)
Seat 2: arkanprod (small blind) showed [Td Qs] and won (560) with a pair of Queens
Seat 3: Oraham.david111 (big blind) mucked [Ks Ts]



PokerStars Hand #243274866671: Tournament #3581674763, $0.92+$0.08 USD Hold'em No Limit - Level III (20/40) - 2023/04/23 21:07:14 CET [2023/04/23 15:07:14 ET]
Table '3581674763 1' 3-max Seat #2 is the button
Seat 1: Mahu2021 (110 in chips) 
Seat 2: arkanprod (970 in chips) 
Seat 3: Oraham.david111 (420 in chips) 
Oraham.david111: posts small blind 20
Mahu2021: posts big blind 40
*** HOLE CARDS ***
Dealt to Mahu2021 [As 3s]
arkanprod: folds 
Oraham.david111: folds 
Uncalled bet (20) returned to Mahu2021
Mahu2021 collected 40 from pot
Mahu2021: doesn't show hand 
*** SUMMARY ***
Total pot 40 | Rake 0 
Seat 1: Mahu2021 (big blind) collected (40)
Seat 2: arkanprod (button) folded before Flop (didn't bet)
Seat 3: Oraham.david111 (small blind) folded before Flop



PokerStars Hand #243274870260: Tournament #3581674763, $0.92+$0.08 USD Hold'em No Limit - Level III (20/40) - 2023/04/23 21:07:21 CET [2023/04/23 15:07:21 ET]
Table '3581674763 1' 3-max Seat #3 is the button
Seat 1: Mahu2021 (130 in chips) 
Seat 2: arkanprod (970 in chips) 
Seat 3: Oraham.david111 (400 in chips) 
Mahu2021: posts small blind 20
arkanprod: posts big blind 40
*** HOLE CARDS ***
Dealt to Mahu2021 [6c Ks]
Oraham.david111: calls 40
Mahu2021: raises 90 to 130 and is all-in
arkanprod: folds 
Oraham.david111: calls 90
*** FLOP *** [7s 8c 2c]
*** TURN *** [7s 8c 2c] [6h]
*** RIVER *** [7s 8c 2c 6h] [4s]
*** SHOW DOWN ***
Mahu2021: shows [6c Ks] (a pair of Sixes)
Oraham.david111: shows [Ts 9c] (a straight, Six to Ten)
Oraham.david111 collected 300 from pot
Mahu2021 finished the tournament in 3rd place
*** SUMMARY ***
Total pot 300 | Rake 0 
Board [7s 8c 2c 6h 4s]
Seat 1: Mahu2021 (small blind) showed [6c Ks] and lost with a pair of Sixes
Seat 2: arkanprod (big blind) folded before Flop
Seat 3: Oraham.david111 (button) showed [Ts 9c] and won (300) with a straight, Six to Ten



