PokerStars Hand #254312350579: Tournament #3845533382, $4.60+$0.40 USD Hold'em No Limit - Level I (10/20) - 2025/01/11 14:19:07 CET [2025/01/11 8:19:07 ET]
Table '3845533382 1' 3-max Seat #1 is the button
Seat 1: Mahu2021 (500 in chips) 
Seat 2: Prettydream89 (500 in chips) 
Seat 3: malakaio300 (500 in chips) 
Prettydream89: posts small blind 10
malakaio300: posts big blind 20
*** HOLE CARDS ***
Dealt to Mahu2021 [6d As]
Mahu2021: raises 20 to 40
Prettydream89: calls 30
malakaio300: folds 
*** FLOP *** [7h 4h 7d]
Prettydream89: checks 
Mahu2021: checks 
*** TURN *** [7h 4h 7d] [8c]
Prettydream89: bets 60
Mahu2021: calls 60
*** RIVER *** [7h 4h 7d 8c] [Kh]
Prettydream89: bets 260
Mahu2021: folds 
Uncalled bet (260) returned to Prettydream89
Prettydream89 collected 220 from pot
*** SUMMARY ***
Total pot 220 | Rake 0 
Board [7h 4h 7d 8c Kh]
Seat 1: Mahu2021 (button) folded on the River
Seat 2: Prettydream89 (small blind) collected (220)
Seat 3: malakaio300 (big blind) folded before Flop



PokerStars Hand #254312355481: Tournament #3845533382, $4.60+$0.40 USD Hold'em No Limit - Level I (10/20) - 2025/01/11 14:19:33 CET [2025/01/11 8:19:33 ET]
Table '3845533382 1' 3-max Seat #2 is the button
Seat 1: Mahu2021 (400 in chips) 
Seat 2: Prettydream89 (620 in chips) 
Seat 3: malakaio300 (480 in chips) 
malakaio300: posts small blind 10
Mahu2021: posts big blind 20
*** HOLE CARDS ***
Dealt to Mahu2021 [2h Ad]
Prettydream89: calls 20
malakaio300: folds 
Mahu2021: checks 
*** FLOP *** [Ah 8d 3s]
Mahu2021: checks 
Prettydream89: checks 
*** TURN *** [Ah 8d 3s] [Qh]
Mahu2021: bets 50
Prettydream89: calls 50
*** RIVER *** [Ah 8d 3s Qh] [2c]
Mahu2021: bets 150
Prettydream89: calls 150
*** SHOW DOWN ***
Mahu2021: shows [2h Ad] (two pair, Aces and Deuces)
Prettydream89: mucks hand 
Mahu2021 collected 450 from pot
*** SUMMARY ***
Total pot 450 | Rake 0 
Board [Ah 8d 3s Qh 2c]
Seat 1: Mahu2021 (big blind) showed [2h Ad] and won (450) with two pair, Aces and Deuces
Seat 2: Prettydream89 (button) mucked [3d Jd]
Seat 3: malakaio300 (small blind) folded before Flop



PokerStars Hand #254312359692: Tournament #3845533382, $4.60+$0.40 USD Hold'em No Limit - Level I (10/20) - 2025/01/11 14:19:56 CET [2025/01/11 8:19:56 ET]
Table '3845533382 1' 3-max Seat #3 is the button
Seat 1: Mahu2021 (630 in chips) 
Seat 2: Prettydream89 (400 in chips) 
Seat 3: malakaio300 (470 in chips) 
Mahu2021: posts small blind 10
Prettydream89: posts big blind 20
*** HOLE CARDS ***
Dealt to Mahu2021 [5c 9s]
malakaio300: raises 20 to 40
Mahu2021: folds 
Prettydream89: raises 20 to 60
malakaio300: calls 20
*** FLOP *** [Js Kh Qh]
Prettydream89: checks 
malakaio300: checks 
*** TURN *** [Js Kh Qh] [2h]
Prettydream89: bets 340 and is all-in
malakaio300: folds 
Uncalled bet (340) returned to Prettydream89
Prettydream89 collected 130 from pot
*** SUMMARY ***
Total pot 130 | Rake 0 
Board [Js Kh Qh 2h]
Seat 1: Mahu2021 (small blind) folded before Flop
Seat 2: Prettydream89 (big blind) collected (130)
Seat 3: malakaio300 (button) folded on the Turn



PokerStars Hand #254312368085: Tournament #3845533382, $4.60+$0.40 USD Hold'em No Limit - Level I (10/20) - 2025/01/11 14:20:41 CET [2025/01/11 8:20:41 ET]
Table '3845533382 1' 3-max Seat #1 is the button
Seat 1: Mahu2021 (620 in chips) 
Seat 2: Prettydream89 (470 in chips) 
Seat 3: malakaio300 (410 in chips) 
Prettydream89: posts small blind 10
malakaio300: posts big blind 20
*** HOLE CARDS ***
Dealt to Mahu2021 [6c 5s]
Mahu2021: folds 
Prettydream89: calls 10
malakaio300: checks 
*** FLOP *** [2s Ac Jd]
Prettydream89: checks 
malakaio300: checks 
*** TURN *** [2s Ac Jd] [3d]
Prettydream89: checks 
malakaio300: checks 
*** RIVER *** [2s Ac Jd 3d] [9h]
Prettydream89: checks 
malakaio300: checks 
*** SHOW DOWN ***
Prettydream89: shows [Td 2d] (a pair of Deuces)
malakaio300: shows [3s 8c] (a pair of Threes)
malakaio300 collected 40 from pot
*** SUMMARY ***
Total pot 40 | Rake 0 
Board [2s Ac Jd 3d 9h]
Seat 1: Mahu2021 (button) folded before Flop (didn't bet)
Seat 2: Prettydream89 (small blind) showed [Td 2d] and lost with a pair of Deuces
Seat 3: malakaio300 (big blind) showed [3s 8c] and won (40) with a pair of Threes



PokerStars Hand #254312378132: Tournament #3845533382, $4.60+$0.40 USD Hold'em No Limit - Level II (15/30) - 2025/01/11 14:21:36 CET [2025/01/11 8:21:36 ET]
Table '3845533382 1' 3-max Seat #2 is the button
Seat 1: Mahu2021 (620 in chips) 
Seat 2: Prettydream89 (450 in chips) 
Seat 3: malakaio300 (430 in chips) 
malakaio300: posts small blind 15
Mahu2021: posts big blind 30
*** HOLE CARDS ***
Dealt to Mahu2021 [2h 2d]
Prettydream89: raises 30 to 60
malakaio300: folds 
Mahu2021: calls 30
*** FLOP *** [5d 4s 4c]
Mahu2021: checks 
Prettydream89: checks 
*** TURN *** [5d 4s 4c] [9h]
Mahu2021: checks 
Prettydream89: bets 30
Mahu2021: calls 30
*** RIVER *** [5d 4s 4c 9h] [4d]
Mahu2021: bets 195
Prettydream89: calls 195
*** SHOW DOWN ***
Mahu2021: shows [2h 2d] (a full house, Fours full of Deuces)
Prettydream89: mucks hand 
Mahu2021 collected 585 from pot
*** SUMMARY ***
Total pot 585 | Rake 0 
Board [5d 4s 4c 9h 4d]
Seat 1: Mahu2021 (big blind) showed [2h 2d] and won (585) with a full house, Fours full of Deuces
Seat 2: Prettydream89 (button) mucked [3s Ks]
Seat 3: malakaio300 (small blind) folded before Flop



PokerStars Hand #254312382937: Tournament #3845533382, $4.60+$0.40 USD Hold'em No Limit - Level II (15/30) - 2025/01/11 14:22:02 CET [2025/01/11 8:22:02 ET]
Table '3845533382 1' 3-max Seat #3 is the button
Seat 1: Mahu2021 (920 in chips) 
Seat 2: Prettydream89 (165 in chips) 
Seat 3: malakaio300 (415 in chips) 
Mahu2021: posts small blind 15
Prettydream89: posts big blind 30
*** HOLE CARDS ***
Dealt to Mahu2021 [Ac 9h]
malakaio300: folds 
Mahu2021: raises 890 to 920 and is all-in
Prettydream89: calls 135 and is all-in
Uncalled bet (755) returned to Mahu2021
*** FLOP *** [8d 6c Ts]
*** TURN *** [8d 6c Ts] [2s]
*** RIVER *** [8d 6c Ts 2s] [9s]
*** SHOW DOWN ***
Mahu2021: shows [Ac 9h] (a pair of Nines)
Prettydream89: shows [Th 5d] (a pair of Tens)
Prettydream89 collected 330 from pot
*** SUMMARY ***
Total pot 330 | Rake 0 
Board [8d 6c Ts 2s 9s]
Seat 1: Mahu2021 (small blind) showed [Ac 9h] and lost with a pair of Nines
Seat 2: Prettydream89 (big blind) showed [Th 5d] and won (330) with a pair of Tens
Seat 3: malakaio300 (button) folded before Flop (didn't bet)



PokerStars Hand #254312387435: Tournament #3845533382, $4.60+$0.40 USD Hold'em No Limit - Level II (15/30) - 2025/01/11 14:22:27 CET [2025/01/11 8:22:27 ET]
Table '3845533382 1' 3-max Seat #1 is the button
Seat 1: Mahu2021 (755 in chips) 
Seat 2: Prettydream89 (330 in chips) 
Seat 3: malakaio300 (415 in chips) 
Prettydream89: posts small blind 15
malakaio300: posts big blind 30
*** HOLE CARDS ***
Dealt to Mahu2021 [Td 5s]
Mahu2021: folds 
Prettydream89: calls 15
malakaio300: checks 
*** FLOP *** [4d 4c Tc]
Prettydream89: checks 
malakaio300: checks 
*** TURN *** [4d 4c Tc] [9s]
Prettydream89: checks 
malakaio300: checks 
*** RIVER *** [4d 4c Tc 9s] [3s]
Prettydream89: checks 
malakaio300: bets 30
Prettydream89: calls 30
*** SHOW DOWN ***
malakaio300: shows [5h 6d] (a pair of Fours)
Prettydream89: shows [Qh Ac] (a pair of Fours - Ace kicker)
Prettydream89 collected 120 from pot
*** SUMMARY ***
Total pot 120 | Rake 0 
Board [4d 4c Tc 9s 3s]
Seat 1: Mahu2021 (button) folded before Flop (didn't bet)
Seat 2: Prettydream89 (small blind) showed [Qh Ac] and won (120) with a pair of Fours
Seat 3: malakaio300 (big blind) showed [5h 6d] and lost with a pair of Fours



PokerStars Hand #254312396054: Tournament #3845533382, $4.60+$0.40 USD Hold'em No Limit - Level III (20/40) - 2025/01/11 14:23:13 CET [2025/01/11 8:23:13 ET]
Table '3845533382 1' 3-max Seat #2 is the button
Seat 1: Mahu2021 (755 in chips) 
Seat 2: Prettydream89 (390 in chips) 
Seat 3: malakaio300 (355 in chips) 
malakaio300: posts small blind 20
Mahu2021: posts big blind 40
*** HOLE CARDS ***
Dealt to Mahu2021 [5c 6d]
Prettydream89: calls 40
malakaio300: folds 
Mahu2021: checks 
*** FLOP *** [Ts 4c 7c]
Mahu2021: checks 
Prettydream89: checks 
*** TURN *** [Ts 4c 7c] [6s]
Mahu2021: checks 
Prettydream89: checks 
*** RIVER *** [Ts 4c 7c 6s] [Td]
Mahu2021: bets 40
Prettydream89: calls 40
*** SHOW DOWN ***
Mahu2021: shows [5c 6d] (two pair, Tens and Sixes)
Prettydream89: mucks hand 
Mahu2021 collected 180 from pot
*** SUMMARY ***
Total pot 180 | Rake 0 
Board [Ts 4c 7c 6s Td]
Seat 1: Mahu2021 (big blind) showed [5c 6d] and won (180) with two pair, Tens and Sixes
Seat 2: Prettydream89 (button) mucked [2h Jc]
Seat 3: malakaio300 (small blind) folded before Flop



PokerStars Hand #254312399068: Tournament #3845533382, $4.60+$0.40 USD Hold'em No Limit - Level III (20/40) - 2025/01/11 14:23:30 CET [2025/01/11 8:23:30 ET]
Table '3845533382 1' 3-max Seat #3 is the button
Seat 1: Mahu2021 (855 in chips) 
Seat 2: Prettydream89 (310 in chips) 
Seat 3: malakaio300 (335 in chips) 
Mahu2021: posts small blind 20
Prettydream89: posts big blind 40
*** HOLE CARDS ***
Dealt to Mahu2021 [6h 5s]
malakaio300: folds 
Mahu2021: folds 
Uncalled bet (20) returned to Prettydream89
Prettydream89 collected 40 from pot
*** SUMMARY ***
Total pot 40 | Rake 0 
Seat 1: Mahu2021 (small blind) folded before Flop
Seat 2: Prettydream89 (big blind) collected (40)
Seat 3: malakaio300 (button) folded before Flop (didn't bet)



PokerStars Hand #254312400229: Tournament #3845533382, $4.60+$0.40 USD Hold'em No Limit - Level III (20/40) - 2025/01/11 14:23:36 CET [2025/01/11 8:23:36 ET]
Table '3845533382 1' 3-max Seat #1 is the button
Seat 1: Mahu2021 (835 in chips) 
Seat 2: Prettydream89 (330 in chips) 
Seat 3: malakaio300 (335 in chips) 
Prettydream89: posts small blind 20
malakaio300: posts big blind 40
*** HOLE CARDS ***
Dealt to Mahu2021 [3c 6s]
Mahu2021: folds 
Prettydream89: raises 40 to 80
malakaio300: folds 
Uncalled bet (40) returned to Prettydream89
Prettydream89 collected 80 from pot
*** SUMMARY ***
Total pot 80 | Rake 0 
Seat 1: Mahu2021 (button) folded before Flop (didn't bet)
Seat 2: Prettydream89 (small blind) collected (80)
Seat 3: malakaio300 (big blind) folded before Flop



PokerStars Hand #254312401726: Tournament #3845533382, $4.60+$0.40 USD Hold'em No Limit - Level III (20/40) - 2025/01/11 14:23:44 CET [2025/01/11 8:23:44 ET]
Table '3845533382 1' 3-max Seat #2 is the button
Seat 1: Mahu2021 (835 in chips) 
Seat 2: Prettydream89 (370 in chips) 
Seat 3: malakaio300 (295 in chips) 
malakaio300: posts small blind 20
Mahu2021: posts big blind 40
*** HOLE CARDS ***
Dealt to Mahu2021 [9d Jh]
Prettydream89: raises 330 to 370 and is all-in
malakaio300: calls 275 and is all-in
Mahu2021: folds 
Uncalled bet (75) returned to Prettydream89
*** FLOP *** [Tc 7h 5s]
*** TURN *** [Tc 7h 5s] [4s]
*** RIVER *** [Tc 7h 5s 4s] [Ad]
*** SHOW DOWN ***
malakaio300: shows [Ks Js] (high card Ace)
Prettydream89: shows [6d Ac] (a pair of Aces)
Prettydream89 collected 630 from pot
malakaio300 finished the tournament in 3rd place
*** SUMMARY ***
Total pot 630 | Rake 0 
Board [Tc 7h 5s 4s Ad]
Seat 1: Mahu2021 (big blind) folded before Flop
Seat 2: Prettydream89 (button) showed [6d Ac] and won (630) with a pair of Aces
Seat 3: malakaio300 (small blind) showed [Ks Js] and lost with high card Ace



PokerStars Hand #254312404839: Tournament #3845533382, $4.60+$0.40 USD Hold'em No Limit - Level III (20/40) - 2025/01/11 14:24:01 CET [2025/01/11 8:24:01 ET]
Table '3845533382 1' 3-max Seat #1 is the button
Seat 1: Mahu2021 (795 in chips) 
Seat 2: Prettydream89 (705 in chips) 
Mahu2021: posts small blind 20
Prettydream89: posts big blind 40
*** HOLE CARDS ***
Dealt to Mahu2021 [2d 6h]
Mahu2021: folds 
Uncalled bet (20) returned to Prettydream89
Prettydream89 collected 40 from pot
*** SUMMARY ***
Total pot 40 | Rake 0 
Seat 1: Mahu2021 (button) (small blind) folded before Flop
Seat 2: Prettydream89 (big blind) collected (40)



PokerStars Hand #254312405663: Tournament #3845533382, $4.60+$0.40 USD Hold'em No Limit - Level III (20/40) - 2025/01/11 14:24:05 CET [2025/01/11 8:24:05 ET]
Table '3845533382 1' 3-max Seat #2 is the button
Seat 1: Mahu2021 (775 in chips) 
Seat 2: Prettydream89 (725 in chips) 
Prettydream89: posts small blind 20
Mahu2021: posts big blind 40
*** HOLE CARDS ***
Dealt to Mahu2021 [2s 6s]
Prettydream89: calls 20
Mahu2021: checks 
*** FLOP *** [Ad Td Qs]
Mahu2021: checks 
Prettydream89: checks 
*** TURN *** [Ad Td Qs] [Js]
Mahu2021: checks 
Prettydream89: checks 
*** RIVER *** [Ad Td Qs Js] [4d]
Mahu2021: checks 
Prettydream89: checks 
*** SHOW DOWN ***
Mahu2021: shows [2s 6s] (high card Ace)
Prettydream89: shows [7h 6h] (high card Ace - Queen+Jack+Ten+Seven kicker)
Prettydream89 collected 80 from pot
*** SUMMARY ***
Total pot 80 | Rake 0 
Board [Ad Td Qs Js 4d]
Seat 1: Mahu2021 (big blind) showed [2s 6s] and lost with high card Ace
Seat 2: Prettydream89 (button) (small blind) showed [7h 6h] and won (80) with high card Ace



PokerStars Hand #254312407843: Tournament #3845533382, $4.60+$0.40 USD Hold'em No Limit - Level III (20/40) - 2025/01/11 14:24:17 CET [2025/01/11 8:24:17 ET]
Table '3845533382 1' 3-max Seat #1 is the button
Seat 1: Mahu2021 (735 in chips) 
Seat 2: Prettydream89 (765 in chips) 
Mahu2021: posts small blind 20
Prettydream89: posts big blind 40
*** HOLE CARDS ***
Dealt to Mahu2021 [As 2h]
Mahu2021: raises 40 to 80
Prettydream89: raises 685 to 765 and is all-in
Mahu2021: folds 
Uncalled bet (685) returned to Prettydream89
Prettydream89 collected 160 from pot
*** SUMMARY ***
Total pot 160 | Rake 0 
Seat 1: Mahu2021 (button) (small blind) folded before Flop
Seat 2: Prettydream89 (big blind) collected (160)



PokerStars Hand #254312409497: Tournament #3845533382, $4.60+$0.40 USD Hold'em No Limit - Level III (20/40) - 2025/01/11 14:24:26 CET [2025/01/11 8:24:26 ET]
Table '3845533382 1' 3-max Seat #2 is the button
Seat 1: Mahu2021 (655 in chips) 
Seat 2: Prettydream89 (845 in chips) 
Prettydream89: posts small blind 20
Mahu2021: posts big blind 40
*** HOLE CARDS ***
Dealt to Mahu2021 [7h Ah]
Prettydream89: folds 
Uncalled bet (20) returned to Mahu2021
Mahu2021 collected 40 from pot
Mahu2021: doesn't show hand 
*** SUMMARY ***
Total pot 40 | Rake 0 
Seat 1: Mahu2021 (big blind) collected (40)
Seat 2: Prettydream89 (button) (small blind) folded before Flop



PokerStars Hand #254312410386: Tournament #3845533382, $4.60+$0.40 USD Hold'em No Limit - Level III (20/40) - 2025/01/11 14:24:30 CET [2025/01/11 8:24:30 ET]
Table '3845533382 1' 3-max Seat #1 is the button
Seat 1: Mahu2021 (675 in chips) 
Seat 2: Prettydream89 (825 in chips) 
Mahu2021: posts small blind 20
Prettydream89: posts big blind 40
*** HOLE CARDS ***
Dealt to Mahu2021 [8c Ks]
Mahu2021: raises 40 to 80
Prettydream89: calls 40
*** FLOP *** [8d Th Qc]
Prettydream89: checks 
Mahu2021: checks 
*** TURN *** [8d Th Qc] [9h]
Prettydream89: checks 
Mahu2021: checks 
*** RIVER *** [8d Th Qc 9h] [5s]
Prettydream89: checks 
Mahu2021: bets 40
Prettydream89: folds 
Uncalled bet (40) returned to Mahu2021
Mahu2021 collected 160 from pot
Mahu2021: doesn't show hand 
*** SUMMARY ***
Total pot 160 | Rake 0 
Board [8d Th Qc 9h 5s]
Seat 1: Mahu2021 (button) (small blind) collected (160)
Seat 2: Prettydream89 (big blind) folded on the River



PokerStars Hand #254312412881: Tournament #3845533382, $4.60+$0.40 USD Hold'em No Limit - Level III (20/40) - 2025/01/11 14:24:44 CET [2025/01/11 8:24:44 ET]
Table '3845533382 1' 3-max Seat #2 is the button
Seat 1: Mahu2021 (755 in chips) 
Seat 2: Prettydream89 (745 in chips) 
Prettydream89: posts small blind 20
Mahu2021: posts big blind 40
*** HOLE CARDS ***
Dealt to Mahu2021 [Qh 9d]
Prettydream89: folds 
Uncalled bet (20) returned to Mahu2021
Mahu2021 collected 40 from pot
Mahu2021: doesn't show hand 
*** SUMMARY ***
Total pot 40 | Rake 0 
Seat 1: Mahu2021 (big blind) collected (40)
Seat 2: Prettydream89 (button) (small blind) folded before Flop



PokerStars Hand #254312413707: Tournament #3845533382, $4.60+$0.40 USD Hold'em No Limit - Level III (20/40) - 2025/01/11 14:24:48 CET [2025/01/11 8:24:48 ET]
Table '3845533382 1' 3-max Seat #1 is the button
Seat 1: Mahu2021 (775 in chips) 
Seat 2: Prettydream89 (725 in chips) 
Mahu2021: posts small blind 20
Prettydream89: posts big blind 40
*** HOLE CARDS ***
Dealt to Mahu2021 [2h 4c]
Mahu2021: folds 
Uncalled bet (20) returned to Prettydream89
Prettydream89 collected 40 from pot
*** SUMMARY ***
Total pot 40 | Rake 0 
Seat 1: Mahu2021 (button) (small blind) folded before Flop
Seat 2: Prettydream89 (big blind) collected (40)



PokerStars Hand #254312414612: Tournament #3845533382, $4.60+$0.40 USD Hold'em No Limit - Level III (20/40) - 2025/01/11 14:24:53 CET [2025/01/11 8:24:53 ET]
Table '3845533382 1' 3-max Seat #2 is the button
Seat 1: Mahu2021 (755 in chips) 
Seat 2: Prettydream89 (745 in chips) 
Prettydream89: posts small blind 20
Mahu2021: posts big blind 40
*** HOLE CARDS ***
Dealt to Mahu2021 [4s 5d]
Prettydream89: calls 20
Mahu2021: checks 
*** FLOP *** [6h 6c 6s]
Mahu2021: checks 
Prettydream89: checks 
*** TURN *** [6h 6c 6s] [8d]
Mahu2021: checks 
Prettydream89: checks 
*** RIVER *** [6h 6c 6s 8d] [3h]
Mahu2021: checks 
Prettydream89: checks 
*** SHOW DOWN ***
Mahu2021: shows [4s 5d] (three of a kind, Sixes)
Prettydream89: shows [2d Qs] (three of a kind, Sixes - Queen kicker)
Prettydream89 collected 80 from pot
*** SUMMARY ***
Total pot 80 | Rake 0 
Board [6h 6c 6s 8d 3h]
Seat 1: Mahu2021 (big blind) showed [4s 5d] and lost with three of a kind, Sixes
Seat 2: Prettydream89 (button) (small blind) showed [2d Qs] and won (80) with three of a kind, Sixes



PokerStars Hand #254312417028: Tournament #3845533382, $4.60+$0.40 USD Hold'em No Limit - Level III (20/40) - 2025/01/11 14:25:05 CET [2025/01/11 8:25:05 ET]
Table '3845533382 1' 3-max Seat #1 is the button
Seat 1: Mahu2021 (715 in chips) 
Seat 2: Prettydream89 (785 in chips) 
Mahu2021: posts small blind 20
Prettydream89: posts big blind 40
*** HOLE CARDS ***
Dealt to Mahu2021 [7s 8c]
Mahu2021: calls 20
Prettydream89: checks 
*** FLOP *** [Jd As Ad]
Prettydream89: checks 
Mahu2021: bets 40
Prettydream89: calls 40
*** TURN *** [Jd As Ad] [4s]
Prettydream89: checks 
Mahu2021: checks 
*** RIVER *** [Jd As Ad 4s] [2d]
Prettydream89: checks 
Mahu2021: checks 
*** SHOW DOWN ***
Prettydream89: shows [Qc Ks] (a pair of Aces)
Mahu2021: mucks hand 
Prettydream89 collected 160 from pot
*** SUMMARY ***
Total pot 160 | Rake 0 
Board [Jd As Ad 4s 2d]
Seat 1: Mahu2021 (button) (small blind) mucked [7s 8c]
Seat 2: Prettydream89 (big blind) showed [Qc Ks] and won (160) with a pair of Aces



PokerStars Hand #254312420466: Tournament #3845533382, $4.60+$0.40 USD Hold'em No Limit - Level IV (30/60) - 2025/01/11 14:25:24 CET [2025/01/11 8:25:24 ET]
Table '3845533382 1' 3-max Seat #2 is the button
Seat 1: Mahu2021 (635 in chips) 
Seat 2: Prettydream89 (865 in chips) 
Prettydream89: posts small blind 30
Mahu2021: posts big blind 60
*** HOLE CARDS ***
Dealt to Mahu2021 [Ad 9c]
Prettydream89: folds 
Uncalled bet (30) returned to Mahu2021
Mahu2021 collected 60 from pot
Mahu2021: doesn't show hand 
*** SUMMARY ***
Total pot 60 | Rake 0 
Seat 1: Mahu2021 (big blind) collected (60)
Seat 2: Prettydream89 (button) (small blind) folded before Flop



PokerStars Hand #254312421235: Tournament #3845533382, $4.60+$0.40 USD Hold'em No Limit - Level IV (30/60) - 2025/01/11 14:25:28 CET [2025/01/11 8:25:28 ET]
Table '3845533382 1' 3-max Seat #1 is the button
Seat 1: Mahu2021 (665 in chips) 
Seat 2: Prettydream89 (835 in chips) 
Mahu2021: posts small blind 30
Prettydream89: posts big blind 60
*** HOLE CARDS ***
Dealt to Mahu2021 [2h 4d]
Mahu2021: folds 
Uncalled bet (30) returned to Prettydream89
Prettydream89 collected 60 from pot
*** SUMMARY ***
Total pot 60 | Rake 0 
Seat 1: Mahu2021 (button) (small blind) folded before Flop
Seat 2: Prettydream89 (big blind) collected (60)



PokerStars Hand #254312422116: Tournament #3845533382, $4.60+$0.40 USD Hold'em No Limit - Level IV (30/60) - 2025/01/11 14:25:33 CET [2025/01/11 8:25:33 ET]
Table '3845533382 1' 3-max Seat #2 is the button
Seat 1: Mahu2021 (635 in chips) 
Seat 2: Prettydream89 (865 in chips) 
Prettydream89: posts small blind 30
Mahu2021: posts big blind 60
*** HOLE CARDS ***
Dealt to Mahu2021 [Ah 6c]
Prettydream89: calls 30
Mahu2021: checks 
*** FLOP *** [9h 4s Ks]
Mahu2021: checks 
Prettydream89: checks 
*** TURN *** [9h 4s Ks] [6d]
Mahu2021: checks 
Prettydream89: checks 
*** RIVER *** [9h 4s Ks 6d] [3s]
Mahu2021: checks 
Prettydream89: checks 
*** SHOW DOWN ***
Mahu2021: shows [Ah 6c] (a pair of Sixes)
Prettydream89: mucks hand 
Mahu2021 collected 120 from pot
*** SUMMARY ***
Total pot 120 | Rake 0 
Board [9h 4s Ks 6d 3s]
Seat 1: Mahu2021 (big blind) showed [Ah 6c] and won (120) with a pair of Sixes
Seat 2: Prettydream89 (button) (small blind) mucked [Tc 8s]



PokerStars Hand #254312424344: Tournament #3845533382, $4.60+$0.40 USD Hold'em No Limit - Level IV (30/60) - 2025/01/11 14:25:44 CET [2025/01/11 8:25:44 ET]
Table '3845533382 1' 3-max Seat #1 is the button
Seat 1: Mahu2021 (695 in chips) 
Seat 2: Prettydream89 (805 in chips) 
Mahu2021: posts small blind 30
Prettydream89: posts big blind 60
*** HOLE CARDS ***
Dealt to Mahu2021 [3s 2s]
Mahu2021: calls 30
Prettydream89: checks 
*** FLOP *** [Th 5d 3h]
Prettydream89: checks 
Mahu2021: bets 60
Prettydream89: calls 60
*** TURN *** [Th 5d 3h] [3d]
Prettydream89: checks 
Mahu2021: bets 60
Prettydream89: calls 60
*** RIVER *** [Th 5d 3h 3d] [7d]
Prettydream89: checks 
Mahu2021: bets 120
Prettydream89: raises 120 to 240
Mahu2021: calls 120
*** SHOW DOWN ***
Prettydream89: shows [Jd Kd] (a flush, King high)
Mahu2021: mucks hand 
Prettydream89 collected 840 from pot
*** SUMMARY ***
Total pot 840 | Rake 0 
Board [Th 5d 3h 3d 7d]
Seat 1: Mahu2021 (button) (small blind) mucked [3s 2s]
Seat 2: Prettydream89 (big blind) showed [Jd Kd] and won (840) with a flush, King high



PokerStars Hand #254312428102: Tournament #3845533382, $4.60+$0.40 USD Hold'em No Limit - Level IV (30/60) - 2025/01/11 14:26:04 CET [2025/01/11 8:26:04 ET]
Table '3845533382 1' 3-max Seat #2 is the button
Seat 1: Mahu2021 (275 in chips) 
Seat 2: Prettydream89 (1225 in chips) 
Prettydream89: posts small blind 30
Mahu2021: posts big blind 60
*** HOLE CARDS ***
Dealt to Mahu2021 [3s 6c]
Prettydream89: calls 30
Mahu2021: checks 
*** FLOP *** [3c 4d Qh]
Mahu2021: bets 215 and is all-in
Prettydream89: folds 
Uncalled bet (215) returned to Mahu2021
Mahu2021 collected 120 from pot
Mahu2021: doesn't show hand 
*** SUMMARY ***
Total pot 120 | Rake 0 
Board [3c 4d Qh]
Seat 1: Mahu2021 (big blind) collected (120)
Seat 2: Prettydream89 (button) (small blind) folded on the Flop



PokerStars Hand #254312430258: Tournament #3845533382, $4.60+$0.40 USD Hold'em No Limit - Level IV (30/60) - 2025/01/11 14:26:16 CET [2025/01/11 8:26:16 ET]
Table '3845533382 1' 3-max Seat #1 is the button
Seat 1: Mahu2021 (335 in chips) 
Seat 2: Prettydream89 (1165 in chips) 
Mahu2021: posts small blind 30
Prettydream89: posts big blind 60
*** HOLE CARDS ***
Dealt to Mahu2021 [4h 3h]
Mahu2021: calls 30
Prettydream89: checks 
*** FLOP *** [5c 4c Qc]
Prettydream89: bets 60
Mahu2021: folds 
Uncalled bet (60) returned to Prettydream89
Prettydream89 collected 120 from pot
*** SUMMARY ***
Total pot 120 | Rake 0 
Board [5c 4c Qc]
Seat 1: Mahu2021 (button) (small blind) folded on the Flop
Seat 2: Prettydream89 (big blind) collected (120)



PokerStars Hand #254312432118: Tournament #3845533382, $4.60+$0.40 USD Hold'em No Limit - Level IV (30/60) - 2025/01/11 14:26:25 CET [2025/01/11 8:26:25 ET]
Table '3845533382 1' 3-max Seat #2 is the button
Seat 1: Mahu2021 (275 in chips) 
Seat 2: Prettydream89 (1225 in chips) 
Prettydream89: posts small blind 30
Mahu2021: posts big blind 60
*** HOLE CARDS ***
Dealt to Mahu2021 [Qs Tc]
Prettydream89: calls 30
Mahu2021: checks 
*** FLOP *** [2s 3s 7d]
Mahu2021: checks 
Prettydream89: checks 
*** TURN *** [2s 3s 7d] [Qc]
Mahu2021: bets 60
Prettydream89: raises 60 to 120
Mahu2021: raises 95 to 215 and is all-in
Prettydream89: calls 95
*** RIVER *** [2s 3s 7d Qc] [Kc]
*** SHOW DOWN ***
Mahu2021: shows [Qs Tc] (a pair of Queens)
Prettydream89: shows [Qh 6s] (a pair of Queens - lower kicker)
Mahu2021 collected 550 from pot
*** SUMMARY ***
Total pot 550 | Rake 0 
Board [2s 3s 7d Qc Kc]
Seat 1: Mahu2021 (big blind) showed [Qs Tc] and won (550) with a pair of Queens
Seat 2: Prettydream89 (button) (small blind) showed [Qh 6s] and lost with a pair of Queens



PokerStars Hand #254312434931: Tournament #3845533382, $4.60+$0.40 USD Hold'em No Limit - Level IV (30/60) - 2025/01/11 14:26:40 CET [2025/01/11 8:26:40 ET]
Table '3845533382 1' 3-max Seat #1 is the button
Seat 1: Mahu2021 (550 in chips) 
Seat 2: Prettydream89 (950 in chips) 
Mahu2021: posts small blind 30
Prettydream89: posts big blind 60
*** HOLE CARDS ***
Dealt to Mahu2021 [2c Qs]
Mahu2021: calls 30
Prettydream89: checks 
*** FLOP *** [Jh 3h Ad]
Prettydream89: checks 
Mahu2021: checks 
*** TURN *** [Jh 3h Ad] [5s]
Prettydream89: checks 
Mahu2021: bets 60
Prettydream89: calls 60
*** RIVER *** [Jh 3h Ad 5s] [9h]
Prettydream89: checks 
Mahu2021: checks 
*** SHOW DOWN ***
Prettydream89: shows [Qc 2s] (high card Ace)
Mahu2021: shows [2c Qs] (high card Ace)
Prettydream89 collected 120 from pot
Mahu2021 collected 120 from pot
*** SUMMARY ***
Total pot 240 | Rake 0 
Board [Jh 3h Ad 5s 9h]
Seat 1: Mahu2021 (button) (small blind) showed [2c Qs] and won (120) with high card Ace
Seat 2: Prettydream89 (big blind) showed [Qc 2s] and won (120) with high card Ace



PokerStars Hand #254312437795: Tournament #3845533382, $4.60+$0.40 USD Hold'em No Limit - Level IV (30/60) - 2025/01/11 14:26:55 CET [2025/01/11 8:26:55 ET]
Table '3845533382 1' 3-max Seat #2 is the button
Seat 1: Mahu2021 (550 in chips) 
Seat 2: Prettydream89 (950 in chips) 
Prettydream89: posts small blind 30
Mahu2021: posts big blind 60
*** HOLE CARDS ***
Dealt to Mahu2021 [8s 9c]
Prettydream89: calls 30
Mahu2021: checks 
*** FLOP *** [5c Tc 2c]
Mahu2021: checks 
Prettydream89: checks 
*** TURN *** [5c Tc 2c] [Qd]
Mahu2021: checks 
Prettydream89: checks 
*** RIVER *** [5c Tc 2c Qd] [Ah]
Mahu2021: checks 
Prettydream89: checks 
*** SHOW DOWN ***
Mahu2021: shows [8s 9c] (high card Ace)
Prettydream89: shows [2d 8d] (a pair of Deuces)
Prettydream89 collected 120 from pot
*** SUMMARY ***
Total pot 120 | Rake 0 
Board [5c Tc 2c Qd Ah]
Seat 1: Mahu2021 (big blind) showed [8s 9c] and lost with high card Ace
Seat 2: Prettydream89 (button) (small blind) showed [2d 8d] and won (120) with a pair of Deuces



PokerStars Hand #254312440045: Tournament #3845533382, $4.60+$0.40 USD Hold'em No Limit - Level IV (30/60) - 2025/01/11 14:27:07 CET [2025/01/11 8:27:07 ET]
Table '3845533382 1' 3-max Seat #1 is the button
Seat 1: Mahu2021 (490 in chips) 
Seat 2: Prettydream89 (1010 in chips) 
Mahu2021: posts small blind 30
Prettydream89: posts big blind 60
*** HOLE CARDS ***
Dealt to Mahu2021 [Qd As]
Mahu2021: raises 430 to 490 and is all-in
Prettydream89: folds 
Uncalled bet (430) returned to Mahu2021
Mahu2021 collected 120 from pot
Mahu2021: doesn't show hand 
*** SUMMARY ***
Total pot 120 | Rake 0 
Seat 1: Mahu2021 (button) (small blind) collected (120)
Seat 2: Prettydream89 (big blind) folded before Flop



PokerStars Hand #254312443215: Tournament #3845533382, $4.60+$0.40 USD Hold'em No Limit - Level V (40/80) - 2025/01/11 14:27:24 CET [2025/01/11 8:27:24 ET]
Table '3845533382 1' 3-max Seat #2 is the button
Seat 1: Mahu2021 (550 in chips) 
Seat 2: Prettydream89 (950 in chips) 
Prettydream89: posts small blind 40
Mahu2021: posts big blind 80
*** HOLE CARDS ***
Dealt to Mahu2021 [3d 7d]
Prettydream89: calls 40
Mahu2021: checks 
*** FLOP *** [8h Js 7s]
Mahu2021: checks 
Prettydream89: bets 80
Mahu2021: folds 
Uncalled bet (80) returned to Prettydream89
Prettydream89 collected 160 from pot
*** SUMMARY ***
Total pot 160 | Rake 0 
Board [8h Js 7s]
Seat 1: Mahu2021 (big blind) folded on the Flop
Seat 2: Prettydream89 (button) (small blind) collected (160)



PokerStars Hand #254312445061: Tournament #3845533382, $4.60+$0.40 USD Hold'em No Limit - Level V (40/80) - 2025/01/11 14:27:33 CET [2025/01/11 8:27:33 ET]
Table '3845533382 1' 3-max Seat #1 is the button
Seat 1: Mahu2021 (470 in chips) 
Seat 2: Prettydream89 (1030 in chips) 
Mahu2021: posts small blind 40
Prettydream89: posts big blind 80
*** HOLE CARDS ***
Dealt to Mahu2021 [8c Td]
Mahu2021: calls 40
Prettydream89: checks 
*** FLOP *** [Jc Kd 4s]
Prettydream89: checks 
Mahu2021: checks 
*** TURN *** [Jc Kd 4s] [4h]
Prettydream89: bets 80
Mahu2021: folds 
Uncalled bet (80) returned to Prettydream89
Prettydream89 collected 160 from pot
*** SUMMARY ***
Total pot 160 | Rake 0 
Board [Jc Kd 4s 4h]
Seat 1: Mahu2021 (button) (small blind) folded on the Turn
Seat 2: Prettydream89 (big blind) collected (160)



PokerStars Hand #254312447257: Tournament #3845533382, $4.60+$0.40 USD Hold'em No Limit - Level V (40/80) - 2025/01/11 14:27:45 CET [2025/01/11 8:27:45 ET]
Table '3845533382 1' 3-max Seat #2 is the button
Seat 1: Mahu2021 (390 in chips) 
Seat 2: Prettydream89 (1110 in chips) 
Prettydream89: posts small blind 40
Mahu2021: posts big blind 80
*** HOLE CARDS ***
Dealt to Mahu2021 [5c 2s]
Prettydream89: calls 40
Mahu2021: checks 
*** FLOP *** [5d Tc 2c]
Mahu2021: checks 
Prettydream89: checks 
*** TURN *** [5d Tc 2c] [Qs]
Mahu2021: checks 
Prettydream89: bets 80
Mahu2021: raises 230 to 310 and is all-in
Prettydream89: calls 230
*** RIVER *** [5d Tc 2c Qs] [Kc]
*** SHOW DOWN ***
Mahu2021: shows [5c 2s] (two pair, Fives and Deuces)
Prettydream89: shows [Qh 3d] (a pair of Queens)
Mahu2021 collected 780 from pot
*** SUMMARY ***
Total pot 780 | Rake 0 
Board [5d Tc 2c Qs Kc]
Seat 1: Mahu2021 (big blind) showed [5c 2s] and won (780) with two pair, Fives and Deuces
Seat 2: Prettydream89 (button) (small blind) showed [Qh 3d] and lost with a pair of Queens



PokerStars Hand #254312450157: Tournament #3845533382, $4.60+$0.40 USD Hold'em No Limit - Level V (40/80) - 2025/01/11 14:28:00 CET [2025/01/11 8:28:00 ET]
Table '3845533382 1' 3-max Seat #1 is the button
Seat 1: Mahu2021 (780 in chips) 
Seat 2: Prettydream89 (720 in chips) 
Mahu2021: posts small blind 40
Prettydream89: posts big blind 80
*** HOLE CARDS ***
Dealt to Mahu2021 [5s 9h]
Mahu2021: calls 40
Prettydream89: raises 80 to 160
Mahu2021: folds 
Uncalled bet (80) returned to Prettydream89
Prettydream89 collected 160 from pot
*** SUMMARY ***
Total pot 160 | Rake 0 
Seat 1: Mahu2021 (button) (small blind) folded before Flop
Seat 2: Prettydream89 (big blind) collected (160)



PokerStars Hand #254312451854: Tournament #3845533382, $4.60+$0.40 USD Hold'em No Limit - Level V (40/80) - 2025/01/11 14:28:09 CET [2025/01/11 8:28:09 ET]
Table '3845533382 1' 3-max Seat #2 is the button
Seat 1: Mahu2021 (700 in chips) 
Seat 2: Prettydream89 (800 in chips) 
Prettydream89: posts small blind 40
Mahu2021: posts big blind 80
*** HOLE CARDS ***
Dealt to Mahu2021 [9c Js]
Prettydream89: calls 40
Mahu2021: checks 
*** FLOP *** [4h 5s 6h]
Mahu2021: checks 
Prettydream89: checks 
*** TURN *** [4h 5s 6h] [8d]
Mahu2021: checks 
Prettydream89: bets 240
Mahu2021: folds 
Uncalled bet (240) returned to Prettydream89
Prettydream89 collected 160 from pot
*** SUMMARY ***
Total pot 160 | Rake 0 
Board [4h 5s 6h 8d]
Seat 1: Mahu2021 (big blind) folded on the Turn
Seat 2: Prettydream89 (button) (small blind) collected (160)



PokerStars Hand #254312454209: Tournament #3845533382, $4.60+$0.40 USD Hold'em No Limit - Level V (40/80) - 2025/01/11 14:28:21 CET [2025/01/11 8:28:21 ET]
Table '3845533382 1' 3-max Seat #1 is the button
Seat 1: Mahu2021 (620 in chips) 
Seat 2: Prettydream89 (880 in chips) 
Mahu2021: posts small blind 40
Prettydream89: posts big blind 80
*** HOLE CARDS ***
Dealt to Mahu2021 [2s Kc]
Mahu2021: calls 40
Prettydream89: raises 80 to 160
Mahu2021: calls 80
*** FLOP *** [4d 3d Ts]
Prettydream89: bets 720 and is all-in
Mahu2021: folds 
Uncalled bet (720) returned to Prettydream89
Prettydream89 collected 320 from pot
*** SUMMARY ***
Total pot 320 | Rake 0 
Board [4d 3d Ts]
Seat 1: Mahu2021 (button) (small blind) folded on the Flop
Seat 2: Prettydream89 (big blind) collected (320)



PokerStars Hand #254312456291: Tournament #3845533382, $4.60+$0.40 USD Hold'em No Limit - Level V (40/80) - 2025/01/11 14:28:33 CET [2025/01/11 8:28:33 ET]
Table '3845533382 1' 3-max Seat #2 is the button
Seat 1: Mahu2021 (460 in chips) 
Seat 2: Prettydream89 (1040 in chips) 
Prettydream89: posts small blind 40
Mahu2021: posts big blind 80
*** HOLE CARDS ***
Dealt to Mahu2021 [Js Qs]
Prettydream89: calls 40
Mahu2021: raises 380 to 460 and is all-in
Prettydream89: folds 
Uncalled bet (380) returned to Mahu2021
Mahu2021 collected 160 from pot
Mahu2021: doesn't show hand 
*** SUMMARY ***
Total pot 160 | Rake 0 
Seat 1: Mahu2021 (big blind) collected (160)
Seat 2: Prettydream89 (button) (small blind) folded before Flop



PokerStars Hand #254312457552: Tournament #3845533382, $4.60+$0.40 USD Hold'em No Limit - Level V (40/80) - 2025/01/11 14:28:39 CET [2025/01/11 8:28:39 ET]
Table '3845533382 1' 3-max Seat #1 is the button
Seat 1: Mahu2021 (540 in chips) 
Seat 2: Prettydream89 (960 in chips) 
Mahu2021: posts small blind 40
Prettydream89: posts big blind 80
*** HOLE CARDS ***
Dealt to Mahu2021 [7d Th]
Mahu2021: calls 40
Prettydream89: checks 
*** FLOP *** [3c 6s 2h]
Prettydream89: bets 80
Mahu2021: folds 
Uncalled bet (80) returned to Prettydream89
Prettydream89 collected 160 from pot
*** SUMMARY ***
Total pot 160 | Rake 0 
Board [3c 6s 2h]
Seat 1: Mahu2021 (button) (small blind) folded on the Flop
Seat 2: Prettydream89 (big blind) collected (160)



PokerStars Hand #254312459201: Tournament #3845533382, $4.60+$0.40 USD Hold'em No Limit - Level V (40/80) - 2025/01/11 14:28:48 CET [2025/01/11 8:28:48 ET]
Table '3845533382 1' 3-max Seat #2 is the button
Seat 1: Mahu2021 (460 in chips) 
Seat 2: Prettydream89 (1040 in chips) 
Prettydream89: posts small blind 40
Mahu2021: posts big blind 80
*** HOLE CARDS ***
Dealt to Mahu2021 [Tc 9s]
Prettydream89: raises 960 to 1040 and is all-in
Mahu2021: folds 
Uncalled bet (960) returned to Prettydream89
Prettydream89 collected 160 from pot
*** SUMMARY ***
Total pot 160 | Rake 0 
Seat 1: Mahu2021 (big blind) folded before Flop
Seat 2: Prettydream89 (button) (small blind) collected (160)



PokerStars Hand #254312460328: Tournament #3845533382, $4.60+$0.40 USD Hold'em No Limit - Level V (40/80) - 2025/01/11 14:28:54 CET [2025/01/11 8:28:54 ET]
Table '3845533382 1' 3-max Seat #1 is the button
Seat 1: Mahu2021 (380 in chips) 
Seat 2: Prettydream89 (1120 in chips) 
Mahu2021: posts small blind 40
Prettydream89: posts big blind 80
*** HOLE CARDS ***
Dealt to Mahu2021 [7s 6h]
Mahu2021: calls 40
Prettydream89: raises 80 to 160
Mahu2021: calls 80
*** FLOP *** [6c 5d 4h]
Prettydream89: bets 960 and is all-in
Mahu2021: calls 220 and is all-in
Uncalled bet (740) returned to Prettydream89
*** TURN *** [6c 5d 4h] [2c]
*** RIVER *** [6c 5d 4h 2c] [Th]
*** SHOW DOWN ***
Prettydream89: shows [Ad 6s] (a pair of Sixes)
Mahu2021: shows [7s 6h] (a pair of Sixes - lower kicker)
Prettydream89 collected 760 from pot
Mahu2021 finished the tournament in 2nd place
Prettydream89 wins the tournament and receives $10.00 - congratulations!
*** SUMMARY ***
Total pot 760 | Rake 0 
Board [6c 5d 4h 2c Th]
Seat 1: Mahu2021 (button) (small blind) showed [7s 6h] and lost with a pair of Sixes
Seat 2: Prettydream89 (big blind) showed [Ad 6s] and won (760) with a pair of Sixes



