PokerStars Hand #250178931730: Tournament #3747140761, $1.84+$0.16 USD Hold'em No Limit - Level I (10/20) - 2024/04/26 16:38:44 CET [2024/04/26 10:38:44 ET]
Table '3747140761 1' 3-max Seat #1 is the button
Seat 1: SDS.-314 (500 in chips) 
Seat 2: Mahu2021 (500 in chips) 
Seat 3: k0zo12 (500 in chips) 
Mahu2021: posts small blind 10
k0zo12: posts big blind 20
*** HOLE CARDS ***
Dealt to Mahu2021 [4d 5c]
SDS.-314: folds 
Mahu2021: calls 10
k0zo12: raises 20 to 40
Mahu2021: calls 20
*** FLOP *** [3h 4h Qs]
Mahu2021: checks 
k0zo12: checks 
*** TURN *** [3h 4h Qs] [Th]
Mahu2021: checks 
k0zo12: checks 
*** RIVER *** [3h 4h Qs Th] [7d]
Mahu2021: checks 
k0zo12: checks 
*** SHOW DOWN ***
Mahu2021: shows [4d 5c] (a pair of Fours)
k0zo12: mucks hand 
Mahu2021 collected 80 from pot
*** SUMMARY ***
Total pot 80 | Rake 0 
Board [3h 4h Qs Th 7d]
Seat 1: SDS.-314 (button) folded before Flop (didn't bet)
Seat 2: Mahu2021 (small blind) showed [4d 5c] and won (80) with a pair of Fours
Seat 3: k0zo12 (big blind) mucked [Kd 9h]



PokerStars Hand #250178935375: Tournament #3747140761, $1.84+$0.16 USD Hold'em No Limit - Level I (10/20) - 2024/04/26 16:39:00 CET [2024/04/26 10:39:00 ET]
Table '3747140761 1' 3-max Seat #2 is the button
Seat 1: SDS.-314 (500 in chips) 
Seat 2: Mahu2021 (540 in chips) 
Seat 3: k0zo12 (460 in chips) 
k0zo12: posts small blind 10
SDS.-314: posts big blind 20
*** HOLE CARDS ***
Dealt to Mahu2021 [Th Ac]
Mahu2021: calls 20
k0zo12: calls 10
SDS.-314: checks 
*** FLOP *** [Qs 8h Jc]
k0zo12: checks 
SDS.-314: checks 
Mahu2021: bets 60
k0zo12: folds 
SDS.-314: folds 
Uncalled bet (60) returned to Mahu2021
Mahu2021 collected 60 from pot
Mahu2021: doesn't show hand 
*** SUMMARY ***
Total pot 60 | Rake 0 
Board [Qs 8h Jc]
Seat 1: SDS.-314 (big blind) folded on the Flop
Seat 2: Mahu2021 (button) collected (60)
Seat 3: k0zo12 (small blind) folded on the Flop



PokerStars Hand #250178939133: Tournament #3747140761, $1.84+$0.16 USD Hold'em No Limit - Level I (10/20) - 2024/04/26 16:39:17 CET [2024/04/26 10:39:17 ET]
Table '3747140761 1' 3-max Seat #3 is the button
Seat 1: SDS.-314 (480 in chips) 
Seat 2: Mahu2021 (580 in chips) 
Seat 3: k0zo12 (440 in chips) 
SDS.-314: posts small blind 10
Mahu2021: posts big blind 20
*** HOLE CARDS ***
Dealt to Mahu2021 [3s Kh]
k0zo12: calls 20
SDS.-314: folds 
Mahu2021: checks 
*** FLOP *** [3h Ks Ad]
Mahu2021: checks 
k0zo12: checks 
*** TURN *** [3h Ks Ad] [9s]
Mahu2021: checks 
k0zo12: checks 
*** RIVER *** [3h Ks Ad 9s] [8s]
Mahu2021: bets 50
k0zo12: folds 
Uncalled bet (50) returned to Mahu2021
Mahu2021 collected 50 from pot
Mahu2021: doesn't show hand 
*** SUMMARY ***
Total pot 50 | Rake 0 
Board [3h Ks Ad 9s 8s]
Seat 1: SDS.-314 (small blind) folded before Flop
Seat 2: Mahu2021 (big blind) collected (50)
Seat 3: k0zo12 (button) folded on the River



PokerStars Hand #250178943064: Tournament #3747140761, $1.84+$0.16 USD Hold'em No Limit - Level I (10/20) - 2024/04/26 16:39:35 CET [2024/04/26 10:39:35 ET]
Table '3747140761 1' 3-max Seat #1 is the button
Seat 1: SDS.-314 (470 in chips) 
Seat 2: Mahu2021 (610 in chips) 
Seat 3: k0zo12 (420 in chips) 
Mahu2021: posts small blind 10
k0zo12: posts big blind 20
*** HOLE CARDS ***
Dealt to Mahu2021 [Td 2c]
SDS.-314: raises 20 to 40
Mahu2021: folds 
k0zo12: calls 20
*** FLOP *** [Ts Ah 4d]
k0zo12: checks 
SDS.-314: bets 20
k0zo12: folds 
Uncalled bet (20) returned to SDS.-314
SDS.-314 collected 90 from pot
SDS.-314: doesn't show hand 
*** SUMMARY ***
Total pot 90 | Rake 0 
Board [Ts Ah 4d]
Seat 1: SDS.-314 (button) collected (90)
Seat 2: Mahu2021 (small blind) folded before Flop
Seat 3: k0zo12 (big blind) folded on the Flop



PokerStars Hand #250178946725: Tournament #3747140761, $1.84+$0.16 USD Hold'em No Limit - Level I (10/20) - 2024/04/26 16:39:51 CET [2024/04/26 10:39:51 ET]
Table '3747140761 1' 3-max Seat #2 is the button
Seat 1: SDS.-314 (520 in chips) 
Seat 2: Mahu2021 (600 in chips) 
Seat 3: k0zo12 (380 in chips) 
k0zo12: posts small blind 10
SDS.-314: posts big blind 20
*** HOLE CARDS ***
Dealt to Mahu2021 [Qd 9s]
Mahu2021: calls 20
k0zo12: calls 10
SDS.-314: checks 
*** FLOP *** [Jh 6h Qh]
k0zo12: checks 
SDS.-314: bets 40
Mahu2021: calls 40
k0zo12: calls 40
*** TURN *** [Jh 6h Qh] [7s]
k0zo12: checks 
SDS.-314: checks 
Mahu2021: checks 
*** RIVER *** [Jh 6h Qh 7s] [Ah]
k0zo12: checks 
SDS.-314: bets 20
Mahu2021: folds 
k0zo12: folds 
Uncalled bet (20) returned to SDS.-314
SDS.-314 collected 180 from pot
SDS.-314: doesn't show hand 
*** SUMMARY ***
Total pot 180 | Rake 0 
Board [Jh 6h Qh 7s Ah]
Seat 1: SDS.-314 (big blind) collected (180)
Seat 2: Mahu2021 (button) folded on the River
Seat 3: k0zo12 (small blind) folded on the River



PokerStars Hand #250178954319: Tournament #3747140761, $1.84+$0.16 USD Hold'em No Limit - Level I (10/20) - 2024/04/26 16:40:25 CET [2024/04/26 10:40:25 ET]
Table '3747140761 1' 3-max Seat #3 is the button
Seat 1: SDS.-314 (640 in chips) 
Seat 2: Mahu2021 (540 in chips) 
Seat 3: k0zo12 (320 in chips) 
SDS.-314: posts small blind 10
Mahu2021: posts big blind 20
*** HOLE CARDS ***
Dealt to Mahu2021 [3s 2h]
k0zo12: calls 20
SDS.-314: calls 10
Mahu2021: checks 
*** FLOP *** [5c 6h 9h]
SDS.-314: checks 
Mahu2021: checks 
k0zo12: checks 
*** TURN *** [5c 6h 9h] [6c]
SDS.-314: checks 
Mahu2021: checks 
k0zo12: checks 
*** RIVER *** [5c 6h 9h 6c] [3d]
SDS.-314: checks 
Mahu2021: bets 40
k0zo12: folds 
SDS.-314: folds 
Uncalled bet (40) returned to Mahu2021
Mahu2021 collected 60 from pot
Mahu2021: doesn't show hand 
*** SUMMARY ***
Total pot 60 | Rake 0 
Board [5c 6h 9h 6c 3d]
Seat 1: SDS.-314 (small blind) folded on the River
Seat 2: Mahu2021 (big blind) collected (60)
Seat 3: k0zo12 (button) folded on the River



PokerStars Hand #250178961307: Tournament #3747140761, $1.84+$0.16 USD Hold'em No Limit - Level I (10/20) - 2024/04/26 16:40:57 CET [2024/04/26 10:40:57 ET]
Table '3747140761 1' 3-max Seat #1 is the button
Seat 1: SDS.-314 (620 in chips) 
Seat 2: Mahu2021 (580 in chips) 
Seat 3: k0zo12 (300 in chips) 
Mahu2021: posts small blind 10
k0zo12: posts big blind 20
*** HOLE CARDS ***
Dealt to Mahu2021 [8c Kd]
SDS.-314: folds 
Mahu2021: calls 10
k0zo12: checks 
*** FLOP *** [8d Jd 9h]
Mahu2021: checks 
k0zo12: bets 20
Mahu2021: calls 20
*** TURN *** [8d Jd 9h] [2s]
Mahu2021: checks 
k0zo12: bets 20
Mahu2021: calls 20
*** RIVER *** [8d Jd 9h 2s] [Qd]
Mahu2021: checks 
k0zo12: bets 40
Mahu2021: calls 40
*** SHOW DOWN ***
k0zo12: shows [8h Tc] (a straight, Eight to Queen)
Mahu2021: mucks hand 
k0zo12 collected 200 from pot
*** SUMMARY ***
Total pot 200 | Rake 0 
Board [8d Jd 9h 2s Qd]
Seat 1: SDS.-314 (button) folded before Flop (didn't bet)
Seat 2: Mahu2021 (small blind) mucked [8c Kd]
Seat 3: k0zo12 (big blind) showed [8h Tc] and won (200) with a straight, Eight to Queen



PokerStars Hand #250178966425: Tournament #3747140761, $1.84+$0.16 USD Hold'em No Limit - Level I (10/20) - 2024/04/26 16:41:20 CET [2024/04/26 10:41:20 ET]
Table '3747140761 1' 3-max Seat #2 is the button
Seat 1: SDS.-314 (620 in chips) 
Seat 2: Mahu2021 (480 in chips) 
Seat 3: k0zo12 (400 in chips) 
k0zo12: posts small blind 10
SDS.-314: posts big blind 20
*** HOLE CARDS ***
Dealt to Mahu2021 [Ks 4d]
Mahu2021: calls 20
k0zo12: calls 10
SDS.-314: checks 
*** FLOP *** [3s Tc Js]
k0zo12: checks 
SDS.-314: checks 
Mahu2021: checks 
*** TURN *** [3s Tc Js] [7h]
k0zo12: checks 
SDS.-314: checks 
Mahu2021: checks 
*** RIVER *** [3s Tc Js 7h] [8h]
k0zo12: checks 
SDS.-314: bets 60
Mahu2021: folds 
k0zo12: folds 
Uncalled bet (60) returned to SDS.-314
SDS.-314 collected 60 from pot
SDS.-314: doesn't show hand 
*** SUMMARY ***
Total pot 60 | Rake 0 
Board [3s Tc Js 7h 8h]
Seat 1: SDS.-314 (big blind) collected (60)
Seat 2: Mahu2021 (button) folded on the River
Seat 3: k0zo12 (small blind) folded on the River



PokerStars Hand #250178974483: Tournament #3747140761, $1.84+$0.16 USD Hold'em No Limit - Level II (15/30) - 2024/04/26 16:41:57 CET [2024/04/26 10:41:57 ET]
Table '3747140761 1' 3-max Seat #3 is the button
Seat 1: SDS.-314 (660 in chips) 
Seat 2: Mahu2021 (460 in chips) 
Seat 3: k0zo12 (380 in chips) 
SDS.-314: posts small blind 15
Mahu2021: posts big blind 30
*** HOLE CARDS ***
Dealt to Mahu2021 [As 5c]
k0zo12: calls 30
SDS.-314: calls 15
Mahu2021: checks 
*** FLOP *** [Kh 4c 6s]
SDS.-314: checks 
Mahu2021: checks 
k0zo12: checks 
*** TURN *** [Kh 4c 6s] [Jh]
SDS.-314: checks 
Mahu2021: checks 
k0zo12: checks 
*** RIVER *** [Kh 4c 6s Jh] [Kc]
SDS.-314: checks 
Mahu2021: checks 
k0zo12: bets 30
SDS.-314: folds 
Mahu2021: calls 30
*** SHOW DOWN ***
k0zo12: shows [6d Ad] (two pair, Kings and Sixes)
Mahu2021: mucks hand 
k0zo12 collected 150 from pot
*** SUMMARY ***
Total pot 150 | Rake 0 
Board [Kh 4c 6s Jh Kc]
Seat 1: SDS.-314 (small blind) folded on the River
Seat 2: Mahu2021 (big blind) mucked [As 5c]
Seat 3: k0zo12 (button) showed [6d Ad] and won (150) with two pair, Kings and Sixes



PokerStars Hand #250178981892: Tournament #3747140761, $1.84+$0.16 USD Hold'em No Limit - Level II (15/30) - 2024/04/26 16:42:30 CET [2024/04/26 10:42:30 ET]
Table '3747140761 1' 3-max Seat #1 is the button
Seat 1: SDS.-314 (630 in chips) 
Seat 2: Mahu2021 (400 in chips) 
Seat 3: k0zo12 (470 in chips) 
Mahu2021: posts small blind 15
k0zo12: posts big blind 30
*** HOLE CARDS ***
Dealt to Mahu2021 [3c 4c]
SDS.-314: raises 30 to 60
Mahu2021: calls 45
k0zo12: calls 30
*** FLOP *** [4s 2h Kc]
Mahu2021: checks 
k0zo12: checks 
SDS.-314: bets 60
Mahu2021: calls 60
k0zo12: folds 
*** TURN *** [4s 2h Kc] [Js]
Mahu2021: checks 
SDS.-314: bets 150
Mahu2021: folds 
Uncalled bet (150) returned to SDS.-314
SDS.-314 collected 300 from pot
SDS.-314: doesn't show hand 
*** SUMMARY ***
Total pot 300 | Rake 0 
Board [4s 2h Kc Js]
Seat 1: SDS.-314 (button) collected (300)
Seat 2: Mahu2021 (small blind) folded on the Turn
Seat 3: k0zo12 (big blind) folded on the Flop



PokerStars Hand #250178988348: Tournament #3747140761, $1.84+$0.16 USD Hold'em No Limit - Level II (15/30) - 2024/04/26 16:42:59 CET [2024/04/26 10:42:59 ET]
Table '3747140761 1' 3-max Seat #2 is the button
Seat 1: SDS.-314 (810 in chips) 
Seat 2: Mahu2021 (280 in chips) 
Seat 3: k0zo12 (410 in chips) 
k0zo12: posts small blind 15
SDS.-314: posts big blind 30
*** HOLE CARDS ***
Dealt to Mahu2021 [Ah Th]
Mahu2021: raises 30 to 60
k0zo12: calls 45
SDS.-314: raises 750 to 810 and is all-in
Mahu2021: calls 220 and is all-in
k0zo12: folds 
Uncalled bet (530) returned to SDS.-314
*** FLOP *** [8s 4h Js]
*** TURN *** [8s 4h Js] [Ad]
*** RIVER *** [8s 4h Js Ad] [9s]
*** SHOW DOWN ***
SDS.-314: shows [Td As] (a pair of Aces)
Mahu2021: shows [Ah Th] (a pair of Aces)
SDS.-314 collected 310 from pot
Mahu2021 collected 310 from pot
*** SUMMARY ***
Total pot 620 | Rake 0 
Board [8s 4h Js Ad 9s]
Seat 1: SDS.-314 (big blind) showed [Td As] and won (310) with a pair of Aces
Seat 2: Mahu2021 (button) showed [Ah Th] and won (310) with a pair of Aces
Seat 3: k0zo12 (small blind) folded before Flop



PokerStars Hand #250178992087: Tournament #3747140761, $1.84+$0.16 USD Hold'em No Limit - Level II (15/30) - 2024/04/26 16:43:15 CET [2024/04/26 10:43:15 ET]
Table '3747140761 1' 3-max Seat #3 is the button
Seat 1: SDS.-314 (840 in chips) 
Seat 2: Mahu2021 (310 in chips) 
Seat 3: k0zo12 (350 in chips) 
SDS.-314: posts small blind 15
Mahu2021: posts big blind 30
*** HOLE CARDS ***
Dealt to Mahu2021 [9d Ah]
k0zo12: calls 30
SDS.-314: calls 15
Mahu2021: checks 
*** FLOP *** [2s Qs Ac]
SDS.-314: checks 
Mahu2021: bets 90
k0zo12: calls 90
SDS.-314: folds 
*** TURN *** [2s Qs Ac] [Th]
Mahu2021: bets 190 and is all-in
k0zo12: calls 190
*** RIVER *** [2s Qs Ac Th] [5c]
*** SHOW DOWN ***
Mahu2021: shows [9d Ah] (a pair of Aces)
k0zo12: shows [As Qc] (two pair, Aces and Queens)
k0zo12 collected 650 from pot
Mahu2021 finished the tournament in 3rd place
*** SUMMARY ***
Total pot 650 | Rake 0 
Board [2s Qs Ac Th 5c]
Seat 1: SDS.-314 (small blind) folded on the Flop
Seat 2: Mahu2021 (big blind) showed [9d Ah] and lost with a pair of Aces
Seat 3: k0zo12 (button) showed [As Qc] and won (650) with two pair, Aces and Queens



