PokerStars Zoom Hand #254171481096:  Hold'em No Limit ($0.05/$0.10) - 2025/01/03 16:01:34 CET [2025/01/03 10:01:34 ET]
Table 'Aludra' 6-max Seat #1 is the button
Seat 1: sonyks2007 ($9.89 in chips) 
Seat 2: Mahu2021 ($9.90 in chips) 
Seat 3: foili ($10 in chips) 
Seat 4: bartez29 ($12.10 in chips) 
Seat 5: NexNeCom ($23.94 in chips) 
Seat 6: Nelliey ($8.82 in chips) 
Mahu2021: posts small blind $0.05
foili: posts big blind $0.10
*** HOLE CARDS ***
Dealt to Mahu2021 [2s 9s]
bartez29: folds 
NexNeCom: folds 
Nelliey: folds 
sonyks2007: folds 
Mahu2021: folds 
Uncalled bet ($0.05) returned to foili
foili collected $0.10 from pot
foili: doesn't show hand 
*** SUMMARY ***
Total pot $0.10 | Rake $0 
Seat 1: sonyks2007 (button) folded before Flop (didn't bet)
Seat 2: Mahu2021 (small blind) folded before Flop
Seat 3: foili (big blind) collected ($0.10)
Seat 4: bartez29 folded before Flop (didn't bet)
Seat 5: NexNeCom folded before Flop (didn't bet)
Seat 6: Nelliey folded before Flop (didn't bet)



PokerStars Zoom Hand #254171478354:  Hold'em No Limit ($0.05/$0.10) - 2025/01/03 16:01:22 CET [2025/01/03 10:01:22 ET]
Table 'Aludra' 6-max Seat #1 is the button
Seat 1: Nahrven ($10.58 in chips) 
Seat 2: mdna1608 ($7.99 in chips) 
Seat 3: Mahu2021 ($10 in chips) 
Seat 4: sonyks2007 ($9.85 in chips) 
Seat 5: Contr@Reloj ($21.32 in chips) 
Seat 6: MasterVBM ($4.88 in chips) 
mdna1608: posts small blind $0.05
Mahu2021: posts big blind $0.10
*** HOLE CARDS ***
Dealt to Mahu2021 [3h 4c]
sonyks2007: raises $0.20 to $0.30
Contr@Reloj: folds 
MasterVBM: folds 
Nahrven: calls $0.30
mdna1608: folds 
Mahu2021: folds 
*** FLOP *** [Ks 7c Qh]
sonyks2007: checks 
Nahrven: checks 
*** TURN *** [Ks 7c Qh] [7h]
sonyks2007: checks 
Nahrven: checks 
*** RIVER *** [Ks 7c Qh 7h] [Jd]
sonyks2007: checks 
Nahrven: checks 
*** SHOW DOWN ***
sonyks2007: shows [Td Tc] (two pair, Tens and Sevens)
Nahrven: mucks hand 
sonyks2007 collected $0.72 from pot
*** SUMMARY ***
Total pot $0.75 | Rake $0.03 
Board [Ks 7c Qh 7h Jd]
Seat 1: Nahrven (button) mucked [9h 9c]
Seat 2: mdna1608 (small blind) folded before Flop
Seat 3: Mahu2021 (big blind) folded before Flop
Seat 4: sonyks2007 showed [Td Tc] and won ($0.72) with two pair, Tens and Sevens
Seat 5: Contr@Reloj folded before Flop (didn't bet)
Seat 6: MasterVBM folded before Flop (didn't bet)



PokerStars Zoom Hand #254171480058:  Hold'em No Limit ($0.05/$0.10) - 2025/01/03 16:01:30 CET [2025/01/03 10:01:30 ET]
Table 'Aludra' 6-max Seat #1 is the button
Seat 1: mdna1608 ($7.94 in chips) 
Seat 2: BorisNuts ($12.96 in chips) 
Seat 3: Mc4Bet ($43.81 in chips) 
Seat 4: pokking876 ($8.49 in chips) 
Seat 5: yoshi0619 ($18.56 in chips) 
Seat 6: Mahu2021 ($9.90 in chips) 
BorisNuts: posts small blind $0.05
Mc4Bet: posts big blind $0.10
*** HOLE CARDS ***
Dealt to Mahu2021 [Kc 6h]
pokking876: folds 
yoshi0619: folds 
Mahu2021: folds 
mdna1608: folds 
BorisNuts: folds 
Uncalled bet ($0.05) returned to Mc4Bet
Mc4Bet collected $0.10 from pot
Mc4Bet: doesn't show hand 
*** SUMMARY ***
Total pot $0.10 | Rake $0 
Seat 1: mdna1608 (button) folded before Flop (didn't bet)
Seat 2: BorisNuts (small blind) folded before Flop
Seat 3: Mc4Bet (big blind) collected ($0.10)
Seat 4: pokking876 folded before Flop (didn't bet)
Seat 5: yoshi0619 folded before Flop (didn't bet)
Seat 6: Mahu2021 folded before Flop (didn't bet)



PokerStars Zoom Hand #254171482196:  Hold'em No Limit ($0.05/$0.10) - 2025/01/03 16:01:40 CET [2025/01/03 10:01:40 ET]
Table 'Aludra' 6-max Seat #1 is the button
Seat 1: Mahu2021 ($9.85 in chips) 
Seat 2: VitorArj ($10.14 in chips) 
Seat 3: PhoenixPoint ($10 in chips) 
Seat 4: Contr@Reloj ($14.07 in chips) 
Seat 5: pokking876 ($15.50 in chips) 
Seat 6: Danny Yar ($1.14 in chips) 
VitorArj: posts small blind $0.05
PhoenixPoint: posts big blind $0.10
*** HOLE CARDS ***
Dealt to Mahu2021 [Qh 4d]
Contr@Reloj: folds 
pokking876 has timed out
pokking876: folds 
Danny Yar: folds 
Mahu2021: folds 
VitorArj: raises $0.20 to $0.30
PhoenixPoint: folds 
Uncalled bet ($0.20) returned to VitorArj
VitorArj collected $0.20 from pot
VitorArj: doesn't show hand 
*** SUMMARY ***
Total pot $0.20 | Rake $0 
Seat 1: Mahu2021 (button) folded before Flop (didn't bet)
Seat 2: VitorArj (small blind) collected ($0.20)
Seat 3: PhoenixPoint (big blind) folded before Flop
Seat 4: Contr@Reloj folded before Flop (didn't bet)
Seat 5: pokking876 folded before Flop (didn't bet)
Seat 6: Danny Yar folded before Flop (didn't bet)



PokerStars Zoom Hand #254171482993:  Hold'em No Limit ($0.05/$0.10) - 2025/01/03 16:01:44 CET [2025/01/03 10:01:44 ET]
Table 'Aludra' 6-max Seat #1 is the button
Seat 1: ckayt888 ($12.17 in chips) 
Seat 2: MickyE7 ($32.45 in chips) 
Seat 3: Mahu2021 ($9.85 in chips) 
Seat 4: sbela23 ($11.67 in chips) 
Seat 5: bartez29 ($12.05 in chips) 
Seat 6: boris31.03 ($7.24 in chips) 
MickyE7: posts small blind $0.05
Mahu2021: posts big blind $0.10
*** HOLE CARDS ***
Dealt to Mahu2021 [3h 8c]
sbela23: folds 
bartez29: raises $0.15 to $0.25
boris31.03: folds 
ckayt888: calls $0.25
MickyE7: folds 
Mahu2021: folds 
*** FLOP *** [Ts Qd 2c]
bartez29: bets $0.25
ckayt888: calls $0.25
*** TURN *** [Ts Qd 2c] [2s]
bartez29: bets $0.87
ckayt888: folds 
Uncalled bet ($0.87) returned to bartez29
bartez29 collected $1.10 from pot
bartez29: doesn't show hand 
*** SUMMARY ***
Total pot $1.15 | Rake $0.05 
Board [Ts Qd 2c 2s]
Seat 1: ckayt888 (button) folded on the Turn
Seat 2: MickyE7 (small blind) folded before Flop
Seat 3: Mahu2021 (big blind) folded before Flop
Seat 4: sbela23 folded before Flop (didn't bet)
Seat 5: bartez29 collected ($1.10)
Seat 6: boris31.03 folded before Flop (didn't bet)



PokerStars Zoom Hand #254171485744:  Hold'em No Limit ($0.05/$0.10) - 2025/01/03 16:01:57 CET [2025/01/03 10:01:57 ET]
Table 'Aludra' 6-max Seat #1 is the button
Seat 1: monsieur6000 ($10.27 in chips) 
Seat 2: Contr@Reloj ($21.22 in chips) 
Seat 3: Eaz2Asg ($4.51 in chips) 
Seat 4: Fishpoker17 ($20.36 in chips) 
Seat 5: Mahu2021 ($9.75 in chips) 
Seat 6: sonyks2007 ($9.90 in chips) 
Contr@Reloj: posts small blind $0.05
Eaz2Asg: posts big blind $0.10
*** HOLE CARDS ***
Dealt to Mahu2021 [Js 9s]
Fishpoker17: folds 
Mahu2021: raises $0.20 to $0.30
sonyks2007: folds 
monsieur6000: calls $0.30
Contr@Reloj: folds 
Eaz2Asg: folds 
*** FLOP *** [3d Ad 9c]
Mahu2021: checks 
monsieur6000: bets $0.72
Mahu2021: folds 
Uncalled bet ($0.72) returned to monsieur6000
monsieur6000 collected $0.72 from pot
monsieur6000: doesn't show hand 
*** SUMMARY ***
Total pot $0.75 | Rake $0.03 
Board [3d Ad 9c]
Seat 1: monsieur6000 (button) collected ($0.72)
Seat 2: Contr@Reloj (small blind) folded before Flop
Seat 3: Eaz2Asg (big blind) folded before Flop
Seat 4: Fishpoker17 folded before Flop (didn't bet)
Seat 5: Mahu2021 folded on the Flop
Seat 6: sonyks2007 folded before Flop (didn't bet)



PokerStars Zoom Hand #254171490727:  Hold'em No Limit ($0.05/$0.10) - 2025/01/03 16:02:20 CET [2025/01/03 10:02:20 ET]
Table 'Aludra' 6-max Seat #1 is the button
Seat 1: iCarpintero ($10.02 in chips) 
Seat 2: VecnaPonta ($9.90 in chips) 
Seat 3: Rubbernicks ($12.92 in chips) 
Seat 4: FlareCl ($12.18 in chips) 
Seat 5: Mahu2021 ($9.45 in chips) 
Seat 6: yoshi0619 ($13.36 in chips) 
VecnaPonta: posts small blind $0.05
Rubbernicks: posts big blind $0.10
*** HOLE CARDS ***
Dealt to Mahu2021 [4h Kh]
FlareCl: folds 
Mahu2021: folds 
yoshi0619: raises $0.10 to $0.20
iCarpintero: calls $0.20
VecnaPonta: raises $0.40 to $0.60
Rubbernicks: folds 
yoshi0619: folds 
iCarpintero: folds 
Uncalled bet ($0.40) returned to VecnaPonta
VecnaPonta collected $0.70 from pot
VecnaPonta: doesn't show hand 
*** SUMMARY ***
Total pot $0.70 | Rake $0 
Seat 1: iCarpintero (button) folded before Flop
Seat 2: VecnaPonta (small blind) collected ($0.70)
Seat 3: Rubbernicks (big blind) folded before Flop
Seat 4: FlareCl folded before Flop (didn't bet)
Seat 5: Mahu2021 folded before Flop (didn't bet)
Seat 6: yoshi0619 folded before Flop



PokerStars Zoom Hand #254171491776:  Hold'em No Limit ($0.05/$0.10) - 2025/01/03 16:02:25 CET [2025/01/03 10:02:25 ET]
Table 'Aludra' 6-max Seat #1 is the button
Seat 1: Fakasaki ($15.39 in chips) 
Seat 2: Mahu2021 ($9.45 in chips) 
Seat 3: Stavrinho ($10.38 in chips) 
Seat 4: Nahrven ($14.48 in chips) 
Seat 5: monsieur6000 ($10.64 in chips) 
Seat 6: Jean_Ferrer ($7.44 in chips) 
Mahu2021: posts small blind $0.05
Stavrinho: posts big blind $0.10
*** HOLE CARDS ***
Dealt to Mahu2021 [7d Th]
Nahrven: folds 
monsieur6000: folds 
Jean_Ferrer: raises $0.20 to $0.30
Fakasaki: folds 
Mahu2021: folds 
Stavrinho: calls $0.20
*** FLOP *** [Kh 5c 2s]
Stavrinho: checks 
Jean_Ferrer: checks 
*** TURN *** [Kh 5c 2s] [Ac]
Stavrinho: bets $0.48
Jean_Ferrer: calls $0.48
*** RIVER *** [Kh 5c 2s Ac] [6h]
Stavrinho: bets $0.69
Jean_Ferrer: calls $0.69
*** SHOW DOWN ***
Stavrinho: shows [9d Ad] (a pair of Aces)
Jean_Ferrer: shows [Qh As] (a pair of Aces - King+Queen kicker)
Jean_Ferrer collected $2.86 from pot
*** SUMMARY ***
Total pot $2.99 | Rake $0.13 
Board [Kh 5c 2s Ac 6h]
Seat 1: Fakasaki (button) folded before Flop (didn't bet)
Seat 2: Mahu2021 (small blind) folded before Flop
Seat 3: Stavrinho (big blind) showed [9d Ad] and lost with a pair of Aces
Seat 4: Nahrven folded before Flop (didn't bet)
Seat 5: monsieur6000 folded before Flop (didn't bet)
Seat 6: Jean_Ferrer showed [Qh As] and won ($2.86) with a pair of Aces



PokerStars Zoom Hand #254171492512:  Hold'em No Limit ($0.05/$0.10) - 2025/01/03 16:02:29 CET [2025/01/03 10:02:29 ET]
Table 'Aludra' 6-max Seat #1 is the button
Seat 1: smilsoo ($10.22 in chips) 
Seat 2: gazzoneking ($11.28 in chips) 
Seat 3: bartez29 ($10 in chips) 
Seat 4: corape ($14.83 in chips) 
Seat 5: 1obanoff ($20.06 in chips) 
Seat 6: Mahu2021 ($9.40 in chips) 
gazzoneking: posts small blind $0.05
bartez29: posts big blind $0.10
*** HOLE CARDS ***
Dealt to Mahu2021 [8s 3d]
corape: raises $0.16 to $0.26
1obanoff: folds 
Mahu2021: folds 
smilsoo: folds 
gazzoneking: folds 
bartez29: calls $0.16
*** FLOP *** [Ac 5h Qh]
bartez29: checks 
corape: checks 
*** TURN *** [Ac 5h Qh] [4s]
bartez29: bets $0.25
corape: calls $0.25
*** RIVER *** [Ac 5h Qh 4s] [Qd]
bartez29: bets $0.25
corape: calls $0.25
*** SHOW DOWN ***
bartez29: shows [Ah Jh] (two pair, Aces and Queens)
corape: mucks hand 
bartez29 collected $1.50 from pot
*** SUMMARY ***
Total pot $1.57 | Rake $0.07 
Board [Ac 5h Qh 4s Qd]
Seat 1: smilsoo (button) folded before Flop (didn't bet)
Seat 2: gazzoneking (small blind) folded before Flop
Seat 3: bartez29 (big blind) showed [Ah Jh] and won ($1.50) with two pair, Aces and Queens
Seat 4: corape mucked [Ks Kd]
Seat 5: 1obanoff folded before Flop (didn't bet)
Seat 6: Mahu2021 folded before Flop (didn't bet)



PokerStars Zoom Hand #254171493503:  Hold'em No Limit ($0.05/$0.10) - 2025/01/03 16:02:33 CET [2025/01/03 10:02:33 ET]
Table 'Aludra' 6-max Seat #1 is the button
Seat 1: Mahu2021 ($9.40 in chips) 
Seat 2: PhoenixPoint ($14.86 in chips) 
Seat 3: BorisNuts ($10.15 in chips) 
Seat 4: gazzoneking ($11.23 in chips) 
Seat 5: VitorArj ($10 in chips) 
Seat 6: smilsoo ($10.22 in chips) 
PhoenixPoint: posts small blind $0.05
BorisNuts: posts big blind $0.10
*** HOLE CARDS ***
Dealt to Mahu2021 [6s 2s]
gazzoneking: raises $0.15 to $0.25
VitorArj: raises $0.55 to $0.80
smilsoo: folds 
Mahu2021: folds 
PhoenixPoint: raises $1.60 to $2.40
BorisNuts: folds 
gazzoneking: folds 
VitorArj: folds 
Uncalled bet ($1.60) returned to PhoenixPoint
PhoenixPoint collected $1.95 from pot
PhoenixPoint: doesn't show hand 
*** SUMMARY ***
Total pot $1.95 | Rake $0 
Seat 1: Mahu2021 (button) folded before Flop (didn't bet)
Seat 2: PhoenixPoint (small blind) collected ($1.95)
Seat 3: BorisNuts (big blind) folded before Flop
Seat 4: gazzoneking folded before Flop
Seat 5: VitorArj folded before Flop
Seat 6: smilsoo folded before Flop (didn't bet)



PokerStars Zoom Hand #254171495370:  Hold'em No Limit ($0.05/$0.10) - 2025/01/03 16:02:41 CET [2025/01/03 10:02:41 ET]
Table 'Aludra' 6-max Seat #1 is the button
Seat 1: Bur1k ($5 in chips) 
Seat 2: burbede ($21.90 in chips) 
Seat 3: Mahu2021 ($9.40 in chips) 
Seat 4: hong0627 ($16.89 in chips) 
Seat 5: 4kingduce ($6.15 in chips) 
Seat 6: Fakasaki ($15.39 in chips) 
burbede: posts small blind $0.05
Mahu2021: posts big blind $0.10
*** HOLE CARDS ***
Dealt to Mahu2021 [2c As]
hong0627: folds 
4kingduce: raises $0.20 to $0.30
Fakasaki: folds 
Bur1k: folds 
burbede: folds 
Mahu2021: calls $0.20
*** FLOP *** [7s Kc 9d]
Mahu2021: checks 
4kingduce: checks 
*** TURN *** [7s Kc 9d] [Kd]
Mahu2021: bets $0.20
4kingduce: calls $0.20
*** RIVER *** [7s Kc 9d Kd] [7h]
Mahu2021: bets $1
4kingduce: calls $1
*** SHOW DOWN ***
Mahu2021: shows [2c As] (two pair, Kings and Sevens)
4kingduce: shows [6c Ac] (two pair, Kings and Sevens)
Mahu2021 collected $1.46 from pot
4kingduce collected $1.45 from pot
*** SUMMARY ***
Total pot $3.05 | Rake $0.14 
Board [7s Kc 9d Kd 7h]
Seat 1: Bur1k (button) folded before Flop (didn't bet)
Seat 2: burbede (small blind) folded before Flop
Seat 3: Mahu2021 (big blind) showed [2c As] and won ($1.46) with two pair, Kings and Sevens
Seat 4: hong0627 folded before Flop (didn't bet)
Seat 5: 4kingduce showed [6c Ac] and won ($1.45) with two pair, Kings and Sevens
Seat 6: Fakasaki folded before Flop (didn't bet)



PokerStars Zoom Hand #254171504265:  Hold'em No Limit ($0.05/$0.10) - 2025/01/03 16:03:21 CET [2025/01/03 10:03:21 ET]
Table 'Aludra' 6-max Seat #1 is the button
Seat 1: Xenoon54 ($10 in chips) 
Seat 2: Mahu2021 ($9.36 in chips) 
Seat 3: Mùúh 22 ($10.38 in chips) 
Seat 4: 4kingduce ($6.10 in chips) 
Seat 5: Fakasaki ($15.39 in chips) 
Seat 6: Failsave1937 ($10.86 in chips) 
Mahu2021: posts small blind $0.05
Mùúh 22: posts big blind $0.10
*** HOLE CARDS ***
Dealt to Mahu2021 [Th Ac]
4kingduce: folds 
Fakasaki: folds 
Failsave1937: folds 
Xenoon54: raises $0.15 to $0.25
Mahu2021: calls $0.20
Mùúh 22: folds 
*** FLOP *** [Jd Kh Td]
Mahu2021: checks 
Xenoon54: bets $0.19
Mahu2021: calls $0.19
*** TURN *** [Jd Kh Td] [Qc]
Mahu2021: checks 
Xenoon54: checks 
*** RIVER *** [Jd Kh Td Qc] [8s]
Mahu2021: bets $0.94
Xenoon54: folds 
Uncalled bet ($0.94) returned to Mahu2021
Mahu2021 collected $0.94 from pot
Mahu2021: doesn't show hand 
*** SUMMARY ***
Total pot $0.98 | Rake $0.04 
Board [Jd Kh Td Qc 8s]
Seat 1: Xenoon54 (button) folded on the River
Seat 2: Mahu2021 (small blind) collected ($0.94)
Seat 3: Mùúh 22 (big blind) folded before Flop
Seat 4: 4kingduce folded before Flop (didn't bet)
Seat 5: Fakasaki folded before Flop (didn't bet)
Seat 6: Failsave1937 folded before Flop (didn't bet)



PokerStars Zoom Hand #254171514076:  Hold'em No Limit ($0.05/$0.10) - 2025/01/03 16:04:05 CET [2025/01/03 10:04:05 ET]
Table 'Aludra' 6-max Seat #1 is the button
Seat 1: Contr@Reloj ($13.42 in chips) 
Seat 2: Mùúh 22 ($12.98 in chips) 
Seat 3: jj2213 ($7.86 in chips) 
Seat 4: dimon4ek1111 ($12.22 in chips) 
Seat 5: like.yasu119 ($9.85 in chips) 
Seat 6: Mahu2021 ($9.86 in chips) 
Mùúh 22: posts small blind $0.05
jj2213: posts big blind $0.10
*** HOLE CARDS ***
Dealt to Mahu2021 [8d Jc]
dimon4ek1111: folds 
like.yasu119: raises $0.10 to $0.20
Mahu2021: folds 
Contr@Reloj: folds 
Mùúh 22: folds 
jj2213: folds 
Uncalled bet ($0.10) returned to like.yasu119
like.yasu119 collected $0.25 from pot
like.yasu119: doesn't show hand 
*** SUMMARY ***
Total pot $0.25 | Rake $0 
Seat 1: Contr@Reloj (button) folded before Flop (didn't bet)
Seat 2: Mùúh 22 (small blind) folded before Flop
Seat 3: jj2213 (big blind) folded before Flop
Seat 4: dimon4ek1111 folded before Flop (didn't bet)
Seat 5: like.yasu119 collected ($0.25)
Seat 6: Mahu2021 folded before Flop (didn't bet)



PokerStars Zoom Hand #254171514945:  Hold'em No Limit ($0.05/$0.10) - 2025/01/03 16:04:09 CET [2025/01/03 10:04:09 ET]
Table 'Aludra' 6-max Seat #1 is the button
Seat 1: dimon4ek1111 ($12.22 in chips) 
Seat 2: kotaraka1312 ($40.20 in chips) 
Seat 3: BorisNuts ($11.32 in chips) 
Seat 4: Mahu2021 ($9.86 in chips) 
Seat 5: Danny Yar ($5.29 in chips) 
Seat 6: Bur1k ($5 in chips) 
kotaraka1312: posts small blind $0.05
BorisNuts: posts big blind $0.10
*** HOLE CARDS ***
Dealt to Mahu2021 [Ah 7h]
Mahu2021: raises $0.20 to $0.30
Danny Yar: folds 
Bur1k: folds 
dimon4ek1111: folds 
kotaraka1312: folds 
BorisNuts: folds 
Uncalled bet ($0.20) returned to Mahu2021
Mahu2021 collected $0.25 from pot
Mahu2021: doesn't show hand 
*** SUMMARY ***
Total pot $0.25 | Rake $0 
Seat 1: dimon4ek1111 (button) folded before Flop (didn't bet)
Seat 2: kotaraka1312 (small blind) folded before Flop
Seat 3: BorisNuts (big blind) folded before Flop
Seat 4: Mahu2021 collected ($0.25)
Seat 5: Danny Yar folded before Flop (didn't bet)
Seat 6: Bur1k folded before Flop (didn't bet)



PokerStars Zoom Hand #254171524091:  Hold'em No Limit ($0.05/$0.10) - 2025/01/03 16:04:51 CET [2025/01/03 10:04:51 ET]
Table 'Aludra' 6-max Seat #1 is the button
Seat 1: pokking876 ($7.23 in chips) 
Seat 2: Fakasaki ($12.32 in chips) 
Seat 3: Luffy V ($20.50 in chips) 
Seat 4: roo198 ($12.93 in chips) 
Seat 5: Mahu2021 ($10.01 in chips) 
Seat 6: WhatsWrongWithU ($16.77 in chips) 
Fakasaki: posts small blind $0.05
Luffy V: posts big blind $0.10
*** HOLE CARDS ***
Dealt to Mahu2021 [3d Qd]
roo198: folds 
Mahu2021: folds 
WhatsWrongWithU: raises $0.13 to $0.23
pokking876: folds 
Fakasaki: folds 
Luffy V: folds 
Uncalled bet ($0.13) returned to WhatsWrongWithU
WhatsWrongWithU collected $0.25 from pot
WhatsWrongWithU: doesn't show hand 
*** SUMMARY ***
Total pot $0.25 | Rake $0 
Seat 1: pokking876 (button) folded before Flop (didn't bet)
Seat 2: Fakasaki (small blind) folded before Flop
Seat 3: Luffy V (big blind) folded before Flop
Seat 4: roo198 folded before Flop (didn't bet)
Seat 5: Mahu2021 folded before Flop (didn't bet)
Seat 6: WhatsWrongWithU collected ($0.25)



PokerStars Zoom Hand #254171521649:  Hold'em No Limit ($0.05/$0.10) - 2025/01/03 16:04:40 CET [2025/01/03 10:04:40 ET]
Table 'Aludra' 6-max Seat #1 is the button
Seat 1: Mahu2021 ($10.01 in chips) 
Seat 2: foili ($10 in chips) 
Seat 3: Contr@Reloj ($13.42 in chips) 
Seat 4: Nahrven ($32.35 in chips) 
Seat 5: Mùúh 22 ($10 in chips) 
Seat 6: bartez29 ($10.15 in chips) 
foili: posts small blind $0.05
Contr@Reloj: posts big blind $0.10
*** HOLE CARDS ***
Dealt to Mahu2021 [4d Qd]
Nahrven: folds 
Mùúh 22: folds 
bartez29: raises $0.15 to $0.25
Mahu2021: folds 
foili: folds 
Contr@Reloj: calls $0.15
*** FLOP *** [5d Td 2s]
Contr@Reloj: checks 
bartez29: checks 
*** TURN *** [5d Td 2s] [7d]
Contr@Reloj: bets $0.17
bartez29: folds 
Uncalled bet ($0.17) returned to Contr@Reloj
Contr@Reloj collected $0.53 from pot
Contr@Reloj: doesn't show hand 
*** SUMMARY ***
Total pot $0.55 | Rake $0.02 
Board [5d Td 2s 7d]
Seat 1: Mahu2021 (button) folded before Flop (didn't bet)
Seat 2: foili (small blind) folded before Flop
Seat 3: Contr@Reloj (big blind) collected ($0.53)
Seat 4: Nahrven folded before Flop (didn't bet)
Seat 5: Mùúh 22 folded before Flop (didn't bet)
Seat 6: bartez29 folded on the Turn



PokerStars Zoom Hand #254171525071:  Hold'em No Limit ($0.05/$0.10) - 2025/01/03 16:04:55 CET [2025/01/03 10:04:55 ET]
Table 'Aludra' 6-max Seat #1 is the button
Seat 1: 1obanoff ($12.12 in chips) 
Seat 2: putzkedudu ($11.50 in chips) 
Seat 3: dimon4ek1111 ($10.72 in chips) 
Seat 4: Mahu2021 ($10.01 in chips) 
Seat 5: PhoenixPoint ($10 in chips) 
Seat 6: SrAuron ($10 in chips) 
putzkedudu: posts small blind $0.05
dimon4ek1111: posts big blind $0.10
*** HOLE CARDS ***
Dealt to Mahu2021 [As Ac]
Mahu2021: raises $0.20 to $0.30
PhoenixPoint: folds 
SrAuron: folds 
1obanoff: folds 
putzkedudu: raises $0.90 to $1.20
dimon4ek1111: folds 
Mahu2021: raises $8.81 to $10.01 and is all-in
putzkedudu: calls $8.81
*** FLOP *** [9h Ts 3h]
*** TURN *** [9h Ts 3h] [Ad]
*** RIVER *** [9h Ts 3h Ad] [Qd]
*** SHOW DOWN ***
putzkedudu: shows [Kh Kd] (a pair of Kings)
Mahu2021: shows [As Ac] (three of a kind, Aces)
Mahu2021 cashed out the hand for $15.29 | Cash Out Fee $0.31
*** SUMMARY ***
Total pot $20.12 | Rake $0.91 
Board [9h Ts 3h Ad Qd]
Seat 1: 1obanoff (button) folded before Flop (didn't bet)
Seat 2: putzkedudu (small blind) showed [Kh Kd] and lost with a pair of Kings
Seat 3: dimon4ek1111 (big blind) folded before Flop
Seat 4: Mahu2021 showed [As Ac] and won ($19.21) with three of a kind, Aces (pot not awarded as player cashed out)
Seat 5: PhoenixPoint folded before Flop (didn't bet)
Seat 6: SrAuron folded before Flop (didn't bet)



PokerStars Zoom Hand #254171533473:  Hold'em No Limit ($0.05/$0.10) - 2025/01/03 16:05:33 CET [2025/01/03 10:05:33 ET]
Table 'Aludra' 6-max Seat #1 is the button
Seat 1: Stavrinho ($14.91 in chips) 
Seat 2: Felsen1818 ($13.40 in chips) 
Seat 3: Mahu2021 ($15.29 in chips) 
Seat 4: Fakasaki ($15.19 in chips) 
Seat 5: BorisNuts ($12.34 in chips) 
Seat 6: VitorArj ($10 in chips) 
Felsen1818: posts small blind $0.05
Mahu2021: posts big blind $0.10
*** HOLE CARDS ***
Dealt to Mahu2021 [8d Ks]
Fakasaki: folds 
BorisNuts: folds 
VitorArj: folds 
Stavrinho: raises $0.20 to $0.30
Felsen1818: folds 
Mahu2021: folds 
Uncalled bet ($0.20) returned to Stavrinho
Stavrinho collected $0.25 from pot
Stavrinho: doesn't show hand 
*** SUMMARY ***
Total pot $0.25 | Rake $0 
Seat 1: Stavrinho (button) collected ($0.25)
Seat 2: Felsen1818 (small blind) folded before Flop
Seat 3: Mahu2021 (big blind) folded before Flop
Seat 4: Fakasaki folded before Flop (didn't bet)
Seat 5: BorisNuts folded before Flop (didn't bet)
Seat 6: VitorArj folded before Flop (didn't bet)



