PokerStars Hand #253431442428: Tournament #3824190211, $1.84+$0.16 USD Hold'em No Limit - Level I (10/20) - 2024/11/16 18:49:25 CET [2024/11/16 12:49:25 ET]
Table '3824190211 1' 3-max Seat #1 is the button
Seat 1: AlteDame1892 (500 in chips) 
Seat 2: ravbar 62 (500 in chips) 
Seat 3: Mahu2021 (500 in chips) 
ravbar 62: posts small blind 10
Mahu2021: posts big blind 20
*** HOLE CARDS ***
Dealt to Mahu2021 [6c Ts]
AlteDame1892: folds 
ravbar 62: raises 20 to 40
Mahu2021: calls 20
*** FLOP *** [2s 9c Js]
ravbar 62: checks 
Mahu2021: checks 
*** TURN *** [2s 9c Js] [Tc]
ravbar 62: checks 
Mahu2021: bets 40
ravbar 62: folds 
Uncalled bet (40) returned to Mahu2021
Mahu2021 collected 80 from pot
Mahu2021: doesn't show hand 
*** SUMMARY ***
Total pot 80 | Rake 0 
Board [2s 9c Js Tc]
Seat 1: AlteDame1892 (button) folded before Flop (didn't bet)
Seat 2: ravbar 62 (small blind) folded on the Turn
Seat 3: Mahu2021 (big blind) collected (80)



PokerStars Hand #253431447227: Tournament #3824190211, $1.84+$0.16 USD Hold'em No Limit - Level I (10/20) - 2024/11/16 18:49:44 CET [2024/11/16 12:49:44 ET]
Table '3824190211 1' 3-max Seat #2 is the button
Seat 1: AlteDame1892 (500 in chips) 
Seat 2: ravbar 62 (460 in chips) 
Seat 3: Mahu2021 (540 in chips) 
Mahu2021: posts small blind 10
AlteDame1892: posts big blind 20
*** HOLE CARDS ***
Dealt to Mahu2021 [Jh 8s]
ravbar 62: raises 40 to 60
Mahu2021: folds 
AlteDame1892: folds 
Uncalled bet (40) returned to ravbar 62
ravbar 62 collected 50 from pot
ravbar 62: doesn't show hand 
*** SUMMARY ***
Total pot 50 | Rake 0 
Seat 1: AlteDame1892 (big blind) folded before Flop
Seat 2: ravbar 62 (button) collected (50)
Seat 3: Mahu2021 (small blind) folded before Flop



PokerStars Hand #253431450946: Tournament #3824190211, $1.84+$0.16 USD Hold'em No Limit - Level I (10/20) - 2024/11/16 18:49:59 CET [2024/11/16 12:49:59 ET]
Table '3824190211 1' 3-max Seat #3 is the button
Seat 1: AlteDame1892 (480 in chips) 
Seat 2: ravbar 62 (490 in chips) 
Seat 3: Mahu2021 (530 in chips) 
AlteDame1892: posts small blind 10
ravbar 62: posts big blind 20
*** HOLE CARDS ***
Dealt to Mahu2021 [8s 2d]
Mahu2021: folds 
AlteDame1892: folds 
Uncalled bet (10) returned to ravbar 62
ravbar 62 collected 20 from pot
ravbar 62: doesn't show hand 
*** SUMMARY ***
Total pot 20 | Rake 0 
Seat 1: AlteDame1892 (small blind) folded before Flop
Seat 2: ravbar 62 (big blind) collected (20)
Seat 3: Mahu2021 (button) folded before Flop (didn't bet)



PokerStars Hand #253431454058: Tournament #3824190211, $1.84+$0.16 USD Hold'em No Limit - Level I (10/20) - 2024/11/16 18:50:11 CET [2024/11/16 12:50:11 ET]
Table '3824190211 1' 3-max Seat #1 is the button
Seat 1: AlteDame1892 (470 in chips) 
Seat 2: ravbar 62 (500 in chips) 
Seat 3: Mahu2021 (530 in chips) 
ravbar 62: posts small blind 10
Mahu2021: posts big blind 20
*** HOLE CARDS ***
Dealt to Mahu2021 [5h 8h]
AlteDame1892: raises 20 to 40
ravbar 62: calls 30
Mahu2021: calls 20
*** FLOP *** [8c Qc 6d]
ravbar 62: checks 
Mahu2021: checks 
AlteDame1892: checks 
*** TURN *** [8c Qc 6d] [7c]
ravbar 62: bets 100
Mahu2021: folds 
AlteDame1892: calls 100
*** RIVER *** [8c Qc 6d 7c] [Ks]
ravbar 62: checks 
AlteDame1892: bets 160
ravbar 62: calls 160
*** SHOW DOWN ***
AlteDame1892: shows [Ac Kd] (a pair of Kings)
ravbar 62: mucks hand 
AlteDame1892 collected 640 from pot
*** SUMMARY ***
Total pot 640 | Rake 0 
Board [8c Qc 6d 7c Ks]
Seat 1: AlteDame1892 (button) showed [Ac Kd] and won (640) with a pair of Kings
Seat 2: ravbar 62 (small blind) mucked [Qh 3h]
Seat 3: Mahu2021 (big blind) folded on the Turn



PokerStars Hand #253431463175: Tournament #3824190211, $1.84+$0.16 USD Hold'em No Limit - Level I (10/20) - 2024/11/16 18:50:46 CET [2024/11/16 12:50:46 ET]
Table '3824190211 1' 3-max Seat #2 is the button
Seat 1: AlteDame1892 (810 in chips) 
Seat 2: ravbar 62 (200 in chips) 
Seat 3: Mahu2021 (490 in chips) 
Mahu2021: posts small blind 10
AlteDame1892: posts big blind 20
*** HOLE CARDS ***
Dealt to Mahu2021 [6d 5c]
ravbar 62: folds 
Mahu2021: folds 
Uncalled bet (10) returned to AlteDame1892
AlteDame1892 collected 20 from pot
AlteDame1892: doesn't show hand 
*** SUMMARY ***
Total pot 20 | Rake 0 
Seat 1: AlteDame1892 (big blind) collected (20)
Seat 2: ravbar 62 (button) folded before Flop (didn't bet)
Seat 3: Mahu2021 (small blind) folded before Flop



PokerStars Hand #253431465804: Tournament #3824190211, $1.84+$0.16 USD Hold'em No Limit - Level I (10/20) - 2024/11/16 18:50:56 CET [2024/11/16 12:50:56 ET]
Table '3824190211 1' 3-max Seat #3 is the button
Seat 1: AlteDame1892 (820 in chips) 
Seat 2: ravbar 62 (200 in chips) 
Seat 3: Mahu2021 (480 in chips) 
AlteDame1892: posts small blind 10
ravbar 62: posts big blind 20
*** HOLE CARDS ***
Dealt to Mahu2021 [7d Qs]
Mahu2021: folds 
AlteDame1892: raises 20 to 40
ravbar 62: raises 160 to 200 and is all-in
AlteDame1892: folds 
Uncalled bet (160) returned to ravbar 62
ravbar 62 collected 80 from pot
ravbar 62: doesn't show hand 
*** SUMMARY ***
Total pot 80 | Rake 0 
Seat 1: AlteDame1892 (small blind) folded before Flop
Seat 2: ravbar 62 (big blind) collected (80)
Seat 3: Mahu2021 (button) folded before Flop (didn't bet)



PokerStars Hand #253431471496: Tournament #3824190211, $1.84+$0.16 USD Hold'em No Limit - Level I (10/20) - 2024/11/16 18:51:19 CET [2024/11/16 12:51:19 ET]
Table '3824190211 1' 3-max Seat #1 is the button
Seat 1: AlteDame1892 (780 in chips) 
Seat 2: ravbar 62 (240 in chips) 
Seat 3: Mahu2021 (480 in chips) 
ravbar 62: posts small blind 10
Mahu2021: posts big blind 20
*** HOLE CARDS ***
Dealt to Mahu2021 [5d 5c]
AlteDame1892: raises 50 to 70
ravbar 62: folds 
Mahu2021: raises 410 to 480 and is all-in
AlteDame1892: folds 
Uncalled bet (410) returned to Mahu2021
Mahu2021 collected 150 from pot
Mahu2021: doesn't show hand 
*** SUMMARY ***
Total pot 150 | Rake 0 
Seat 1: AlteDame1892 (button) folded before Flop
Seat 2: ravbar 62 (small blind) folded before Flop
Seat 3: Mahu2021 (big blind) collected (150)



PokerStars Hand #253431476079: Tournament #3824190211, $1.84+$0.16 USD Hold'em No Limit - Level I (10/20) - 2024/11/16 18:51:37 CET [2024/11/16 12:51:37 ET]
Table '3824190211 1' 3-max Seat #2 is the button
Seat 1: AlteDame1892 (710 in chips) 
Seat 2: ravbar 62 (230 in chips) 
Seat 3: Mahu2021 (560 in chips) 
Mahu2021: posts small blind 10
AlteDame1892: posts big blind 20
*** HOLE CARDS ***
Dealt to Mahu2021 [5c Kh]
ravbar 62: raises 20 to 40
Mahu2021: folds 
AlteDame1892: folds 
Uncalled bet (20) returned to ravbar 62
ravbar 62 collected 50 from pot
ravbar 62: doesn't show hand 
*** SUMMARY ***
Total pot 50 | Rake 0 
Seat 1: AlteDame1892 (big blind) folded before Flop
Seat 2: ravbar 62 (button) collected (50)
Seat 3: Mahu2021 (small blind) folded before Flop



PokerStars Hand #253431480906: Tournament #3824190211, $1.84+$0.16 USD Hold'em No Limit - Level I (10/20) - 2024/11/16 18:51:55 CET [2024/11/16 12:51:55 ET]
Table '3824190211 1' 3-max Seat #3 is the button
Seat 1: AlteDame1892 (690 in chips) 
Seat 2: ravbar 62 (260 in chips) 
Seat 3: Mahu2021 (550 in chips) 
AlteDame1892: posts small blind 10
ravbar 62: posts big blind 20
*** HOLE CARDS ***
Dealt to Mahu2021 [4s 5d]
Mahu2021: folds 
AlteDame1892: raises 40 to 60
ravbar 62: calls 40
*** FLOP *** [Qc 8h 5h]
AlteDame1892: bets 60
ravbar 62: folds 
Uncalled bet (60) returned to AlteDame1892
AlteDame1892 collected 120 from pot
AlteDame1892: doesn't show hand 
*** SUMMARY ***
Total pot 120 | Rake 0 
Board [Qc 8h 5h]
Seat 1: AlteDame1892 (small blind) collected (120)
Seat 2: ravbar 62 (big blind) folded on the Flop
Seat 3: Mahu2021 (button) folded before Flop (didn't bet)



PokerStars Hand #253431486539: Tournament #3824190211, $1.84+$0.16 USD Hold'em No Limit - Level I (10/20) - 2024/11/16 18:52:17 CET [2024/11/16 12:52:17 ET]
Table '3824190211 1' 3-max Seat #1 is the button
Seat 1: AlteDame1892 (750 in chips) 
Seat 2: ravbar 62 (200 in chips) 
Seat 3: Mahu2021 (550 in chips) 
ravbar 62: posts small blind 10
Mahu2021: posts big blind 20
*** HOLE CARDS ***
Dealt to Mahu2021 [3h 4c]
AlteDame1892: raises 20 to 40
ravbar 62: folds 
Mahu2021: calls 20
*** FLOP *** [8s Tc Qs]
Mahu2021: checks 
AlteDame1892: bets 45
Mahu2021: folds 
Uncalled bet (45) returned to AlteDame1892
AlteDame1892 collected 90 from pot
AlteDame1892: doesn't show hand 
*** SUMMARY ***
Total pot 90 | Rake 0 
Board [8s Tc Qs]
Seat 1: AlteDame1892 (button) collected (90)
Seat 2: ravbar 62 (small blind) folded before Flop
Seat 3: Mahu2021 (big blind) folded on the Flop



PokerStars Hand #253431491404: Tournament #3824190211, $1.84+$0.16 USD Hold'em No Limit - Level II (15/30) - 2024/11/16 18:52:36 CET [2024/11/16 12:52:36 ET]
Table '3824190211 1' 3-max Seat #2 is the button
Seat 1: AlteDame1892 (800 in chips) 
Seat 2: ravbar 62 (190 in chips) 
Seat 3: Mahu2021 (510 in chips) 
Mahu2021: posts small blind 15
AlteDame1892: posts big blind 30
*** HOLE CARDS ***
Dealt to Mahu2021 [5h Qd]
ravbar 62: folds 
Mahu2021: folds 
Uncalled bet (15) returned to AlteDame1892
AlteDame1892 collected 30 from pot
AlteDame1892: doesn't show hand 
*** SUMMARY ***
Total pot 30 | Rake 0 
Seat 1: AlteDame1892 (big blind) collected (30)
Seat 2: ravbar 62 (button) folded before Flop (didn't bet)
Seat 3: Mahu2021 (small blind) folded before Flop



PokerStars Hand #253431493042: Tournament #3824190211, $1.84+$0.16 USD Hold'em No Limit - Level II (15/30) - 2024/11/16 18:52:43 CET [2024/11/16 12:52:43 ET]
Table '3824190211 1' 3-max Seat #3 is the button
Seat 1: AlteDame1892 (815 in chips) 
Seat 2: ravbar 62 (190 in chips) 
Seat 3: Mahu2021 (495 in chips) 
AlteDame1892: posts small blind 15
ravbar 62: posts big blind 30
*** HOLE CARDS ***
Dealt to Mahu2021 [3h 3s]
Mahu2021: raises 30 to 60
AlteDame1892: calls 45
ravbar 62: raises 130 to 190 and is all-in
Mahu2021: calls 130
AlteDame1892: folds 
*** FLOP *** [2c 5s 8h]
*** TURN *** [2c 5s 8h] [9s]
*** RIVER *** [2c 5s 8h 9s] [Qc]
*** SHOW DOWN ***
ravbar 62: shows [7c 7d] (a pair of Sevens)
Mahu2021: shows [3h 3s] (a pair of Threes)
ravbar 62 collected 440 from pot
*** SUMMARY ***
Total pot 440 | Rake 0 
Board [2c 5s 8h 9s Qc]
Seat 1: AlteDame1892 (small blind) folded before Flop
Seat 2: ravbar 62 (big blind) showed [7c 7d] and won (440) with a pair of Sevens
Seat 3: Mahu2021 (button) showed [3h 3s] and lost with a pair of Threes



PokerStars Hand #253431498559: Tournament #3824190211, $1.84+$0.16 USD Hold'em No Limit - Level II (15/30) - 2024/11/16 18:53:04 CET [2024/11/16 12:53:04 ET]
Table '3824190211 1' 3-max Seat #1 is the button
Seat 1: AlteDame1892 (755 in chips) 
Seat 2: ravbar 62 (440 in chips) 
Seat 3: Mahu2021 (305 in chips) 
ravbar 62: posts small blind 15
Mahu2021: posts big blind 30
*** HOLE CARDS ***
Dealt to Mahu2021 [3s Jc]
AlteDame1892: folds 
ravbar 62: raises 30 to 60
Mahu2021: calls 30
*** FLOP *** [3d Kd Ac]
ravbar 62: bets 60
Mahu2021: folds 
Uncalled bet (60) returned to ravbar 62
ravbar 62 collected 120 from pot
ravbar 62: doesn't show hand 
*** SUMMARY ***
Total pot 120 | Rake 0 
Board [3d Kd Ac]
Seat 1: AlteDame1892 (button) folded before Flop (didn't bet)
Seat 2: ravbar 62 (small blind) collected (120)
Seat 3: Mahu2021 (big blind) folded on the Flop



PokerStars Hand #253431502506: Tournament #3824190211, $1.84+$0.16 USD Hold'em No Limit - Level II (15/30) - 2024/11/16 18:53:19 CET [2024/11/16 12:53:19 ET]
Table '3824190211 1' 3-max Seat #2 is the button
Seat 1: AlteDame1892 (755 in chips) 
Seat 2: ravbar 62 (500 in chips) 
Seat 3: Mahu2021 (245 in chips) 
Mahu2021: posts small blind 15
AlteDame1892: posts big blind 30
*** HOLE CARDS ***
Dealt to Mahu2021 [Qh Qc]
ravbar 62: calls 30
Mahu2021: raises 215 to 245 and is all-in
AlteDame1892: folds 
ravbar 62: folds 
Uncalled bet (215) returned to Mahu2021
Mahu2021 collected 90 from pot
Mahu2021: doesn't show hand 
*** SUMMARY ***
Total pot 90 | Rake 0 
Seat 1: AlteDame1892 (big blind) folded before Flop
Seat 2: ravbar 62 (button) folded before Flop
Seat 3: Mahu2021 (small blind) collected (90)



PokerStars Hand #253431507005: Tournament #3824190211, $1.84+$0.16 USD Hold'em No Limit - Level II (15/30) - 2024/11/16 18:53:37 CET [2024/11/16 12:53:37 ET]
Table '3824190211 1' 3-max Seat #3 is the button
Seat 1: AlteDame1892 (725 in chips) 
Seat 2: ravbar 62 (470 in chips) 
Seat 3: Mahu2021 (305 in chips) 
AlteDame1892: posts small blind 15
ravbar 62: posts big blind 30
*** HOLE CARDS ***
Dealt to Mahu2021 [5h Kh]
Mahu2021: calls 30
AlteDame1892: folds 
ravbar 62: checks 
*** FLOP *** [Ts 8h 6h]
ravbar 62: checks 
Mahu2021: bets 75
ravbar 62: folds 
Uncalled bet (75) returned to Mahu2021
Mahu2021 collected 75 from pot
Mahu2021: doesn't show hand 
*** SUMMARY ***
Total pot 75 | Rake 0 
Board [Ts 8h 6h]
Seat 1: AlteDame1892 (small blind) folded before Flop
Seat 2: ravbar 62 (big blind) folded on the Flop
Seat 3: Mahu2021 (button) collected (75)



PokerStars Hand #253431510679: Tournament #3824190211, $1.84+$0.16 USD Hold'em No Limit - Level II (15/30) - 2024/11/16 18:53:51 CET [2024/11/16 12:53:51 ET]
Table '3824190211 1' 3-max Seat #1 is the button
Seat 1: AlteDame1892 (710 in chips) 
Seat 2: ravbar 62 (440 in chips) 
Seat 3: Mahu2021 (350 in chips) 
ravbar 62: posts small blind 15
Mahu2021: posts big blind 30
*** HOLE CARDS ***
Dealt to Mahu2021 [As Jh]
AlteDame1892: raises 60 to 90
ravbar 62: folds 
Mahu2021: raises 260 to 350 and is all-in
AlteDame1892: folds 
Uncalled bet (260) returned to Mahu2021
Mahu2021 collected 195 from pot
Mahu2021: doesn't show hand 
*** SUMMARY ***
Total pot 195 | Rake 0 
Seat 1: AlteDame1892 (button) folded before Flop
Seat 2: ravbar 62 (small blind) folded before Flop
Seat 3: Mahu2021 (big blind) collected (195)



PokerStars Hand #253431513550: Tournament #3824190211, $1.84+$0.16 USD Hold'em No Limit - Level II (15/30) - 2024/11/16 18:54:02 CET [2024/11/16 12:54:02 ET]
Table '3824190211 1' 3-max Seat #2 is the button
Seat 1: AlteDame1892 (620 in chips) 
Seat 2: ravbar 62 (425 in chips) 
Seat 3: Mahu2021 (455 in chips) 
Mahu2021: posts small blind 15
AlteDame1892: posts big blind 30
*** HOLE CARDS ***
Dealt to Mahu2021 [8d Ad]
ravbar 62: raises 30 to 60
Mahu2021: calls 45
AlteDame1892: raises 150 to 210
ravbar 62: calls 150
Mahu2021: folds 
*** FLOP *** [Td 7d 7h]
AlteDame1892: bets 240
ravbar 62: folds 
Uncalled bet (240) returned to AlteDame1892
AlteDame1892 collected 480 from pot
AlteDame1892: doesn't show hand 
*** SUMMARY ***
Total pot 480 | Rake 0 
Board [Td 7d 7h]
Seat 1: AlteDame1892 (big blind) collected (480)
Seat 2: ravbar 62 (button) folded on the Flop
Seat 3: Mahu2021 (small blind) folded before Flop



PokerStars Hand #253431520608: Tournament #3824190211, $1.84+$0.16 USD Hold'em No Limit - Level II (15/30) - 2024/11/16 18:54:30 CET [2024/11/16 12:54:30 ET]
Table '3824190211 1' 3-max Seat #3 is the button
Seat 1: AlteDame1892 (890 in chips) 
Seat 2: ravbar 62 (215 in chips) 
Seat 3: Mahu2021 (395 in chips) 
AlteDame1892: posts small blind 15
ravbar 62: posts big blind 30
*** HOLE CARDS ***
Dealt to Mahu2021 [3c 6h]
Mahu2021: folds 
AlteDame1892: raises 60 to 90
ravbar 62: raises 125 to 215 and is all-in
AlteDame1892: calls 125
*** FLOP *** [Qc Jd 9d]
*** TURN *** [Qc Jd 9d] [9h]
*** RIVER *** [Qc Jd 9d 9h] [Jh]
*** SHOW DOWN ***
AlteDame1892: shows [Ts Kd] (a straight, Nine to King)
ravbar 62: shows [Ac Jc] (a full house, Jacks full of Nines)
ravbar 62 collected 430 from pot
*** SUMMARY ***
Total pot 430 | Rake 0 
Board [Qc Jd 9d 9h Jh]
Seat 1: AlteDame1892 (small blind) showed [Ts Kd] and lost with a straight, Nine to King
Seat 2: ravbar 62 (big blind) showed [Ac Jc] and won (430) with a full house, Jacks full of Nines
Seat 3: Mahu2021 (button) folded before Flop (didn't bet)



PokerStars Hand #253431525028: Tournament #3824190211, $1.84+$0.16 USD Hold'em No Limit - Level II (15/30) - 2024/11/16 18:54:47 CET [2024/11/16 12:54:47 ET]
Table '3824190211 1' 3-max Seat #1 is the button
Seat 1: AlteDame1892 (675 in chips) 
Seat 2: ravbar 62 (430 in chips) 
Seat 3: Mahu2021 (395 in chips) 
ravbar 62: posts small blind 15
Mahu2021: posts big blind 30
*** HOLE CARDS ***
Dealt to Mahu2021 [Ts 2h]
AlteDame1892: raises 30 to 60
ravbar 62: folds 
Mahu2021: folds 
Uncalled bet (30) returned to AlteDame1892
AlteDame1892 collected 75 from pot
AlteDame1892: doesn't show hand 
*** SUMMARY ***
Total pot 75 | Rake 0 
Seat 1: AlteDame1892 (button) collected (75)
Seat 2: ravbar 62 (small blind) folded before Flop
Seat 3: Mahu2021 (big blind) folded before Flop



PokerStars Hand #253431526995: Tournament #3824190211, $1.84+$0.16 USD Hold'em No Limit - Level II (15/30) - 2024/11/16 18:54:55 CET [2024/11/16 12:54:55 ET]
Table '3824190211 1' 3-max Seat #2 is the button
Seat 1: AlteDame1892 (720 in chips) 
Seat 2: ravbar 62 (415 in chips) 
Seat 3: Mahu2021 (365 in chips) 
Mahu2021: posts small blind 15
AlteDame1892: posts big blind 30
*** HOLE CARDS ***
Dealt to Mahu2021 [3d Th]
ravbar 62: raises 30 to 60
Mahu2021: folds 
AlteDame1892: folds 
Uncalled bet (30) returned to ravbar 62
ravbar 62 collected 75 from pot
ravbar 62: doesn't show hand 
*** SUMMARY ***
Total pot 75 | Rake 0 
Seat 1: AlteDame1892 (big blind) folded before Flop
Seat 2: ravbar 62 (button) collected (75)
Seat 3: Mahu2021 (small blind) folded before Flop



PokerStars Hand #253431529150: Tournament #3824190211, $1.84+$0.16 USD Hold'em No Limit - Level II (15/30) - 2024/11/16 18:55:04 CET [2024/11/16 12:55:04 ET]
Table '3824190211 1' 3-max Seat #3 is the button
Seat 1: AlteDame1892 (690 in chips) 
Seat 2: ravbar 62 (460 in chips) 
Seat 3: Mahu2021 (350 in chips) 
AlteDame1892: posts small blind 15
ravbar 62: posts big blind 30
*** HOLE CARDS ***
Dealt to Mahu2021 [6s 8d]
Mahu2021: folds 
AlteDame1892: folds 
Uncalled bet (15) returned to ravbar 62
ravbar 62 collected 30 from pot
ravbar 62: doesn't show hand 
*** SUMMARY ***
Total pot 30 | Rake 0 
Seat 1: AlteDame1892 (small blind) folded before Flop
Seat 2: ravbar 62 (big blind) collected (30)
Seat 3: Mahu2021 (button) folded before Flop (didn't bet)



PokerStars Hand #253431530282: Tournament #3824190211, $1.84+$0.16 USD Hold'em No Limit - Level II (15/30) - 2024/11/16 18:55:10 CET [2024/11/16 12:55:10 ET]
Table '3824190211 1' 3-max Seat #1 is the button
Seat 1: AlteDame1892 (675 in chips) 
Seat 2: ravbar 62 (475 in chips) 
Seat 3: Mahu2021 (350 in chips) 
ravbar 62: posts small blind 15
Mahu2021: posts big blind 30
*** HOLE CARDS ***
Dealt to Mahu2021 [Ad Jd]
AlteDame1892: raises 45 to 75
ravbar 62: folds 
Mahu2021: calls 45
*** FLOP *** [Kc 7d Ac]
Mahu2021: checks 
AlteDame1892: bets 45
Mahu2021: raises 230 to 275 and is all-in
AlteDame1892: folds 
Uncalled bet (230) returned to Mahu2021
Mahu2021 collected 255 from pot
Mahu2021: doesn't show hand 
*** SUMMARY ***
Total pot 255 | Rake 0 
Board [Kc 7d Ac]
Seat 1: AlteDame1892 (button) folded on the Flop
Seat 2: ravbar 62 (small blind) folded before Flop
Seat 3: Mahu2021 (big blind) collected (255)



PokerStars Hand #253431535531: Tournament #3824190211, $1.84+$0.16 USD Hold'em No Limit - Level III (20/40) - 2024/11/16 18:55:38 CET [2024/11/16 12:55:38 ET]
Table '3824190211 1' 3-max Seat #2 is the button
Seat 1: AlteDame1892 (555 in chips) 
Seat 2: ravbar 62 (460 in chips) 
Seat 3: Mahu2021 (485 in chips) 
Mahu2021: posts small blind 20
AlteDame1892: posts big blind 40
*** HOLE CARDS ***
Dealt to Mahu2021 [2h 3d]
ravbar 62: raises 40 to 80
Mahu2021: folds 
AlteDame1892: raises 475 to 555 and is all-in
ravbar 62: calls 380 and is all-in
Uncalled bet (95) returned to AlteDame1892
*** FLOP *** [Jd 9s Ad]
*** TURN *** [Jd 9s Ad] [Qh]
*** RIVER *** [Jd 9s Ad Qh] [4h]
*** SHOW DOWN ***
AlteDame1892: shows [Jc Ks] (a pair of Jacks)
ravbar 62: shows [Th 9d] (a pair of Nines)
AlteDame1892 collected 940 from pot
ravbar 62 finished the tournament in 3rd place
*** SUMMARY ***
Total pot 940 | Rake 0 
Board [Jd 9s Ad Qh 4h]
Seat 1: AlteDame1892 (big blind) showed [Jc Ks] and won (940) with a pair of Jacks
Seat 2: ravbar 62 (button) showed [Th 9d] and lost with a pair of Nines
Seat 3: Mahu2021 (small blind) folded before Flop



PokerStars Hand #253431539269: Tournament #3824190211, $1.84+$0.16 USD Hold'em No Limit - Level III (20/40) - 2024/11/16 18:55:58 CET [2024/11/16 12:55:58 ET]
Table '3824190211 1' 3-max Seat #1 is the button
Seat 1: AlteDame1892 (1035 in chips) 
Seat 3: Mahu2021 (465 in chips) 
AlteDame1892: posts small blind 20
Mahu2021: posts big blind 40
*** HOLE CARDS ***
Dealt to Mahu2021 [9s 4c]
AlteDame1892: raises 140 to 180
Mahu2021: folds 
Uncalled bet (140) returned to AlteDame1892
AlteDame1892 collected 80 from pot
AlteDame1892: doesn't show hand 
*** SUMMARY ***
Total pot 80 | Rake 0 
Seat 1: AlteDame1892 (button) (small blind) collected (80)
Seat 3: Mahu2021 (big blind) folded before Flop



PokerStars Hand #253431540681: Tournament #3824190211, $1.84+$0.16 USD Hold'em No Limit - Level III (20/40) - 2024/11/16 18:56:06 CET [2024/11/16 12:56:06 ET]
Table '3824190211 1' 3-max Seat #3 is the button
Seat 1: AlteDame1892 (1075 in chips) 
Seat 3: Mahu2021 (425 in chips) 
Mahu2021: posts small blind 20
AlteDame1892: posts big blind 40
*** HOLE CARDS ***
Dealt to Mahu2021 [4h Jh]
Mahu2021: raises 40 to 80
AlteDame1892: raises 120 to 200
Mahu2021: folds 
Uncalled bet (120) returned to AlteDame1892
AlteDame1892 collected 160 from pot
AlteDame1892: doesn't show hand 
*** SUMMARY ***
Total pot 160 | Rake 0 
Seat 1: AlteDame1892 (big blind) collected (160)
Seat 3: Mahu2021 (button) (small blind) folded before Flop



PokerStars Hand #253431543500: Tournament #3824190211, $1.84+$0.16 USD Hold'em No Limit - Level III (20/40) - 2024/11/16 18:56:21 CET [2024/11/16 12:56:21 ET]
Table '3824190211 1' 3-max Seat #1 is the button
Seat 1: AlteDame1892 (1155 in chips) 
Seat 3: Mahu2021 (345 in chips) 
AlteDame1892: posts small blind 20
Mahu2021: posts big blind 40
*** HOLE CARDS ***
Dealt to Mahu2021 [6s 5d]
AlteDame1892: raises 80 to 120
Mahu2021: folds 
Uncalled bet (80) returned to AlteDame1892
AlteDame1892 collected 80 from pot
AlteDame1892: doesn't show hand 
*** SUMMARY ***
Total pot 80 | Rake 0 
Seat 1: AlteDame1892 (button) (small blind) collected (80)
Seat 3: Mahu2021 (big blind) folded before Flop



PokerStars Hand #253431544556: Tournament #3824190211, $1.84+$0.16 USD Hold'em No Limit - Level III (20/40) - 2024/11/16 18:56:26 CET [2024/11/16 12:56:26 ET]
Table '3824190211 1' 3-max Seat #3 is the button
Seat 1: AlteDame1892 (1195 in chips) 
Seat 3: Mahu2021 (305 in chips) 
Mahu2021: posts small blind 20
AlteDame1892: posts big blind 40
*** HOLE CARDS ***
Dealt to Mahu2021 [Qd 6d]
Mahu2021: calls 20
AlteDame1892: checks 
*** FLOP *** [Qc Ac 6h]
AlteDame1892: checks 
Mahu2021: checks 
*** TURN *** [Qc Ac 6h] [3c]
AlteDame1892: checks 
Mahu2021: checks 
*** RIVER *** [Qc Ac 6h 3c] [8h]
AlteDame1892: checks 
Mahu2021: bets 265 and is all-in
AlteDame1892: folds 
Uncalled bet (265) returned to Mahu2021
Mahu2021 collected 80 from pot
Mahu2021: doesn't show hand 
*** SUMMARY ***
Total pot 80 | Rake 0 
Board [Qc Ac 6h 3c 8h]
Seat 1: AlteDame1892 (big blind) folded on the River
Seat 3: Mahu2021 (button) (small blind) collected (80)



PokerStars Hand #253431549673: Tournament #3824190211, $1.84+$0.16 USD Hold'em No Limit - Level III (20/40) - 2024/11/16 18:56:54 CET [2024/11/16 12:56:54 ET]
Table '3824190211 1' 3-max Seat #1 is the button
Seat 1: AlteDame1892 (1155 in chips) 
Seat 3: Mahu2021 (345 in chips) 
AlteDame1892: posts small blind 20
Mahu2021: posts big blind 40
*** HOLE CARDS ***
Dealt to Mahu2021 [8s 2c]
AlteDame1892: raises 1115 to 1155 and is all-in
Mahu2021: folds 
Uncalled bet (1115) returned to AlteDame1892
AlteDame1892 collected 80 from pot
AlteDame1892: doesn't show hand 
*** SUMMARY ***
Total pot 80 | Rake 0 
Seat 1: AlteDame1892 (button) (small blind) collected (80)
Seat 3: Mahu2021 (big blind) folded before Flop



PokerStars Hand #253431550882: Tournament #3824190211, $1.84+$0.16 USD Hold'em No Limit - Level III (20/40) - 2024/11/16 18:57:00 CET [2024/11/16 12:57:00 ET]
Table '3824190211 1' 3-max Seat #3 is the button
Seat 1: AlteDame1892 (1195 in chips) 
Seat 3: Mahu2021 (305 in chips) 
Mahu2021: posts small blind 20
AlteDame1892: posts big blind 40
*** HOLE CARDS ***
Dealt to Mahu2021 [9c Kh]
Mahu2021: calls 20
AlteDame1892: checks 
*** FLOP *** [6d Kd 5s]
AlteDame1892: bets 40
Mahu2021: calls 40
*** TURN *** [6d Kd 5s] [2s]
AlteDame1892: bets 60
Mahu2021: raises 165 to 225 and is all-in
AlteDame1892: calls 165
*** RIVER *** [6d Kd 5s 2s] [7c]
*** SHOW DOWN ***
AlteDame1892: shows [6c 4d] (a pair of Sixes)
Mahu2021: shows [9c Kh] (a pair of Kings)
Mahu2021 collected 610 from pot
*** SUMMARY ***
Total pot 610 | Rake 0 
Board [6d Kd 5s 2s 7c]
Seat 1: AlteDame1892 (big blind) showed [6c 4d] and lost with a pair of Sixes
Seat 3: Mahu2021 (button) (small blind) showed [9c Kh] and won (610) with a pair of Kings



PokerStars Hand #253431555243: Tournament #3824190211, $1.84+$0.16 USD Hold'em No Limit - Level III (20/40) - 2024/11/16 18:57:23 CET [2024/11/16 12:57:23 ET]
Table '3824190211 1' 3-max Seat #1 is the button
Seat 1: AlteDame1892 (890 in chips) 
Seat 3: Mahu2021 (610 in chips) 
AlteDame1892: posts small blind 20
Mahu2021: posts big blind 40
*** HOLE CARDS ***
Dealt to Mahu2021 [Kd Ts]
AlteDame1892: raises 850 to 890 and is all-in
Mahu2021: folds 
Uncalled bet (850) returned to AlteDame1892
AlteDame1892 collected 80 from pot
AlteDame1892: doesn't show hand 
*** SUMMARY ***
Total pot 80 | Rake 0 
Seat 1: AlteDame1892 (button) (small blind) collected (80)
Seat 3: Mahu2021 (big blind) folded before Flop



PokerStars Hand #253431558990: Tournament #3824190211, $1.84+$0.16 USD Hold'em No Limit - Level III (20/40) - 2024/11/16 18:57:43 CET [2024/11/16 12:57:43 ET]
Table '3824190211 1' 3-max Seat #3 is the button
Seat 1: AlteDame1892 (930 in chips) 
Seat 3: Mahu2021 (570 in chips) 
Mahu2021: posts small blind 20
AlteDame1892: posts big blind 40
*** HOLE CARDS ***
Dealt to Mahu2021 [Kh Jh]
Mahu2021: raises 40 to 80
AlteDame1892: folds 
Uncalled bet (40) returned to Mahu2021
Mahu2021 collected 80 from pot
Mahu2021: doesn't show hand 
*** SUMMARY ***
Total pot 80 | Rake 0 
Seat 1: AlteDame1892 (big blind) folded before Flop
Seat 3: Mahu2021 (button) (small blind) collected (80)



PokerStars Hand #253431560460: Tournament #3824190211, $1.84+$0.16 USD Hold'em No Limit - Level III (20/40) - 2024/11/16 18:57:51 CET [2024/11/16 12:57:51 ET]
Table '3824190211 1' 3-max Seat #1 is the button
Seat 1: AlteDame1892 (890 in chips) 
Seat 3: Mahu2021 (610 in chips) 
AlteDame1892: posts small blind 20
Mahu2021: posts big blind 40
*** HOLE CARDS ***
Dealt to Mahu2021 [3s 6c]
AlteDame1892: raises 40 to 80
Mahu2021: calls 40
*** FLOP *** [Jc 9c Qc]
Mahu2021: checks 
AlteDame1892: bets 144
Mahu2021: folds 
Uncalled bet (144) returned to AlteDame1892
AlteDame1892 collected 160 from pot
AlteDame1892: doesn't show hand 
*** SUMMARY ***
Total pot 160 | Rake 0 
Board [Jc 9c Qc]
Seat 1: AlteDame1892 (button) (small blind) collected (160)
Seat 3: Mahu2021 (big blind) folded on the Flop



PokerStars Hand #253431562848: Tournament #3824190211, $1.84+$0.16 USD Hold'em No Limit - Level III (20/40) - 2024/11/16 18:58:03 CET [2024/11/16 12:58:03 ET]
Table '3824190211 1' 3-max Seat #3 is the button
Seat 1: AlteDame1892 (970 in chips) 
Seat 3: Mahu2021 (530 in chips) 
Mahu2021: posts small blind 20
AlteDame1892: posts big blind 40
*** HOLE CARDS ***
Dealt to Mahu2021 [9c Qh]
Mahu2021: raises 40 to 80
AlteDame1892: calls 40
*** FLOP *** [5c 4d Ad]
AlteDame1892: bets 100
Mahu2021: folds 
Uncalled bet (100) returned to AlteDame1892
AlteDame1892 collected 160 from pot
AlteDame1892: doesn't show hand 
*** SUMMARY ***
Total pot 160 | Rake 0 
Board [5c 4d Ad]
Seat 1: AlteDame1892 (big blind) collected (160)
Seat 3: Mahu2021 (button) (small blind) folded on the Flop



PokerStars Hand #253431565767: Tournament #3824190211, $1.84+$0.16 USD Hold'em No Limit - Level III (20/40) - 2024/11/16 18:58:19 CET [2024/11/16 12:58:19 ET]
Table '3824190211 1' 3-max Seat #1 is the button
Seat 1: AlteDame1892 (1050 in chips) 
Seat 3: Mahu2021 (450 in chips) 
AlteDame1892: posts small blind 20
Mahu2021: posts big blind 40
*** HOLE CARDS ***
Dealt to Mahu2021 [8d 9d]
AlteDame1892: raises 120 to 160
Mahu2021: folds 
Uncalled bet (120) returned to AlteDame1892
AlteDame1892 collected 80 from pot
AlteDame1892: doesn't show hand 
*** SUMMARY ***
Total pot 80 | Rake 0 
Seat 1: AlteDame1892 (button) (small blind) collected (80)
Seat 3: Mahu2021 (big blind) folded before Flop



PokerStars Hand #253431566992: Tournament #3824190211, $1.84+$0.16 USD Hold'em No Limit - Level III (20/40) - 2024/11/16 18:58:25 CET [2024/11/16 12:58:25 ET]
Table '3824190211 1' 3-max Seat #3 is the button
Seat 1: AlteDame1892 (1090 in chips) 
Seat 3: Mahu2021 (410 in chips) 
Mahu2021: posts small blind 20
AlteDame1892: posts big blind 40
*** HOLE CARDS ***
Dealt to Mahu2021 [Ad Qs]
Mahu2021: calls 20
AlteDame1892: checks 
*** FLOP *** [8h 2c 3h]
AlteDame1892: checks 
Mahu2021: checks 
*** TURN *** [8h 2c 3h] [Kh]
AlteDame1892: bets 120
Mahu2021: folds 
Uncalled bet (120) returned to AlteDame1892
AlteDame1892 collected 80 from pot
AlteDame1892: doesn't show hand 
*** SUMMARY ***
Total pot 80 | Rake 0 
Board [8h 2c 3h Kh]
Seat 1: AlteDame1892 (big blind) collected (80)
Seat 3: Mahu2021 (button) (small blind) folded on the Turn



PokerStars Hand #253431570459: Tournament #3824190211, $1.84+$0.16 USD Hold'em No Limit - Level IV (30/60) - 2024/11/16 18:58:44 CET [2024/11/16 12:58:44 ET]
Table '3824190211 1' 3-max Seat #1 is the button
Seat 1: AlteDame1892 (1130 in chips) 
Seat 3: Mahu2021 (370 in chips) 
AlteDame1892: posts small blind 30
Mahu2021: posts big blind 60
*** HOLE CARDS ***
Dealt to Mahu2021 [Qs Qh]
AlteDame1892: calls 30
Mahu2021: raises 310 to 370 and is all-in
AlteDame1892: folds 
Uncalled bet (310) returned to Mahu2021
Mahu2021 collected 120 from pot
Mahu2021: doesn't show hand 
*** SUMMARY ***
Total pot 120 | Rake 0 
Seat 1: AlteDame1892 (button) (small blind) folded before Flop
Seat 3: Mahu2021 (big blind) collected (120)



PokerStars Hand #253431572309: Tournament #3824190211, $1.84+$0.16 USD Hold'em No Limit - Level IV (30/60) - 2024/11/16 18:58:54 CET [2024/11/16 12:58:54 ET]
Table '3824190211 1' 3-max Seat #3 is the button
Seat 1: AlteDame1892 (1070 in chips) 
Seat 3: Mahu2021 (430 in chips) 
Mahu2021: posts small blind 30
AlteDame1892: posts big blind 60
*** HOLE CARDS ***
Dealt to Mahu2021 [Ac 5c]
Mahu2021: calls 30
AlteDame1892: raises 1010 to 1070 and is all-in
Mahu2021: calls 370 and is all-in
Uncalled bet (640) returned to AlteDame1892
*** FLOP *** [5h Kc 2s]
*** TURN *** [5h Kc 2s] [Qs]
*** RIVER *** [5h Kc 2s Qs] [8s]
*** SHOW DOWN ***
AlteDame1892: shows [Qh 6s] (a pair of Queens)
Mahu2021: shows [Ac 5c] (a pair of Fives)
AlteDame1892 collected 860 from pot
Mahu2021 finished the tournament in 2nd place
AlteDame1892 wins the tournament and receives $8.00 - congratulations!
*** SUMMARY ***
Total pot 860 | Rake 0 
Board [5h Kc 2s Qs 8s]
Seat 1: AlteDame1892 (big blind) showed [Qh 6s] and won (860) with a pair of Queens
Seat 3: Mahu2021 (button) (small blind) showed [Ac 5c] and lost with a pair of Fives



