PokerStars Hand #249565448879: Tournament #3732255065, $1.84+$0.16 USD Hold'em No Limit - Level I (10/20) - 2024/03/22 21:57:55 CET [2024/03/22 16:57:55 ET]
Table '3732255065 1' 3-max Seat #1 is the button
Seat 1: burgerson84 (500 in chips) 
Seat 2: Mahu2021 (500 in chips) 
Seat 3: kingmoeHD (500 in chips) 
Mahu2021: posts small blind 10
kingmoeHD: posts big blind 20
*** HOLE CARDS ***
Dealt to Mahu2021 [7h 3h]
burgerson84: raises 20 to 40
Mahu2021: folds 
kingmoeHD: raises 40 to 80
burgerson84: calls 40
*** FLOP *** [Ah 6d 6s]
kingmoeHD: checks 
burgerson84: checks 
*** TURN *** [Ah 6d 6s] [Th]
kingmoeHD: bets 60
burgerson84: folds 
Uncalled bet (60) returned to kingmoeHD
kingmoeHD collected 170 from pot
kingmoeHD: doesn't show hand 
*** SUMMARY ***
Total pot 170 | Rake 0 
Board [Ah 6d 6s Th]
Seat 1: burgerson84 (button) folded on the Turn
Seat 2: Mahu2021 (small blind) folded before Flop
Seat 3: kingmoeHD (big blind) collected (170)



PokerStars Hand #249565454034: Tournament #3732255065, $1.84+$0.16 USD Hold'em No Limit - Level I (10/20) - 2024/03/22 21:58:15 CET [2024/03/22 16:58:15 ET]
Table '3732255065 1' 3-max Seat #2 is the button
Seat 1: burgerson84 (420 in chips) 
Seat 2: Mahu2021 (490 in chips) 
Seat 3: kingmoeHD (590 in chips) 
kingmoeHD: posts small blind 10
burgerson84: posts big blind 20
*** HOLE CARDS ***
Dealt to Mahu2021 [3c 7h]
Mahu2021: folds 
kingmoeHD: calls 10
burgerson84: raises 400 to 420 and is all-in
kingmoeHD: folds 
Uncalled bet (400) returned to burgerson84
burgerson84 collected 40 from pot
*** SUMMARY ***
Total pot 40 | Rake 0 
Seat 1: burgerson84 (big blind) collected (40)
Seat 2: Mahu2021 (button) folded before Flop (didn't bet)
Seat 3: kingmoeHD (small blind) folded before Flop



PokerStars Hand #249565456488: Tournament #3732255065, $1.84+$0.16 USD Hold'em No Limit - Level I (10/20) - 2024/03/22 21:58:26 CET [2024/03/22 16:58:26 ET]
Table '3732255065 1' 3-max Seat #3 is the button
Seat 1: burgerson84 (440 in chips) 
Seat 2: Mahu2021 (490 in chips) 
Seat 3: kingmoeHD (570 in chips) 
burgerson84: posts small blind 10
Mahu2021: posts big blind 20
*** HOLE CARDS ***
Dealt to Mahu2021 [6s Kc]
kingmoeHD: folds 
burgerson84: raises 20 to 40
Mahu2021: calls 20
*** FLOP *** [2d 9s 5s]
burgerson84: checks 
Mahu2021: checks 
*** TURN *** [2d 9s 5s] [Jc]
burgerson84: bets 20
Mahu2021: calls 20
*** RIVER *** [2d 9s 5s Jc] [4h]
burgerson84: bets 60
Mahu2021: folds 
Uncalled bet (60) returned to burgerson84
burgerson84 collected 120 from pot
*** SUMMARY ***
Total pot 120 | Rake 0 
Board [2d 9s 5s Jc 4h]
Seat 1: burgerson84 (small blind) collected (120)
Seat 2: Mahu2021 (big blind) folded on the River
Seat 3: kingmoeHD (button) folded before Flop (didn't bet)



PokerStars Hand #249565462858: Tournament #3732255065, $1.84+$0.16 USD Hold'em No Limit - Level I (10/20) - 2024/03/22 21:58:51 CET [2024/03/22 16:58:51 ET]
Table '3732255065 1' 3-max Seat #1 is the button
Seat 1: burgerson84 (500 in chips) 
Seat 2: Mahu2021 (430 in chips) 
Seat 3: kingmoeHD (570 in chips) 
Mahu2021: posts small blind 10
kingmoeHD: posts big blind 20
*** HOLE CARDS ***
Dealt to Mahu2021 [9d 3c]
burgerson84: raises 20 to 40
Mahu2021: folds 
kingmoeHD: calls 20
*** FLOP *** [Qc Td 9h]
kingmoeHD: bets 40
burgerson84: raises 80 to 120
kingmoeHD: raises 410 to 530 and is all-in
burgerson84: calls 340 and is all-in
Uncalled bet (70) returned to kingmoeHD
*** TURN *** [Qc Td 9h] [4c]
*** RIVER *** [Qc Td 9h 4c] [Th]
*** SHOW DOWN ***
kingmoeHD: shows [Kc 2d] (a pair of Tens)
burgerson84: shows [Qs 8s] (two pair, Queens and Tens)
burgerson84 collected 1010 from pot
*** SUMMARY ***
Total pot 1010 | Rake 0 
Board [Qc Td 9h 4c Th]
Seat 1: burgerson84 (button) showed [Qs 8s] and won (1010) with two pair, Queens and Tens
Seat 2: Mahu2021 (small blind) folded before Flop
Seat 3: kingmoeHD (big blind) showed [Kc 2d] and lost with a pair of Tens



PokerStars Hand #249565468372: Tournament #3732255065, $1.84+$0.16 USD Hold'em No Limit - Level I (10/20) - 2024/03/22 21:59:14 CET [2024/03/22 16:59:14 ET]
Table '3732255065 1' 3-max Seat #2 is the button
Seat 1: burgerson84 (1010 in chips) 
Seat 2: Mahu2021 (420 in chips) 
Seat 3: kingmoeHD (70 in chips) 
kingmoeHD: posts small blind 10
burgerson84: posts big blind 20
*** HOLE CARDS ***
Dealt to Mahu2021 [5s 9c]
Mahu2021: folds 
kingmoeHD: folds 
Uncalled bet (10) returned to burgerson84
burgerson84 collected 20 from pot
*** SUMMARY ***
Total pot 20 | Rake 0 
Seat 1: burgerson84 (big blind) collected (20)
Seat 2: Mahu2021 (button) folded before Flop (didn't bet)
Seat 3: kingmoeHD (small blind) folded before Flop



PokerStars Hand #249565470339: Tournament #3732255065, $1.84+$0.16 USD Hold'em No Limit - Level I (10/20) - 2024/03/22 21:59:22 CET [2024/03/22 16:59:22 ET]
Table '3732255065 1' 3-max Seat #3 is the button
Seat 1: burgerson84 (1020 in chips) 
Seat 2: Mahu2021 (420 in chips) 
Seat 3: kingmoeHD (60 in chips) 
burgerson84: posts small blind 10
Mahu2021: posts big blind 20
*** HOLE CARDS ***
Dealt to Mahu2021 [Kd 6h]
kingmoeHD: raises 40 to 60 and is all-in
burgerson84: raises 40 to 100
Mahu2021: folds 
Uncalled bet (40) returned to burgerson84
*** FLOP *** [Th 4c Jd]
*** TURN *** [Th 4c Jd] [3h]
*** RIVER *** [Th 4c Jd 3h] [5h]
*** SHOW DOWN ***
burgerson84: shows [6d Ac] (high card Ace)
kingmoeHD: shows [8d 7s] (high card Jack)
burgerson84 collected 140 from pot
kingmoeHD finished the tournament in 3rd place
*** SUMMARY ***
Total pot 140 | Rake 0 
Board [Th 4c Jd 3h 5h]
Seat 1: burgerson84 (small blind) showed [6d Ac] and won (140) with high card Ace
Seat 2: Mahu2021 (big blind) folded before Flop
Seat 3: kingmoeHD (button) showed [8d 7s] and lost with high card Jack



PokerStars Hand #249565475044: Tournament #3732255065, $1.84+$0.16 USD Hold'em No Limit - Level I (10/20) - 2024/03/22 21:59:41 CET [2024/03/22 16:59:41 ET]
Table '3732255065 1' 3-max Seat #2 is the button
Seat 1: burgerson84 (1100 in chips) 
Seat 2: Mahu2021 (400 in chips) 
Mahu2021: posts small blind 10
burgerson84: posts big blind 20
*** HOLE CARDS ***
Dealt to Mahu2021 [9h Qd]
Mahu2021: calls 10
burgerson84: raises 40 to 60
Mahu2021: calls 40
*** FLOP *** [Js 7h 4s]
burgerson84: bets 48
Mahu2021: folds 
Uncalled bet (48) returned to burgerson84
burgerson84 collected 120 from pot
*** SUMMARY ***
Total pot 120 | Rake 0 
Board [Js 7h 4s]
Seat 1: burgerson84 (big blind) collected (120)
Seat 2: Mahu2021 (button) (small blind) folded on the Flop



PokerStars Hand #249565478743: Tournament #3732255065, $1.84+$0.16 USD Hold'em No Limit - Level I (10/20) - 2024/03/22 21:59:56 CET [2024/03/22 16:59:56 ET]
Table '3732255065 1' 3-max Seat #1 is the button
Seat 1: burgerson84 (1160 in chips) 
Seat 2: Mahu2021 (340 in chips) 
burgerson84: posts small blind 10
Mahu2021: posts big blind 20
*** HOLE CARDS ***
Dealt to Mahu2021 [Jc 2d]
burgerson84: raises 20 to 40
Mahu2021: folds 
Uncalled bet (20) returned to burgerson84
burgerson84 collected 40 from pot
*** SUMMARY ***
Total pot 40 | Rake 0 
Seat 1: burgerson84 (button) (small blind) collected (40)
Seat 2: Mahu2021 (big blind) folded before Flop



PokerStars Hand #249565480241: Tournament #3732255065, $1.84+$0.16 USD Hold'em No Limit - Level I (10/20) - 2024/03/22 22:00:02 CET [2024/03/22 17:00:02 ET]
Table '3732255065 1' 3-max Seat #2 is the button
Seat 1: burgerson84 (1180 in chips) 
Seat 2: Mahu2021 (320 in chips) 
Mahu2021: posts small blind 10
burgerson84: posts big blind 20
*** HOLE CARDS ***
Dealt to Mahu2021 [8c 6d]
Mahu2021: folds 
Uncalled bet (10) returned to burgerson84
burgerson84 collected 20 from pot
*** SUMMARY ***
Total pot 20 | Rake 0 
Seat 1: burgerson84 (big blind) collected (20)
Seat 2: Mahu2021 (button) (small blind) folded before Flop



PokerStars Hand #249565481309: Tournament #3732255065, $1.84+$0.16 USD Hold'em No Limit - Level I (10/20) - 2024/03/22 22:00:06 CET [2024/03/22 17:00:06 ET]
Table '3732255065 1' 3-max Seat #1 is the button
Seat 1: burgerson84 (1190 in chips) 
Seat 2: Mahu2021 (310 in chips) 
burgerson84: posts small blind 10
Mahu2021: posts big blind 20
*** HOLE CARDS ***
Dealt to Mahu2021 [Qs 3c]
burgerson84: raises 320 to 340
Mahu2021: folds 
Uncalled bet (320) returned to burgerson84
burgerson84 collected 40 from pot
*** SUMMARY ***
Total pot 40 | Rake 0 
Seat 1: burgerson84 (button) (small blind) collected (40)
Seat 2: Mahu2021 (big blind) folded before Flop



PokerStars Hand #249565483297: Tournament #3732255065, $1.84+$0.16 USD Hold'em No Limit - Level I (10/20) - 2024/03/22 22:00:14 CET [2024/03/22 17:00:14 ET]
Table '3732255065 1' 3-max Seat #2 is the button
Seat 1: burgerson84 (1210 in chips) 
Seat 2: Mahu2021 (290 in chips) 
Mahu2021: posts small blind 10
burgerson84: posts big blind 20
*** HOLE CARDS ***
Dealt to Mahu2021 [6h 3d]
Mahu2021: folds 
Uncalled bet (10) returned to burgerson84
burgerson84 collected 20 from pot
*** SUMMARY ***
Total pot 20 | Rake 0 
Seat 1: burgerson84 (big blind) collected (20)
Seat 2: Mahu2021 (button) (small blind) folded before Flop



PokerStars Hand #249565484372: Tournament #3732255065, $1.84+$0.16 USD Hold'em No Limit - Level I (10/20) - 2024/03/22 22:00:18 CET [2024/03/22 17:00:18 ET]
Table '3732255065 1' 3-max Seat #1 is the button
Seat 1: burgerson84 (1220 in chips) 
Seat 2: Mahu2021 (280 in chips) 
burgerson84: posts small blind 10
Mahu2021: posts big blind 20
*** HOLE CARDS ***
Dealt to Mahu2021 [7c 5h]
burgerson84: raises 20 to 40
Mahu2021: folds 
Uncalled bet (20) returned to burgerson84
burgerson84 collected 40 from pot
*** SUMMARY ***
Total pot 40 | Rake 0 
Seat 1: burgerson84 (button) (small blind) collected (40)
Seat 2: Mahu2021 (big blind) folded before Flop



PokerStars Hand #249565485654: Tournament #3732255065, $1.84+$0.16 USD Hold'em No Limit - Level I (10/20) - 2024/03/22 22:00:23 CET [2024/03/22 17:00:23 ET]
Table '3732255065 1' 3-max Seat #2 is the button
Seat 1: burgerson84 (1240 in chips) 
Seat 2: Mahu2021 (260 in chips) 
Mahu2021: posts small blind 10
burgerson84: posts big blind 20
*** HOLE CARDS ***
Dealt to Mahu2021 [7h 8c]
Mahu2021: folds 
Uncalled bet (10) returned to burgerson84
burgerson84 collected 20 from pot
*** SUMMARY ***
Total pot 20 | Rake 0 
Seat 1: burgerson84 (big blind) collected (20)
Seat 2: Mahu2021 (button) (small blind) folded before Flop



PokerStars Hand #249565486864: Tournament #3732255065, $1.84+$0.16 USD Hold'em No Limit - Level I (10/20) - 2024/03/22 22:00:28 CET [2024/03/22 17:00:28 ET]
Table '3732255065 1' 3-max Seat #1 is the button
Seat 1: burgerson84 (1250 in chips) 
Seat 2: Mahu2021 (250 in chips) 
burgerson84: posts small blind 10
Mahu2021: posts big blind 20
*** HOLE CARDS ***
Dealt to Mahu2021 [Js Td]
burgerson84: raises 20 to 40
Mahu2021: raises 210 to 250 and is all-in
burgerson84: folds 
Uncalled bet (210) returned to Mahu2021
Mahu2021 collected 80 from pot
Mahu2021: doesn't show hand 
*** SUMMARY ***
Total pot 80 | Rake 0 
Seat 1: burgerson84 (button) (small blind) folded before Flop
Seat 2: Mahu2021 (big blind) collected (80)



PokerStars Hand #249565488789: Tournament #3732255065, $1.84+$0.16 USD Hold'em No Limit - Level I (10/20) - 2024/03/22 22:00:36 CET [2024/03/22 17:00:36 ET]
Table '3732255065 1' 3-max Seat #2 is the button
Seat 1: burgerson84 (1210 in chips) 
Seat 2: Mahu2021 (290 in chips) 
Mahu2021: posts small blind 10
burgerson84: posts big blind 20
*** HOLE CARDS ***
Dealt to Mahu2021 [Ad 4s]
Mahu2021: calls 10
burgerson84: checks 
*** FLOP *** [Qs 7h 6h]
burgerson84: checks 
Mahu2021: bets 20
burgerson84: folds 
Uncalled bet (20) returned to Mahu2021
Mahu2021 collected 40 from pot
Mahu2021: doesn't show hand 
*** SUMMARY ***
Total pot 40 | Rake 0 
Board [Qs 7h 6h]
Seat 1: burgerson84 (big blind) folded on the Flop
Seat 2: Mahu2021 (button) (small blind) collected (40)



PokerStars Hand #249565492150: Tournament #3732255065, $1.84+$0.16 USD Hold'em No Limit - Level I (10/20) - 2024/03/22 22:00:48 CET [2024/03/22 17:00:48 ET]
Table '3732255065 1' 3-max Seat #1 is the button
Seat 1: burgerson84 (1190 in chips) 
Seat 2: Mahu2021 (310 in chips) 
burgerson84: posts small blind 10
Mahu2021: posts big blind 20
*** HOLE CARDS ***
Dealt to Mahu2021 [5h 5s]
burgerson84: raises 120 to 140
Mahu2021: raises 170 to 310 and is all-in
burgerson84: calls 170
*** FLOP *** [6c 2h 7s]
*** TURN *** [6c 2h 7s] [3h]
*** RIVER *** [6c 2h 7s 3h] [3s]
*** SHOW DOWN ***
Mahu2021: shows [5h 5s] (two pair, Fives and Threes)
burgerson84: shows [Ks 9d] (a pair of Threes)
Mahu2021 collected 620 from pot
*** SUMMARY ***
Total pot 620 | Rake 0 
Board [6c 2h 7s 3h 3s]
Seat 1: burgerson84 (button) (small blind) showed [Ks 9d] and lost with a pair of Threes
Seat 2: Mahu2021 (big blind) showed [5h 5s] and won (620) with two pair, Fives and Threes



PokerStars Hand #249565497516: Tournament #3732255065, $1.84+$0.16 USD Hold'em No Limit - Level II (15/30) - 2024/03/22 22:01:06 CET [2024/03/22 17:01:06 ET]
Table '3732255065 1' 3-max Seat #2 is the button
Seat 1: burgerson84 (880 in chips) 
Seat 2: Mahu2021 (620 in chips) 
Mahu2021: posts small blind 15
burgerson84: posts big blind 30
*** HOLE CARDS ***
Dealt to Mahu2021 [7c Ks]
Mahu2021: calls 15
burgerson84: raises 480 to 510
Mahu2021: folds 
Uncalled bet (480) returned to burgerson84
burgerson84 collected 60 from pot
*** SUMMARY ***
Total pot 60 | Rake 0 
Seat 1: burgerson84 (big blind) collected (60)
Seat 2: Mahu2021 (button) (small blind) folded before Flop



PokerStars Hand #249565500475: Tournament #3732255065, $1.84+$0.16 USD Hold'em No Limit - Level II (15/30) - 2024/03/22 22:01:16 CET [2024/03/22 17:01:16 ET]
Table '3732255065 1' 3-max Seat #1 is the button
Seat 1: burgerson84 (910 in chips) 
Seat 2: Mahu2021 (590 in chips) 
burgerson84: posts small blind 15
Mahu2021: posts big blind 30
*** HOLE CARDS ***
Dealt to Mahu2021 [Qs 4d]
burgerson84: raises 150 to 180
Mahu2021: folds 
Uncalled bet (150) returned to burgerson84
burgerson84 collected 60 from pot
*** SUMMARY ***
Total pot 60 | Rake 0 
Seat 1: burgerson84 (button) (small blind) collected (60)
Seat 2: Mahu2021 (big blind) folded before Flop



PokerStars Hand #249565502894: Tournament #3732255065, $1.84+$0.16 USD Hold'em No Limit - Level II (15/30) - 2024/03/22 22:01:25 CET [2024/03/22 17:01:25 ET]
Table '3732255065 1' 3-max Seat #2 is the button
Seat 1: burgerson84 (940 in chips) 
Seat 2: Mahu2021 (560 in chips) 
Mahu2021: posts small blind 15
burgerson84: posts big blind 30
*** HOLE CARDS ***
Dealt to Mahu2021 [Ks 8s]
Mahu2021: calls 15
burgerson84: raises 270 to 300
Mahu2021: raises 260 to 560 and is all-in
burgerson84: calls 260
*** FLOP *** [3s 2c Qs]
*** TURN *** [3s 2c Qs] [Jh]
*** RIVER *** [3s 2c Qs Jh] [7s]
*** SHOW DOWN ***
burgerson84: shows [As 9d] (high card Ace)
Mahu2021: shows [Ks 8s] (a flush, King high)
Mahu2021 collected 1120 from pot
*** SUMMARY ***
Total pot 1120 | Rake 0 
Board [3s 2c Qs Jh 7s]
Seat 1: burgerson84 (big blind) showed [As 9d] and lost with high card Ace
Seat 2: Mahu2021 (button) (small blind) showed [Ks 8s] and won (1120) with a flush, King high



PokerStars Hand #249565507830: Tournament #3732255065, $1.84+$0.16 USD Hold'em No Limit - Level II (15/30) - 2024/03/22 22:01:41 CET [2024/03/22 17:01:41 ET]
Table '3732255065 1' 3-max Seat #1 is the button
Seat 1: burgerson84 (380 in chips) 
Seat 2: Mahu2021 (1120 in chips) 
burgerson84: posts small blind 15
Mahu2021: posts big blind 30
*** HOLE CARDS ***
Dealt to Mahu2021 [5s Ad]
burgerson84: raises 350 to 380 and is all-in
Mahu2021: calls 350
*** FLOP *** [3d As Qh]
*** TURN *** [3d As Qh] [3c]
*** RIVER *** [3d As Qh 3c] [Ts]
*** SHOW DOWN ***
Mahu2021: shows [5s Ad] (two pair, Aces and Threes)
burgerson84: shows [Jd 8h] (a pair of Threes)
Mahu2021 collected 760 from pot
burgerson84 finished the tournament in 2nd place
Mahu2021 wins the tournament and receives $6.00 - congratulations!
*** SUMMARY ***
Total pot 760 | Rake 0 
Board [3d As Qh 3c Ts]
Seat 1: burgerson84 (button) (small blind) showed [Jd 8h] and lost with a pair of Threes
Seat 2: Mahu2021 (big blind) showed [5s Ad] and won (760) with two pair, Aces and Threes



