PokerStars Hand #248562493971: Tournament #3708319691, $1.84+$0.16 USD Hold'em No Limit - Level I (10/20) - 2024/01/29 12:04:26 CET [2024/01/29 6:04:26 ET]
Table '3708319691 1' 3-max Seat #1 is the button
Seat 1: Mahu2021 (500 in chips) 
Seat 2: zozpit (500 in chips) 
Seat 3: zinbell (500 in chips) 
zozpit: posts small blind 10
zinbell: posts big blind 20
*** HOLE CARDS ***
Dealt to Mahu2021 [Kh 3d]
Mahu2021: folds 
zozpit: calls 10
zinbell: checks 
*** FLOP *** [Js 6c 8h]
zozpit: checks 
zinbell: bets 20
zozpit: folds 
Uncalled bet (20) returned to zinbell
zinbell collected 40 from pot
zinbell: doesn't show hand 
*** SUMMARY ***
Total pot 40 | Rake 0 
Board [Js 6c 8h]
Seat 1: Mahu2021 (button) folded before Flop (didn't bet)
Seat 2: zozpit (small blind) folded on the Flop
Seat 3: zinbell (big blind) collected (40)



PokerStars Hand #248562496435: Tournament #3708319691, $1.84+$0.16 USD Hold'em No Limit - Level I (10/20) - 2024/01/29 12:04:44 CET [2024/01/29 6:04:44 ET]
Table '3708319691 1' 3-max Seat #2 is the button
Seat 1: Mahu2021 (500 in chips) 
Seat 2: zozpit (480 in chips) 
Seat 3: zinbell (520 in chips) 
zinbell: posts small blind 10
Mahu2021: posts big blind 20
*** HOLE CARDS ***
Dealt to Mahu2021 [9d 9h]
zozpit: folds 
zinbell: folds 
Uncalled bet (10) returned to Mahu2021
Mahu2021 collected 20 from pot
Mahu2021: doesn't show hand 
*** SUMMARY ***
Total pot 20 | Rake 0 
Seat 1: Mahu2021 (big blind) collected (20)
Seat 2: zozpit (button) folded before Flop (didn't bet)
Seat 3: zinbell (small blind) folded before Flop



PokerStars Hand #248562497065: Tournament #3708319691, $1.84+$0.16 USD Hold'em No Limit - Level I (10/20) - 2024/01/29 12:04:49 CET [2024/01/29 6:04:49 ET]
Table '3708319691 1' 3-max Seat #3 is the button
Seat 1: Mahu2021 (510 in chips) 
Seat 2: zozpit (480 in chips) 
Seat 3: zinbell (510 in chips) 
Mahu2021: posts small blind 10
zozpit: posts big blind 20
*** HOLE CARDS ***
Dealt to Mahu2021 [3d Ah]
zinbell: folds 
Mahu2021: raises 20 to 40
zozpit: folds 
Uncalled bet (20) returned to Mahu2021
Mahu2021 collected 40 from pot
Mahu2021: doesn't show hand 
*** SUMMARY ***
Total pot 40 | Rake 0 
Seat 1: Mahu2021 (small blind) collected (40)
Seat 2: zozpit (big blind) folded before Flop
Seat 3: zinbell (button) folded before Flop (didn't bet)



PokerStars Hand #248562498016: Tournament #3708319691, $1.84+$0.16 USD Hold'em No Limit - Level I (10/20) - 2024/01/29 12:04:56 CET [2024/01/29 6:04:56 ET]
Table '3708319691 1' 3-max Seat #1 is the button
Seat 1: Mahu2021 (530 in chips) 
Seat 2: zozpit (460 in chips) 
Seat 3: zinbell (510 in chips) 
zozpit: posts small blind 10
zinbell: posts big blind 20
*** HOLE CARDS ***
Dealt to Mahu2021 [2h 4s]
Mahu2021: folds 
zozpit: raises 40 to 60
zinbell: folds 
Uncalled bet (40) returned to zozpit
zozpit collected 40 from pot
*** SUMMARY ***
Total pot 40 | Rake 0 
Seat 1: Mahu2021 (button) folded before Flop (didn't bet)
Seat 2: zozpit (small blind) collected (40)
Seat 3: zinbell (big blind) folded before Flop



PokerStars Hand #248562499235: Tournament #3708319691, $1.84+$0.16 USD Hold'em No Limit - Level I (10/20) - 2024/01/29 12:05:05 CET [2024/01/29 6:05:05 ET]
Table '3708319691 1' 3-max Seat #2 is the button
Seat 1: Mahu2021 (530 in chips) 
Seat 2: zozpit (480 in chips) 
Seat 3: zinbell (490 in chips) 
zinbell: posts small blind 10
Mahu2021: posts big blind 20
*** HOLE CARDS ***
Dealt to Mahu2021 [Th Ks]
zozpit: raises 20 to 40
zinbell: folds 
Mahu2021: calls 20
*** FLOP *** [Qc Ts 3h]
Mahu2021: checks 
zozpit: bets 90
Mahu2021: folds 
Uncalled bet (90) returned to zozpit
zozpit collected 90 from pot
*** SUMMARY ***
Total pot 90 | Rake 0 
Board [Qc Ts 3h]
Seat 1: Mahu2021 (big blind) folded on the Flop
Seat 2: zozpit (button) collected (90)
Seat 3: zinbell (small blind) folded before Flop



PokerStars Hand #248562502129: Tournament #3708319691, $1.84+$0.16 USD Hold'em No Limit - Level I (10/20) - 2024/01/29 12:05:25 CET [2024/01/29 6:05:25 ET]
Table '3708319691 1' 3-max Seat #3 is the button
Seat 1: Mahu2021 (490 in chips) 
Seat 2: zozpit (530 in chips) 
Seat 3: zinbell (480 in chips) 
Mahu2021: posts small blind 10
zozpit: posts big blind 20
*** HOLE CARDS ***
Dealt to Mahu2021 [3d 7s]
zinbell: folds 
Mahu2021: folds 
Uncalled bet (10) returned to zozpit
zozpit collected 20 from pot
*** SUMMARY ***
Total pot 20 | Rake 0 
Seat 1: Mahu2021 (small blind) folded before Flop
Seat 2: zozpit (big blind) collected (20)
Seat 3: zinbell (button) folded before Flop (didn't bet)



PokerStars Hand #248562502863: Tournament #3708319691, $1.84+$0.16 USD Hold'em No Limit - Level I (10/20) - 2024/01/29 12:05:31 CET [2024/01/29 6:05:31 ET]
Table '3708319691 1' 3-max Seat #1 is the button
Seat 1: Mahu2021 (480 in chips) 
Seat 2: zozpit (540 in chips) 
Seat 3: zinbell (480 in chips) 
zozpit: posts small blind 10
zinbell: posts big blind 20
*** HOLE CARDS ***
Dealt to Mahu2021 [Kc 4s]
Mahu2021: folds 
zozpit: folds 
Uncalled bet (10) returned to zinbell
zinbell collected 20 from pot
zinbell: doesn't show hand 
*** SUMMARY ***
Total pot 20 | Rake 0 
Seat 1: Mahu2021 (button) folded before Flop (didn't bet)
Seat 2: zozpit (small blind) folded before Flop
Seat 3: zinbell (big blind) collected (20)



PokerStars Hand #248562503907: Tournament #3708319691, $1.84+$0.16 USD Hold'em No Limit - Level I (10/20) - 2024/01/29 12:05:39 CET [2024/01/29 6:05:39 ET]
Table '3708319691 1' 3-max Seat #2 is the button
Seat 1: Mahu2021 (480 in chips) 
Seat 2: zozpit (530 in chips) 
Seat 3: zinbell (490 in chips) 
zinbell: posts small blind 10
Mahu2021: posts big blind 20
*** HOLE CARDS ***
Dealt to Mahu2021 [Jh Jd]
zozpit: calls 20
zinbell: calls 10
Mahu2021: raises 460 to 480 and is all-in
zozpit: folds 
zinbell: folds 
Uncalled bet (460) returned to Mahu2021
Mahu2021 collected 60 from pot
Mahu2021: doesn't show hand 
*** SUMMARY ***
Total pot 60 | Rake 0 
Seat 1: Mahu2021 (big blind) collected (60)
Seat 2: zozpit (button) folded before Flop
Seat 3: zinbell (small blind) folded before Flop



PokerStars Hand #248562505423: Tournament #3708319691, $1.84+$0.16 USD Hold'em No Limit - Level I (10/20) - 2024/01/29 12:05:50 CET [2024/01/29 6:05:50 ET]
Table '3708319691 1' 3-max Seat #3 is the button
Seat 1: Mahu2021 (520 in chips) 
Seat 2: zozpit (510 in chips) 
Seat 3: zinbell (470 in chips) 
Mahu2021: posts small blind 10
zozpit: posts big blind 20
*** HOLE CARDS ***
Dealt to Mahu2021 [Js Ac]
zinbell: raises 20 to 40
Mahu2021: calls 30
zozpit: raises 200 to 240
zinbell: folds 
Mahu2021: folds 
Uncalled bet (200) returned to zozpit
zozpit collected 120 from pot
*** SUMMARY ***
Total pot 120 | Rake 0 
Seat 1: Mahu2021 (small blind) folded before Flop
Seat 2: zozpit (big blind) collected (120)
Seat 3: zinbell (button) folded before Flop



PokerStars Hand #248562508517: Tournament #3708319691, $1.84+$0.16 USD Hold'em No Limit - Level I (10/20) - 2024/01/29 12:06:13 CET [2024/01/29 6:06:13 ET]
Table '3708319691 1' 3-max Seat #1 is the button
Seat 1: Mahu2021 (480 in chips) 
Seat 2: zozpit (590 in chips) 
Seat 3: zinbell (430 in chips) 
zozpit: posts small blind 10
zinbell: posts big blind 20
*** HOLE CARDS ***
Dealt to Mahu2021 [Js 8c]
Mahu2021: folds 
zozpit: calls 10
zinbell: checks 
*** FLOP *** [Tc Td 4s]
zozpit: bets 20
zinbell: folds 
Uncalled bet (20) returned to zozpit
zozpit collected 40 from pot
*** SUMMARY ***
Total pot 40 | Rake 0 
Board [Tc Td 4s]
Seat 1: Mahu2021 (button) folded before Flop (didn't bet)
Seat 2: zozpit (small blind) collected (40)
Seat 3: zinbell (big blind) folded on the Flop



PokerStars Hand #248562510150: Tournament #3708319691, $1.84+$0.16 USD Hold'em No Limit - Level I (10/20) - 2024/01/29 12:06:25 CET [2024/01/29 6:06:25 ET]
Table '3708319691 1' 3-max Seat #2 is the button
Seat 1: Mahu2021 (480 in chips) 
Seat 2: zozpit (610 in chips) 
Seat 3: zinbell (410 in chips) 
zinbell: posts small blind 10
Mahu2021: posts big blind 20
*** HOLE CARDS ***
Dealt to Mahu2021 [Ts Tc]
zozpit: folds 
zinbell: folds 
Uncalled bet (10) returned to Mahu2021
Mahu2021 collected 20 from pot
Mahu2021: doesn't show hand 
*** SUMMARY ***
Total pot 20 | Rake 0 
Seat 1: Mahu2021 (big blind) collected (20)
Seat 2: zozpit (button) folded before Flop (didn't bet)
Seat 3: zinbell (small blind) folded before Flop



PokerStars Hand #248562510863: Tournament #3708319691, $1.84+$0.16 USD Hold'em No Limit - Level I (10/20) - 2024/01/29 12:06:30 CET [2024/01/29 6:06:30 ET]
Table '3708319691 1' 3-max Seat #3 is the button
Seat 1: Mahu2021 (490 in chips) 
Seat 2: zozpit (610 in chips) 
Seat 3: zinbell (400 in chips) 
Mahu2021: posts small blind 10
zozpit: posts big blind 20
*** HOLE CARDS ***
Dealt to Mahu2021 [Qh 2c]
zinbell: folds 
Mahu2021: folds 
Uncalled bet (10) returned to zozpit
zozpit collected 20 from pot
*** SUMMARY ***
Total pot 20 | Rake 0 
Seat 1: Mahu2021 (small blind) folded before Flop
Seat 2: zozpit (big blind) collected (20)
Seat 3: zinbell (button) folded before Flop (didn't bet)



PokerStars Hand #248562511536: Tournament #3708319691, $1.84+$0.16 USD Hold'em No Limit - Level I (10/20) - 2024/01/29 12:06:35 CET [2024/01/29 6:06:35 ET]
Table '3708319691 1' 3-max Seat #1 is the button
Seat 1: Mahu2021 (480 in chips) 
Seat 2: zozpit (620 in chips) 
Seat 3: zinbell (400 in chips) 
zozpit: posts small blind 10
zinbell: posts big blind 20
*** HOLE CARDS ***
Dealt to Mahu2021 [Ks 8d]
Mahu2021: raises 20 to 40
zozpit: folds 
zinbell: folds 
Uncalled bet (20) returned to Mahu2021
Mahu2021 collected 50 from pot
Mahu2021: doesn't show hand 
*** SUMMARY ***
Total pot 50 | Rake 0 
Seat 1: Mahu2021 (button) collected (50)
Seat 2: zozpit (small blind) folded before Flop
Seat 3: zinbell (big blind) folded before Flop



PokerStars Hand #248562512535: Tournament #3708319691, $1.84+$0.16 USD Hold'em No Limit - Level I (10/20) - 2024/01/29 12:06:43 CET [2024/01/29 6:06:43 ET]
Table '3708319691 1' 3-max Seat #2 is the button
Seat 1: Mahu2021 (510 in chips) 
Seat 2: zozpit (610 in chips) 
Seat 3: zinbell (380 in chips) 
zinbell: posts small blind 10
Mahu2021: posts big blind 20
*** HOLE CARDS ***
Dealt to Mahu2021 [Qd Qc]
zozpit: raises 180 to 200
zinbell: folds 
Mahu2021: raises 310 to 510 and is all-in
zozpit: calls 310
*** FLOP *** [2d Kc Jc]
*** TURN *** [2d Kc Jc] [2s]
*** RIVER *** [2d Kc Jc 2s] [3c]
*** SHOW DOWN ***
Mahu2021: shows [Qd Qc] (two pair, Queens and Deuces)
zozpit: shows [8h 8d] (two pair, Eights and Deuces)
Mahu2021 collected 1030 from pot
*** SUMMARY ***
Total pot 1030 | Rake 0 
Board [2d Kc Jc 2s 3c]
Seat 1: Mahu2021 (big blind) showed [Qd Qc] and won (1030) with two pair, Queens and Deuces
Seat 2: zozpit (button) showed [8h 8d] and lost with two pair, Eights and Deuces
Seat 3: zinbell (small blind) folded before Flop



PokerStars Hand #248562514748: Tournament #3708319691, $1.84+$0.16 USD Hold'em No Limit - Level I (10/20) - 2024/01/29 12:06:59 CET [2024/01/29 6:06:59 ET]
Table '3708319691 1' 3-max Seat #3 is the button
Seat 1: Mahu2021 (1030 in chips) 
Seat 2: zozpit (100 in chips) 
Seat 3: zinbell (370 in chips) 
Mahu2021: posts small blind 10
zozpit: posts big blind 20
*** HOLE CARDS ***
Dealt to Mahu2021 [3s 5s]
zinbell: raises 20 to 40
Mahu2021: folds 
zozpit: raises 60 to 100 and is all-in
zinbell: calls 60
*** FLOP *** [4d 2c Jd]
*** TURN *** [4d 2c Jd] [2h]
*** RIVER *** [4d 2c Jd 2h] [Jc]
*** SHOW DOWN ***
zozpit: shows [7s Ac] (two pair, Jacks and Deuces)
zinbell: shows [Ks Tc] (two pair, Jacks and Deuces - lower kicker)
zozpit collected 210 from pot
*** SUMMARY ***
Total pot 210 | Rake 0 
Board [4d 2c Jd 2h Jc]
Seat 1: Mahu2021 (small blind) folded before Flop
Seat 2: zozpit (big blind) showed [7s Ac] and won (210) with two pair, Jacks and Deuces
Seat 3: zinbell (button) showed [Ks Tc] and lost with two pair, Jacks and Deuces



PokerStars Hand #248562517273: Tournament #3708319691, $1.84+$0.16 USD Hold'em No Limit - Level I (10/20) - 2024/01/29 12:07:17 CET [2024/01/29 6:07:17 ET]
Table '3708319691 1' 3-max Seat #1 is the button
Seat 1: Mahu2021 (1020 in chips) 
Seat 2: zozpit (210 in chips) 
Seat 3: zinbell (270 in chips) 
zozpit: posts small blind 10
zinbell: posts big blind 20
*** HOLE CARDS ***
Dealt to Mahu2021 [2c Ts]
Mahu2021: folds 
zozpit: calls 10
zinbell: checks 
*** FLOP *** [9h 7c 3h]
zozpit: checks 
zinbell: bets 20
zozpit: folds 
Uncalled bet (20) returned to zinbell
zinbell collected 40 from pot
zinbell: doesn't show hand 
*** SUMMARY ***
Total pot 40 | Rake 0 
Board [9h 7c 3h]
Seat 1: Mahu2021 (button) folded before Flop (didn't bet)
Seat 2: zozpit (small blind) folded on the Flop
Seat 3: zinbell (big blind) collected (40)



PokerStars Hand #248562519419: Tournament #3708319691, $1.84+$0.16 USD Hold'em No Limit - Level II (15/30) - 2024/01/29 12:07:33 CET [2024/01/29 6:07:33 ET]
Table '3708319691 1' 3-max Seat #2 is the button
Seat 1: Mahu2021 (1020 in chips) 
Seat 2: zozpit (190 in chips) 
Seat 3: zinbell (290 in chips) 
zinbell: posts small blind 15
Mahu2021: posts big blind 30
*** HOLE CARDS ***
Dealt to Mahu2021 [6h 5d]
zozpit: raises 160 to 190 and is all-in
zinbell: folds 
Mahu2021: folds 
Uncalled bet (160) returned to zozpit
zozpit collected 75 from pot
*** SUMMARY ***
Total pot 75 | Rake 0 
Seat 1: Mahu2021 (big blind) folded before Flop
Seat 2: zozpit (button) collected (75)
Seat 3: zinbell (small blind) folded before Flop



PokerStars Hand #248562520351: Tournament #3708319691, $1.84+$0.16 USD Hold'em No Limit - Level II (15/30) - 2024/01/29 12:07:39 CET [2024/01/29 6:07:39 ET]
Table '3708319691 1' 3-max Seat #3 is the button
Seat 1: Mahu2021 (990 in chips) 
Seat 2: zozpit (235 in chips) 
Seat 3: zinbell (275 in chips) 
Mahu2021: posts small blind 15
zozpit: posts big blind 30
*** HOLE CARDS ***
Dealt to Mahu2021 [5s 5d]
zinbell: folds 
Mahu2021: raises 960 to 990 and is all-in
zozpit: folds 
Uncalled bet (960) returned to Mahu2021
Mahu2021 collected 60 from pot
Mahu2021: doesn't show hand 
*** SUMMARY ***
Total pot 60 | Rake 0 
Seat 1: Mahu2021 (small blind) collected (60)
Seat 2: zozpit (big blind) folded before Flop
Seat 3: zinbell (button) folded before Flop (didn't bet)



PokerStars Hand #248562521565: Tournament #3708319691, $1.84+$0.16 USD Hold'em No Limit - Level II (15/30) - 2024/01/29 12:07:48 CET [2024/01/29 6:07:48 ET]
Table '3708319691 1' 3-max Seat #1 is the button
Seat 1: Mahu2021 (1020 in chips) 
Seat 2: zozpit (205 in chips) 
Seat 3: zinbell (275 in chips) 
zozpit: posts small blind 15
zinbell: posts big blind 30
*** HOLE CARDS ***
Dealt to Mahu2021 [5s 3h]
Mahu2021: folds 
zozpit: raises 175 to 205 and is all-in
zinbell: calls 175
*** FLOP *** [4h 9h Kc]
*** TURN *** [4h 9h Kc] [Kh]
*** RIVER *** [4h 9h Kc Kh] [As]
*** SHOW DOWN ***
zozpit: shows [7c 6h] (a pair of Kings)
zinbell: shows [Jd Ah] (two pair, Aces and Kings)
zinbell collected 410 from pot
zozpit finished the tournament in 3rd place
*** SUMMARY ***
Total pot 410 | Rake 0 
Board [4h 9h Kc Kh As]
Seat 1: Mahu2021 (button) folded before Flop (didn't bet)
Seat 2: zozpit (small blind) showed [7c 6h] and lost with a pair of Kings
Seat 3: zinbell (big blind) showed [Jd Ah] and won (410) with two pair, Aces and Kings



PokerStars Hand #248562524216: Tournament #3708319691, $1.84+$0.16 USD Hold'em No Limit - Level II (15/30) - 2024/01/29 12:08:07 CET [2024/01/29 6:08:07 ET]
Table '3708319691 1' 3-max Seat #3 is the button
Seat 1: Mahu2021 (1020 in chips) 
Seat 3: zinbell (480 in chips) 
zinbell: posts small blind 15
Mahu2021: posts big blind 30
*** HOLE CARDS ***
Dealt to Mahu2021 [5c Kc]
zinbell: calls 15
Mahu2021: checks 
*** FLOP *** [As 4h Ah]
Mahu2021: checks 
zinbell: bets 30
Mahu2021: calls 30
*** TURN *** [As 4h Ah] [7h]
Mahu2021: checks 
zinbell: checks 
*** RIVER *** [As 4h Ah 7h] [3h]
Mahu2021: checks 
zinbell: checks 
*** SHOW DOWN ***
Mahu2021: shows [5c Kc] (a pair of Aces)
zinbell: shows [Kd 6c] (a pair of Aces - King+Seven+Six kicker)
zinbell collected 120 from pot
*** SUMMARY ***
Total pot 120 | Rake 0 
Board [As 4h Ah 7h 3h]
Seat 1: Mahu2021 (big blind) showed [5c Kc] and lost with a pair of Aces
Seat 3: zinbell (button) (small blind) showed [Kd 6c] and won (120) with a pair of Aces



PokerStars Hand #248562526199: Tournament #3708319691, $1.84+$0.16 USD Hold'em No Limit - Level II (15/30) - 2024/01/29 12:08:22 CET [2024/01/29 6:08:22 ET]
Table '3708319691 1' 3-max Seat #1 is the button
Seat 1: Mahu2021 (960 in chips) 
Seat 3: zinbell (540 in chips) 
Mahu2021: posts small blind 15
zinbell: posts big blind 30
*** HOLE CARDS ***
Dealt to Mahu2021 [5h 4s]
Mahu2021: calls 15
zinbell: raises 510 to 540 and is all-in
Mahu2021: folds 
Uncalled bet (510) returned to zinbell
zinbell collected 60 from pot
zinbell: doesn't show hand 
*** SUMMARY ***
Total pot 60 | Rake 0 
Seat 1: Mahu2021 (button) (small blind) folded before Flop
Seat 3: zinbell (big blind) collected (60)



PokerStars Hand #248562527201: Tournament #3708319691, $1.84+$0.16 USD Hold'em No Limit - Level II (15/30) - 2024/01/29 12:08:29 CET [2024/01/29 6:08:29 ET]
Table '3708319691 1' 3-max Seat #3 is the button
Seat 1: Mahu2021 (930 in chips) 
Seat 3: zinbell (570 in chips) 
zinbell: posts small blind 15
Mahu2021: posts big blind 30
*** HOLE CARDS ***
Dealt to Mahu2021 [5s 8d]
zinbell: folds 
Uncalled bet (15) returned to Mahu2021
Mahu2021 collected 30 from pot
Mahu2021: doesn't show hand 
*** SUMMARY ***
Total pot 30 | Rake 0 
Seat 1: Mahu2021 (big blind) collected (30)
Seat 3: zinbell (button) (small blind) folded before Flop



PokerStars Hand #248562527738: Tournament #3708319691, $1.84+$0.16 USD Hold'em No Limit - Level II (15/30) - 2024/01/29 12:08:33 CET [2024/01/29 6:08:33 ET]
Table '3708319691 1' 3-max Seat #1 is the button
Seat 1: Mahu2021 (945 in chips) 
Seat 3: zinbell (555 in chips) 
Mahu2021: posts small blind 15
zinbell: posts big blind 30
*** HOLE CARDS ***
Dealt to Mahu2021 [2d As]
Mahu2021: raises 30 to 60
zinbell: folds 
Uncalled bet (30) returned to Mahu2021
Mahu2021 collected 60 from pot
Mahu2021: doesn't show hand 
*** SUMMARY ***
Total pot 60 | Rake 0 
Seat 1: Mahu2021 (button) (small blind) collected (60)
Seat 3: zinbell (big blind) folded before Flop



PokerStars Hand #248562528354: Tournament #3708319691, $1.84+$0.16 USD Hold'em No Limit - Level II (15/30) - 2024/01/29 12:08:38 CET [2024/01/29 6:08:38 ET]
Table '3708319691 1' 3-max Seat #3 is the button
Seat 1: Mahu2021 (975 in chips) 
Seat 3: zinbell (525 in chips) 
zinbell: posts small blind 15
Mahu2021: posts big blind 30
*** HOLE CARDS ***
Dealt to Mahu2021 [Ac 5d]
zinbell: calls 15
Mahu2021: raises 60 to 90
zinbell: folds 
Uncalled bet (60) returned to Mahu2021
Mahu2021 collected 60 from pot
Mahu2021: doesn't show hand 
*** SUMMARY ***
Total pot 60 | Rake 0 
Seat 1: Mahu2021 (big blind) collected (60)
Seat 3: zinbell (button) (small blind) folded before Flop



PokerStars Hand #248562529786: Tournament #3708319691, $1.84+$0.16 USD Hold'em No Limit - Level II (15/30) - 2024/01/29 12:08:48 CET [2024/01/29 6:08:48 ET]
Table '3708319691 1' 3-max Seat #1 is the button
Seat 1: Mahu2021 (1005 in chips) 
Seat 3: zinbell (495 in chips) 
Mahu2021: posts small blind 15
zinbell: posts big blind 30
*** HOLE CARDS ***
Dealt to Mahu2021 [7c 6h]
Mahu2021: raises 30 to 60
zinbell: calls 30
*** FLOP *** [7h 6d Jh]
zinbell: checks 
Mahu2021: bets 60
zinbell: calls 60
*** TURN *** [7h 6d Jh] [Qc]
zinbell: checks 
Mahu2021: bets 60
zinbell: calls 60
*** RIVER *** [7h 6d Jh Qc] [9s]
zinbell: checks 
Mahu2021: bets 60
zinbell: calls 60
*** SHOW DOWN ***
Mahu2021: shows [7c 6h] (two pair, Sevens and Sixes)
zinbell: mucks hand 
Mahu2021 collected 480 from pot
*** SUMMARY ***
Total pot 480 | Rake 0 
Board [7h 6d Jh Qc 9s]
Seat 1: Mahu2021 (button) (small blind) showed [7c 6h] and won (480) with two pair, Sevens and Sixes
Seat 3: zinbell (big blind) mucked [7s 5s]



PokerStars Hand #248562533699: Tournament #3708319691, $1.84+$0.16 USD Hold'em No Limit - Level II (15/30) - 2024/01/29 12:09:16 CET [2024/01/29 6:09:16 ET]
Table '3708319691 1' 3-max Seat #3 is the button
Seat 1: Mahu2021 (1245 in chips) 
Seat 3: zinbell (255 in chips) 
zinbell: posts small blind 15
Mahu2021: posts big blind 30
*** HOLE CARDS ***
Dealt to Mahu2021 [Kc 6s]
zinbell: raises 225 to 255 and is all-in
Mahu2021: folds 
Uncalled bet (225) returned to zinbell
zinbell collected 60 from pot
zinbell: doesn't show hand 
*** SUMMARY ***
Total pot 60 | Rake 0 
Seat 1: Mahu2021 (big blind) folded before Flop
Seat 3: zinbell (button) (small blind) collected (60)



PokerStars Hand #248562534882: Tournament #3708319691, $1.84+$0.16 USD Hold'em No Limit - Level II (15/30) - 2024/01/29 12:09:25 CET [2024/01/29 6:09:25 ET]
Table '3708319691 1' 3-max Seat #1 is the button
Seat 1: Mahu2021 (1215 in chips) 
Seat 3: zinbell (285 in chips) 
Mahu2021: posts small blind 15
zinbell: posts big blind 30
*** HOLE CARDS ***
Dealt to Mahu2021 [7c As]
Mahu2021: raises 60 to 90
zinbell: folds 
Uncalled bet (60) returned to Mahu2021
Mahu2021 collected 60 from pot
Mahu2021: doesn't show hand 
*** SUMMARY ***
Total pot 60 | Rake 0 
Seat 1: Mahu2021 (button) (small blind) collected (60)
Seat 3: zinbell (big blind) folded before Flop



PokerStars Hand #248562535819: Tournament #3708319691, $1.84+$0.16 USD Hold'em No Limit - Level II (15/30) - 2024/01/29 12:09:31 CET [2024/01/29 6:09:31 ET]
Table '3708319691 1' 3-max Seat #3 is the button
Seat 1: Mahu2021 (1245 in chips) 
Seat 3: zinbell (255 in chips) 
zinbell: posts small blind 15
Mahu2021: posts big blind 30
*** HOLE CARDS ***
Dealt to Mahu2021 [6d 8d]
zinbell: folds 
Uncalled bet (15) returned to Mahu2021
Mahu2021 collected 30 from pot
Mahu2021: doesn't show hand 
*** SUMMARY ***
Total pot 30 | Rake 0 
Seat 1: Mahu2021 (big blind) collected (30)
Seat 3: zinbell (button) (small blind) folded before Flop



PokerStars Hand #248562536466: Tournament #3708319691, $1.84+$0.16 USD Hold'em No Limit - Level II (15/30) - 2024/01/29 12:09:36 CET [2024/01/29 6:09:36 ET]
Table '3708319691 1' 3-max Seat #1 is the button
Seat 1: Mahu2021 (1260 in chips) 
Seat 3: zinbell (240 in chips) 
Mahu2021: posts small blind 15
zinbell: posts big blind 30
*** HOLE CARDS ***
Dealt to Mahu2021 [9h 4h]
Mahu2021: calls 15
zinbell: raises 210 to 240 and is all-in
Mahu2021: folds 
Uncalled bet (210) returned to zinbell
zinbell collected 60 from pot
zinbell: doesn't show hand 
*** SUMMARY ***
Total pot 60 | Rake 0 
Seat 1: Mahu2021 (button) (small blind) folded before Flop
Seat 3: zinbell (big blind) collected (60)



PokerStars Hand #248562537559: Tournament #3708319691, $1.84+$0.16 USD Hold'em No Limit - Level II (15/30) - 2024/01/29 12:09:44 CET [2024/01/29 6:09:44 ET]
Table '3708319691 1' 3-max Seat #3 is the button
Seat 1: Mahu2021 (1230 in chips) 
Seat 3: zinbell (270 in chips) 
zinbell: posts small blind 15
Mahu2021: posts big blind 30
*** HOLE CARDS ***
Dealt to Mahu2021 [2h 5d]
zinbell: raises 240 to 270 and is all-in
Mahu2021: folds 
Uncalled bet (240) returned to zinbell
zinbell collected 60 from pot
zinbell: doesn't show hand 
*** SUMMARY ***
Total pot 60 | Rake 0 
Seat 1: Mahu2021 (big blind) folded before Flop
Seat 3: zinbell (button) (small blind) collected (60)



PokerStars Hand #248562538247: Tournament #3708319691, $1.84+$0.16 USD Hold'em No Limit - Level II (15/30) - 2024/01/29 12:09:48 CET [2024/01/29 6:09:48 ET]
Table '3708319691 1' 3-max Seat #1 is the button
Seat 1: Mahu2021 (1200 in chips) 
Seat 3: zinbell (300 in chips) 
Mahu2021: posts small blind 15
zinbell: posts big blind 30
*** HOLE CARDS ***
Dealt to Mahu2021 [9h 7d]
Mahu2021: folds 
Uncalled bet (15) returned to zinbell
zinbell collected 30 from pot
zinbell: doesn't show hand 
*** SUMMARY ***
Total pot 30 | Rake 0 
Seat 1: Mahu2021 (button) (small blind) folded before Flop
Seat 3: zinbell (big blind) collected (30)



PokerStars Hand #248562538871: Tournament #3708319691, $1.84+$0.16 USD Hold'em No Limit - Level II (15/30) - 2024/01/29 12:09:53 CET [2024/01/29 6:09:53 ET]
Table '3708319691 1' 3-max Seat #3 is the button
Seat 1: Mahu2021 (1185 in chips) 
Seat 3: zinbell (315 in chips) 
zinbell: posts small blind 15
Mahu2021: posts big blind 30
*** HOLE CARDS ***
Dealt to Mahu2021 [Qs Jc]
zinbell: folds 
Uncalled bet (15) returned to Mahu2021
Mahu2021 collected 30 from pot
Mahu2021: doesn't show hand 
*** SUMMARY ***
Total pot 30 | Rake 0 
Seat 1: Mahu2021 (big blind) collected (30)
Seat 3: zinbell (button) (small blind) folded before Flop



PokerStars Hand #248562539466: Tournament #3708319691, $1.84+$0.16 USD Hold'em No Limit - Level II (15/30) - 2024/01/29 12:09:57 CET [2024/01/29 6:09:57 ET]
Table '3708319691 1' 3-max Seat #1 is the button
Seat 1: Mahu2021 (1200 in chips) 
Seat 3: zinbell (300 in chips) 
Mahu2021: posts small blind 15
zinbell: posts big blind 30
*** HOLE CARDS ***
Dealt to Mahu2021 [6h 8d]
Mahu2021: folds 
Uncalled bet (15) returned to zinbell
zinbell collected 30 from pot
zinbell: doesn't show hand 
*** SUMMARY ***
Total pot 30 | Rake 0 
Seat 1: Mahu2021 (button) (small blind) folded before Flop
Seat 3: zinbell (big blind) collected (30)



PokerStars Hand #248562540013: Tournament #3708319691, $1.84+$0.16 USD Hold'em No Limit - Level II (15/30) - 2024/01/29 12:10:01 CET [2024/01/29 6:10:01 ET]
Table '3708319691 1' 3-max Seat #3 is the button
Seat 1: Mahu2021 (1185 in chips) 
Seat 3: zinbell (315 in chips) 
zinbell: posts small blind 15
Mahu2021: posts big blind 30
*** HOLE CARDS ***
Dealt to Mahu2021 [3d 9d]
zinbell: calls 15
Mahu2021: checks 
*** FLOP *** [5d 8c 3s]
Mahu2021: checks 
zinbell: bets 30
Mahu2021: calls 30
*** TURN *** [5d 8c 3s] [9c]
Mahu2021: checks 
zinbell: bets 255 and is all-in
Mahu2021: calls 255
*** RIVER *** [5d 8c 3s 9c] [3h]
*** SHOW DOWN ***
Mahu2021: shows [3d 9d] (a full house, Threes full of Nines)
zinbell: shows [8d Kd] (two pair, Eights and Threes)
Mahu2021 collected 630 from pot
zinbell finished the tournament in 2nd place
Mahu2021 wins the tournament and receives $6.00 - congratulations!
*** SUMMARY ***
Total pot 630 | Rake 0 
Board [5d 8c 3s 9c 3h]
Seat 1: Mahu2021 (big blind) showed [3d 9d] and won (630) with a full house, Threes full of Nines
Seat 3: zinbell (button) (small blind) showed [8d Kd] and lost with two pair, Eights and Threes



