PokerStars Hand #253627221472: Tournament #3827892083, $1.44+$1.50+$0.36 USD Hold'em No Limit - Level I (25/50) - 2024/11/29 20:29:56 CET [2024/11/29 14:29:56 ET]
Table '3827892083 42' 8-max Seat #1 is the button
Seat 1: overTA (5000 in chips, $1.50 bounty) 
Seat 2: Mahu2021 (5000 in chips, $1.50 bounty) 
Seat 3: nobbystyles2 (5000 in chips, $1.50 bounty) 
Seat 4: Dr.Mousebrain (5000 in chips, $1.50 bounty) 
Seat 5: kduzinm (5000 in chips, $1.50 bounty) 
Seat 6: merkatpz (5000 in chips, $1.50 bounty) 
Seat 7: maikrocheka (5000 in chips, $1.50 bounty) 
Seat 8: don.emilio1 (5000 in chips, $1.50 bounty) 
overTA: posts the ante 8
Mahu2021: posts the ante 8
nobbystyles2: posts the ante 8
Dr.Mousebrain: posts the ante 8
kduzinm: posts the ante 8
merkatpz: posts the ante 8
maikrocheka: posts the ante 8
don.emilio1: posts the ante 8
Mahu2021: posts small blind 25
nobbystyles2: posts big blind 50
*** HOLE CARDS ***
Dealt to Mahu2021 [2d Js]
Dr.Mousebrain: folds 
kduzinm: folds 
merkatpz: folds 
maikrocheka: folds 
don.emilio1: raises 50 to 100
overTA: raises 250 to 350
Mahu2021: folds 
nobbystyles2: folds 
don.emilio1: calls 250
*** FLOP *** [Jd 5s Tc]
don.emilio1: checks 
overTA: checks 
*** TURN *** [Jd 5s Tc] [4c]
don.emilio1: bets 268
overTA: folds 
Uncalled bet (268) returned to don.emilio1
don.emilio1 collected 839 from pot
don.emilio1: doesn't show hand 
*** SUMMARY ***
Total pot 839 | Rake 0 
Board [Jd 5s Tc 4c]
Seat 1: overTA (button) folded on the Turn
Seat 2: Mahu2021 (small blind) folded before Flop
Seat 3: nobbystyles2 (big blind) folded before Flop
Seat 4: Dr.Mousebrain folded before Flop (didn't bet)
Seat 5: kduzinm folded before Flop (didn't bet)
Seat 6: merkatpz folded before Flop (didn't bet)
Seat 7: maikrocheka folded before Flop (didn't bet)
Seat 8: don.emilio1 collected (839)



PokerStars Hand #253627233217: Tournament #3827892083, $1.44+$1.50+$0.36 USD Hold'em No Limit - Level I (25/50) - 2024/11/29 20:30:42 CET [2024/11/29 14:30:42 ET]
Table '3827892083 42' 8-max Seat #2 is the button
Seat 1: overTA (4642 in chips, $1.50 bounty) 
Seat 2: Mahu2021 (4967 in chips, $1.50 bounty) 
Seat 3: nobbystyles2 (4942 in chips, $1.50 bounty) 
Seat 4: Dr.Mousebrain (4992 in chips, $1.50 bounty) 
Seat 5: kduzinm (4992 in chips, $1.50 bounty) 
Seat 6: merkatpz (4992 in chips, $1.50 bounty) 
Seat 7: maikrocheka (4992 in chips, $1.50 bounty) 
Seat 8: don.emilio1 (5481 in chips, $1.50 bounty) 
overTA: posts the ante 8
Mahu2021: posts the ante 8
nobbystyles2: posts the ante 8
Dr.Mousebrain: posts the ante 8
kduzinm: posts the ante 8
merkatpz: posts the ante 8
maikrocheka: posts the ante 8
don.emilio1: posts the ante 8
nobbystyles2: posts small blind 25
Dr.Mousebrain: posts big blind 50
*** HOLE CARDS ***
Dealt to Mahu2021 [Td Ks]
kduzinm: folds 
merkatpz: folds 
maikrocheka: folds 
don.emilio1: folds 
overTA: folds 
Mahu2021: raises 100 to 150
nobbystyles2: folds 
Dr.Mousebrain: folds 
Uncalled bet (100) returned to Mahu2021
Mahu2021 collected 189 from pot
Mahu2021: doesn't show hand 
*** SUMMARY ***
Total pot 189 | Rake 0 
Seat 1: overTA folded before Flop (didn't bet)
Seat 2: Mahu2021 (button) collected (189)
Seat 3: nobbystyles2 (small blind) folded before Flop
Seat 4: Dr.Mousebrain (big blind) folded before Flop
Seat 5: kduzinm folded before Flop (didn't bet)
Seat 6: merkatpz folded before Flop (didn't bet)
Seat 7: maikrocheka folded before Flop (didn't bet)
Seat 8: don.emilio1 folded before Flop (didn't bet)



PokerStars Hand #253627243133: Tournament #3827892083, $1.44+$1.50+$0.36 USD Hold'em No Limit - Level I (25/50) - 2024/11/29 20:31:21 CET [2024/11/29 14:31:21 ET]
Table '3827892083 42' 8-max Seat #3 is the button
Seat 1: overTA (4634 in chips, $1.50 bounty) 
Seat 2: Mahu2021 (5098 in chips, $1.50 bounty) 
Seat 3: nobbystyles2 (4909 in chips, $1.50 bounty) 
Seat 4: Dr.Mousebrain (4934 in chips, $1.50 bounty) 
Seat 5: kduzinm (4984 in chips, $1.50 bounty) 
Seat 6: merkatpz (4984 in chips, $1.50 bounty) 
Seat 7: maikrocheka (4984 in chips, $1.50 bounty) 
Seat 8: don.emilio1 (5473 in chips, $1.50 bounty) 
overTA: posts the ante 8
Mahu2021: posts the ante 8
nobbystyles2: posts the ante 8
Dr.Mousebrain: posts the ante 8
kduzinm: posts the ante 8
merkatpz: posts the ante 8
maikrocheka: posts the ante 8
don.emilio1: posts the ante 8
Dr.Mousebrain: posts small blind 25
kduzinm: posts big blind 50
*** HOLE CARDS ***
Dealt to Mahu2021 [4c Kh]
merkatpz: folds 
maikrocheka: folds 
don.emilio1: folds 
overTA: folds 
Mahu2021: folds 
nobbystyles2: raises 82 to 132
Dr.Mousebrain: folds 
kduzinm: folds 
Uncalled bet (82) returned to nobbystyles2
nobbystyles2 collected 189 from pot
nobbystyles2: doesn't show hand 
*** SUMMARY ***
Total pot 189 | Rake 0 
Seat 1: overTA folded before Flop (didn't bet)
Seat 2: Mahu2021 folded before Flop (didn't bet)
Seat 3: nobbystyles2 (button) collected (189)
Seat 4: Dr.Mousebrain (small blind) folded before Flop
Seat 5: kduzinm (big blind) folded before Flop
Seat 6: merkatpz folded before Flop (didn't bet)
Seat 7: maikrocheka folded before Flop (didn't bet)
Seat 8: don.emilio1 folded before Flop (didn't bet)



PokerStars Hand #253627253858: Tournament #3827892083, $1.44+$1.50+$0.36 USD Hold'em No Limit - Level I (25/50) - 2024/11/29 20:32:02 CET [2024/11/29 14:32:02 ET]
Table '3827892083 42' 8-max Seat #4 is the button
Seat 1: overTA (4626 in chips, $1.50 bounty) 
Seat 2: Mahu2021 (5090 in chips, $1.50 bounty) 
Seat 3: nobbystyles2 (5040 in chips, $1.50 bounty) 
Seat 4: Dr.Mousebrain (4901 in chips, $1.50 bounty) 
Seat 5: kduzinm (4926 in chips, $1.50 bounty) 
Seat 7: maikrocheka (4976 in chips, $1.50 bounty) 
Seat 8: don.emilio1 (5465 in chips, $1.50 bounty) 
overTA: posts the ante 8
Mahu2021: posts the ante 8
nobbystyles2: posts the ante 8
Dr.Mousebrain: posts the ante 8
kduzinm: posts the ante 8
maikrocheka: posts the ante 8
don.emilio1: posts the ante 8
kduzinm: posts small blind 25
maikrocheka: posts big blind 50
*** HOLE CARDS ***
Dealt to Mahu2021 [4s Tc]
don.emilio1: folds 
overTA: folds 
Mahu2021: folds 
nobbystyles2: folds 
Dr.Mousebrain: folds 
kduzinm: raises 150 to 200
maikrocheka: calls 150
*** FLOP *** [3c 2d Jh]
kduzinm: bets 175
maikrocheka: raises 403 to 578
kduzinm: calls 403
*** TURN *** [3c 2d Jh] [Ts]
kduzinm: checks 
maikrocheka: checks 
*** RIVER *** [3c 2d Jh Ts] [9d]
kduzinm: bets 1500
maikrocheka: folds 
Uncalled bet (1500) returned to kduzinm
kduzinm collected 1612 from pot
kduzinm: doesn't show hand 
*** SUMMARY ***
Total pot 1612 | Rake 0 
Board [3c 2d Jh Ts 9d]
Seat 1: overTA folded before Flop (didn't bet)
Seat 2: Mahu2021 folded before Flop (didn't bet)
Seat 3: nobbystyles2 folded before Flop (didn't bet)
Seat 4: Dr.Mousebrain (button) folded before Flop (didn't bet)
Seat 5: kduzinm (small blind) collected (1612)
Seat 7: maikrocheka (big blind) folded on the River
Seat 8: don.emilio1 folded before Flop (didn't bet)



PokerStars Hand #253627287628: Tournament #3827892083, $1.44+$1.50+$0.36 USD Hold'em No Limit - Level I (25/50) - 2024/11/29 20:34:11 CET [2024/11/29 14:34:11 ET]
Table '3827892083 42' 8-max Seat #5 is the button
Seat 1: overTA (4618 in chips, $1.50 bounty) 
Seat 2: Mahu2021 (5082 in chips, $1.50 bounty) 
Seat 3: nobbystyles2 (5032 in chips, $1.50 bounty) 
Seat 4: Dr.Mousebrain (4893 in chips, $1.50 bounty) 
Seat 5: kduzinm (5752 in chips, $1.50 bounty) 
Seat 6: dabber1959 (5000 in chips) out of hand (moved from another table into small blind)
Seat 7: maikrocheka (4190 in chips, $1.50 bounty) 
Seat 8: don.emilio1 (5457 in chips, $1.50 bounty) 
dabber1959 will be allowed to play after the button
overTA: posts the ante 8
Mahu2021: posts the ante 8
nobbystyles2: posts the ante 8
Dr.Mousebrain: posts the ante 8
kduzinm: posts the ante 8
maikrocheka: posts the ante 8
don.emilio1: posts the ante 8
maikrocheka: posts small blind 25
don.emilio1: posts big blind 50
*** HOLE CARDS ***
Dealt to Mahu2021 [7c 6d]
overTA: raises 50 to 100
Mahu2021: folds 
nobbystyles2: folds 
Dr.Mousebrain: folds 
kduzinm: raises 250 to 350
maikrocheka: folds 
don.emilio1: folds 
overTA: raises 500 to 850
kduzinm: raises 4894 to 5744 and is all-in
overTA: calls 3760 and is all-in
Uncalled bet (1134) returned to kduzinm
*** FLOP *** [7s Ah 8d]
*** TURN *** [7s Ah 8d] [7d]
*** RIVER *** [7s Ah 8d 7d] [4c]
*** SHOW DOWN ***
overTA: shows [Ad Ks] (two pair, Aces and Sevens)
kduzinm: shows [Kc Kd] (two pair, Kings and Sevens)
overTA collected 9351 from pot
*** SUMMARY ***
Total pot 9351 | Rake 0 
Board [7s Ah 8d 7d 4c]
Seat 1: overTA showed [Ad Ks] and won (9351) with two pair, Aces and Sevens
Seat 2: Mahu2021 folded before Flop (didn't bet)
Seat 3: nobbystyles2 folded before Flop (didn't bet)
Seat 4: Dr.Mousebrain folded before Flop (didn't bet)
Seat 5: kduzinm (button) showed [Kc Kd] and lost with two pair, Kings and Sevens
Seat 7: maikrocheka (small blind) folded before Flop
Seat 8: don.emilio1 (big blind) folded before Flop



PokerStars Hand #253627304860: Tournament #3827892083, $1.44+$1.50+$0.36 USD Hold'em No Limit - Level I (25/50) - 2024/11/29 20:35:17 CET [2024/11/29 14:35:17 ET]
Table '3827892083 42' 8-max Seat #7 is the button
Seat 1: overTA (9351 in chips, $1.50 bounty) 
Seat 2: Mahu2021 (5074 in chips, $1.50 bounty) 
Seat 3: nobbystyles2 (5024 in chips, $1.50 bounty) 
Seat 4: Dr.Mousebrain (4885 in chips, $1.50 bounty) 
Seat 5: kduzinm (1134 in chips, $1.50 bounty) 
Seat 6: dabber1959 (5000 in chips, $1.50 bounty) 
Seat 7: maikrocheka (4157 in chips, $1.50 bounty) 
Seat 8: don.emilio1 (5399 in chips, $1.50 bounty) 
overTA: posts the ante 8
Mahu2021: posts the ante 8
nobbystyles2: posts the ante 8
Dr.Mousebrain: posts the ante 8
kduzinm: posts the ante 8
dabber1959: posts the ante 8
maikrocheka: posts the ante 8
don.emilio1: posts the ante 8
don.emilio1: posts small blind 25
overTA: posts big blind 50
*** HOLE CARDS ***
Dealt to Mahu2021 [4d 7s]
Mahu2021: folds 
nobbystyles2: folds 
Dr.Mousebrain: folds 
kduzinm: folds 
dabber1959: folds 
maikrocheka: folds 
don.emilio1: folds 
Uncalled bet (25) returned to overTA
overTA collected 114 from pot
overTA: doesn't show hand 
*** SUMMARY ***
Total pot 114 | Rake 0 
Seat 1: overTA (big blind) collected (114)
Seat 2: Mahu2021 folded before Flop (didn't bet)
Seat 3: nobbystyles2 folded before Flop (didn't bet)
Seat 4: Dr.Mousebrain folded before Flop (didn't bet)
Seat 5: kduzinm folded before Flop (didn't bet)
Seat 6: dabber1959 folded before Flop (didn't bet)
Seat 7: maikrocheka (button) folded before Flop (didn't bet)
Seat 8: don.emilio1 (small blind) folded before Flop



PokerStars Hand #253627312431: Tournament #3827892083, $1.44+$1.50+$0.36 USD Hold'em No Limit - Level I (25/50) - 2024/11/29 20:35:46 CET [2024/11/29 14:35:46 ET]
Table '3827892083 42' 8-max Seat #8 is the button
Seat 1: overTA (9432 in chips, $1.50 bounty) 
Seat 2: Mahu2021 (5066 in chips, $1.50 bounty) 
Seat 3: nobbystyles2 (5016 in chips, $1.50 bounty) 
Seat 4: Dr.Mousebrain (4877 in chips, $1.50 bounty) 
Seat 5: kduzinm (1126 in chips, $1.50 bounty) 
Seat 6: dabber1959 (4992 in chips, $1.50 bounty) 
Seat 7: maikrocheka (4149 in chips, $1.50 bounty) 
Seat 8: don.emilio1 (5366 in chips, $1.50 bounty) 
overTA: posts the ante 8
Mahu2021: posts the ante 8
nobbystyles2: posts the ante 8
Dr.Mousebrain: posts the ante 8
kduzinm: posts the ante 8
dabber1959: posts the ante 8
maikrocheka: posts the ante 8
don.emilio1: posts the ante 8
overTA: posts small blind 25
Mahu2021: posts big blind 50
*** HOLE CARDS ***
Dealt to Mahu2021 [3d 2d]
nobbystyles2: folds 
Dr.Mousebrain: folds 
kduzinm: raises 50 to 100
dabber1959: folds 
maikrocheka: folds 
don.emilio1: folds 
overTA: folds 
Mahu2021: calls 50
*** FLOP *** [7h 5c 9c]
Mahu2021: checks 
kduzinm: bets 250
Mahu2021: folds 
Uncalled bet (250) returned to kduzinm
kduzinm collected 289 from pot
kduzinm: doesn't show hand 
*** SUMMARY ***
Total pot 289 | Rake 0 
Board [7h 5c 9c]
Seat 1: overTA (small blind) folded before Flop
Seat 2: Mahu2021 (big blind) folded on the Flop
Seat 3: nobbystyles2 folded before Flop (didn't bet)
Seat 4: Dr.Mousebrain folded before Flop (didn't bet)
Seat 5: kduzinm collected (289)
Seat 6: dabber1959 folded before Flop (didn't bet)
Seat 7: maikrocheka folded before Flop (didn't bet)
Seat 8: don.emilio1 (button) folded before Flop (didn't bet)



PokerStars Hand #253627322182: Tournament #3827892083, $1.44+$1.50+$0.36 USD Hold'em No Limit - Level I (25/50) - 2024/11/29 20:36:23 CET [2024/11/29 14:36:23 ET]
Table '3827892083 42' 8-max Seat #1 is the button
Seat 1: overTA (9399 in chips, $1.50 bounty) 
Seat 2: Mahu2021 (4958 in chips, $1.50 bounty) 
Seat 3: nobbystyles2 (5008 in chips, $1.50 bounty) 
Seat 4: Dr.Mousebrain (4869 in chips, $1.50 bounty) 
Seat 5: kduzinm (1307 in chips, $1.50 bounty) 
Seat 6: dabber1959 (4984 in chips, $1.50 bounty) 
Seat 7: maikrocheka (4141 in chips, $1.50 bounty) 
Seat 8: don.emilio1 (5358 in chips, $1.50 bounty) 
overTA: posts the ante 8
Mahu2021: posts the ante 8
nobbystyles2: posts the ante 8
Dr.Mousebrain: posts the ante 8
kduzinm: posts the ante 8
dabber1959: posts the ante 8
maikrocheka: posts the ante 8
don.emilio1: posts the ante 8
Mahu2021: posts small blind 25
nobbystyles2: posts big blind 50
*** HOLE CARDS ***
Dealt to Mahu2021 [5s Ts]
Dr.Mousebrain: folds 
kduzinm: folds 
dabber1959: folds 
maikrocheka: folds 
don.emilio1: folds 
overTA: folds 
Mahu2021: folds 
Uncalled bet (25) returned to nobbystyles2
nobbystyles2 collected 114 from pot
nobbystyles2: doesn't show hand 
*** SUMMARY ***
Total pot 114 | Rake 0 
Seat 1: overTA (button) folded before Flop (didn't bet)
Seat 2: Mahu2021 (small blind) folded before Flop
Seat 3: nobbystyles2 (big blind) collected (114)
Seat 4: Dr.Mousebrain folded before Flop (didn't bet)
Seat 5: kduzinm folded before Flop (didn't bet)
Seat 6: dabber1959 folded before Flop (didn't bet)
Seat 7: maikrocheka folded before Flop (didn't bet)
Seat 8: don.emilio1 folded before Flop (didn't bet)



PokerStars Hand #253627327658: Tournament #3827892083, $1.44+$1.50+$0.36 USD Hold'em No Limit - Level I (25/50) - 2024/11/29 20:36:44 CET [2024/11/29 14:36:44 ET]
Table '3827892083 42' 8-max Seat #2 is the button
Seat 1: overTA (9391 in chips, $1.50 bounty) 
Seat 2: Mahu2021 (4925 in chips, $1.50 bounty) 
Seat 3: nobbystyles2 (5089 in chips, $1.50 bounty) 
Seat 4: Dr.Mousebrain (4861 in chips, $1.50 bounty) 
Seat 5: kduzinm (1299 in chips, $1.50 bounty) 
Seat 6: dabber1959 (4976 in chips, $1.50 bounty) 
Seat 7: maikrocheka (4133 in chips, $1.50 bounty) 
Seat 8: don.emilio1 (5350 in chips, $1.50 bounty) 
overTA: posts the ante 8
Mahu2021: posts the ante 8
nobbystyles2: posts the ante 8
Dr.Mousebrain: posts the ante 8
kduzinm: posts the ante 8
dabber1959: posts the ante 8
maikrocheka: posts the ante 8
don.emilio1: posts the ante 8
nobbystyles2: posts small blind 25
Dr.Mousebrain: posts big blind 50
*** HOLE CARDS ***
Dealt to Mahu2021 [Jh 2c]
kduzinm: folds 
dabber1959: folds 
maikrocheka: raises 50 to 100
don.emilio1: folds 
overTA: calls 100
Mahu2021: folds 
nobbystyles2: folds 
Dr.Mousebrain: calls 50
*** FLOP *** [6s Qh Ks]
Dr.Mousebrain: checks 
maikrocheka: checks 
overTA: checks 
*** TURN *** [6s Qh Ks] [3h]
Dr.Mousebrain: bets 200
maikrocheka: calls 200
overTA: folds 
*** RIVER *** [6s Qh Ks 3h] [7d]
Dr.Mousebrain: bets 839
maikrocheka: raises 2986 to 3825 and is all-in
Dr.Mousebrain: folds 
Uncalled bet (2986) returned to maikrocheka
maikrocheka collected 2467 from pot
maikrocheka: doesn't show hand 
*** SUMMARY ***
Total pot 2467 | Rake 0 
Board [6s Qh Ks 3h 7d]
Seat 1: overTA folded on the Turn
Seat 2: Mahu2021 (button) folded before Flop (didn't bet)
Seat 3: nobbystyles2 (small blind) folded before Flop
Seat 4: Dr.Mousebrain (big blind) folded on the River
Seat 5: kduzinm folded before Flop (didn't bet)
Seat 6: dabber1959 folded before Flop (didn't bet)
Seat 7: maikrocheka collected (2467)
Seat 8: don.emilio1 folded before Flop (didn't bet)



PokerStars Hand #253627370733: Tournament #3827892083, $1.44+$1.50+$0.36 USD Hold'em No Limit - Level II (30/60) - 2024/11/29 20:39:29 CET [2024/11/29 14:39:29 ET]
Table '3827892083 42' 8-max Seat #3 is the button
Seat 1: overTA (9283 in chips, $1.50 bounty) 
Seat 2: Mahu2021 (4917 in chips, $1.50 bounty) 
Seat 3: nobbystyles2 (5056 in chips, $1.50 bounty) 
Seat 4: Dr.Mousebrain (3714 in chips, $1.50 bounty) 
Seat 5: kduzinm (1291 in chips, $1.50 bounty) 
Seat 6: dabber1959 (4968 in chips, $1.50 bounty) 
Seat 7: maikrocheka (5453 in chips, $1.50 bounty) 
Seat 8: don.emilio1 (5342 in chips, $1.50 bounty) 
overTA: posts the ante 9
Mahu2021: posts the ante 9
nobbystyles2: posts the ante 9
Dr.Mousebrain: posts the ante 9
kduzinm: posts the ante 9
dabber1959: posts the ante 9
maikrocheka: posts the ante 9
don.emilio1: posts the ante 9
Dr.Mousebrain: posts small blind 30
kduzinm: posts big blind 60
*** HOLE CARDS ***
Dealt to Mahu2021 [6c 4h]
dabber1959: folds 
maikrocheka: folds 
don.emilio1: folds 
overTA: folds 
Mahu2021: folds 
nobbystyles2: raises 99 to 159
Dr.Mousebrain: folds 
kduzinm: raises 1123 to 1282 and is all-in
nobbystyles2: calls 1123
*** FLOP *** [6s 6h 5s]
*** TURN *** [6s 6h 5s] [Js]
*** RIVER *** [6s 6h 5s Js] [Qd]
*** SHOW DOWN ***
kduzinm: shows [Ad Qc] (two pair, Queens and Sixes)
nobbystyles2: shows [Ah 7c] (a pair of Sixes)
kduzinm collected 2666 from pot
*** SUMMARY ***
Total pot 2666 | Rake 0 
Board [6s 6h 5s Js Qd]
Seat 1: overTA folded before Flop (didn't bet)
Seat 2: Mahu2021 folded before Flop (didn't bet)
Seat 3: nobbystyles2 (button) showed [Ah 7c] and lost with a pair of Sixes
Seat 4: Dr.Mousebrain (small blind) folded before Flop
Seat 5: kduzinm (big blind) showed [Ad Qc] and won (2666) with two pair, Queens and Sixes
Seat 6: dabber1959 folded before Flop (didn't bet)
Seat 7: maikrocheka folded before Flop (didn't bet)
Seat 8: don.emilio1 folded before Flop (didn't bet)



PokerStars Hand #253627380675: Tournament #3827892083, $1.44+$1.50+$0.36 USD Hold'em No Limit - Level II (30/60) - 2024/11/29 20:40:06 CET [2024/11/29 14:40:06 ET]
Table '3827892083 42' 8-max Seat #4 is the button
Seat 1: overTA (9274 in chips, $1.50 bounty) 
Seat 2: Mahu2021 (4908 in chips, $1.50 bounty) 
Seat 3: nobbystyles2 (3765 in chips, $1.50 bounty) 
Seat 4: Dr.Mousebrain (3675 in chips, $1.50 bounty) 
Seat 5: kduzinm (2666 in chips, $1.50 bounty) 
Seat 6: dabber1959 (4959 in chips, $1.50 bounty) 
Seat 7: maikrocheka (5444 in chips, $1.50 bounty) 
Seat 8: don.emilio1 (5333 in chips, $1.50 bounty) 
overTA: posts the ante 9
Mahu2021: posts the ante 9
nobbystyles2: posts the ante 9
Dr.Mousebrain: posts the ante 9
kduzinm: posts the ante 9
dabber1959: posts the ante 9
maikrocheka: posts the ante 9
don.emilio1: posts the ante 9
kduzinm: posts small blind 30
dabber1959: posts big blind 60
*** HOLE CARDS ***
Dealt to Mahu2021 [7h 5c]
maikrocheka: raises 60 to 120
don.emilio1: folds 
overTA: folds 
Mahu2021: folds 
nobbystyles2: folds 
Dr.Mousebrain: calls 120
kduzinm: folds 
dabber1959: calls 60
*** FLOP *** [Th Kc Ks]
dabber1959: checks 
maikrocheka: checks 
Dr.Mousebrain: checks 
*** TURN *** [Th Kc Ks] [Kh]
dabber1959: bets 462
maikrocheka: calls 462
Dr.Mousebrain: folds 
*** RIVER *** [Th Kc Ks Kh] [Jd]
dabber1959: bets 1386
maikrocheka: calls 1386
*** SHOW DOWN ***
dabber1959: shows [9d 9h] (a full house, Kings full of Nines)
maikrocheka: shows [Jc Tc] (a full house, Kings full of Jacks)
maikrocheka collected 4158 from pot
*** SUMMARY ***
Total pot 4158 | Rake 0 
Board [Th Kc Ks Kh Jd]
Seat 1: overTA folded before Flop (didn't bet)
Seat 2: Mahu2021 folded before Flop (didn't bet)
Seat 3: nobbystyles2 folded before Flop (didn't bet)
Seat 4: Dr.Mousebrain (button) folded on the Turn
Seat 5: kduzinm (small blind) folded before Flop
Seat 6: dabber1959 (big blind) showed [9d 9h] and lost with a full house, Kings full of Nines
Seat 7: maikrocheka showed [Jc Tc] and won (4158) with a full house, Kings full of Jacks
Seat 8: don.emilio1 folded before Flop (didn't bet)



PokerStars Hand #253627406331: Tournament #3827892083, $1.44+$1.50+$0.36 USD Hold'em No Limit - Level II (30/60) - 2024/11/29 20:41:45 CET [2024/11/29 14:41:45 ET]
Table '3827892083 42' 8-max Seat #5 is the button
Seat 1: overTA (9265 in chips, $1.50 bounty) 
Seat 2: Mahu2021 (4899 in chips, $1.50 bounty) 
Seat 3: nobbystyles2 (3756 in chips, $1.50 bounty) 
Seat 4: Dr.Mousebrain (3546 in chips, $1.50 bounty) 
Seat 5: kduzinm (2627 in chips, $1.50 bounty) 
Seat 6: dabber1959 (2982 in chips, $1.50 bounty) 
Seat 7: maikrocheka (7625 in chips, $1.50 bounty) 
Seat 8: don.emilio1 (5324 in chips, $1.50 bounty) 
overTA: posts the ante 9
Mahu2021: posts the ante 9
nobbystyles2: posts the ante 9
Dr.Mousebrain: posts the ante 9
kduzinm: posts the ante 9
dabber1959: posts the ante 9
maikrocheka: posts the ante 9
don.emilio1: posts the ante 9
dabber1959: posts small blind 30
maikrocheka: posts big blind 60
*** HOLE CARDS ***
Dealt to Mahu2021 [Qh Ks]
don.emilio1: folds 
overTA: folds 
Mahu2021: raises 120 to 180
nobbystyles2: raises 480 to 660
Dr.Mousebrain: folds 
kduzinm: folds 
dabber1959: folds 
maikrocheka: folds 
Mahu2021: calls 480
*** FLOP *** [4h Kh 3h]
Mahu2021: bets 4230 and is all-in
nobbystyles2: calls 3087 and is all-in
Uncalled bet (1143) returned to Mahu2021
*** TURN *** [4h Kh 3h] [6h]
*** RIVER *** [4h Kh 3h 6h] [8c]
*** SHOW DOWN ***
Mahu2021: shows [Qh Ks] (a flush, King high)
nobbystyles2: shows [9s 9h] (a flush, King high - lower cards)
Mahu2021 collected 7656 from pot
Mahu2021 wins $0.75 for eliminating nobbystyles2 and their own bounty increases by $0.75 to $2.25
nobbystyles2 finished the tournament
*** SUMMARY ***
Total pot 7656 | Rake 0 
Board [4h Kh 3h 6h 8c]
Seat 1: overTA folded before Flop (didn't bet)
Seat 2: Mahu2021 showed [Qh Ks] and won (7656) with a flush, King high
Seat 3: nobbystyles2 showed [9s 9h] and lost with a flush, King high
Seat 4: Dr.Mousebrain folded before Flop (didn't bet)
Seat 5: kduzinm (button) folded before Flop (didn't bet)
Seat 6: dabber1959 (small blind) folded before Flop
Seat 7: maikrocheka (big blind) folded before Flop
Seat 8: don.emilio1 folded before Flop (didn't bet)



PokerStars Hand #253627418922: Tournament #3827892083, $1.44+$1.50+$0.36 USD Hold'em No Limit - Level II (30/60) - 2024/11/29 20:42:33 CET [2024/11/29 14:42:33 ET]
Table '3827892083 42' 8-max Seat #6 is the button
Seat 1: overTA (9256 in chips, $1.50 bounty) 
Seat 2: Mahu2021 (8799 in chips, $2.25 bounty) 
Seat 4: Dr.Mousebrain (3537 in chips, $1.50 bounty) 
Seat 5: kduzinm (2618 in chips, $1.50 bounty) 
Seat 6: dabber1959 (2943 in chips, $1.50 bounty) 
Seat 7: maikrocheka (7556 in chips, $1.50 bounty) 
Seat 8: don.emilio1 (5315 in chips, $1.50 bounty) 
overTA: posts the ante 9
Mahu2021: posts the ante 9
Dr.Mousebrain: posts the ante 9
kduzinm: posts the ante 9
dabber1959: posts the ante 9
maikrocheka: posts the ante 9
don.emilio1: posts the ante 9
maikrocheka: posts small blind 30
don.emilio1: posts big blind 60
*** HOLE CARDS ***
Dealt to Mahu2021 [2h Ad]
overTA: folds 
nobbystyles2 is disconnected 
Mahu2021: folds 
Dr.Mousebrain: folds 
kduzinm: raises 60 to 120
dabber1959: folds 
maikrocheka: folds 
don.emilio1: folds 
Uncalled bet (60) returned to kduzinm
kduzinm collected 213 from pot
kduzinm: doesn't show hand 
*** SUMMARY ***
Total pot 213 | Rake 0 
Seat 1: overTA folded before Flop (didn't bet)
Seat 2: Mahu2021 folded before Flop (didn't bet)
Seat 4: Dr.Mousebrain folded before Flop (didn't bet)
Seat 5: kduzinm collected (213)
Seat 6: dabber1959 (button) folded before Flop (didn't bet)
Seat 7: maikrocheka (small blind) folded before Flop
Seat 8: don.emilio1 (big blind) folded before Flop



PokerStars Hand #253627431596: Tournament #3827892083, $1.44+$1.50+$0.36 USD Hold'em No Limit - Level II (30/60) - 2024/11/29 20:43:22 CET [2024/11/29 14:43:22 ET]
Table '3827892083 42' 8-max Seat #7 is the button
Seat 1: overTA (9247 in chips, $1.50 bounty) 
Seat 2: Mahu2021 (8790 in chips, $2.25 bounty) 
Seat 3: nobbystyles2 (5000 in chips, $1.50 bounty) 
Seat 4: Dr.Mousebrain (3528 in chips, $1.50 bounty) 
Seat 5: kduzinm (2762 in chips, $1.50 bounty) 
Seat 6: dabber1959 (2934 in chips, $1.50 bounty) 
Seat 7: maikrocheka (7517 in chips, $1.50 bounty) 
Seat 8: don.emilio1 (5246 in chips, $1.50 bounty) 
overTA: posts the ante 9
Mahu2021: posts the ante 9
nobbystyles2: posts the ante 9
Dr.Mousebrain: posts the ante 9
kduzinm: posts the ante 9
dabber1959: posts the ante 9
maikrocheka: posts the ante 9
don.emilio1: posts the ante 9
don.emilio1: posts small blind 30
overTA: posts big blind 60
*** HOLE CARDS ***
Dealt to Mahu2021 [2h Jd]
Mahu2021: folds 
nobbystyles2: folds 
Dr.Mousebrain: folds 
kduzinm: folds 
dabber1959: folds 
maikrocheka: raises 60 to 120
don.emilio1: folds 
overTA: raises 360 to 480
maikrocheka: folds 
Uncalled bet (360) returned to overTA
overTA collected 342 from pot
overTA: doesn't show hand 
IIIIIiJIEBOi is disconnected 
*** SUMMARY ***
Total pot 342 | Rake 0 
Seat 1: overTA (big blind) collected (342)
Seat 2: Mahu2021 folded before Flop (didn't bet)
Seat 3: nobbystyles2 folded before Flop (didn't bet)
Seat 4: Dr.Mousebrain folded before Flop (didn't bet)
Seat 5: kduzinm folded before Flop (didn't bet)
Seat 6: dabber1959 folded before Flop (didn't bet)
Seat 7: maikrocheka (button) folded before Flop
Seat 8: don.emilio1 (small blind) folded before Flop



PokerStars Hand #253627443697: Tournament #3827892083, $1.44+$1.50+$0.36 USD Hold'em No Limit - Level II (30/60) - 2024/11/29 20:44:09 CET [2024/11/29 14:44:09 ET]
Table '3827892083 42' 8-max Seat #8 is the button
Seat 1: overTA (9460 in chips, $1.50 bounty) 
Seat 2: Mahu2021 (8781 in chips, $2.25 bounty) 
Seat 3: nobbystyles2 (4991 in chips, $1.50 bounty) 
Seat 4: IIIIIiJIEBOi (5000 in chips, $1.50 bounty) 
Seat 5: kduzinm (2753 in chips, $1.50 bounty) 
Seat 6: dabber1959 (2925 in chips, $1.50 bounty) 
Seat 7: maikrocheka (7388 in chips, $1.50 bounty) 
Seat 8: don.emilio1 (5207 in chips, $1.50 bounty) 
overTA: posts the ante 9
Mahu2021: posts the ante 9
nobbystyles2: posts the ante 9
IIIIIiJIEBOi: posts the ante 9
kduzinm: posts the ante 9
dabber1959: posts the ante 9
maikrocheka: posts the ante 9
don.emilio1: posts the ante 9
overTA: posts small blind 30
Mahu2021: posts big blind 60
*** HOLE CARDS ***
Dealt to Mahu2021 [4s 9h]
nobbystyles2: folds 
IIIIIiJIEBOi: folds 
kduzinm: folds 
dabber1959: folds 
maikrocheka: folds 
don.emilio1: raises 60 to 120
overTA: folds 
Mahu2021: folds 
Uncalled bet (60) returned to don.emilio1
don.emilio1 collected 222 from pot
don.emilio1: doesn't show hand 
*** SUMMARY ***
Total pot 222 | Rake 0 
Seat 1: overTA (small blind) folded before Flop
Seat 2: Mahu2021 (big blind) folded before Flop
Seat 3: nobbystyles2 folded before Flop (didn't bet)
Seat 4: IIIIIiJIEBOi folded before Flop (didn't bet)
Seat 5: kduzinm folded before Flop (didn't bet)
Seat 6: dabber1959 folded before Flop (didn't bet)
Seat 7: maikrocheka folded before Flop (didn't bet)
Seat 8: don.emilio1 (button) collected (222)



PokerStars Hand #253627449031: Tournament #3827892083, $1.44+$1.50+$0.36 USD Hold'em No Limit - Level II (30/60) - 2024/11/29 20:44:30 CET [2024/11/29 14:44:30 ET]
Table '3827892083 42' 8-max Seat #1 is the button
Seat 1: overTA (9421 in chips, $1.50 bounty) 
Seat 2: Mahu2021 (8712 in chips, $2.25 bounty) 
Seat 3: nobbystyles2 (4982 in chips, $1.50 bounty) 
Seat 4: IIIIIiJIEBOi (4991 in chips, $1.50 bounty) 
Seat 5: kduzinm (2744 in chips, $1.50 bounty) 
Seat 6: dabber1959 (2916 in chips, $1.50 bounty) 
Seat 7: maikrocheka (7379 in chips, $1.50 bounty) 
Seat 8: don.emilio1 (5360 in chips, $1.50 bounty) 
overTA: posts the ante 9
Mahu2021: posts the ante 9
nobbystyles2: posts the ante 9
IIIIIiJIEBOi: posts the ante 9
kduzinm: posts the ante 9
dabber1959: posts the ante 9
maikrocheka: posts the ante 9
don.emilio1: posts the ante 9
Mahu2021: posts small blind 30
nobbystyles2: posts big blind 60
*** HOLE CARDS ***
Dealt to Mahu2021 [Ks Qh]
IIIIIiJIEBOi: folds 
kduzinm: folds 
dabber1959: folds 
maikrocheka: raises 60 to 120
don.emilio1: folds 
overTA: folds 
Mahu2021: calls 90
nobbystyles2: folds 
*** FLOP *** [3h 8c Qs]
Mahu2021: checks 
maikrocheka: bets 123
Mahu2021: calls 123
*** TURN *** [3h 8c Qs] [Js]
Mahu2021: checks 
maikrocheka: checks 
*** RIVER *** [3h 8c Qs Js] [5h]
Mahu2021: checks 
maikrocheka: checks 
*** SHOW DOWN ***
Mahu2021: shows [Ks Qh] (a pair of Queens)
maikrocheka: mucks hand 
Mahu2021 collected 618 from pot
*** SUMMARY ***
Total pot 618 | Rake 0 
Board [3h 8c Qs Js 5h]
Seat 1: overTA (button) folded before Flop (didn't bet)
Seat 2: Mahu2021 (small blind) showed [Ks Qh] and won (618) with a pair of Queens
Seat 3: nobbystyles2 (big blind) folded before Flop
Seat 4: IIIIIiJIEBOi folded before Flop (didn't bet)
Seat 5: kduzinm folded before Flop (didn't bet)
Seat 6: dabber1959 folded before Flop (didn't bet)
Seat 7: maikrocheka mucked [Ac Td]
Seat 8: don.emilio1 folded before Flop (didn't bet)



PokerStars Hand #253627469212: Tournament #3827892083, $1.44+$1.50+$0.36 USD Hold'em No Limit - Level II (30/60) - 2024/11/29 20:45:47 CET [2024/11/29 14:45:47 ET]
Table '3827892083 42' 8-max Seat #2 is the button
Seat 1: overTA (9412 in chips, $1.50 bounty) 
Seat 2: Mahu2021 (9078 in chips, $2.25 bounty) 
Seat 3: nobbystyles2 (4913 in chips, $1.50 bounty) 
Seat 4: IIIIIiJIEBOi (4982 in chips, $1.50 bounty) 
Seat 5: kduzinm (2735 in chips, $1.50 bounty) 
Seat 6: dabber1959 (2907 in chips, $1.50 bounty) 
Seat 7: maikrocheka (7127 in chips, $1.50 bounty) 
Seat 8: don.emilio1 (5351 in chips, $1.50 bounty) 
overTA: posts the ante 9
Mahu2021: posts the ante 9
nobbystyles2: posts the ante 9
IIIIIiJIEBOi: posts the ante 9
kduzinm: posts the ante 9
dabber1959: posts the ante 9
maikrocheka: posts the ante 9
don.emilio1: posts the ante 9
nobbystyles2: posts small blind 30
IIIIIiJIEBOi: posts big blind 60
*** HOLE CARDS ***
Dealt to Mahu2021 [Kd 7s]
kduzinm: folds 
dabber1959: raises 60 to 120
maikrocheka: folds 
don.emilio1: folds 
overTA: folds 
Mahu2021: folds 
nobbystyles2: folds 
IIIIIiJIEBOi: calls 60
*** FLOP *** [Js 6h 7c]
IIIIIiJIEBOi: checks 
dabber1959: bets 342
IIIIIiJIEBOi: folds 
Uncalled bet (342) returned to dabber1959
dabber1959 collected 342 from pot
*** SUMMARY ***
Total pot 342 | Rake 0 
Board [Js 6h 7c]
Seat 1: overTA folded before Flop (didn't bet)
Seat 2: Mahu2021 (button) folded before Flop (didn't bet)
Seat 3: nobbystyles2 (small blind) folded before Flop
Seat 4: IIIIIiJIEBOi (big blind) folded on the Flop
Seat 5: kduzinm folded before Flop (didn't bet)
Seat 6: dabber1959 collected (342)
Seat 7: maikrocheka folded before Flop (didn't bet)
Seat 8: don.emilio1 folded before Flop (didn't bet)



PokerStars Hand #253627481891: Tournament #3827892083, $1.44+$1.50+$0.36 USD Hold'em No Limit - Level III (35/70) - 2024/11/29 20:46:36 CET [2024/11/29 14:46:36 ET]
Table '3827892083 42' 8-max Seat #3 is the button
Seat 1: overTA (9403 in chips, $1.50 bounty) 
Seat 2: Mahu2021 (9069 in chips, $2.25 bounty) 
Seat 3: nobbystyles2 (4874 in chips, $1.50 bounty) 
Seat 4: IIIIIiJIEBOi (4853 in chips, $1.50 bounty) 
Seat 5: kduzinm (2726 in chips, $1.50 bounty) 
Seat 6: dabber1959 (3120 in chips, $1.50 bounty) 
Seat 7: maikrocheka (7118 in chips, $1.50 bounty) 
Seat 8: don.emilio1 (5342 in chips, $1.50 bounty) 
overTA: posts the ante 11
Mahu2021: posts the ante 11
nobbystyles2: posts the ante 11
IIIIIiJIEBOi: posts the ante 11
kduzinm: posts the ante 11
dabber1959: posts the ante 11
maikrocheka: posts the ante 11
don.emilio1: posts the ante 11
IIIIIiJIEBOi: posts small blind 35
kduzinm: posts big blind 70
*** HOLE CARDS ***
Dealt to Mahu2021 [Js Kh]
dabber1959: folds 
maikrocheka: folds 
don.emilio1: raises 70 to 140
overTA: folds 
Mahu2021: calls 140
nobbystyles2: folds 
IIIIIiJIEBOi: folds 
kduzinm: calls 70
*** FLOP *** [Ah Qd Ks]
kduzinm: checks 
don.emilio1: checks 
Mahu2021: checks 
*** TURN *** [Ah Qd Ks] [Jd]
kduzinm: checks 
don.emilio1: bets 174
Mahu2021: calls 174
kduzinm: folds 
*** RIVER *** [Ah Qd Ks Jd] [5c]
don.emilio1: checks 
Mahu2021: checks 
*** SHOW DOWN ***
don.emilio1: shows [Jh Jc] (three of a kind, Jacks)
Mahu2021: mucks hand 
don.emilio1 collected 891 from pot
*** SUMMARY ***
Total pot 891 | Rake 0 
Board [Ah Qd Ks Jd 5c]
Seat 1: overTA folded before Flop (didn't bet)
Seat 2: Mahu2021 mucked [Js Kh]
Seat 3: nobbystyles2 (button) folded before Flop (didn't bet)
Seat 4: IIIIIiJIEBOi (small blind) folded before Flop
Seat 5: kduzinm (big blind) folded on the Turn
Seat 6: dabber1959 folded before Flop (didn't bet)
Seat 7: maikrocheka folded before Flop (didn't bet)
Seat 8: don.emilio1 showed [Jh Jc] and won (891) with three of a kind, Jacks



PokerStars Hand #253627503064: Tournament #3827892083, $1.44+$1.50+$0.36 USD Hold'em No Limit - Level III (35/70) - 2024/11/29 20:47:57 CET [2024/11/29 14:47:57 ET]
Table '3827892083 42' 8-max Seat #4 is the button
Seat 1: overTA (9392 in chips, $1.50 bounty) 
Seat 2: Mahu2021 (8744 in chips, $2.25 bounty) 
Seat 3: nobbystyles2 (4863 in chips, $1.50 bounty) 
Seat 4: IIIIIiJIEBOi (4807 in chips, $1.50 bounty) 
Seat 5: kduzinm (2575 in chips, $1.50 bounty) 
Seat 6: dabber1959 (3109 in chips, $1.50 bounty) 
Seat 7: maikrocheka (7107 in chips, $1.50 bounty) 
Seat 8: don.emilio1 (5908 in chips, $1.50 bounty) 
overTA: posts the ante 11
Mahu2021: posts the ante 11
nobbystyles2: posts the ante 11
IIIIIiJIEBOi: posts the ante 11
kduzinm: posts the ante 11
dabber1959: posts the ante 11
maikrocheka: posts the ante 11
don.emilio1: posts the ante 11
kduzinm: posts small blind 35
dabber1959: posts big blind 70
*** HOLE CARDS ***
Dealt to Mahu2021 [Kd Ad]
maikrocheka: folds 
don.emilio1: folds 
overTA: folds 
Mahu2021: raises 140 to 210
nobbystyles2: folds 
IIIIIiJIEBOi: folds 
kduzinm: raises 2354 to 2564 and is all-in
dabber1959: folds 
Mahu2021: calls 2354
*** FLOP *** [Ac Qd 5c]
*** TURN *** [Ac Qd 5c] [9s]
*** RIVER *** [Ac Qd 5c 9s] [Kh]
*** SHOW DOWN ***
kduzinm: shows [Qc As] (two pair, Aces and Queens)
Mahu2021: shows [Kd Ad] (two pair, Aces and Kings)
Mahu2021 collected 5286 from pot
Mahu2021 wins $0.75 for eliminating kduzinm and their own bounty increases by $0.75 to $3
kduzinm finished the tournament
*** SUMMARY ***
Total pot 5286 | Rake 0 
Board [Ac Qd 5c 9s Kh]
Seat 1: overTA folded before Flop (didn't bet)
Seat 2: Mahu2021 showed [Kd Ad] and won (5286) with two pair, Aces and Kings
Seat 3: nobbystyles2 folded before Flop (didn't bet)
Seat 4: IIIIIiJIEBOi (button) folded before Flop (didn't bet)
Seat 5: kduzinm (small blind) showed [Qc As] and lost with two pair, Aces and Queens
Seat 6: dabber1959 (big blind) folded before Flop
Seat 7: maikrocheka folded before Flop (didn't bet)
Seat 8: don.emilio1 folded before Flop (didn't bet)



PokerStars Hand #253627515194: Tournament #3827892083, $1.44+$1.50+$0.36 USD Hold'em No Limit - Level III (35/70) - 2024/11/29 20:48:43 CET [2024/11/29 14:48:43 ET]
Table '3827892083 42' 8-max Seat #6 is the button
Seat 1: overTA (9381 in chips, $1.50 bounty) 
Seat 2: Mahu2021 (11455 in chips, $3 bounty) 
Seat 3: nobbystyles2 (4852 in chips, $1.50 bounty) 
Seat 4: IIIIIiJIEBOi (4796 in chips, $1.50 bounty) 
Seat 6: dabber1959 (3028 in chips, $1.50 bounty) 
Seat 7: maikrocheka (7096 in chips, $1.50 bounty) 
Seat 8: don.emilio1 (5897 in chips, $1.50 bounty) 
overTA: posts the ante 11
Mahu2021: posts the ante 11
nobbystyles2: posts the ante 11
IIIIIiJIEBOi: posts the ante 11
dabber1959: posts the ante 11
maikrocheka: posts the ante 11
don.emilio1: posts the ante 11
maikrocheka: posts small blind 35
don.emilio1: posts big blind 70
*** HOLE CARDS ***
Dealt to Mahu2021 [7c Ah]
overTA: folds 
Mahu2021: folds 
nobbystyles2: raises 87 to 157
IIIIIiJIEBOi: folds 
dabber1959: folds 
maikrocheka: folds 
don.emilio1: calls 87
*** FLOP *** [Jc 6s 8h]
don.emilio1: checks 
nobbystyles2: bets 307
don.emilio1: calls 307
*** TURN *** [Jc 6s 8h] [7d]
don.emilio1: checks 
nobbystyles2: bets 593
don.emilio1: calls 593
*** RIVER *** [Jc 6s 8h 7d] [Ks]
don.emilio1: bets 4829 and is all-in
nobbystyles2: calls 3784 and is all-in
Uncalled bet (1045) returned to don.emilio1
*** SHOW DOWN ***
don.emilio1: shows [8d Kd] (two pair, Kings and Eights)
nobbystyles2: shows [Ad Jd] (a pair of Jacks)
don.emilio1 collected 9794 from pot
don.emilio1 wins $0.75 for eliminating nobbystyles2 and their own bounty increases by $0.75 to $2.25
nobbystyles2 finished the tournament
*** SUMMARY ***
Total pot 9794 | Rake 0 
Board [Jc 6s 8h 7d Ks]
Seat 1: overTA folded before Flop (didn't bet)
Seat 2: Mahu2021 folded before Flop (didn't bet)
Seat 3: nobbystyles2 showed [Ad Jd] and lost with a pair of Jacks
Seat 4: IIIIIiJIEBOi folded before Flop (didn't bet)
Seat 6: dabber1959 (button) folded before Flop (didn't bet)
Seat 7: maikrocheka (small blind) folded before Flop
Seat 8: don.emilio1 (big blind) showed [8d Kd] and won (9794) with two pair, Kings and Eights



PokerStars Hand #253627533965: Tournament #3827892083, $1.44+$1.50+$0.36 USD Hold'em No Limit - Level III (35/70) - 2024/11/29 20:49:55 CET [2024/11/29 14:49:55 ET]
Table '3827892083 42' 8-max Seat #7 is the button
Seat 1: overTA (9370 in chips, $1.50 bounty) 
Seat 2: Mahu2021 (11444 in chips, $3 bounty) 
Seat 4: IIIIIiJIEBOi (4785 in chips, $1.50 bounty) 
Seat 5: albani07 (5000 in chips, $1.50 bounty) 
Seat 6: dabber1959 (3017 in chips, $1.50 bounty) 
Seat 7: maikrocheka (7050 in chips, $1.50 bounty) 
Seat 8: don.emilio1 (10839 in chips, $2.25 bounty) 
overTA: posts the ante 11
Mahu2021: posts the ante 11
IIIIIiJIEBOi: posts the ante 11
albani07: posts the ante 11
dabber1959: posts the ante 11
maikrocheka: posts the ante 11
don.emilio1: posts the ante 11
don.emilio1: posts small blind 35
overTA: posts big blind 70
*** HOLE CARDS ***
Dealt to Mahu2021 [5c 8h]
Mahu2021: folds 
IIIIIiJIEBOi: folds 
albani07: folds 
dabber1959: folds 
maikrocheka: folds 
don.emilio1: folds 
Uncalled bet (35) returned to overTA
overTA collected 147 from pot
overTA: doesn't show hand 
*** SUMMARY ***
Total pot 147 | Rake 0 
Seat 1: overTA (big blind) collected (147)
Seat 2: Mahu2021 folded before Flop (didn't bet)
Seat 4: IIIIIiJIEBOi folded before Flop (didn't bet)
Seat 5: albani07 folded before Flop (didn't bet)
Seat 6: dabber1959 folded before Flop (didn't bet)
Seat 7: maikrocheka (button) folded before Flop (didn't bet)
Seat 8: don.emilio1 (small blind) folded before Flop



PokerStars Hand #253627541436: Tournament #3827892083, $1.44+$1.50+$0.36 USD Hold'em No Limit - Level III (35/70) - 2024/11/29 20:50:23 CET [2024/11/29 14:50:23 ET]
Table '3827892083 42' 8-max Seat #8 is the button
Seat 1: overTA (9471 in chips, $1.50 bounty) 
Seat 2: Mahu2021 (11433 in chips, $3 bounty) 
Seat 4: IIIIIiJIEBOi (4774 in chips, $1.50 bounty) 
Seat 5: albani07 (4989 in chips, $1.50 bounty) 
Seat 6: dabber1959 (3006 in chips, $1.50 bounty) 
Seat 7: maikrocheka (7039 in chips, $1.50 bounty) 
Seat 8: don.emilio1 (10793 in chips, $2.25 bounty) 
overTA: posts the ante 11
Mahu2021: posts the ante 11
IIIIIiJIEBOi: posts the ante 11
albani07: posts the ante 11
dabber1959: posts the ante 11
maikrocheka: posts the ante 11
don.emilio1: posts the ante 11
overTA: posts small blind 35
Mahu2021: posts big blind 70
*** HOLE CARDS ***
Dealt to Mahu2021 [3h Ks]
marianoacha is disconnected 
IIIIIiJIEBOi: folds 
albani07: raises 70 to 140
dabber1959: folds 
maikrocheka: folds 
don.emilio1: calls 140
overTA: folds 
Mahu2021: calls 70
*** FLOP *** [Jc 5s Jd]
Mahu2021: checks 
albani07: bets 154
don.emilio1: calls 154
Mahu2021: folds 
*** TURN *** [Jc 5s Jd] [4d]
albani07: bets 580
don.emilio1: calls 580
*** RIVER *** [Jc 5s Jd 4d] [6h]
albani07: bets 2200
don.emilio1: calls 2200
*** SHOW DOWN ***
albani07: shows [Ac Ad] (two pair, Aces and Jacks)
don.emilio1: mucks hand 
albani07 collected 6400 from pot
*** SUMMARY ***
Total pot 6400 | Rake 0 
Board [Jc 5s Jd 4d 6h]
Seat 1: overTA (small blind) folded before Flop
Seat 2: Mahu2021 (big blind) folded on the Flop
Seat 4: IIIIIiJIEBOi folded before Flop (didn't bet)
Seat 5: albani07 showed [Ac Ad] and won (6400) with two pair, Aces and Jacks
Seat 6: dabber1959 folded before Flop (didn't bet)
Seat 7: maikrocheka folded before Flop (didn't bet)
Seat 8: don.emilio1 (button) mucked [8h 8d]



PokerStars Hand #253627555630: Tournament #3827892083, $1.44+$1.50+$0.36 USD Hold'em No Limit - Level III (35/70) - 2024/11/29 20:51:18 CET [2024/11/29 14:51:18 ET]
Table '3827892083 42' 8-max Seat #1 is the button
Seat 1: overTA (9425 in chips, $1.50 bounty) 
Seat 2: Mahu2021 (11282 in chips, $3 bounty) 
Seat 3: marianoacha (5000 in chips, $1.50 bounty) 
Seat 4: IIIIIiJIEBOi (4763 in chips, $1.50 bounty) 
Seat 5: albani07 (8304 in chips, $1.50 bounty) 
Seat 6: dabber1959 (2995 in chips, $1.50 bounty) 
Seat 7: maikrocheka (7028 in chips, $1.50 bounty) 
Seat 8: don.emilio1 (7708 in chips, $2.25 bounty) 
overTA: posts the ante 11
Mahu2021: posts the ante 11
marianoacha: posts the ante 11
IIIIIiJIEBOi: posts the ante 11
albani07: posts the ante 11
dabber1959: posts the ante 11
maikrocheka: posts the ante 11
don.emilio1: posts the ante 11
Mahu2021: posts small blind 35
marianoacha: posts big blind 70
*** HOLE CARDS ***
Dealt to Mahu2021 [Ac Kd]
IIIIIiJIEBOi: folds 
albani07: folds 
dabber1959: folds 
maikrocheka: folds 
don.emilio1: folds 
overTA: folds 
Mahu2021: raises 140 to 210
marianoacha: calls 140
*** FLOP *** [6d 2c Tc]
Mahu2021: checks 
marianoacha: checks 
*** TURN *** [6d 2c Tc] [4s]
Mahu2021: checks 
marianoacha: checks 
*** RIVER *** [6d 2c Tc 4s] [8s]
Mahu2021: checks 
marianoacha: bets 203
Mahu2021: folds 
Uncalled bet (203) returned to marianoacha
marianoacha collected 508 from pot
*** SUMMARY ***
Total pot 508 | Rake 0 
Board [6d 2c Tc 4s 8s]
Seat 1: overTA (button) folded before Flop (didn't bet)
Seat 2: Mahu2021 (small blind) folded on the River
Seat 3: marianoacha (big blind) collected (508)
Seat 4: IIIIIiJIEBOi folded before Flop (didn't bet)
Seat 5: albani07 folded before Flop (didn't bet)
Seat 6: dabber1959 folded before Flop (didn't bet)
Seat 7: maikrocheka folded before Flop (didn't bet)
Seat 8: don.emilio1 folded before Flop (didn't bet)



PokerStars Hand #253627569218: Tournament #3827892083, $1.44+$1.50+$0.36 USD Hold'em No Limit - Level III (35/70) - 2024/11/29 20:52:10 CET [2024/11/29 14:52:10 ET]
Table '3827892083 42' 8-max Seat #2 is the button
Seat 1: overTA (9414 in chips, $1.50 bounty) 
Seat 2: Mahu2021 (11061 in chips, $3 bounty) 
Seat 3: marianoacha (5287 in chips, $1.50 bounty) 
Seat 4: IIIIIiJIEBOi (4752 in chips, $1.50 bounty) 
Seat 5: albani07 (8293 in chips, $1.50 bounty) 
Seat 6: dabber1959 (2984 in chips, $1.50 bounty) 
Seat 7: maikrocheka (7017 in chips, $1.50 bounty) 
Seat 8: don.emilio1 (7697 in chips, $2.25 bounty) 
overTA: posts the ante 11
Mahu2021: posts the ante 11
marianoacha: posts the ante 11
IIIIIiJIEBOi: posts the ante 11
albani07: posts the ante 11
dabber1959: posts the ante 11
maikrocheka: posts the ante 11
don.emilio1: posts the ante 11
marianoacha: posts small blind 35
IIIIIiJIEBOi: posts big blind 70
*** HOLE CARDS ***
Dealt to Mahu2021 [Qd 6s]
albani07: folds 
dabber1959: folds 
maikrocheka: folds 
don.emilio1: folds 
overTA: raises 70 to 140
Mahu2021: folds 
marianoacha: folds 
IIIIIiJIEBOi: folds 
Uncalled bet (70) returned to overTA
overTA collected 263 from pot
overTA: doesn't show hand 
*** SUMMARY ***
Total pot 263 | Rake 0 
Seat 1: overTA collected (263)
Seat 2: Mahu2021 (button) folded before Flop (didn't bet)
Seat 3: marianoacha (small blind) folded before Flop
Seat 4: IIIIIiJIEBOi (big blind) folded before Flop
Seat 5: albani07 folded before Flop (didn't bet)
Seat 6: dabber1959 folded before Flop (didn't bet)
Seat 7: maikrocheka folded before Flop (didn't bet)
Seat 8: don.emilio1 folded before Flop (didn't bet)



PokerStars Hand #253627573753: Tournament #3827892083, $1.44+$1.50+$0.36 USD Hold'em No Limit - Level III (35/70) - 2024/11/29 20:52:27 CET [2024/11/29 14:52:27 ET]
Table '3827892083 42' 8-max Seat #3 is the button
Seat 1: overTA (9596 in chips, $1.50 bounty) 
Seat 2: Mahu2021 (11050 in chips, $3 bounty) 
Seat 3: marianoacha (5241 in chips, $1.50 bounty) 
Seat 4: IIIIIiJIEBOi (4671 in chips, $1.50 bounty) 
Seat 5: albani07 (8282 in chips, $1.50 bounty) 
Seat 6: dabber1959 (2973 in chips, $1.50 bounty) 
Seat 7: maikrocheka (7006 in chips, $1.50 bounty) 
Seat 8: don.emilio1 (7686 in chips, $2.25 bounty) 
overTA: posts the ante 11
Mahu2021: posts the ante 11
marianoacha: posts the ante 11
IIIIIiJIEBOi: posts the ante 11
albani07: posts the ante 11
dabber1959: posts the ante 11
maikrocheka: posts the ante 11
don.emilio1: posts the ante 11
IIIIIiJIEBOi: posts small blind 35
albani07: posts big blind 70
*** HOLE CARDS ***
Dealt to Mahu2021 [Jh 8c]
dabber1959: folds 
maikrocheka: folds 
don.emilio1: folds 
overTA: folds 
Mahu2021: folds 
marianoacha: folds 
IIIIIiJIEBOi: folds 
Uncalled bet (35) returned to albani07
albani07 collected 158 from pot
albani07: doesn't show hand 
*** SUMMARY ***
Total pot 158 | Rake 0 
Seat 1: overTA folded before Flop (didn't bet)
Seat 2: Mahu2021 folded before Flop (didn't bet)
Seat 3: marianoacha (button) folded before Flop (didn't bet)
Seat 4: IIIIIiJIEBOi (small blind) folded before Flop
Seat 5: albani07 (big blind) collected (158)
Seat 6: dabber1959 folded before Flop (didn't bet)
Seat 7: maikrocheka folded before Flop (didn't bet)
Seat 8: don.emilio1 folded before Flop (didn't bet)



PokerStars Hand #253627576270: Tournament #3827892083, $1.44+$1.50+$0.36 USD Hold'em No Limit - Level III (35/70) - 2024/11/29 20:52:37 CET [2024/11/29 14:52:37 ET]
Table '3827892083 42' 8-max Seat #4 is the button
Seat 1: overTA (9585 in chips, $1.50 bounty) 
Seat 2: Mahu2021 (11039 in chips, $3 bounty) 
Seat 3: marianoacha (5230 in chips, $1.50 bounty) 
Seat 4: IIIIIiJIEBOi (4625 in chips, $1.50 bounty) 
Seat 5: albani07 (8394 in chips, $1.50 bounty) 
Seat 6: dabber1959 (2962 in chips, $1.50 bounty) 
Seat 7: maikrocheka (6995 in chips, $1.50 bounty) 
Seat 8: don.emilio1 (7675 in chips, $2.25 bounty) 
overTA: posts the ante 11
Mahu2021: posts the ante 11
marianoacha: posts the ante 11
IIIIIiJIEBOi: posts the ante 11
albani07: posts the ante 11
dabber1959: posts the ante 11
maikrocheka: posts the ante 11
don.emilio1: posts the ante 11
albani07: posts small blind 35
dabber1959: posts big blind 70
*** HOLE CARDS ***
Dealt to Mahu2021 [4h 3h]
maikrocheka: folds 
don.emilio1: folds 
overTA: folds 
Mahu2021: folds 
marianoacha: raises 91 to 161
IIIIIiJIEBOi: folds 
albani07: calls 126
dabber1959: calls 91
*** FLOP *** [Ad 5s 4d]
albani07: checks 
dabber1959: checks 
marianoacha: checks 
*** TURN *** [Ad 5s 4d] [2c]
albani07: bets 166
dabber1959: calls 166
marianoacha: folds 
*** RIVER *** [Ad 5s 4d 2c] [Kh]
albani07: bets 70
dabber1959: raises 210 to 280
albani07: folds 
Uncalled bet (210) returned to dabber1959
dabber1959 collected 1043 from pot
*** SUMMARY ***
Total pot 1043 | Rake 0 
Board [Ad 5s 4d 2c Kh]
Seat 1: overTA folded before Flop (didn't bet)
Seat 2: Mahu2021 folded before Flop (didn't bet)
Seat 3: marianoacha folded on the Turn
Seat 4: IIIIIiJIEBOi (button) folded before Flop (didn't bet)
Seat 5: albani07 (small blind) folded on the River
Seat 6: dabber1959 (big blind) collected (1043)
Seat 7: maikrocheka folded before Flop (didn't bet)
Seat 8: don.emilio1 folded before Flop (didn't bet)



PokerStars Hand #253627588260: Tournament #3827892083, $1.44+$1.50+$0.36 USD Hold'em No Limit - Level III (35/70) - 2024/11/29 20:53:23 CET [2024/11/29 14:53:23 ET]
Table '3827892083 42' 8-max Seat #5 is the button
Seat 1: overTA (9574 in chips, $1.50 bounty) 
Seat 2: Mahu2021 (11028 in chips, $3 bounty) 
Seat 3: marianoacha (5058 in chips, $1.50 bounty) 
Seat 4: IIIIIiJIEBOi (4614 in chips, $1.50 bounty) 
Seat 5: albani07 (7986 in chips, $1.50 bounty) 
Seat 6: dabber1959 (3597 in chips, $1.50 bounty) 
Seat 7: maikrocheka (6984 in chips, $1.50 bounty) 
Seat 8: don.emilio1 (7664 in chips, $2.25 bounty) 
overTA: posts the ante 11
Mahu2021: posts the ante 11
marianoacha: posts the ante 11
IIIIIiJIEBOi: posts the ante 11
albani07: posts the ante 11
dabber1959: posts the ante 11
maikrocheka: posts the ante 11
don.emilio1: posts the ante 11
dabber1959: posts small blind 35
maikrocheka: posts big blind 70
*** HOLE CARDS ***
Dealt to Mahu2021 [6h 5h]
don.emilio1: raises 70 to 140
overTA: folds 
Mahu2021: folds 
marianoacha: folds 
IIIIIiJIEBOi: raises 350 to 490
albani07: folds 
dabber1959: folds 
maikrocheka: calls 420
don.emilio1: folds 
*** FLOP *** [Qd Tc Qs]
maikrocheka: checks 
IIIIIiJIEBOi: bets 410
maikrocheka: calls 410
*** TURN *** [Qd Tc Qs] [8d]
maikrocheka: checks 
don.emilio1 is disconnected 
IIIIIiJIEBOi: checks 
*** RIVER *** [Qd Tc Qs 8d] [3h]
maikrocheka: checks 
IIIIIiJIEBOi: checks 
*** SHOW DOWN ***
maikrocheka: shows [Th 8h] (two pair, Queens and Tens)
IIIIIiJIEBOi: mucks hand 
maikrocheka collected 2063 from pot
*** SUMMARY ***
Total pot 2063 | Rake 0 
Board [Qd Tc Qs 8d 3h]
Seat 1: overTA folded before Flop (didn't bet)
Seat 2: Mahu2021 folded before Flop (didn't bet)
Seat 3: marianoacha folded before Flop (didn't bet)
Seat 4: IIIIIiJIEBOi mucked [Ad Kh]
Seat 5: albani07 (button) folded before Flop (didn't bet)
Seat 6: dabber1959 (small blind) folded before Flop
Seat 7: maikrocheka (big blind) showed [Th 8h] and won (2063) with two pair, Queens and Tens
Seat 8: don.emilio1 folded before Flop



PokerStars Hand #253627617974: Tournament #3827892083, $1.44+$1.50+$0.36 USD Hold'em No Limit - Level IV (40/80) - 2024/11/29 20:55:16 CET [2024/11/29 14:55:16 ET]
Table '3827892083 42' 8-max Seat #6 is the button
Seat 1: overTA (9563 in chips, $1.50 bounty) 
Seat 2: Mahu2021 (11017 in chips, $3 bounty) 
Seat 3: marianoacha (5047 in chips, $1.50 bounty) 
Seat 4: IIIIIiJIEBOi (3703 in chips, $1.50 bounty) 
Seat 5: albani07 (7975 in chips, $1.50 bounty) 
Seat 6: dabber1959 (3551 in chips, $1.50 bounty) 
Seat 7: maikrocheka (8136 in chips, $1.50 bounty) 
Seat 8: don.emilio1 (7513 in chips, $2.25 bounty) 
overTA: posts the ante 12
Mahu2021: posts the ante 12
marianoacha: posts the ante 12
IIIIIiJIEBOi: posts the ante 12
albani07: posts the ante 12
dabber1959: posts the ante 12
maikrocheka: posts the ante 12
don.emilio1: posts the ante 12
maikrocheka: posts small blind 40
don.emilio1: posts big blind 80
*** HOLE CARDS ***
Dealt to Mahu2021 [4s 3c]
overTA: raises 80 to 160
Mahu2021: folds 
marianoacha: folds 
IIIIIiJIEBOi: folds 
albani07: calls 160
dabber1959: folds 
maikrocheka: calls 120
don.emilio1 is connected 
don.emilio1: calls 80
*** FLOP *** [2h Ac 8h]
maikrocheka: checks 
don.emilio1: checks 
overTA: checks 
albani07: checks 
*** TURN *** [2h Ac 8h] [9h]
maikrocheka: checks 
don.emilio1: checks 
overTA: bets 490
albani07: folds 
maikrocheka: folds 
don.emilio1: folds 
Uncalled bet (490) returned to overTA
overTA collected 736 from pot
overTA: doesn't show hand 
*** SUMMARY ***
Total pot 736 | Rake 0 
Board [2h Ac 8h 9h]
Seat 1: overTA collected (736)
Seat 2: Mahu2021 folded before Flop (didn't bet)
Seat 3: marianoacha folded before Flop (didn't bet)
Seat 4: IIIIIiJIEBOi folded before Flop (didn't bet)
Seat 5: albani07 folded on the Turn
Seat 6: dabber1959 (button) folded before Flop (didn't bet)
Seat 7: maikrocheka (small blind) folded on the Turn
Seat 8: don.emilio1 (big blind) folded on the Turn



PokerStars Hand #253627703546: Tournament #3827892083, $1.44+$1.50+$0.36 USD Hold'em No Limit - Level IV (40/80) - 2024/11/29 21:02:26 CET [2024/11/29 15:02:26 ET]
Table '3827892083 42' 8-max Seat #7 is the button
Seat 1: overTA (10127 in chips, $1.50 bounty) 
Seat 2: Mahu2021 (11005 in chips, $3 bounty) 
Seat 3: marianoacha (5035 in chips, $1.50 bounty) 
Seat 4: IIIIIiJIEBOi (3691 in chips, $1.50 bounty) 
Seat 5: albani07 (7803 in chips, $1.50 bounty) 
Seat 6: dabber1959 (3539 in chips, $1.50 bounty) 
Seat 7: maikrocheka (7964 in chips, $1.50 bounty) 
Seat 8: don.emilio1 (7341 in chips, $2.25 bounty) 
overTA: posts the ante 12
Mahu2021: posts the ante 12
marianoacha: posts the ante 12
IIIIIiJIEBOi: posts the ante 12
albani07: posts the ante 12
dabber1959: posts the ante 12
maikrocheka: posts the ante 12
don.emilio1: posts the ante 12
don.emilio1: posts small blind 40
overTA: posts big blind 80
*** HOLE CARDS ***
Dealt to Mahu2021 [Th 7c]
Mahu2021: folds 
marianoacha: folds 
IIIIIiJIEBOi: raises 80 to 160
albani07: calls 160
dabber1959: calls 160
maikrocheka: calls 160
don.emilio1: folds 
overTA: folds 
*** FLOP *** [Qs 4s Tc]
IIIIIiJIEBOi: checks 
albani07: bets 168
dabber1959: calls 168
maikrocheka: calls 168
IIIIIiJIEBOi: folds 
*** TURN *** [Qs 4s Tc] [6s]
albani07: bets 666
dabber1959: calls 666
maikrocheka: folds 
*** RIVER *** [Qs 4s Tc 6s] [2d]
albani07: bets 1857
dabber1959: folds 
Uncalled bet (1857) returned to albani07
albani07 collected 2692 from pot
albani07: doesn't show hand 
*** SUMMARY ***
Total pot 2692 | Rake 0 
Board [Qs 4s Tc 6s 2d]
Seat 1: overTA (big blind) folded before Flop
Seat 2: Mahu2021 folded before Flop (didn't bet)
Seat 3: marianoacha folded before Flop (didn't bet)
Seat 4: IIIIIiJIEBOi folded on the Flop
Seat 5: albani07 collected (2692)
Seat 6: dabber1959 folded on the River
Seat 7: maikrocheka (button) folded on the Turn
Seat 8: don.emilio1 (small blind) folded before Flop



PokerStars Hand #253627720031: Tournament #3827892083, $1.44+$1.50+$0.36 USD Hold'em No Limit - Level IV (40/80) - 2024/11/29 21:03:30 CET [2024/11/29 15:03:30 ET]
Table '3827892083 42' 8-max Seat #8 is the button
Seat 1: overTA (10035 in chips, $1.50 bounty) 
Seat 2: Mahu2021 (10993 in chips, $3 bounty) 
Seat 3: marianoacha (5023 in chips, $1.50 bounty) 
Seat 4: IIIIIiJIEBOi (3519 in chips, $1.50 bounty) 
Seat 5: albani07 (9489 in chips, $1.50 bounty) 
Seat 6: dabber1959 (2533 in chips, $1.50 bounty) 
Seat 7: maikrocheka (7624 in chips, $1.50 bounty) 
Seat 8: don.emilio1 (7289 in chips, $2.25 bounty) 
overTA: posts the ante 12
Mahu2021: posts the ante 12
marianoacha: posts the ante 12
IIIIIiJIEBOi: posts the ante 12
albani07: posts the ante 12
dabber1959: posts the ante 12
maikrocheka: posts the ante 12
don.emilio1: posts the ante 12
overTA: posts small blind 40
Mahu2021: posts big blind 80
*** HOLE CARDS ***
Dealt to Mahu2021 [Tc Jc]
marianoacha: folds 
IIIIIiJIEBOi: folds 
albani07: raises 80 to 160
dabber1959: calls 160
maikrocheka: folds 
don.emilio1: calls 160
overTA: calls 120
Mahu2021: calls 80
*** FLOP *** [Ks 6h Kh]
overTA: checks 
Mahu2021: checks 
albani07: bets 100
dabber1959: calls 100
don.emilio1: folds 
overTA: folds 
Mahu2021: folds 
*** TURN *** [Ks 6h Kh] [Ts]
albani07: bets 318
dabber1959: calls 318
*** RIVER *** [Ks 6h Kh Ts] [4s]
albani07: bets 849
dabber1959: calls 849
*** SHOW DOWN ***
albani07: shows [As 6s] (a flush, Ace high)
dabber1959: mucks hand 
albani07 collected 3430 from pot
*** SUMMARY ***
Total pot 3430 | Rake 0 
Board [Ks 6h Kh Ts 4s]
Seat 1: overTA (small blind) folded on the Flop
Seat 2: Mahu2021 (big blind) folded on the Flop
Seat 3: marianoacha folded before Flop (didn't bet)
Seat 4: IIIIIiJIEBOi folded before Flop (didn't bet)
Seat 5: albani07 showed [As 6s] and won (3430) with a flush, Ace high
Seat 6: dabber1959 mucked [Th Ad]
Seat 7: maikrocheka folded before Flop (didn't bet)
Seat 8: don.emilio1 (button) folded on the Flop



PokerStars Hand #253627738473: Tournament #3827892083, $1.44+$1.50+$0.36 USD Hold'em No Limit - Level IV (40/80) - 2024/11/29 21:04:38 CET [2024/11/29 15:04:38 ET]
Table '3827892083 42' 8-max Seat #1 is the button
Seat 1: overTA (9863 in chips, $1.50 bounty) 
Seat 2: Mahu2021 (10821 in chips, $3 bounty) 
Seat 3: marianoacha (5011 in chips, $1.50 bounty) 
Seat 4: IIIIIiJIEBOi (3507 in chips, $1.50 bounty) 
Seat 5: albani07 (11480 in chips, $1.50 bounty) 
Seat 6: dabber1959 (1094 in chips, $1.50 bounty) 
Seat 7: maikrocheka (7612 in chips, $1.50 bounty) 
Seat 8: don.emilio1 (7117 in chips, $2.25 bounty) 
overTA: posts the ante 12
Mahu2021: posts the ante 12
marianoacha: posts the ante 12
IIIIIiJIEBOi: posts the ante 12
albani07: posts the ante 12
dabber1959: posts the ante 12
maikrocheka: posts the ante 12
don.emilio1: posts the ante 12
Mahu2021: posts small blind 40
marianoacha: posts big blind 80
*** HOLE CARDS ***
Dealt to Mahu2021 [6c Kc]
IIIIIiJIEBOi: folds 
albani07: raises 80 to 160
dabber1959: folds 
maikrocheka: folds 
don.emilio1: folds 
overTA: folds 
Mahu2021: calls 120
marianoacha: calls 80
*** FLOP *** [2c Jc 3s]
Mahu2021: checks 
marianoacha: checks 
albani07: bets 167
Mahu2021: calls 167
marianoacha: folds 
*** TURN *** [2c Jc 3s] [Ad]
Mahu2021: checks 
albani07: checks 
*** RIVER *** [2c Jc 3s Ad] [Qh]
Mahu2021: checks 
albani07: bets 264
Mahu2021: folds 
Uncalled bet (264) returned to albani07
albani07 collected 910 from pot
albani07: doesn't show hand 
*** SUMMARY ***
Total pot 910 | Rake 0 
Board [2c Jc 3s Ad Qh]
Seat 1: overTA (button) folded before Flop (didn't bet)
Seat 2: Mahu2021 (small blind) folded on the River
Seat 3: marianoacha (big blind) folded on the Flop
Seat 4: IIIIIiJIEBOi folded before Flop (didn't bet)
Seat 5: albani07 collected (910)
Seat 6: dabber1959 folded before Flop (didn't bet)
Seat 7: maikrocheka folded before Flop (didn't bet)
Seat 8: don.emilio1 folded before Flop (didn't bet)



PokerStars Hand #253627753941: Tournament #3827892083, $1.44+$1.50+$0.36 USD Hold'em No Limit - Level IV (40/80) - 2024/11/29 21:05:35 CET [2024/11/29 15:05:35 ET]
Table '3827892083 42' 8-max Seat #2 is the button
Seat 1: overTA (9851 in chips, $1.50 bounty) 
Seat 2: Mahu2021 (10482 in chips, $3 bounty) 
Seat 3: marianoacha (4839 in chips, $1.50 bounty) 
Seat 4: IIIIIiJIEBOi (3495 in chips, $1.50 bounty) 
Seat 5: albani07 (12051 in chips, $1.50 bounty) 
Seat 6: dabber1959 (1082 in chips, $1.50 bounty) 
Seat 7: maikrocheka (7600 in chips, $1.50 bounty) 
Seat 8: don.emilio1 (7105 in chips, $2.25 bounty) 
overTA: posts the ante 12
Mahu2021: posts the ante 12
marianoacha: posts the ante 12
IIIIIiJIEBOi: posts the ante 12
albani07: posts the ante 12
dabber1959: posts the ante 12
maikrocheka: posts the ante 12
don.emilio1: posts the ante 12
marianoacha: posts small blind 40
IIIIIiJIEBOi: posts big blind 80
*** HOLE CARDS ***
Dealt to Mahu2021 [7h Kd]
albani07: folds 
dabber1959: folds 
maikrocheka: folds 
don.emilio1: folds 
overTA: folds 
Mahu2021: folds 
marianoacha: raises 160 to 240
IIIIIiJIEBOi: calls 160
*** FLOP *** [Ts Td 9s]
marianoacha: checks 
IIIIIiJIEBOi: bets 190
marianoacha: calls 190
*** TURN *** [Ts Td 9s] [Th]
marianoacha: checks 
IIIIIiJIEBOi: bets 717
marianoacha: calls 717
*** RIVER *** [Ts Td 9s Th] [2c]
marianoacha: checks 
overTA is sitting out
IIIIIiJIEBOi: bets 2336 and is all-in
marianoacha: calls 2336
*** SHOW DOWN ***
IIIIIiJIEBOi: shows [3s 2s] (a full house, Tens full of Deuces)
marianoacha: shows [Qh As] (three of a kind, Tens)
IIIIIiJIEBOi collected 7062 from pot
*** SUMMARY ***
Total pot 7062 | Rake 0 
Board [Ts Td 9s Th 2c]
Seat 1: overTA folded before Flop (didn't bet)
Seat 2: Mahu2021 (button) folded before Flop (didn't bet)
Seat 3: marianoacha (small blind) showed [Qh As] and lost with three of a kind, Tens
Seat 4: IIIIIiJIEBOi (big blind) showed [3s 2s] and won (7062) with a full house, Tens full of Deuces
Seat 5: albani07 folded before Flop (didn't bet)
Seat 6: dabber1959 folded before Flop (didn't bet)
Seat 7: maikrocheka folded before Flop (didn't bet)
Seat 8: don.emilio1 folded before Flop (didn't bet)



PokerStars Hand #253627767768: Tournament #3827892083, $1.44+$1.50+$0.36 USD Hold'em No Limit - Level IV (40/80) - 2024/11/29 21:06:25 CET [2024/11/29 15:06:25 ET]
Table '3827892083 42' 8-max Seat #3 is the button
Seat 1: overTA (9839 in chips, $1.50 bounty) is sitting out
Seat 2: Mahu2021 (10470 in chips, $3 bounty) 
Seat 3: marianoacha (1344 in chips, $1.50 bounty) 
Seat 4: IIIIIiJIEBOi (7062 in chips, $1.50 bounty) 
Seat 5: albani07 (12039 in chips, $1.50 bounty) 
Seat 6: dabber1959 (1070 in chips, $1.50 bounty) 
Seat 7: maikrocheka (7588 in chips, $1.50 bounty) 
Seat 8: don.emilio1 (7093 in chips, $2.25 bounty) 
overTA: posts the ante 12
Mahu2021: posts the ante 12
marianoacha: posts the ante 12
IIIIIiJIEBOi: posts the ante 12
albani07: posts the ante 12
dabber1959: posts the ante 12
maikrocheka: posts the ante 12
don.emilio1: posts the ante 12
IIIIIiJIEBOi: posts small blind 40
albani07: posts big blind 80
*** HOLE CARDS ***
Dealt to Mahu2021 [Td 7h]
dabber1959: folds 
maikrocheka: folds 
don.emilio1: folds 
overTA: folds 
Mahu2021: folds 
marianoacha: raises 104 to 184
IIIIIiJIEBOi: raises 456 to 640
albani07: folds 
marianoacha: raises 692 to 1332 and is all-in
IIIIIiJIEBOi: calls 692
*** FLOP *** [7d 2d Kc]
*** TURN *** [7d 2d Kc] [5h]
*** RIVER *** [7d 2d Kc 5h] [6c]
*** SHOW DOWN ***
IIIIIiJIEBOi: shows [8d 8s] (a pair of Eights)
marianoacha: shows [4d Ad] (high card Ace)
IIIIIiJIEBOi collected 2840 from pot
IIIIIiJIEBOi wins $0.75 for eliminating marianoacha and their own bounty increases by $0.75 to $2.25
marianoacha finished the tournament
*** SUMMARY ***
Total pot 2840 | Rake 0 
Board [7d 2d Kc 5h 6c]
Seat 1: overTA folded before Flop (didn't bet)
Seat 2: Mahu2021 folded before Flop (didn't bet)
Seat 3: marianoacha (button) showed [4d Ad] and lost with high card Ace
Seat 4: IIIIIiJIEBOi (small blind) showed [8d 8s] and won (2840) with a pair of Eights
Seat 5: albani07 (big blind) folded before Flop
Seat 6: dabber1959 folded before Flop (didn't bet)
Seat 7: maikrocheka folded before Flop (didn't bet)
Seat 8: don.emilio1 folded before Flop (didn't bet)



PokerStars Hand #253627776888: Tournament #3827892083, $1.44+$1.50+$0.36 USD Hold'em No Limit - Level IV (40/80) - 2024/11/29 21:06:57 CET [2024/11/29 15:06:57 ET]
Table '3827892083 42' 8-max Seat #4 is the button
Seat 1: overTA (9827 in chips, $1.50 bounty) is sitting out
Seat 2: Mahu2021 (10458 in chips, $3 bounty) 
Seat 4: IIIIIiJIEBOi (8558 in chips, $2.25 bounty) 
Seat 5: albani07 (11947 in chips, $1.50 bounty) 
Seat 6: dabber1959 (1058 in chips, $1.50 bounty) 
Seat 7: maikrocheka (7576 in chips, $1.50 bounty) 
Seat 8: don.emilio1 (7081 in chips, $2.25 bounty) 
overTA: posts the ante 12
Mahu2021: posts the ante 12
IIIIIiJIEBOi: posts the ante 12
albani07: posts the ante 12
dabber1959: posts the ante 12
maikrocheka: posts the ante 12
don.emilio1: posts the ante 12
albani07: posts small blind 40
dabber1959: posts big blind 80
*** HOLE CARDS ***
Dealt to Mahu2021 [5s 8c]
maikrocheka: raises 80 to 160
don.emilio1: folds 
overTA: folds 
Mahu2021: folds 
IIIIIiJIEBOi: folds 
dan_tgm89 is disconnected 
albani07: folds 
dabber1959: folds 
Uncalled bet (80) returned to maikrocheka
maikrocheka collected 284 from pot
maikrocheka: doesn't show hand 
*** SUMMARY ***
Total pot 284 | Rake 0 
Seat 1: overTA folded before Flop (didn't bet)
Seat 2: Mahu2021 folded before Flop (didn't bet)
Seat 4: IIIIIiJIEBOi (button) folded before Flop (didn't bet)
Seat 5: albani07 (small blind) folded before Flop
Seat 6: dabber1959 (big blind) folded before Flop
Seat 7: maikrocheka collected (284)
Seat 8: don.emilio1 folded before Flop (didn't bet)



PokerStars Hand #253627782171: Tournament #3827892083, $1.44+$1.50+$0.36 USD Hold'em No Limit - Level IV (40/80) - 2024/11/29 21:07:16 CET [2024/11/29 15:07:16 ET]
Table '3827892083 42' 8-max Seat #5 is the button
Seat 1: overTA (9815 in chips, $1.50 bounty) is sitting out
Seat 2: Mahu2021 (10446 in chips, $3 bounty) 
Seat 3: dan_tgm89 (5000 in chips, $1.50 bounty) 
Seat 4: IIIIIiJIEBOi (8546 in chips, $2.25 bounty) 
Seat 5: albani07 (11895 in chips, $1.50 bounty) 
Seat 6: dabber1959 (966 in chips, $1.50 bounty) 
Seat 7: maikrocheka (7768 in chips, $1.50 bounty) 
Seat 8: don.emilio1 (7069 in chips, $2.25 bounty) 
overTA: posts the ante 12
Mahu2021: posts the ante 12
dan_tgm89: posts the ante 12
IIIIIiJIEBOi: posts the ante 12
albani07: posts the ante 12
dabber1959: posts the ante 12
maikrocheka: posts the ante 12
don.emilio1: posts the ante 12
dabber1959: posts small blind 40
maikrocheka: posts big blind 80
*** HOLE CARDS ***
Dealt to Mahu2021 [9h 8d]
don.emilio1: raises 96 to 176
overTA: folds 
Mahu2021: folds 
dan_tgm89: folds 
IIIIIiJIEBOi: folds 
albani07: folds 
dabber1959: folds 
maikrocheka: folds 
Uncalled bet (96) returned to don.emilio1
don.emilio1 collected 296 from pot
don.emilio1: doesn't show hand 
*** SUMMARY ***
Total pot 296 | Rake 0 
Seat 1: overTA folded before Flop (didn't bet)
Seat 2: Mahu2021 folded before Flop (didn't bet)
Seat 3: dan_tgm89 folded before Flop (didn't bet)
Seat 4: IIIIIiJIEBOi folded before Flop (didn't bet)
Seat 5: albani07 (button) folded before Flop (didn't bet)
Seat 6: dabber1959 (small blind) folded before Flop
Seat 7: maikrocheka (big blind) folded before Flop
Seat 8: don.emilio1 collected (296)



PokerStars Hand #253627791117: Tournament #3827892083, $1.44+$1.50+$0.36 USD Hold'em No Limit - Level IV (40/80) - 2024/11/29 21:07:49 CET [2024/11/29 15:07:49 ET]
Table '3827892083 42' 8-max Seat #6 is the button
Seat 1: overTA (9803 in chips, $1.50 bounty) is sitting out
Seat 2: Mahu2021 (10434 in chips, $3 bounty) 
Seat 3: dan_tgm89 (4988 in chips, $1.50 bounty) 
Seat 4: IIIIIiJIEBOi (8534 in chips, $2.25 bounty) 
Seat 5: albani07 (11883 in chips, $1.50 bounty) 
Seat 6: dabber1959 (914 in chips, $1.50 bounty) 
Seat 7: maikrocheka (7676 in chips, $1.50 bounty) 
Seat 8: don.emilio1 (7273 in chips, $2.25 bounty) 
overTA: posts the ante 12
Mahu2021: posts the ante 12
dan_tgm89: posts the ante 12
IIIIIiJIEBOi: posts the ante 12
albani07: posts the ante 12
dabber1959: posts the ante 12
maikrocheka: posts the ante 12
don.emilio1: posts the ante 12
maikrocheka: posts small blind 40
don.emilio1: posts big blind 80
*** HOLE CARDS ***
Dealt to Mahu2021 [3h Jd]
overTA: folds 
Mahu2021: folds 
dan_tgm89: calls 80
IIIIIiJIEBOi: raises 200 to 280
overTA has returned
albani07: folds 
dabber1959: folds 
maikrocheka: folds 
don.emilio1: raises 776 to 1056
dan_tgm89: folds 
IIIIIiJIEBOi: calls 776
*** FLOP *** [Ts Kc Js]
don.emilio1: bets 1164
IIIIIiJIEBOi: folds 
Uncalled bet (1164) returned to don.emilio1
don.emilio1 collected 2328 from pot
don.emilio1: doesn't show hand 
*** SUMMARY ***
Total pot 2328 | Rake 0 
Board [Ts Kc Js]
Seat 1: overTA folded before Flop (didn't bet)
Seat 2: Mahu2021 folded before Flop (didn't bet)
Seat 3: dan_tgm89 folded before Flop
Seat 4: IIIIIiJIEBOi folded on the Flop
Seat 5: albani07 folded before Flop (didn't bet)
Seat 6: dabber1959 (button) folded before Flop (didn't bet)
Seat 7: maikrocheka (small blind) folded before Flop
Seat 8: don.emilio1 (big blind) collected (2328)



PokerStars Hand #253627809360: Tournament #3827892083, $1.44+$1.50+$0.36 USD Hold'em No Limit - Level IV (40/80) - 2024/11/29 21:08:54 CET [2024/11/29 15:08:54 ET]
Table '3827892083 42' 8-max Seat #7 is the button
Seat 1: overTA (9791 in chips, $1.50 bounty) 
Seat 2: Mahu2021 (10422 in chips, $3 bounty) 
Seat 3: dan_tgm89 (4896 in chips, $1.50 bounty) 
Seat 4: IIIIIiJIEBOi (7466 in chips, $2.25 bounty) 
Seat 5: albani07 (11871 in chips, $1.50 bounty) 
Seat 6: dabber1959 (902 in chips, $1.50 bounty) 
Seat 7: maikrocheka (7624 in chips, $1.50 bounty) 
Seat 8: don.emilio1 (8533 in chips, $2.25 bounty) 
overTA: posts the ante 12
Mahu2021: posts the ante 12
dan_tgm89: posts the ante 12
IIIIIiJIEBOi: posts the ante 12
albani07: posts the ante 12
dabber1959: posts the ante 12
maikrocheka: posts the ante 12
don.emilio1: posts the ante 12
don.emilio1: posts small blind 40
overTA: posts big blind 80
*** HOLE CARDS ***
Dealt to Mahu2021 [4h 3d]
Mahu2021: folds 
dan_tgm89: raises 80 to 160
IIIIIiJIEBOi: folds 
albani07: folds 
dabber1959: folds 
maikrocheka: folds 
don.emilio1: calls 120
overTA: folds 
*** FLOP *** [Qh 9c 5s]
don.emilio1: checks 
dan_tgm89: checks 
*** TURN *** [Qh 9c 5s] [7c]
don.emilio1: bets 159
dan_tgm89: folds 
Uncalled bet (159) returned to don.emilio1
don.emilio1 collected 496 from pot
don.emilio1: doesn't show hand 
*** SUMMARY ***
Total pot 496 | Rake 0 
Board [Qh 9c 5s 7c]
Seat 1: overTA (big blind) folded before Flop
Seat 2: Mahu2021 folded before Flop (didn't bet)
Seat 3: dan_tgm89 folded on the Turn
Seat 4: IIIIIiJIEBOi folded before Flop (didn't bet)
Seat 5: albani07 folded before Flop (didn't bet)
Seat 6: dabber1959 folded before Flop (didn't bet)
Seat 7: maikrocheka (button) folded before Flop (didn't bet)
Seat 8: don.emilio1 (small blind) collected (496)



PokerStars Hand #253627818856: Tournament #3827892083, $1.44+$1.50+$0.36 USD Hold'em No Limit - Level V (45/90) - 2024/11/29 21:09:28 CET [2024/11/29 15:09:28 ET]
Table '3827892083 42' 8-max Seat #8 is the button
Seat 1: overTA (9699 in chips, $1.50 bounty) 
Seat 2: Mahu2021 (10410 in chips, $3 bounty) 
Seat 3: dan_tgm89 (4724 in chips, $1.50 bounty) 
Seat 4: IIIIIiJIEBOi (7454 in chips, $2.25 bounty) 
Seat 5: albani07 (11859 in chips, $1.50 bounty) 
Seat 6: dabber1959 (890 in chips, $1.50 bounty) 
Seat 7: maikrocheka (7612 in chips, $1.50 bounty) 
Seat 8: don.emilio1 (8857 in chips, $2.25 bounty) 
overTA: posts the ante 14
Mahu2021: posts the ante 14
dan_tgm89: posts the ante 14
IIIIIiJIEBOi: posts the ante 14
albani07: posts the ante 14
dabber1959: posts the ante 14
maikrocheka: posts the ante 14
don.emilio1: posts the ante 14
overTA: posts small blind 45
Mahu2021: posts big blind 90
*** HOLE CARDS ***
Dealt to Mahu2021 [Ac 7s]
dan_tgm89: folds 
IIIIIiJIEBOi: raises 90 to 180
albani07: folds 
dabber1959: folds 
maikrocheka: folds 
don.emilio1: folds 
overTA: folds 
Mahu2021: calls 90
*** FLOP *** [2d 2c Qc]
Mahu2021: checks 
IIIIIiJIEBOi: bets 171
Mahu2021: folds 
Uncalled bet (171) returned to IIIIIiJIEBOi
IIIIIiJIEBOi collected 517 from pot
*** SUMMARY ***
Total pot 517 | Rake 0 
Board [2d 2c Qc]
Seat 1: overTA (small blind) folded before Flop
Seat 2: Mahu2021 (big blind) folded on the Flop
Seat 3: dan_tgm89 folded before Flop (didn't bet)
Seat 4: IIIIIiJIEBOi collected (517)
Seat 5: albani07 folded before Flop (didn't bet)
Seat 6: dabber1959 folded before Flop (didn't bet)
Seat 7: maikrocheka folded before Flop (didn't bet)
Seat 8: don.emilio1 (button) folded before Flop (didn't bet)



PokerStars Hand #253627831143: Tournament #3827892083, $1.44+$1.50+$0.36 USD Hold'em No Limit - Level V (45/90) - 2024/11/29 21:10:12 CET [2024/11/29 15:10:12 ET]
Table '3827892083 42' 8-max Seat #1 is the button
Seat 1: overTA (9640 in chips, $1.50 bounty) 
Seat 2: Mahu2021 (10216 in chips, $3 bounty) 
Seat 3: dan_tgm89 (4710 in chips, $1.50 bounty) 
Seat 4: IIIIIiJIEBOi (7777 in chips, $2.25 bounty) 
Seat 5: albani07 (11845 in chips, $1.50 bounty) 
Seat 6: dabber1959 (876 in chips, $1.50 bounty) 
Seat 7: maikrocheka (7598 in chips, $1.50 bounty) 
Seat 8: don.emilio1 (8843 in chips, $2.25 bounty) 
overTA: posts the ante 14
Mahu2021: posts the ante 14
dan_tgm89: posts the ante 14
IIIIIiJIEBOi: posts the ante 14
albani07: posts the ante 14
dabber1959: posts the ante 14
maikrocheka: posts the ante 14
don.emilio1: posts the ante 14
Mahu2021: posts small blind 45
dan_tgm89: posts big blind 90
*** HOLE CARDS ***
Dealt to Mahu2021 [5s Td]
IIIIIiJIEBOi: folds 
albani07: folds 
dabber1959: folds 
maikrocheka: raises 90 to 180
don.emilio1: folds 
overTA: folds 
Mahu2021: folds 
dan_tgm89: calls 90
*** FLOP *** [6c 9d 6h]
dan_tgm89: checks 
maikrocheka: checks 
*** TURN *** [6c 9d 6h] [Ah]
dan_tgm89: checks 
maikrocheka: checks 
*** RIVER *** [6c 9d 6h Ah] [Jh]
dan_tgm89: checks 
maikrocheka: checks 
*** SHOW DOWN ***
dan_tgm89: shows [3d 3h] (two pair, Sixes and Threes)
maikrocheka: mucks hand 
dan_tgm89 collected 517 from pot
*** SUMMARY ***
Total pot 517 | Rake 0 
Board [6c 9d 6h Ah Jh]
Seat 1: overTA (button) folded before Flop (didn't bet)
Seat 2: Mahu2021 (small blind) folded before Flop
Seat 3: dan_tgm89 (big blind) showed [3d 3h] and won (517) with two pair, Sixes and Threes
Seat 4: IIIIIiJIEBOi folded before Flop (didn't bet)
Seat 5: albani07 folded before Flop (didn't bet)
Seat 6: dabber1959 folded before Flop (didn't bet)
Seat 7: maikrocheka mucked [2h 2d]
Seat 8: don.emilio1 folded before Flop (didn't bet)



PokerStars Hand #253627854129: Tournament #3827892083, $1.44+$1.50+$0.36 USD Hold'em No Limit - Level V (45/90) - 2024/11/29 21:11:35 CET [2024/11/29 15:11:35 ET]
Table '3827892083 42' 8-max Seat #2 is the button
Seat 1: overTA (9626 in chips, $1.50 bounty) 
Seat 2: Mahu2021 (10157 in chips, $3 bounty) 
Seat 3: dan_tgm89 (5033 in chips, $1.50 bounty) 
Seat 4: IIIIIiJIEBOi (7763 in chips, $2.25 bounty) 
Seat 5: albani07 (11831 in chips, $1.50 bounty) 
Seat 6: dabber1959 (862 in chips, $1.50 bounty) 
Seat 7: maikrocheka (7404 in chips, $1.50 bounty) 
Seat 8: don.emilio1 (8829 in chips, $2.25 bounty) 
overTA: posts the ante 14
Mahu2021: posts the ante 14
dan_tgm89: posts the ante 14
IIIIIiJIEBOi: posts the ante 14
albani07: posts the ante 14
dabber1959: posts the ante 14
maikrocheka: posts the ante 14
don.emilio1: posts the ante 14
dan_tgm89: posts small blind 45
IIIIIiJIEBOi: posts big blind 90
*** HOLE CARDS ***
Dealt to Mahu2021 [2c Th]
albani07: folds 
dabber1959: folds 
maikrocheka: raises 90 to 180
don.emilio1: folds 
overTA: raises 450 to 630
Mahu2021: folds 
dan_tgm89: folds 
IIIIIiJIEBOi: folds 
maikrocheka: calls 450
*** FLOP *** [Jd 2s 5c]
maikrocheka: checks 
overTA: bets 496
maikrocheka: raises 825 to 1321
overTA: calls 825
*** TURN *** [Jd 2s 5c] [Qd]
maikrocheka: checks 
overTA: bets 1368
maikrocheka: folds 
Uncalled bet (1368) returned to overTA
overTA collected 4149 from pot
overTA: doesn't show hand 
*** SUMMARY ***
Total pot 4149 | Rake 0 
Board [Jd 2s 5c Qd]
Seat 1: overTA collected (4149)
Seat 2: Mahu2021 (button) folded before Flop (didn't bet)
Seat 3: dan_tgm89 (small blind) folded before Flop
Seat 4: IIIIIiJIEBOi (big blind) folded before Flop
Seat 5: albani07 folded before Flop (didn't bet)
Seat 6: dabber1959 folded before Flop (didn't bet)
Seat 7: maikrocheka folded on the Turn
Seat 8: don.emilio1 folded before Flop (didn't bet)



PokerStars Hand #253627881280: Tournament #3827892083, $1.44+$1.50+$0.36 USD Hold'em No Limit - Level V (45/90) - 2024/11/29 21:13:12 CET [2024/11/29 15:13:12 ET]
Table '3827892083 42' 8-max Seat #3 is the button
Seat 1: overTA (11810 in chips, $1.50 bounty) 
Seat 2: Mahu2021 (10143 in chips, $3 bounty) 
Seat 3: dan_tgm89 (4974 in chips, $1.50 bounty) 
Seat 4: IIIIIiJIEBOi (7659 in chips, $2.25 bounty) 
Seat 5: albani07 (11817 in chips, $1.50 bounty) 
Seat 6: dabber1959 (848 in chips, $1.50 bounty) 
Seat 7: maikrocheka (5439 in chips, $1.50 bounty) 
Seat 8: don.emilio1 (8815 in chips, $2.25 bounty) 
overTA: posts the ante 14
Mahu2021: posts the ante 14
dan_tgm89: posts the ante 14
IIIIIiJIEBOi: posts the ante 14
albani07: posts the ante 14
dabber1959: posts the ante 14
maikrocheka: posts the ante 14
don.emilio1: posts the ante 14
IIIIIiJIEBOi: posts small blind 45
albani07: posts big blind 90
*** HOLE CARDS ***
Dealt to Mahu2021 [5c 8s]
dabber1959: folds 
maikrocheka: folds 
don.emilio1: folds 
overTA: folds 
Mahu2021: folds 
dan_tgm89: folds 
IIIIIiJIEBOi: calls 45
albani07: raises 292 to 382
IIIIIiJIEBOi: folds 
Uncalled bet (292) returned to albani07
albani07 collected 292 from pot
albani07: doesn't show hand 
*** SUMMARY ***
Total pot 292 | Rake 0 
Seat 1: overTA folded before Flop (didn't bet)
Seat 2: Mahu2021 folded before Flop (didn't bet)
Seat 3: dan_tgm89 (button) folded before Flop (didn't bet)
Seat 4: IIIIIiJIEBOi (small blind) folded before Flop
Seat 5: albani07 (big blind) collected (292)
Seat 6: dabber1959 folded before Flop (didn't bet)
Seat 7: maikrocheka folded before Flop (didn't bet)
Seat 8: don.emilio1 folded before Flop (didn't bet)



PokerStars Hand #253627888005: Tournament #3827892083, $1.44+$1.50+$0.36 USD Hold'em No Limit - Level V (45/90) - 2024/11/29 21:13:36 CET [2024/11/29 15:13:36 ET]
Table '3827892083 42' 8-max Seat #4 is the button
Seat 1: overTA (11796 in chips, $1.50 bounty) 
Seat 2: Mahu2021 (10129 in chips, $3 bounty) 
Seat 3: dan_tgm89 (4960 in chips, $1.50 bounty) 
Seat 4: IIIIIiJIEBOi (7555 in chips, $2.25 bounty) 
Seat 5: albani07 (12005 in chips, $1.50 bounty) 
Seat 6: dabber1959 (834 in chips, $1.50 bounty) 
Seat 7: maikrocheka (5425 in chips, $1.50 bounty) 
Seat 8: don.emilio1 (8801 in chips, $2.25 bounty) 
overTA: posts the ante 14
Mahu2021: posts the ante 14
dan_tgm89: posts the ante 14
IIIIIiJIEBOi: posts the ante 14
albani07: posts the ante 14
dabber1959: posts the ante 14
maikrocheka: posts the ante 14
don.emilio1: posts the ante 14
albani07: posts small blind 45
dabber1959: posts big blind 90
*** HOLE CARDS ***
Dealt to Mahu2021 [8c Js]
maikrocheka: raises 90 to 180
don.emilio1: folds 
overTA: folds 
Mahu2021: folds 
dan_tgm89: calls 180
IIIIIiJIEBOi: folds 
albani07: calls 135
dabber1959: calls 90
*** FLOP *** [Ks 3d As]
albani07: checks 
dabber1959: checks 
maikrocheka: bets 275
dan_tgm89: calls 275
albani07: calls 275
dabber1959: folds 
*** TURN *** [Ks 3d As] [4h]
albani07: checks 
maikrocheka: bets 1513
dan_tgm89: folds 
albani07: folds 
Uncalled bet (1513) returned to maikrocheka
maikrocheka collected 1657 from pot
maikrocheka: doesn't show hand 
*** SUMMARY ***
Total pot 1657 | Rake 0 
Board [Ks 3d As 4h]
Seat 1: overTA folded before Flop (didn't bet)
Seat 2: Mahu2021 folded before Flop (didn't bet)
Seat 3: dan_tgm89 folded on the Turn
Seat 4: IIIIIiJIEBOi (button) folded before Flop (didn't bet)
Seat 5: albani07 (small blind) folded on the Turn
Seat 6: dabber1959 (big blind) folded on the Flop
Seat 7: maikrocheka collected (1657)
Seat 8: don.emilio1 folded before Flop (didn't bet)



PokerStars Hand #253627909824: Tournament #3827892083, $1.44+$1.50+$0.36 USD Hold'em No Limit - Level V (45/90) - 2024/11/29 21:14:54 CET [2024/11/29 15:14:54 ET]
Table '3827892083 42' 8-max Seat #5 is the button
Seat 1: overTA (11782 in chips, $1.50 bounty) 
Seat 2: Mahu2021 (10115 in chips, $3 bounty) 
Seat 3: dan_tgm89 (4491 in chips, $1.50 bounty) 
Seat 4: IIIIIiJIEBOi (7541 in chips, $2.25 bounty) 
Seat 5: albani07 (11536 in chips, $1.50 bounty) 
Seat 6: dabber1959 (640 in chips, $1.50 bounty) 
Seat 7: maikrocheka (6613 in chips, $1.50 bounty) 
Seat 8: don.emilio1 (8787 in chips, $2.25 bounty) 
overTA: posts the ante 14
Mahu2021: posts the ante 14
dan_tgm89: posts the ante 14
IIIIIiJIEBOi: posts the ante 14
albani07: posts the ante 14
dabber1959: posts the ante 14
maikrocheka: posts the ante 14
don.emilio1: posts the ante 14
dabber1959: posts small blind 45
maikrocheka: posts big blind 90
*** HOLE CARDS ***
Dealt to Mahu2021 [7d Ac]
don.emilio1: folds 
overTA: folds 
Mahu2021: folds 
dan_tgm89: raises 90 to 180
IIIIIiJIEBOi: folds 
albani07: folds 
dabber1959: folds 
maikrocheka: folds 
Uncalled bet (90) returned to dan_tgm89
dan_tgm89 collected 337 from pot
dan_tgm89: doesn't show hand 
*** SUMMARY ***
Total pot 337 | Rake 0 
Seat 1: overTA folded before Flop (didn't bet)
Seat 2: Mahu2021 folded before Flop (didn't bet)
Seat 3: dan_tgm89 collected (337)
Seat 4: IIIIIiJIEBOi folded before Flop (didn't bet)
Seat 5: albani07 (button) folded before Flop (didn't bet)
Seat 6: dabber1959 (small blind) folded before Flop
Seat 7: maikrocheka (big blind) folded before Flop
Seat 8: don.emilio1 folded before Flop (didn't bet)



PokerStars Hand #253627916108: Tournament #3827892083, $1.44+$1.50+$0.36 USD Hold'em No Limit - Level V (45/90) - 2024/11/29 21:15:17 CET [2024/11/29 15:15:17 ET]
Table '3827892083 42' 8-max Seat #6 is the button
Seat 1: overTA (11768 in chips, $1.50 bounty) 
Seat 2: Mahu2021 (10101 in chips, $3 bounty) 
Seat 3: dan_tgm89 (4724 in chips, $1.50 bounty) 
Seat 4: IIIIIiJIEBOi (7527 in chips, $2.25 bounty) 
Seat 5: albani07 (11522 in chips, $1.50 bounty) 
Seat 6: dabber1959 (581 in chips, $1.50 bounty) 
Seat 7: maikrocheka (6509 in chips, $1.50 bounty) 
Seat 8: don.emilio1 (8773 in chips, $2.25 bounty) 
overTA: posts the ante 14
Mahu2021: posts the ante 14
dan_tgm89: posts the ante 14
IIIIIiJIEBOi: posts the ante 14
albani07: posts the ante 14
dabber1959: posts the ante 14
maikrocheka: posts the ante 14
don.emilio1: posts the ante 14
maikrocheka: posts small blind 45
don.emilio1: posts big blind 90
*** HOLE CARDS ***
Dealt to Mahu2021 [Kd 4s]
overTA: raises 90 to 180
Mahu2021: folds 
dan_tgm89: raises 270 to 450
IIIIIiJIEBOi: folds 
albani07: folds 
dabber1959: folds 
maikrocheka: folds 
don.emilio1: folds 
overTA: folds 
Uncalled bet (270) returned to dan_tgm89
dan_tgm89 collected 607 from pot
dan_tgm89: doesn't show hand 
*** SUMMARY ***
Total pot 607 | Rake 0 
Seat 1: overTA folded before Flop
Seat 2: Mahu2021 folded before Flop (didn't bet)
Seat 3: dan_tgm89 collected (607)
Seat 4: IIIIIiJIEBOi folded before Flop (didn't bet)
Seat 5: albani07 folded before Flop (didn't bet)
Seat 6: dabber1959 (button) folded before Flop (didn't bet)
Seat 7: maikrocheka (small blind) folded before Flop
Seat 8: don.emilio1 (big blind) folded before Flop



PokerStars Hand #253627922309: Tournament #3827892083, $1.44+$1.50+$0.36 USD Hold'em No Limit - Level V (45/90) - 2024/11/29 21:15:39 CET [2024/11/29 15:15:39 ET]
Table '3827892083 42' 8-max Seat #7 is the button
Seat 1: overTA (11574 in chips, $1.50 bounty) 
Seat 2: Mahu2021 (10087 in chips, $3 bounty) 
Seat 3: dan_tgm89 (5137 in chips, $1.50 bounty) 
Seat 4: IIIIIiJIEBOi (7513 in chips, $2.25 bounty) 
Seat 5: albani07 (11508 in chips, $1.50 bounty) 
Seat 6: dabber1959 (567 in chips, $1.50 bounty) 
Seat 7: maikrocheka (6450 in chips, $1.50 bounty) 
Seat 8: don.emilio1 (8669 in chips, $2.25 bounty) 
overTA: posts the ante 14
Mahu2021: posts the ante 14
dan_tgm89: posts the ante 14
IIIIIiJIEBOi: posts the ante 14
albani07: posts the ante 14
dabber1959: posts the ante 14
maikrocheka: posts the ante 14
don.emilio1: posts the ante 14
don.emilio1: posts small blind 45
overTA: posts big blind 90
*** HOLE CARDS ***
Dealt to Mahu2021 [8h 7c]
Mahu2021: folds 
dan_tgm89: folds 
IIIIIiJIEBOi: folds 
albani07: folds 
dabber1959: folds 
maikrocheka: raises 90 to 180
don.emilio1: folds 
overTA: calls 90
*** FLOP *** [2c Jd 6h]
overTA: checks 
maikrocheka: checks 
*** TURN *** [2c Jd 6h] [8d]
overTA: bets 171
maikrocheka: folds 
Uncalled bet (171) returned to overTA
overTA collected 517 from pot
overTA: doesn't show hand 
*** SUMMARY ***
Total pot 517 | Rake 0 
Board [2c Jd 6h 8d]
Seat 1: overTA (big blind) collected (517)
Seat 2: Mahu2021 folded before Flop (didn't bet)
Seat 3: dan_tgm89 folded before Flop (didn't bet)
Seat 4: IIIIIiJIEBOi folded before Flop (didn't bet)
Seat 5: albani07 folded before Flop (didn't bet)
Seat 6: dabber1959 folded before Flop (didn't bet)
Seat 7: maikrocheka (button) folded on the Turn
Seat 8: don.emilio1 (small blind) folded before Flop



PokerStars Hand #253627932289: Tournament #3827892083, $1.44+$1.50+$0.36 USD Hold'em No Limit - Level V (45/90) - 2024/11/29 21:16:15 CET [2024/11/29 15:16:15 ET]
Table '3827892083 42' 8-max Seat #8 is the button
Seat 1: overTA (11897 in chips, $1.50 bounty) 
Seat 2: Mahu2021 (10073 in chips, $3 bounty) 
Seat 3: dan_tgm89 (5123 in chips, $1.50 bounty) 
Seat 4: IIIIIiJIEBOi (7499 in chips, $2.25 bounty) 
Seat 5: albani07 (11494 in chips, $1.50 bounty) 
Seat 6: dabber1959 (553 in chips, $1.50 bounty) 
Seat 7: maikrocheka (6256 in chips, $1.50 bounty) 
Seat 8: don.emilio1 (8610 in chips, $2.25 bounty) 
overTA: posts the ante 14
Mahu2021: posts the ante 14
dan_tgm89: posts the ante 14
IIIIIiJIEBOi: posts the ante 14
albani07: posts the ante 14
dabber1959: posts the ante 14
maikrocheka: posts the ante 14
don.emilio1: posts the ante 14
overTA: posts small blind 45
Mahu2021: posts big blind 90
*** HOLE CARDS ***
Dealt to Mahu2021 [8d 2h]
dan_tgm89: raises 180 to 270
IIIIIiJIEBOi: folds 
albani07: folds 
dabber1959: folds 
maikrocheka: calls 270
don.emilio1: folds 
overTA: folds 
Mahu2021: folds 
*** FLOP *** [Qs 5h 5s]
dan_tgm89: bets 787
maikrocheka: folds 
Uncalled bet (787) returned to dan_tgm89
dan_tgm89 collected 787 from pot
dan_tgm89: doesn't show hand 
*** SUMMARY ***
Total pot 787 | Rake 0 
Board [Qs 5h 5s]
Seat 1: overTA (small blind) folded before Flop
Seat 2: Mahu2021 (big blind) folded before Flop
Seat 3: dan_tgm89 collected (787)
Seat 4: IIIIIiJIEBOi folded before Flop (didn't bet)
Seat 5: albani07 folded before Flop (didn't bet)
Seat 6: dabber1959 folded before Flop (didn't bet)
Seat 7: maikrocheka folded on the Flop
Seat 8: don.emilio1 (button) folded before Flop (didn't bet)



PokerStars Hand #253627941239: Tournament #3827892083, $1.44+$1.50+$0.36 USD Hold'em No Limit - Level V (45/90) - 2024/11/29 21:16:47 CET [2024/11/29 15:16:47 ET]
Table '3827892083 42' 8-max Seat #1 is the button
Seat 1: overTA (11838 in chips, $1.50 bounty) 
Seat 2: Mahu2021 (9969 in chips, $3 bounty) 
Seat 3: dan_tgm89 (5626 in chips, $1.50 bounty) 
Seat 4: IIIIIiJIEBOi (7485 in chips, $2.25 bounty) 
Seat 5: albani07 (11480 in chips, $1.50 bounty) 
Seat 6: dabber1959 (539 in chips, $1.50 bounty) 
Seat 7: maikrocheka (5972 in chips, $1.50 bounty) 
Seat 8: don.emilio1 (8596 in chips, $2.25 bounty) 
overTA: posts the ante 14
Mahu2021: posts the ante 14
dan_tgm89: posts the ante 14
IIIIIiJIEBOi: posts the ante 14
albani07: posts the ante 14
dabber1959: posts the ante 14
maikrocheka: posts the ante 14
don.emilio1: posts the ante 14
Mahu2021: posts small blind 45
dan_tgm89: posts big blind 90
*** HOLE CARDS ***
Dealt to Mahu2021 [3s 2h]
IIIIIiJIEBOi: raises 108 to 198
albani07: folds 
dabber1959: raises 327 to 525 and is all-in
maikrocheka: folds 
don.emilio1: folds 
overTA: folds 
Mahu2021: folds 
dan_tgm89: folds 
IIIIIiJIEBOi: calls 327
*** FLOP *** [Qs 8s 4c]
*** TURN *** [Qs 8s 4c] [7d]
*** RIVER *** [Qs 8s 4c 7d] [7s]
*** SHOW DOWN ***
IIIIIiJIEBOi: shows [Tc Td] (two pair, Tens and Sevens)
dabber1959: shows [Th Qc] (two pair, Queens and Sevens)
dabber1959 collected 1297 from pot
*** SUMMARY ***
Total pot 1297 | Rake 0 
Board [Qs 8s 4c 7d 7s]
Seat 1: overTA (button) folded before Flop (didn't bet)
Seat 2: Mahu2021 (small blind) folded before Flop
Seat 3: dan_tgm89 (big blind) folded before Flop
Seat 4: IIIIIiJIEBOi showed [Tc Td] and lost with two pair, Tens and Sevens
Seat 5: albani07 folded before Flop (didn't bet)
Seat 6: dabber1959 showed [Th Qc] and won (1297) with two pair, Queens and Sevens
Seat 7: maikrocheka folded before Flop (didn't bet)
Seat 8: don.emilio1 folded before Flop (didn't bet)



PokerStars Hand #253627950613: Tournament #3827892083, $1.44+$1.50+$0.36 USD Hold'em No Limit - Level VI (50/100) - 2024/11/29 21:17:20 CET [2024/11/29 15:17:20 ET]
Table '3827892083 42' 8-max Seat #2 is the button
Seat 1: overTA (11824 in chips, $1.50 bounty) 
Seat 2: Mahu2021 (9910 in chips, $3 bounty) 
Seat 3: dan_tgm89 (5522 in chips, $1.50 bounty) 
Seat 4: IIIIIiJIEBOi (6946 in chips, $2.25 bounty) 
Seat 5: albani07 (11466 in chips, $1.50 bounty) 
Seat 6: dabber1959 (1297 in chips, $1.50 bounty) 
Seat 7: maikrocheka (5958 in chips, $1.50 bounty) 
Seat 8: don.emilio1 (8582 in chips, $2.25 bounty) 
overTA: posts the ante 15
Mahu2021: posts the ante 15
dan_tgm89: posts the ante 15
IIIIIiJIEBOi: posts the ante 15
albani07: posts the ante 15
dabber1959: posts the ante 15
maikrocheka: posts the ante 15
don.emilio1: posts the ante 15
dan_tgm89: posts small blind 50
IIIIIiJIEBOi: posts big blind 100
*** HOLE CARDS ***
Dealt to Mahu2021 [3s 9h]
albani07: folds 
dabber1959: folds 
maikrocheka: folds 
don.emilio1: folds 
overTA: raises 100 to 200
Mahu2021: folds 
dan_tgm89: folds 
IIIIIiJIEBOi: folds 
Uncalled bet (100) returned to overTA
overTA collected 370 from pot
overTA: doesn't show hand 
*** SUMMARY ***
Total pot 370 | Rake 0 
Seat 1: overTA collected (370)
Seat 2: Mahu2021 (button) folded before Flop (didn't bet)
Seat 3: dan_tgm89 (small blind) folded before Flop
Seat 4: IIIIIiJIEBOi (big blind) folded before Flop
Seat 5: albani07 folded before Flop (didn't bet)
Seat 6: dabber1959 folded before Flop (didn't bet)
Seat 7: maikrocheka folded before Flop (didn't bet)
Seat 8: don.emilio1 folded before Flop (didn't bet)



PokerStars Hand #253627956568: Tournament #3827892083, $1.44+$1.50+$0.36 USD Hold'em No Limit - Level VI (50/100) - 2024/11/29 21:17:42 CET [2024/11/29 15:17:42 ET]
Table '3827892083 42' 8-max Seat #3 is the button
Seat 1: overTA (12079 in chips, $1.50 bounty) 
Seat 2: Mahu2021 (9895 in chips, $3 bounty) 
Seat 3: dan_tgm89 (5457 in chips, $1.50 bounty) 
Seat 4: IIIIIiJIEBOi (6831 in chips, $2.25 bounty) 
Seat 5: albani07 (11451 in chips, $1.50 bounty) 
Seat 6: dabber1959 (1282 in chips, $1.50 bounty) 
Seat 7: maikrocheka (5943 in chips, $1.50 bounty) 
Seat 8: don.emilio1 (8567 in chips, $2.25 bounty) 
overTA: posts the ante 15
Mahu2021: posts the ante 15
dan_tgm89: posts the ante 15
IIIIIiJIEBOi: posts the ante 15
albani07: posts the ante 15
dabber1959: posts the ante 15
maikrocheka: posts the ante 15
don.emilio1: posts the ante 15
IIIIIiJIEBOi: posts small blind 50
albani07: posts big blind 100
*** HOLE CARDS ***
Dealt to Mahu2021 [9h Jh]
dabber1959: folds 
maikrocheka: raises 100 to 200
don.emilio1: folds 
overTA: folds 
Mahu2021: raises 100 to 300
dan_tgm89: folds 
IIIIIiJIEBOi: folds 
albani07: folds 
maikrocheka: raises 1200 to 1500
Mahu2021: folds 
Uncalled bet (1200) returned to maikrocheka
maikrocheka collected 870 from pot
maikrocheka: doesn't show hand 
*** SUMMARY ***
Total pot 870 | Rake 0 
Seat 1: overTA folded before Flop (didn't bet)
Seat 2: Mahu2021 folded before Flop
Seat 3: dan_tgm89 (button) folded before Flop (didn't bet)
Seat 4: IIIIIiJIEBOi (small blind) folded before Flop
Seat 5: albani07 (big blind) folded before Flop
Seat 6: dabber1959 folded before Flop (didn't bet)
Seat 7: maikrocheka collected (870)
Seat 8: don.emilio1 folded before Flop (didn't bet)



PokerStars Hand #253627972690: Tournament #3827892083, $1.44+$1.50+$0.36 USD Hold'em No Limit - Level VI (50/100) - 2024/11/29 21:18:39 CET [2024/11/29 15:18:39 ET]
Table '3827892083 42' 8-max Seat #4 is the button
Seat 1: overTA (12064 in chips, $1.50 bounty) 
Seat 2: Mahu2021 (9580 in chips, $3 bounty) 
Seat 3: dan_tgm89 (5442 in chips, $1.50 bounty) 
Seat 4: IIIIIiJIEBOi (6766 in chips, $2.25 bounty) 
Seat 5: albani07 (11336 in chips, $1.50 bounty) 
Seat 6: dabber1959 (1267 in chips, $1.50 bounty) 
Seat 7: maikrocheka (6498 in chips, $1.50 bounty) 
Seat 8: don.emilio1 (8552 in chips, $2.25 bounty) 
overTA: posts the ante 15
Mahu2021: posts the ante 15
dan_tgm89: posts the ante 15
IIIIIiJIEBOi: posts the ante 15
albani07: posts the ante 15
dabber1959: posts the ante 15
maikrocheka: posts the ante 15
don.emilio1: posts the ante 15
albani07: posts small blind 50
dabber1959: posts big blind 100
*** HOLE CARDS ***
Dealt to Mahu2021 [2c Jd]
maikrocheka: folds 
don.emilio1: folds 
overTA: folds 
Mahu2021: folds 
dan_tgm89: folds 
IIIIIiJIEBOi: raises 120 to 220
albani07: folds 
dabber1959: folds 
Uncalled bet (120) returned to IIIIIiJIEBOi
IIIIIiJIEBOi collected 370 from pot
*** SUMMARY ***
Total pot 370 | Rake 0 
Seat 1: overTA folded before Flop (didn't bet)
Seat 2: Mahu2021 folded before Flop (didn't bet)
Seat 3: dan_tgm89 folded before Flop (didn't bet)
Seat 4: IIIIIiJIEBOi (button) collected (370)
Seat 5: albani07 (small blind) folded before Flop
Seat 6: dabber1959 (big blind) folded before Flop
Seat 7: maikrocheka folded before Flop (didn't bet)
Seat 8: don.emilio1 folded before Flop (didn't bet)



PokerStars Hand #253627978650: Tournament #3827892083, $1.44+$1.50+$0.36 USD Hold'em No Limit - Level VI (50/100) - 2024/11/29 21:19:00 CET [2024/11/29 15:19:00 ET]
Table '3827892083 42' 8-max Seat #5 is the button
Seat 1: overTA (12049 in chips, $1.50 bounty) 
Seat 2: Mahu2021 (9565 in chips, $3 bounty) 
Seat 3: dan_tgm89 (5427 in chips, $1.50 bounty) 
Seat 4: IIIIIiJIEBOi (7021 in chips, $2.25 bounty) 
Seat 5: albani07 (11271 in chips, $1.50 bounty) 
Seat 6: dabber1959 (1152 in chips, $1.50 bounty) 
Seat 7: maikrocheka (6483 in chips, $1.50 bounty) 
Seat 8: don.emilio1 (8537 in chips, $2.25 bounty) 
overTA: posts the ante 15
Mahu2021: posts the ante 15
dan_tgm89: posts the ante 15
IIIIIiJIEBOi: posts the ante 15
albani07: posts the ante 15
dabber1959: posts the ante 15
maikrocheka: posts the ante 15
don.emilio1: posts the ante 15
dabber1959: posts small blind 50
maikrocheka: posts big blind 100
*** HOLE CARDS ***
Dealt to Mahu2021 [Jd Kc]
don.emilio1: folds 
overTA: folds 
Mahu2021: raises 200 to 300
dan_tgm89: calls 300
IIIIIiJIEBOi: calls 300
albani07: folds 
dabber1959: folds 
maikrocheka: folds 
*** FLOP *** [8d 3h 9c]
Mahu2021: checks 
dan_tgm89: bets 1170
IIIIIiJIEBOi: folds 
Mahu2021: folds 
Uncalled bet (1170) returned to dan_tgm89
dan_tgm89 collected 1170 from pot
dan_tgm89: doesn't show hand 
*** SUMMARY ***
Total pot 1170 | Rake 0 
Board [8d 3h 9c]
Seat 1: overTA folded before Flop (didn't bet)
Seat 2: Mahu2021 folded on the Flop
Seat 3: dan_tgm89 collected (1170)
Seat 4: IIIIIiJIEBOi folded on the Flop
Seat 5: albani07 (button) folded before Flop (didn't bet)
Seat 6: dabber1959 (small blind) folded before Flop
Seat 7: maikrocheka (big blind) folded before Flop
Seat 8: don.emilio1 folded before Flop (didn't bet)



PokerStars Hand #253627988763: Tournament #3827892083, $1.44+$1.50+$0.36 USD Hold'em No Limit - Level VI (50/100) - 2024/11/29 21:19:36 CET [2024/11/29 15:19:36 ET]
Table '3827892083 42' 8-max Seat #6 is the button
Seat 1: overTA (12034 in chips, $1.50 bounty) 
Seat 2: Mahu2021 (9250 in chips, $3 bounty) 
Seat 3: dan_tgm89 (6282 in chips, $1.50 bounty) 
Seat 4: IIIIIiJIEBOi (6706 in chips, $2.25 bounty) 
Seat 5: albani07 (11256 in chips, $1.50 bounty) 
Seat 6: dabber1959 (1087 in chips, $1.50 bounty) 
Seat 7: maikrocheka (6368 in chips, $1.50 bounty) 
Seat 8: don.emilio1 (8522 in chips, $2.25 bounty) 
overTA: posts the ante 15
Mahu2021: posts the ante 15
dan_tgm89: posts the ante 15
IIIIIiJIEBOi: posts the ante 15
albani07: posts the ante 15
dabber1959: posts the ante 15
maikrocheka: posts the ante 15
don.emilio1: posts the ante 15
maikrocheka: posts small blind 50
don.emilio1: posts big blind 100
*** HOLE CARDS ***
Dealt to Mahu2021 [Qc 3s]
overTA: folds 
Mahu2021: folds 
dan_tgm89: folds 
IIIIIiJIEBOi: folds 
albani07: raises 100 to 200
dabber1959: folds 
maikrocheka: folds 
don.emilio1: folds 
Uncalled bet (100) returned to albani07
albani07 collected 370 from pot
albani07: doesn't show hand 
*** SUMMARY ***
Total pot 370 | Rake 0 
Seat 1: overTA folded before Flop (didn't bet)
Seat 2: Mahu2021 folded before Flop (didn't bet)
Seat 3: dan_tgm89 folded before Flop (didn't bet)
Seat 4: IIIIIiJIEBOi folded before Flop (didn't bet)
Seat 5: albani07 collected (370)
Seat 6: dabber1959 (button) folded before Flop (didn't bet)
Seat 7: maikrocheka (small blind) folded before Flop
Seat 8: don.emilio1 (big blind) folded before Flop



PokerStars Hand #253627993024: Tournament #3827892083, $1.44+$1.50+$0.36 USD Hold'em No Limit - Level VI (50/100) - 2024/11/29 21:19:51 CET [2024/11/29 15:19:51 ET]
Table '3827892083 42' 8-max Seat #7 is the button
Seat 1: overTA (12019 in chips, $1.50 bounty) 
Seat 2: Mahu2021 (9235 in chips, $3 bounty) 
Seat 3: dan_tgm89 (6267 in chips, $1.50 bounty) 
Seat 4: IIIIIiJIEBOi (6691 in chips, $2.25 bounty) 
Seat 5: albani07 (11511 in chips, $1.50 bounty) 
Seat 6: dabber1959 (1072 in chips, $1.50 bounty) 
Seat 7: maikrocheka (6303 in chips, $1.50 bounty) 
Seat 8: don.emilio1 (8407 in chips, $2.25 bounty) 
overTA: posts the ante 15
Mahu2021: posts the ante 15
dan_tgm89: posts the ante 15
IIIIIiJIEBOi: posts the ante 15
albani07: posts the ante 15
dabber1959: posts the ante 15
maikrocheka: posts the ante 15
don.emilio1: posts the ante 15
don.emilio1: posts small blind 50
overTA: posts big blind 100
*** HOLE CARDS ***
Dealt to Mahu2021 [4s 8h]
Mahu2021: folds 
dan_tgm89: folds 
IIIIIiJIEBOi: folds 
albani07: folds 
dabber1959: folds 
maikrocheka: folds 
don.emilio1: folds 
Uncalled bet (50) returned to overTA
overTA collected 220 from pot
overTA: doesn't show hand 
*** SUMMARY ***
Total pot 220 | Rake 0 
Seat 1: overTA (big blind) collected (220)
Seat 2: Mahu2021 folded before Flop (didn't bet)
Seat 3: dan_tgm89 folded before Flop (didn't bet)
Seat 4: IIIIIiJIEBOi folded before Flop (didn't bet)
Seat 5: albani07 folded before Flop (didn't bet)
Seat 6: dabber1959 folded before Flop (didn't bet)
Seat 7: maikrocheka (button) folded before Flop (didn't bet)
Seat 8: don.emilio1 (small blind) folded before Flop



PokerStars Hand #253627999512: Tournament #3827892083, $1.44+$1.50+$0.36 USD Hold'em No Limit - Level VI (50/100) - 2024/11/29 21:20:14 CET [2024/11/29 15:20:14 ET]
Table '3827892083 42' 8-max Seat #8 is the button
Seat 1: overTA (12174 in chips, $1.50 bounty) 
Seat 2: Mahu2021 (9220 in chips, $3 bounty) 
Seat 3: dan_tgm89 (6252 in chips, $1.50 bounty) 
Seat 4: IIIIIiJIEBOi (6676 in chips, $2.25 bounty) 
Seat 5: albani07 (11496 in chips, $1.50 bounty) 
Seat 6: dabber1959 (1057 in chips, $1.50 bounty) 
Seat 7: maikrocheka (6288 in chips, $1.50 bounty) 
Seat 8: don.emilio1 (8342 in chips, $2.25 bounty) 
overTA: posts the ante 15
Mahu2021: posts the ante 15
dan_tgm89: posts the ante 15
IIIIIiJIEBOi: posts the ante 15
albani07: posts the ante 15
dabber1959: posts the ante 15
maikrocheka: posts the ante 15
don.emilio1: posts the ante 15
overTA: posts small blind 50
Mahu2021: posts big blind 100
*** HOLE CARDS ***
Dealt to Mahu2021 [7d Qd]
dan_tgm89: folds 
IIIIIiJIEBOi: folds 
albani07: folds 
dabber1959: folds 
maikrocheka: raises 100 to 200
don.emilio1: folds 
overTA: calls 150
Mahu2021: calls 100
*** FLOP *** [2c 3d Ks]
overTA: checks 
Mahu2021: checks 
maikrocheka: bets 238
overTA: folds 
Mahu2021: folds 
Uncalled bet (238) returned to maikrocheka
maikrocheka collected 720 from pot
maikrocheka: doesn't show hand 
*** SUMMARY ***
Total pot 720 | Rake 0 
Board [2c 3d Ks]
Seat 1: overTA (small blind) folded on the Flop
Seat 2: Mahu2021 (big blind) folded on the Flop
Seat 3: dan_tgm89 folded before Flop (didn't bet)
Seat 4: IIIIIiJIEBOi folded before Flop (didn't bet)
Seat 5: albani07 folded before Flop (didn't bet)
Seat 6: dabber1959 folded before Flop (didn't bet)
Seat 7: maikrocheka collected (720)
Seat 8: don.emilio1 (button) folded before Flop (didn't bet)



PokerStars Hand #253628012406: Tournament #3827892083, $1.44+$1.50+$0.36 USD Hold'em No Limit - Level VI (50/100) - 2024/11/29 21:21:00 CET [2024/11/29 15:21:00 ET]
Table '3827892083 42' 8-max Seat #1 is the button
Seat 1: overTA (11959 in chips, $1.50 bounty) 
Seat 2: Mahu2021 (9005 in chips, $3 bounty) 
Seat 3: dan_tgm89 (6237 in chips, $1.50 bounty) 
Seat 4: IIIIIiJIEBOi (6661 in chips, $2.25 bounty) 
Seat 5: albani07 (11481 in chips, $1.50 bounty) 
Seat 6: dabber1959 (1042 in chips, $1.50 bounty) 
Seat 7: maikrocheka (6793 in chips, $1.50 bounty) 
Seat 8: don.emilio1 (8327 in chips, $2.25 bounty) 
overTA: posts the ante 15
Mahu2021: posts the ante 15
dan_tgm89: posts the ante 15
IIIIIiJIEBOi: posts the ante 15
albani07: posts the ante 15
dabber1959: posts the ante 15
maikrocheka: posts the ante 15
don.emilio1: posts the ante 15
Mahu2021: posts small blind 50
dan_tgm89: posts big blind 100
*** HOLE CARDS ***
Dealt to Mahu2021 [4s 5h]
IIIIIiJIEBOi: folds 
albani07: folds 
dabber1959: folds 
maikrocheka: folds 
don.emilio1: raises 150 to 250
overTA: folds 
Mahu2021: folds 
dan_tgm89: calls 150
*** FLOP *** [5s Ad 5c]
dan_tgm89: checks 
don.emilio1: bets 314
dan_tgm89: folds 
Uncalled bet (314) returned to don.emilio1
don.emilio1 collected 670 from pot
don.emilio1: doesn't show hand 
*** SUMMARY ***
Total pot 670 | Rake 0 
Board [5s Ad 5c]
Seat 1: overTA (button) folded before Flop (didn't bet)
Seat 2: Mahu2021 (small blind) folded before Flop
Seat 3: dan_tgm89 (big blind) folded on the Flop
Seat 4: IIIIIiJIEBOi folded before Flop (didn't bet)
Seat 5: albani07 folded before Flop (didn't bet)
Seat 6: dabber1959 folded before Flop (didn't bet)
Seat 7: maikrocheka folded before Flop (didn't bet)
Seat 8: don.emilio1 collected (670)



PokerStars Hand #253628021355: Tournament #3827892083, $1.44+$1.50+$0.36 USD Hold'em No Limit - Level VI (50/100) - 2024/11/29 21:21:32 CET [2024/11/29 15:21:32 ET]
Table '3827892083 42' 8-max Seat #2 is the button
Seat 1: overTA (11944 in chips, $1.50 bounty) 
Seat 2: Mahu2021 (8940 in chips, $3 bounty) 
Seat 3: dan_tgm89 (5972 in chips, $1.50 bounty) 
Seat 4: IIIIIiJIEBOi (6646 in chips, $2.25 bounty) 
Seat 5: albani07 (11466 in chips, $1.50 bounty) 
Seat 6: dabber1959 (1027 in chips, $1.50 bounty) 
Seat 7: maikrocheka (6778 in chips, $1.50 bounty) 
Seat 8: don.emilio1 (8732 in chips, $2.25 bounty) 
overTA: posts the ante 15
Mahu2021: posts the ante 15
dan_tgm89: posts the ante 15
IIIIIiJIEBOi: posts the ante 15
albani07: posts the ante 15
dabber1959: posts the ante 15
maikrocheka: posts the ante 15
don.emilio1: posts the ante 15
dan_tgm89: posts small blind 50
IIIIIiJIEBOi: posts big blind 100
*** HOLE CARDS ***
Dealt to Mahu2021 [4h Js]
albani07: folds 
dabber1959: folds 
maikrocheka: folds 
don.emilio1: folds 
overTA: raises 100 to 200
Mahu2021: folds 
dan_tgm89: folds 
IIIIIiJIEBOi: raises 680 to 880
overTA: calls 680
*** FLOP *** [Kh 3c As]
IIIIIiJIEBOi: bets 637
overTA: folds 
Uncalled bet (637) returned to IIIIIiJIEBOi
IIIIIiJIEBOi collected 1930 from pot
*** SUMMARY ***
Total pot 1930 | Rake 0 
Board [Kh 3c As]
Seat 1: overTA folded on the Flop
Seat 2: Mahu2021 (button) folded before Flop (didn't bet)
Seat 3: dan_tgm89 (small blind) folded before Flop
Seat 4: IIIIIiJIEBOi (big blind) collected (1930)
Seat 5: albani07 folded before Flop (didn't bet)
Seat 6: dabber1959 folded before Flop (didn't bet)
Seat 7: maikrocheka folded before Flop (didn't bet)
Seat 8: don.emilio1 folded before Flop (didn't bet)



PokerStars Hand #253628029450: Tournament #3827892083, $1.44+$1.50+$0.36 USD Hold'em No Limit - Level VI (50/100) - 2024/11/29 21:22:01 CET [2024/11/29 15:22:01 ET]
Table '3827892083 42' 8-max Seat #3 is the button
Seat 1: overTA (11049 in chips, $1.50 bounty) 
Seat 2: Mahu2021 (8925 in chips, $3 bounty) 
Seat 3: dan_tgm89 (5907 in chips, $1.50 bounty) 
Seat 4: IIIIIiJIEBOi (7681 in chips, $2.25 bounty) 
Seat 5: albani07 (11451 in chips, $1.50 bounty) 
Seat 6: dabber1959 (1012 in chips, $1.50 bounty) 
Seat 7: maikrocheka (6763 in chips, $1.50 bounty) 
Seat 8: don.emilio1 (8717 in chips, $2.25 bounty) 
overTA: posts the ante 15
Mahu2021: posts the ante 15
dan_tgm89: posts the ante 15
IIIIIiJIEBOi: posts the ante 15
albani07: posts the ante 15
dabber1959: posts the ante 15
maikrocheka: posts the ante 15
don.emilio1: posts the ante 15
IIIIIiJIEBOi: posts small blind 50
albani07: posts big blind 100
*** HOLE CARDS ***
Dealt to Mahu2021 [Jc 5c]
dabber1959: folds 
maikrocheka: folds 
don.emilio1: raises 120 to 220
overTA: folds 
Mahu2021: folds 
dan_tgm89: calls 220
IIIIIiJIEBOi: folds 
albani07: calls 120
*** FLOP *** [2d 9c 2h]
albani07: checks 
don.emilio1: checks 
dan_tgm89: checks 
*** TURN *** [2d 9c 2h] [Jh]
albani07: checks 
don.emilio1: bets 366
dan_tgm89: calls 366
albani07: folds 
*** RIVER *** [2d 9c 2h Jh] [8h]
don.emilio1: checks 
dan_tgm89: bets 500
don.emilio1: calls 500
*** SHOW DOWN ***
dan_tgm89: shows [Qd Th] (a straight, Eight to Queen)
don.emilio1: mucks hand 
dan_tgm89 collected 2562 from pot
*** SUMMARY ***
Total pot 2562 | Rake 0 
Board [2d 9c 2h Jh 8h]
Seat 1: overTA folded before Flop (didn't bet)
Seat 2: Mahu2021 folded before Flop (didn't bet)
Seat 3: dan_tgm89 (button) showed [Qd Th] and won (2562) with a straight, Eight to Queen
Seat 4: IIIIIiJIEBOi (small blind) folded before Flop
Seat 5: albani07 (big blind) folded on the Turn
Seat 6: dabber1959 folded before Flop (didn't bet)
Seat 7: maikrocheka folded before Flop (didn't bet)
Seat 8: don.emilio1 mucked [Qs Js]



PokerStars Hand #253628045038: Tournament #3827892083, $1.44+$1.50+$0.36 USD Hold'em No Limit - Level VI (50/100) - 2024/11/29 21:22:58 CET [2024/11/29 15:22:58 ET]
Table '3827892083 42' 8-max Seat #4 is the button
Seat 1: overTA (11034 in chips, $1.50 bounty) 
Seat 2: Mahu2021 (8910 in chips, $3 bounty) 
Seat 3: dan_tgm89 (7368 in chips, $1.50 bounty) 
Seat 4: IIIIIiJIEBOi (7616 in chips, $2.25 bounty) 
Seat 5: albani07 (11216 in chips, $1.50 bounty) 
Seat 6: dabber1959 (997 in chips, $1.50 bounty) 
Seat 7: maikrocheka (6748 in chips, $1.50 bounty) 
Seat 8: don.emilio1 (7616 in chips, $2.25 bounty) 
overTA: posts the ante 15
Mahu2021: posts the ante 15
dan_tgm89: posts the ante 15
IIIIIiJIEBOi: posts the ante 15
albani07: posts the ante 15
dabber1959: posts the ante 15
maikrocheka: posts the ante 15
don.emilio1: posts the ante 15
albani07: posts small blind 50
dabber1959: posts big blind 100
*** HOLE CARDS ***
Dealt to Mahu2021 [Js Jh]
maikrocheka: raises 100 to 200
don.emilio1: folds 
overTA: folds 
Mahu2021: raises 500 to 700
dan_tgm89: folds 
IIIIIiJIEBOi: folds 
albani07: folds 
dabber1959: raises 282 to 982 and is all-in
maikrocheka: folds 
Mahu2021: calls 282
*** FLOP *** [4c 9d 4d]
*** TURN *** [4c 9d 4d] [Th]
*** RIVER *** [4c 9d 4d Th] [3s]
*** SHOW DOWN ***
dabber1959: shows [5c 5d] (two pair, Fives and Fours)
Mahu2021: shows [Js Jh] (two pair, Jacks and Fours)
Mahu2021 collected 2334 from pot
Mahu2021 wins $0.75 for eliminating dabber1959 and their own bounty increases by $0.75 to $3.75
dabber1959 finished the tournament
*** SUMMARY ***
Total pot 2334 | Rake 0 
Board [4c 9d 4d Th 3s]
Seat 1: overTA folded before Flop (didn't bet)
Seat 2: Mahu2021 showed [Js Jh] and won (2334) with two pair, Jacks and Fours
Seat 3: dan_tgm89 folded before Flop (didn't bet)
Seat 4: IIIIIiJIEBOi (button) folded before Flop (didn't bet)
Seat 5: albani07 (small blind) folded before Flop
Seat 6: dabber1959 (big blind) showed [5c 5d] and lost with two pair, Fives and Fours
Seat 7: maikrocheka folded before Flop
Seat 8: don.emilio1 folded before Flop (didn't bet)



PokerStars Hand #253628059585: Tournament #3827892083, $1.44+$1.50+$0.36 USD Hold'em No Limit - Level VI (50/100) - 2024/11/29 21:23:52 CET [2024/11/29 15:23:52 ET]
Table '3827892083 42' 8-max Seat #5 is the button
Seat 1: overTA (11019 in chips, $1.50 bounty) 
Seat 2: Mahu2021 (10247 in chips, $3.75 bounty) 
Seat 3: dan_tgm89 (7353 in chips, $1.50 bounty) 
Seat 4: IIIIIiJIEBOi (7601 in chips, $2.25 bounty) 
Seat 5: albani07 (11151 in chips, $1.50 bounty) 
Seat 7: maikrocheka (6533 in chips, $1.50 bounty) 
Seat 8: don.emilio1 (7601 in chips, $2.25 bounty) 
overTA: posts the ante 15
Mahu2021: posts the ante 15
dan_tgm89: posts the ante 15
IIIIIiJIEBOi: posts the ante 15
albani07: posts the ante 15
maikrocheka: posts the ante 15
don.emilio1: posts the ante 15
maikrocheka: posts small blind 50
don.emilio1: posts big blind 100
*** HOLE CARDS ***
Dealt to Mahu2021 [8d Js]
overTA: folds 
Mahu2021: folds 
dan_tgm89: raises 100 to 200
IIIIIiJIEBOi: calls 200
albani07: folds 
maikrocheka: calls 150
don.emilio1: calls 100
*** FLOP *** [7c Qd Jh]
maikrocheka: checks 
don.emilio1: checks 
dan_tgm89: checks 
IIIIIiJIEBOi: checks 
*** TURN *** [7c Qd Jh] [Qh]
maikrocheka: checks 
don.emilio1: checks 
dan_tgm89: checks 
IIIIIiJIEBOi: checks 
*** RIVER *** [7c Qd Jh Qh] [2c]
maikrocheka: checks 
don.emilio1: bets 290
dan_tgm89: folds 
IIIIIiJIEBOi: folds 
maikrocheka: folds 
Uncalled bet (290) returned to don.emilio1
don.emilio1 collected 905 from pot
don.emilio1: doesn't show hand 
*** SUMMARY ***
Total pot 905 | Rake 0 
Board [7c Qd Jh Qh 2c]
Seat 1: overTA folded before Flop (didn't bet)
Seat 2: Mahu2021 folded before Flop (didn't bet)
Seat 3: dan_tgm89 folded on the River
Seat 4: IIIIIiJIEBOi folded on the River
Seat 5: albani07 (button) folded before Flop (didn't bet)
Seat 7: maikrocheka (small blind) folded on the River
Seat 8: don.emilio1 (big blind) collected (905)



PokerStars Hand #253628082766: Tournament #3827892083, $1.44+$1.50+$0.36 USD Hold'em No Limit - Level VII (60/120) - 2024/11/29 21:25:17 CET [2024/11/29 15:25:17 ET]
Table '3827892083 42' 8-max Seat #7 is the button
Seat 1: overTA (11004 in chips, $1.50 bounty) 
Seat 2: Mahu2021 (10232 in chips, $3.75 bounty) 
Seat 3: dan_tgm89 (7138 in chips, $1.50 bounty) 
Seat 4: IIIIIiJIEBOi (7386 in chips, $2.25 bounty) 
Seat 5: albani07 (11136 in chips, $1.50 bounty) 
Seat 6: Bobby110802 (5000 in chips, $1.50 bounty) 
Seat 7: maikrocheka (6318 in chips, $1.50 bounty) 
Seat 8: don.emilio1 (8291 in chips, $2.25 bounty) 
overTA: posts the ante 18
Mahu2021: posts the ante 18
dan_tgm89: posts the ante 18
IIIIIiJIEBOi: posts the ante 18
albani07: posts the ante 18
Bobby110802: posts the ante 18
maikrocheka: posts the ante 18
don.emilio1: posts the ante 18
don.emilio1: posts small blind 60
overTA: posts big blind 120
*** HOLE CARDS ***
Dealt to Mahu2021 [4s 6s]
Mahu2021: folds 
dan_tgm89: folds 
IIIIIiJIEBOi: folds 
albani07: folds 
Bobby110802: calls 120
maikrocheka: raises 360 to 480
don.emilio1: folds 
overTA: folds 
Bobby110802: calls 360
*** FLOP *** [Qh 9h 5h]
Bobby110802: bets 1284
maikrocheka: folds 
Uncalled bet (1284) returned to Bobby110802
Bobby110802 collected 1284 from pot
Bobby110802: doesn't show hand 
*** SUMMARY ***
Total pot 1284 | Rake 0 
Board [Qh 9h 5h]
Seat 1: overTA (big blind) folded before Flop
Seat 2: Mahu2021 folded before Flop (didn't bet)
Seat 3: dan_tgm89 folded before Flop (didn't bet)
Seat 4: IIIIIiJIEBOi folded before Flop (didn't bet)
Seat 5: albani07 folded before Flop (didn't bet)
Seat 6: Bobby110802 collected (1284)
Seat 7: maikrocheka (button) folded on the Flop
Seat 8: don.emilio1 (small blind) folded before Flop



PokerStars Hand #253628095157: Tournament #3827892083, $1.44+$1.50+$0.36 USD Hold'em No Limit - Level VII (60/120) - 2024/11/29 21:26:02 CET [2024/11/29 15:26:02 ET]
Table '3827892083 42' 8-max Seat #8 is the button
Seat 1: overTA (10866 in chips, $1.50 bounty) 
Seat 2: Mahu2021 (10214 in chips, $3.75 bounty) 
Seat 3: dan_tgm89 (7120 in chips, $1.50 bounty) 
Seat 4: IIIIIiJIEBOi (7368 in chips, $2.25 bounty) 
Seat 5: albani07 (11118 in chips, $1.50 bounty) 
Seat 6: Bobby110802 (5786 in chips, $1.50 bounty) 
Seat 7: maikrocheka (5820 in chips, $1.50 bounty) 
Seat 8: don.emilio1 (8213 in chips, $2.25 bounty) 
overTA: posts the ante 18
Mahu2021: posts the ante 18
dan_tgm89: posts the ante 18
IIIIIiJIEBOi: posts the ante 18
albani07: posts the ante 18
Bobby110802: posts the ante 18
maikrocheka: posts the ante 18
don.emilio1: posts the ante 18
overTA: posts small blind 60
Mahu2021: posts big blind 120
*** HOLE CARDS ***
Dealt to Mahu2021 [Js 4c]
dan_tgm89: folds 
IIIIIiJIEBOi: raises 144 to 264
albani07: raises 624 to 888
Bobby110802: folds 
maikrocheka: folds 
don.emilio1: folds 
overTA: folds 
Mahu2021: folds 
IIIIIiJIEBOi: folds 
Uncalled bet (624) returned to albani07
albani07 collected 852 from pot
albani07: doesn't show hand 
*** SUMMARY ***
Total pot 852 | Rake 0 
Seat 1: overTA (small blind) folded before Flop
Seat 2: Mahu2021 (big blind) folded before Flop
Seat 3: dan_tgm89 folded before Flop (didn't bet)
Seat 4: IIIIIiJIEBOi folded before Flop
Seat 5: albani07 collected (852)
Seat 6: Bobby110802 folded before Flop (didn't bet)
Seat 7: maikrocheka folded before Flop (didn't bet)
Seat 8: don.emilio1 (button) folded before Flop (didn't bet)



PokerStars Hand #253628109491: Tournament #3827892083, $1.44+$1.50+$0.36 USD Hold'em No Limit - Level VII (60/120) - 2024/11/29 21:26:54 CET [2024/11/29 15:26:54 ET]
Table '3827892083 42' 8-max Seat #1 is the button
Seat 1: overTA (10788 in chips, $1.50 bounty) 
Seat 2: Mahu2021 (10076 in chips, $3.75 bounty) 
Seat 3: dan_tgm89 (7102 in chips, $1.50 bounty) 
Seat 4: IIIIIiJIEBOi (7086 in chips, $2.25 bounty) 
Seat 5: albani07 (11688 in chips, $1.50 bounty) 
Seat 6: Bobby110802 (5768 in chips, $1.50 bounty) 
Seat 7: maikrocheka (5802 in chips, $1.50 bounty) 
Seat 8: don.emilio1 (8195 in chips, $2.25 bounty) 
overTA: posts the ante 18
Mahu2021: posts the ante 18
dan_tgm89: posts the ante 18
IIIIIiJIEBOi: posts the ante 18
albani07: posts the ante 18
Bobby110802: posts the ante 18
maikrocheka: posts the ante 18
don.emilio1: posts the ante 18
Mahu2021: posts small blind 60
dan_tgm89: posts big blind 120
*** HOLE CARDS ***
Dealt to Mahu2021 [3s 8c]
IIIIIiJIEBOi: folds 
albani07: raises 120 to 240
Bobby110802: calls 240
maikrocheka: folds 
don.emilio1: folds 
overTA: folds 
Mahu2021: folds 
dan_tgm89: calls 120
*** FLOP *** [5c 5h 4h]
dan_tgm89: bets 6844 and is all-in
albani07: raises 4586 to 11430 and is all-in
Bobby110802: folds 
Uncalled bet (4586) returned to albani07
*** TURN *** [5c 5h 4h] [Jc]
*** RIVER *** [5c 5h 4h Jc] [6s]
*** SHOW DOWN ***
dan_tgm89: shows [9h 9d] (two pair, Nines and Fives)
albani07: shows [Qs Qh] (two pair, Queens and Fives)
albani07 collected 14612 from pot
albani07 wins $0.75 for eliminating dan_tgm89 and their own bounty increases by $0.75 to $2.25
dan_tgm89 finished the tournament
*** SUMMARY ***
Total pot 14612 | Rake 0 
Board [5c 5h 4h Jc 6s]
Seat 1: overTA (button) folded before Flop (didn't bet)
Seat 2: Mahu2021 (small blind) folded before Flop
Seat 3: dan_tgm89 (big blind) showed [9h 9d] and lost with two pair, Nines and Fives
Seat 4: IIIIIiJIEBOi folded before Flop (didn't bet)
Seat 5: albani07 showed [Qs Qh] and won (14612) with two pair, Queens and Fives
Seat 6: Bobby110802 folded on the Flop
Seat 7: maikrocheka folded before Flop (didn't bet)
Seat 8: don.emilio1 folded before Flop (didn't bet)



PokerStars Hand #253628119047: Tournament #3827892083, $1.44+$1.50+$0.36 USD Hold'em No Limit - Level VII (60/120) - 2024/11/29 21:27:29 CET [2024/11/29 15:27:29 ET]
Table '3827892083 42' 8-max Seat #2 is the button
Seat 1: overTA (10770 in chips, $1.50 bounty) 
Seat 2: Mahu2021 (9998 in chips, $3.75 bounty) 
Seat 4: IIIIIiJIEBOi (7068 in chips, $2.25 bounty) 
Seat 5: albani07 (19198 in chips, $2.25 bounty) 
Seat 6: Bobby110802 (5510 in chips, $1.50 bounty) 
Seat 7: maikrocheka (5784 in chips, $1.50 bounty) 
Seat 8: don.emilio1 (8177 in chips, $2.25 bounty) 
overTA: posts the ante 18
Mahu2021: posts the ante 18
IIIIIiJIEBOi: posts the ante 18
albani07: posts the ante 18
Bobby110802: posts the ante 18
maikrocheka: posts the ante 18
don.emilio1: posts the ante 18
IIIIIiJIEBOi: posts small blind 60
albani07: posts big blind 120
*** HOLE CARDS ***
Dealt to Mahu2021 [Kh As]
Bobby110802: folds 
maikrocheka: folds 
don.emilio1: folds 
overTA: folds 
Mahu2021: raises 240 to 360
IIIIIiJIEBOi: folds 
albani07: calls 240
*** FLOP *** [6s 4h Ad]
albani07: checks 
Mahu2021: bets 360
albani07: folds 
Uncalled bet (360) returned to Mahu2021
Mahu2021 collected 906 from pot
Mahu2021: doesn't show hand 
*** SUMMARY ***
Total pot 906 | Rake 0 
Board [6s 4h Ad]
Seat 1: overTA folded before Flop (didn't bet)
Seat 2: Mahu2021 (button) collected (906)
Seat 4: IIIIIiJIEBOi (small blind) folded before Flop
Seat 5: albani07 (big blind) folded on the Flop
Seat 6: Bobby110802 folded before Flop (didn't bet)
Seat 7: maikrocheka folded before Flop (didn't bet)
Seat 8: don.emilio1 folded before Flop (didn't bet)



PokerStars Hand #253628127782: Tournament #3827892083, $1.44+$1.50+$0.36 USD Hold'em No Limit - Level VII (60/120) - 2024/11/29 21:28:01 CET [2024/11/29 15:28:01 ET]
Table '3827892083 42' 8-max Seat #4 is the button
Seat 1: overTA (10752 in chips, $1.50 bounty) 
Seat 2: Mahu2021 (10526 in chips, $3.75 bounty) 
Seat 4: IIIIIiJIEBOi (6990 in chips, $2.25 bounty) 
Seat 5: albani07 (18820 in chips, $2.25 bounty) 
Seat 6: Bobby110802 (5492 in chips, $1.50 bounty) 
Seat 7: maikrocheka (5766 in chips, $1.50 bounty) 
Seat 8: don.emilio1 (8159 in chips, $2.25 bounty) 
overTA: posts the ante 18
Mahu2021: posts the ante 18
IIIIIiJIEBOi: posts the ante 18
albani07: posts the ante 18
Bobby110802: posts the ante 18
maikrocheka: posts the ante 18
don.emilio1: posts the ante 18
albani07: posts small blind 60
Bobby110802: posts big blind 120
*** HOLE CARDS ***
Dealt to Mahu2021 [Th Jh]
maikrocheka: raises 120 to 240
don.emilio1: raises 480 to 720
overTA: folds 
Mahu2021: folds 
IIIIIiJIEBOi: folds 
albani07: folds 
Bobby110802: folds 
maikrocheka: folds 
Uncalled bet (480) returned to don.emilio1
don.emilio1 collected 786 from pot
don.emilio1: doesn't show hand 
*** SUMMARY ***
Total pot 786 | Rake 0 
Seat 1: overTA folded before Flop (didn't bet)
Seat 2: Mahu2021 folded before Flop (didn't bet)
Seat 4: IIIIIiJIEBOi (button) folded before Flop (didn't bet)
Seat 5: albani07 (small blind) folded before Flop
Seat 6: Bobby110802 (big blind) folded before Flop
Seat 7: maikrocheka folded before Flop
Seat 8: don.emilio1 collected (786)



PokerStars Hand #253628134959: Tournament #3827892083, $1.44+$1.50+$0.36 USD Hold'em No Limit - Level VII (60/120) - 2024/11/29 21:28:27 CET [2024/11/29 15:28:27 ET]
Table '3827892083 42' 8-max Seat #5 is the button
Seat 1: overTA (10734 in chips, $1.50 bounty) 
Seat 2: Mahu2021 (10508 in chips, $3.75 bounty) 
Seat 3: HellsChef247 (5000 in chips, $1.50 bounty) 
Seat 4: IIIIIiJIEBOi (6972 in chips, $2.25 bounty) 
Seat 5: albani07 (18742 in chips, $2.25 bounty) 
Seat 6: Bobby110802 (5354 in chips, $1.50 bounty) 
Seat 7: maikrocheka (5508 in chips, $1.50 bounty) 
Seat 8: don.emilio1 (8687 in chips, $2.25 bounty) 
overTA: posts the ante 18
Mahu2021: posts the ante 18
HellsChef247: posts the ante 18
IIIIIiJIEBOi: posts the ante 18
albani07: posts the ante 18
Bobby110802: posts the ante 18
maikrocheka: posts the ante 18
don.emilio1: posts the ante 18
Bobby110802: posts small blind 60
maikrocheka: posts big blind 120
*** HOLE CARDS ***
Dealt to Mahu2021 [6d Kc]
overTA is disconnected 
don.emilio1: folds 
overTA has timed out while disconnected
overTA: folds 
overTA is sitting out
Mahu2021: folds 
HellsChef247: raises 120 to 240
IIIIIiJIEBOi: folds 
albani07: calls 240
Bobby110802: folds 
maikrocheka: folds 
*** FLOP *** [6h 8d Kd]
HellsChef247: bets 120
albani07: folds 
Uncalled bet (120) returned to HellsChef247
HellsChef247 collected 804 from pot
*** SUMMARY ***
Total pot 804 | Rake 0 
Board [6h 8d Kd]
Seat 1: overTA folded before Flop (didn't bet)
Seat 2: Mahu2021 folded before Flop (didn't bet)
Seat 3: HellsChef247 collected (804)
Seat 4: IIIIIiJIEBOi folded before Flop (didn't bet)
Seat 5: albani07 (button) folded on the Flop
Seat 6: Bobby110802 (small blind) folded before Flop
Seat 7: maikrocheka (big blind) folded before Flop
Seat 8: don.emilio1 folded before Flop (didn't bet)



PokerStars Hand #253628145219: Tournament #3827892083, $1.44+$1.50+$0.36 USD Hold'em No Limit - Level VII (60/120) - 2024/11/29 21:29:05 CET [2024/11/29 15:29:05 ET]
Table '3827892083 42' 8-max Seat #6 is the button
Seat 1: overTA (10716 in chips, $1.50 bounty) is sitting out
Seat 2: Mahu2021 (10490 in chips, $3.75 bounty) 
Seat 3: HellsChef247 (5546 in chips, $1.50 bounty) 
Seat 4: IIIIIiJIEBOi (6954 in chips, $2.25 bounty) 
Seat 5: albani07 (18484 in chips, $2.25 bounty) 
Seat 6: Bobby110802 (5276 in chips, $1.50 bounty) 
Seat 7: maikrocheka (5370 in chips, $1.50 bounty) 
Seat 8: don.emilio1 (8669 in chips, $2.25 bounty) 
overTA: posts the ante 18
Mahu2021: posts the ante 18
HellsChef247: posts the ante 18
IIIIIiJIEBOi: posts the ante 18
albani07: posts the ante 18
Bobby110802: posts the ante 18
maikrocheka: posts the ante 18
don.emilio1: posts the ante 18
maikrocheka: posts small blind 60
don.emilio1: posts big blind 120
*** HOLE CARDS ***
Dealt to Mahu2021 [3c 8c]
overTA: folds 
Mahu2021: folds 
HellsChef247: folds 
IIIIIiJIEBOi: folds 
albani07: folds 
Bobby110802: calls 120
maikrocheka: calls 60
don.emilio1: checks 
*** FLOP *** [Kc 6s 7d]
maikrocheka: checks 
don.emilio1: checks 
Bobby110802: checks 
*** TURN *** [Kc 6s 7d] [5d]
maikrocheka: bets 378
don.emilio1: folds 
Bobby110802: folds 
Uncalled bet (378) returned to maikrocheka
maikrocheka collected 504 from pot
maikrocheka: doesn't show hand 
*** SUMMARY ***
Total pot 504 | Rake 0 
Board [Kc 6s 7d 5d]
Seat 1: overTA folded before Flop (didn't bet)
Seat 2: Mahu2021 folded before Flop (didn't bet)
Seat 3: HellsChef247 folded before Flop (didn't bet)
Seat 4: IIIIIiJIEBOi folded before Flop (didn't bet)
Seat 5: albani07 folded before Flop (didn't bet)
Seat 6: Bobby110802 (button) folded on the Turn
Seat 7: maikrocheka (small blind) collected (504)
Seat 8: don.emilio1 (big blind) folded on the Turn



PokerStars Hand #253628160745: Tournament #3827892083, $1.44+$1.50+$0.36 USD Hold'em No Limit - Level VII (60/120) - 2024/11/29 21:30:01 CET [2024/11/29 15:30:01 ET]
Table '3827892083 42' 8-max Seat #7 is the button
Seat 1: overTA (10698 in chips, $1.50 bounty) is sitting out
Seat 2: Mahu2021 (10472 in chips, $3.75 bounty) 
Seat 3: HellsChef247 (5528 in chips, $1.50 bounty) 
Seat 4: IIIIIiJIEBOi (6936 in chips, $2.25 bounty) 
Seat 5: albani07 (18466 in chips, $2.25 bounty) 
Seat 6: Bobby110802 (5138 in chips, $1.50 bounty) 
Seat 7: maikrocheka (5736 in chips, $1.50 bounty) 
Seat 8: don.emilio1 (8531 in chips, $2.25 bounty) 
overTA: posts the ante 18
Mahu2021: posts the ante 18
HellsChef247: posts the ante 18
IIIIIiJIEBOi: posts the ante 18
albani07: posts the ante 18
Bobby110802: posts the ante 18
maikrocheka: posts the ante 18
don.emilio1: posts the ante 18
don.emilio1: posts small blind 60
overTA: posts big blind 120
*** HOLE CARDS ***
Dealt to Mahu2021 [9c Qs]
Mahu2021: folds 
HellsChef247: folds 
IIIIIiJIEBOi: raises 120 to 240
albani07: folds 
Bobby110802: folds 
maikrocheka: folds 
don.emilio1: folds 
overTA: folds 
Uncalled bet (120) returned to IIIIIiJIEBOi
IIIIIiJIEBOi collected 444 from pot
*** SUMMARY ***
Total pot 444 | Rake 0 
Seat 1: overTA (big blind) folded before Flop
Seat 2: Mahu2021 folded before Flop (didn't bet)
Seat 3: HellsChef247 folded before Flop (didn't bet)
Seat 4: IIIIIiJIEBOi collected (444)
Seat 5: albani07 folded before Flop (didn't bet)
Seat 6: Bobby110802 folded before Flop (didn't bet)
Seat 7: maikrocheka (button) folded before Flop (didn't bet)
Seat 8: don.emilio1 (small blind) folded before Flop



PokerStars Hand #253628168298: Tournament #3827892083, $1.44+$1.50+$0.36 USD Hold'em No Limit - Level VII (60/120) - 2024/11/29 21:30:29 CET [2024/11/29 15:30:29 ET]
Table '3827892083 42' 8-max Seat #8 is the button
Seat 1: overTA (10560 in chips, $1.50 bounty) is sitting out
Seat 2: Mahu2021 (10454 in chips, $3.75 bounty) 
Seat 3: HellsChef247 (5510 in chips, $1.50 bounty) 
Seat 4: IIIIIiJIEBOi (7242 in chips, $2.25 bounty) 
Seat 5: albani07 (18448 in chips, $2.25 bounty) 
Seat 6: Bobby110802 (5120 in chips, $1.50 bounty) 
Seat 7: maikrocheka (5718 in chips, $1.50 bounty) 
Seat 8: don.emilio1 (8453 in chips, $2.25 bounty) 
overTA: posts the ante 18
Mahu2021: posts the ante 18
HellsChef247: posts the ante 18
IIIIIiJIEBOi: posts the ante 18
albani07: posts the ante 18
Bobby110802: posts the ante 18
maikrocheka: posts the ante 18
don.emilio1: posts the ante 18
overTA: posts small blind 60
Mahu2021: posts big blind 120
*** HOLE CARDS ***
Dealt to Mahu2021 [5s 5d]
HellsChef247: raises 120 to 240
IIIIIiJIEBOi: folds 
albani07: folds 
Bobby110802: calls 240
maikrocheka: raises 5460 to 5700 and is all-in
don.emilio1: folds 
overTA: folds 
Mahu2021: folds 
HellsChef247: calls 5252 and is all-in
Bobby110802: folds 
Uncalled bet (208) returned to maikrocheka
*** FLOP *** [8c 9c 8d]
*** TURN *** [8c 9c 8d] [Kd]
*** RIVER *** [8c 9c 8d Kd] [Js]
*** SHOW DOWN ***
HellsChef247: shows [Ac Kh] (two pair, Kings and Eights)
maikrocheka: shows [As Kc] (two pair, Kings and Eights)
HellsChef247 collected 5774 from pot
maikrocheka collected 5774 from pot
*** SUMMARY ***
Total pot 11548 | Rake 0 
Board [8c 9c 8d Kd Js]
Seat 1: overTA (small blind) folded before Flop
Seat 2: Mahu2021 (big blind) folded before Flop
Seat 3: HellsChef247 showed [Ac Kh] and won (5774) with two pair, Kings and Eights
Seat 4: IIIIIiJIEBOi folded before Flop (didn't bet)
Seat 5: albani07 folded before Flop (didn't bet)
Seat 6: Bobby110802 folded before Flop
Seat 7: maikrocheka showed [As Kc] and won (5774) with two pair, Kings and Eights
Seat 8: don.emilio1 (button) folded before Flop (didn't bet)



PokerStars Hand #253628181848: Tournament #3827892083, $1.44+$1.50+$0.36 USD Hold'em No Limit - Level VII (60/120) - 2024/11/29 21:31:19 CET [2024/11/29 15:31:19 ET]
Table '3827892083 42' 8-max Seat #1 is the button
Seat 1: overTA (10482 in chips, $1.50 bounty) is sitting out
Seat 2: Mahu2021 (10316 in chips, $3.75 bounty) 
Seat 3: HellsChef247 (5774 in chips, $1.50 bounty) 
Seat 4: IIIIIiJIEBOi (7224 in chips, $2.25 bounty) 
Seat 5: albani07 (18430 in chips, $2.25 bounty) 
Seat 6: Bobby110802 (4862 in chips, $1.50 bounty) 
Seat 7: maikrocheka (5982 in chips, $1.50 bounty) 
Seat 8: don.emilio1 (8435 in chips, $2.25 bounty) 
overTA: posts the ante 18
Mahu2021: posts the ante 18
HellsChef247: posts the ante 18
IIIIIiJIEBOi: posts the ante 18
albani07: posts the ante 18
Bobby110802: posts the ante 18
maikrocheka: posts the ante 18
don.emilio1: posts the ante 18
Mahu2021: posts small blind 60
HellsChef247: posts big blind 120
*** HOLE CARDS ***
Dealt to Mahu2021 [9c 7s]
IIIIIiJIEBOi: raises 120 to 240
albani07: folds 
Bobby110802: folds 
maikrocheka: folds 
don.emilio1: folds 
overTA: folds 
Mahu2021: folds 
HellsChef247: folds 
Uncalled bet (120) returned to IIIIIiJIEBOi
IIIIIiJIEBOi collected 444 from pot
*** SUMMARY ***
Total pot 444 | Rake 0 
Seat 1: overTA (button) folded before Flop (didn't bet)
Seat 2: Mahu2021 (small blind) folded before Flop
Seat 3: HellsChef247 (big blind) folded before Flop
Seat 4: IIIIIiJIEBOi collected (444)
Seat 5: albani07 folded before Flop (didn't bet)
Seat 6: Bobby110802 folded before Flop (didn't bet)
Seat 7: maikrocheka folded before Flop (didn't bet)
Seat 8: don.emilio1 folded before Flop (didn't bet)



PokerStars Hand #253628189547: Tournament #3827892083, $1.44+$1.50+$0.36 USD Hold'em No Limit - Level VII (60/120) - 2024/11/29 21:31:47 CET [2024/11/29 15:31:47 ET]
Table '3827892083 42' 8-max Seat #2 is the button
Seat 1: overTA (10464 in chips, $1.50 bounty) is sitting out
Seat 2: Mahu2021 (10238 in chips, $3.75 bounty) 
Seat 3: HellsChef247 (5636 in chips, $1.50 bounty) 
Seat 4: IIIIIiJIEBOi (7530 in chips, $2.25 bounty) 
Seat 5: albani07 (18412 in chips, $2.25 bounty) 
Seat 6: Bobby110802 (4844 in chips, $1.50 bounty) 
Seat 7: maikrocheka (5964 in chips, $1.50 bounty) 
Seat 8: don.emilio1 (8417 in chips, $2.25 bounty) 
overTA: posts the ante 18
Mahu2021: posts the ante 18
HellsChef247: posts the ante 18
IIIIIiJIEBOi: posts the ante 18
albani07: posts the ante 18
Bobby110802: posts the ante 18
maikrocheka: posts the ante 18
don.emilio1: posts the ante 18
HellsChef247: posts small blind 60
IIIIIiJIEBOi: posts big blind 120
*** HOLE CARDS ***
Dealt to Mahu2021 [5s 6d]
albani07: raises 120 to 240
Bobby110802: folds 
maikrocheka: raises 480 to 720
don.emilio1: folds 
overTA: folds 
Mahu2021: folds 
HellsChef247: calls 660
IIIIIiJIEBOi: folds 
albani07: folds 
*** FLOP *** [4d 8s 7h]
HellsChef247: checks 
maikrocheka: checks 
*** TURN *** [4d 8s 7h] [9h]
HellsChef247: bets 4898 and is all-in
maikrocheka: folds 
Uncalled bet (4898) returned to HellsChef247
HellsChef247 collected 1944 from pot
*** SUMMARY ***
Total pot 1944 | Rake 0 
Board [4d 8s 7h 9h]
Seat 1: overTA folded before Flop (didn't bet)
Seat 2: Mahu2021 (button) folded before Flop (didn't bet)
Seat 3: HellsChef247 (small blind) collected (1944)
Seat 4: IIIIIiJIEBOi (big blind) folded before Flop
Seat 5: albani07 folded before Flop
Seat 6: Bobby110802 folded before Flop (didn't bet)
Seat 7: maikrocheka folded on the Turn
Seat 8: don.emilio1 folded before Flop (didn't bet)



PokerStars Hand #253628211400: Tournament #3827892083, $1.44+$1.50+$0.36 USD Hold'em No Limit - Level VII (60/120) - 2024/11/29 21:33:07 CET [2024/11/29 15:33:07 ET]
Table '3827892083 42' 8-max Seat #3 is the button
Seat 1: overTA (10446 in chips, $1.50 bounty) is sitting out
Seat 2: Mahu2021 (10220 in chips, $3.75 bounty) 
Seat 3: HellsChef247 (6842 in chips, $1.50 bounty) 
Seat 4: IIIIIiJIEBOi (7392 in chips, $2.25 bounty) 
Seat 5: albani07 (18154 in chips, $2.25 bounty) 
Seat 6: Bobby110802 (4826 in chips, $1.50 bounty) 
Seat 7: maikrocheka (5226 in chips, $1.50 bounty) 
Seat 8: don.emilio1 (8399 in chips, $2.25 bounty) 
overTA: posts the ante 18
Mahu2021: posts the ante 18
HellsChef247: posts the ante 18
IIIIIiJIEBOi: posts the ante 18
albani07: posts the ante 18
Bobby110802: posts the ante 18
maikrocheka: posts the ante 18
don.emilio1: posts the ante 18
IIIIIiJIEBOi: posts small blind 60
albani07: posts big blind 120
*** HOLE CARDS ***
Dealt to Mahu2021 [6d 9h]
Bobby110802: calls 120
maikrocheka: folds 
don.emilio1: folds 
overTA: folds 
Mahu2021: folds 
HellsChef247: calls 120
IIIIIiJIEBOi: calls 60
albani07: checks 
*** FLOP *** [Kc Jd 3s]
IIIIIiJIEBOi: checks 
albani07: checks 
Bobby110802: checks 
HellsChef247: bets 360
IIIIIiJIEBOi: folds 
albani07: folds 
Bobby110802: folds 
Uncalled bet (360) returned to HellsChef247
HellsChef247 collected 624 from pot
*** SUMMARY ***
Total pot 624 | Rake 0 
Board [Kc Jd 3s]
Seat 1: overTA folded before Flop (didn't bet)
Seat 2: Mahu2021 folded before Flop (didn't bet)
Seat 3: HellsChef247 (button) collected (624)
Seat 4: IIIIIiJIEBOi (small blind) folded on the Flop
Seat 5: albani07 (big blind) folded on the Flop
Seat 6: Bobby110802 folded on the Flop
Seat 7: maikrocheka folded before Flop (didn't bet)
Seat 8: don.emilio1 folded before Flop (didn't bet)



PokerStars Hand #253628226325: Tournament #3827892083, $1.44+$1.50+$0.36 USD Hold'em No Limit - Level VIII (70/140) - 2024/11/29 21:34:02 CET [2024/11/29 15:34:02 ET]
Table '3827892083 42' 8-max Seat #4 is the button
Seat 1: overTA (10428 in chips, $1.50 bounty) is sitting out
Seat 2: Mahu2021 (10202 in chips, $3.75 bounty) 
Seat 3: HellsChef247 (7328 in chips, $1.50 bounty) 
Seat 4: IIIIIiJIEBOi (7254 in chips, $2.25 bounty) 
Seat 5: albani07 (18016 in chips, $2.25 bounty) 
Seat 6: Bobby110802 (4688 in chips, $1.50 bounty) 
Seat 7: maikrocheka (5208 in chips, $1.50 bounty) 
Seat 8: don.emilio1 (8381 in chips, $2.25 bounty) 
overTA: posts the ante 21
Mahu2021: posts the ante 21
HellsChef247: posts the ante 21
IIIIIiJIEBOi: posts the ante 21
albani07: posts the ante 21
Bobby110802: posts the ante 21
maikrocheka: posts the ante 21
don.emilio1: posts the ante 21
albani07: posts small blind 70
Bobby110802: posts big blind 140
*** HOLE CARDS ***
Dealt to Mahu2021 [6h 9c]
maikrocheka: raises 140 to 280
don.emilio1: calls 280
overTA: folds 
Mahu2021: folds 
HellsChef247: folds 
IIIIIiJIEBOi: calls 280
albani07: folds 
Bobby110802: calls 140
*** FLOP *** [4c Js Jh]
Bobby110802: checks 
maikrocheka: bets 448
don.emilio1: folds 
IIIIIiJIEBOi: folds 
Bobby110802: folds 
Uncalled bet (448) returned to maikrocheka
maikrocheka collected 1358 from pot
maikrocheka: doesn't show hand 
*** SUMMARY ***
Total pot 1358 | Rake 0 
Board [4c Js Jh]
Seat 1: overTA folded before Flop (didn't bet)
Seat 2: Mahu2021 folded before Flop (didn't bet)
Seat 3: HellsChef247 folded before Flop (didn't bet)
Seat 4: IIIIIiJIEBOi (button) folded on the Flop
Seat 5: albani07 (small blind) folded before Flop
Seat 6: Bobby110802 (big blind) folded on the Flop
Seat 7: maikrocheka collected (1358)
Seat 8: don.emilio1 folded on the Flop



PokerStars Hand #253628237674: Tournament #3827892083, $1.44+$1.50+$0.36 USD Hold'em No Limit - Level VIII (70/140) - 2024/11/29 21:34:43 CET [2024/11/29 15:34:43 ET]
Table '3827892083 42' 8-max Seat #5 is the button
Seat 1: overTA (10407 in chips, $1.50 bounty) is sitting out
Seat 2: Mahu2021 (10181 in chips, $3.75 bounty) 
Seat 3: HellsChef247 (7307 in chips, $1.50 bounty) 
Seat 4: IIIIIiJIEBOi (6953 in chips, $2.25 bounty) 
Seat 5: albani07 (17925 in chips, $2.25 bounty) 
Seat 6: Bobby110802 (4387 in chips, $1.50 bounty) 
Seat 7: maikrocheka (6265 in chips, $1.50 bounty) 
Seat 8: don.emilio1 (8080 in chips, $2.25 bounty) 
overTA: posts the ante 21
Mahu2021: posts the ante 21
HellsChef247: posts the ante 21
IIIIIiJIEBOi: posts the ante 21
albani07: posts the ante 21
Bobby110802: posts the ante 21
maikrocheka: posts the ante 21
don.emilio1: posts the ante 21
Bobby110802: posts small blind 70
maikrocheka: posts big blind 140
*** HOLE CARDS ***
Dealt to Mahu2021 [4c Qs]
overTA is disconnected 
overTA has returned
don.emilio1: folds 
overTA: raises 140 to 280
Mahu2021: folds 
HellsChef247: folds 
IIIIIiJIEBOi: folds 
albani07: calls 280
Bobby110802: raises 140 to 420
maikrocheka: calls 280
overTA: calls 140
albani07: calls 140
*** FLOP *** [5h Ks 3c]
Bobby110802: bets 1848
maikrocheka: calls 1848
overTA: folds 
albani07: raises 8131 to 9979
Bobby110802: calls 2098 and is all-in
maikrocheka: calls 3976 and is all-in
Uncalled bet (4155) returned to albani07
*** TURN *** [5h Ks 3c] [2d]
*** RIVER *** [5h Ks 3c 2d] [7s]
*** SHOW DOWN ***
maikrocheka: shows [Kh 2h] (two pair, Kings and Deuces)
albani07: shows [Kd As] (a pair of Kings)
maikrocheka collected 3756 from side pot
Bobby110802: shows [Js Jc] (a pair of Jacks)
maikrocheka collected 13686 from main pot
maikrocheka wins $0.75 for eliminating Bobby110802 and their own bounty increases by $0.75 to $2.25
Bobby110802 finished the tournament
*** SUMMARY ***
Total pot 17442 Main pot 13686. Side pot 3756. | Rake 0 
Board [5h Ks 3c 2d 7s]
Seat 1: overTA folded on the Flop
Seat 2: Mahu2021 folded before Flop (didn't bet)
Seat 3: HellsChef247 folded before Flop (didn't bet)
Seat 4: IIIIIiJIEBOi folded before Flop (didn't bet)
Seat 5: albani07 (button) showed [Kd As] and lost with a pair of Kings
Seat 6: Bobby110802 (small blind) showed [Js Jc] and lost with a pair of Jacks
Seat 7: maikrocheka (big blind) showed [Kh 2h] and won (17442) with two pair, Kings and Deuces
Seat 8: don.emilio1 folded before Flop (didn't bet)



PokerStars Hand #253628262032: Tournament #3827892083, $1.44+$1.50+$0.36 USD Hold'em No Limit - Level VIII (70/140) - 2024/11/29 21:36:13 CET [2024/11/29 15:36:13 ET]
Table '3827892083 42' 8-max Seat #7 is the button
Seat 1: overTA (9966 in chips, $1.50 bounty) 
Seat 2: Mahu2021 (10160 in chips, $3.75 bounty) 
Seat 3: HellsChef247 (7286 in chips, $1.50 bounty) 
Seat 4: IIIIIiJIEBOi (6932 in chips, $2.25 bounty) 
Seat 5: albani07 (11660 in chips, $2.25 bounty) 
Seat 7: maikrocheka (17442 in chips, $2.25 bounty) 
Seat 8: don.emilio1 (8059 in chips, $2.25 bounty) 
overTA: posts the ante 21
Mahu2021: posts the ante 21
HellsChef247: posts the ante 21
IIIIIiJIEBOi: posts the ante 21
albani07: posts the ante 21
maikrocheka: posts the ante 21
don.emilio1: posts the ante 21
don.emilio1: posts small blind 70
overTA: posts big blind 140
*** HOLE CARDS ***
Dealt to Mahu2021 [6h Qd]
Mahu2021: folds 
SANT0BB is disconnected 
HellsChef247: raises 140 to 280
IIIIIiJIEBOi: folds 
albani07: folds 
maikrocheka: folds 
don.emilio1: folds 
overTA: folds 
Uncalled bet (140) returned to HellsChef247
HellsChef247 collected 497 from pot
*** SUMMARY ***
Total pot 497 | Rake 0 
Seat 1: overTA (big blind) folded before Flop
Seat 2: Mahu2021 folded before Flop (didn't bet)
Seat 3: HellsChef247 collected (497)
Seat 4: IIIIIiJIEBOi folded before Flop (didn't bet)
Seat 5: albani07 folded before Flop (didn't bet)
Seat 7: maikrocheka (button) folded before Flop (didn't bet)
Seat 8: don.emilio1 (small blind) folded before Flop



PokerStars Hand #253628273722: Tournament #3827892083, $1.44+$1.50+$0.36 USD Hold'em No Limit - Level VIII (70/140) - 2024/11/29 21:36:56 CET [2024/11/29 15:36:56 ET]
Table '3827892083 42' 8-max Seat #8 is the button
Seat 1: overTA (9805 in chips, $1.50 bounty) 
Seat 2: Mahu2021 (10139 in chips, $3.75 bounty) 
Seat 3: HellsChef247 (7622 in chips, $1.50 bounty) 
Seat 4: IIIIIiJIEBOi (6911 in chips, $2.25 bounty) 
Seat 5: albani07 (11639 in chips, $2.25 bounty) 
Seat 6: SANT0BB (10928 in chips, $3 bounty) 
Seat 7: maikrocheka (17421 in chips, $2.25 bounty) 
Seat 8: don.emilio1 (7968 in chips, $2.25 bounty) 
overTA: posts the ante 21
Mahu2021: posts the ante 21
HellsChef247: posts the ante 21
IIIIIiJIEBOi: posts the ante 21
albani07: posts the ante 21
SANT0BB: posts the ante 21
maikrocheka: posts the ante 21
don.emilio1: posts the ante 21
overTA: posts small blind 70
Mahu2021: posts big blind 140
*** HOLE CARDS ***
Dealt to Mahu2021 [Qh 7h]
HellsChef247: folds 
IIIIIiJIEBOi: folds 
albani07: folds 
SANT0BB: folds 
maikrocheka: raises 140 to 280
don.emilio1: folds 
overTA: calls 210
Mahu2021: calls 140
*** FLOP *** [Ts 2c 6d]
overTA: checks 
Mahu2021: checks 
maikrocheka: bets 333
overTA: calls 333
Mahu2021: folds 
*** TURN *** [Ts 2c 6d] [3s]
overTA: bets 551
maikrocheka: folds 
Uncalled bet (551) returned to overTA
overTA collected 1674 from pot
overTA: doesn't show hand 
*** SUMMARY ***
Total pot 1674 | Rake 0 
Board [Ts 2c 6d 3s]
Seat 1: overTA (small blind) collected (1674)
Seat 2: Mahu2021 (big blind) folded on the Flop
Seat 3: HellsChef247 folded before Flop (didn't bet)
Seat 4: IIIIIiJIEBOi folded before Flop (didn't bet)
Seat 5: albani07 folded before Flop (didn't bet)
Seat 6: SANT0BB folded before Flop (didn't bet)
Seat 7: maikrocheka folded on the Turn
Seat 8: don.emilio1 (button) folded before Flop (didn't bet)



PokerStars Hand #253628291080: Tournament #3827892083, $1.44+$1.50+$0.36 USD Hold'em No Limit - Level VIII (70/140) - 2024/11/29 21:38:00 CET [2024/11/29 15:38:00 ET]
Table '3827892083 42' 8-max Seat #1 is the button
Seat 1: overTA (10845 in chips, $1.50 bounty) 
Seat 2: Mahu2021 (9838 in chips, $3.75 bounty) 
Seat 3: HellsChef247 (7601 in chips, $1.50 bounty) 
Seat 4: IIIIIiJIEBOi (6890 in chips, $2.25 bounty) 
Seat 5: albani07 (11618 in chips, $2.25 bounty) 
Seat 6: SANT0BB (10907 in chips, $3 bounty) 
Seat 7: maikrocheka (16787 in chips, $2.25 bounty) 
Seat 8: don.emilio1 (7947 in chips, $2.25 bounty) 
overTA: posts the ante 21
Mahu2021: posts the ante 21
HellsChef247: posts the ante 21
IIIIIiJIEBOi: posts the ante 21
albani07: posts the ante 21
SANT0BB: posts the ante 21
maikrocheka: posts the ante 21
don.emilio1: posts the ante 21
Mahu2021: posts small blind 70
HellsChef247: posts big blind 140
*** HOLE CARDS ***
Dealt to Mahu2021 [Td 5s]
IIIIIiJIEBOi: folds 
albani07: folds 
SANT0BB: folds 
maikrocheka: folds 
don.emilio1: folds 
overTA: raises 140 to 280
Mahu2021: folds 
HellsChef247: calls 140
*** FLOP *** [Qd Qs 4s]
HellsChef247: checks 
overTA: bets 223
HellsChef247: folds 
Uncalled bet (223) returned to overTA
overTA collected 798 from pot
overTA: doesn't show hand 
*** SUMMARY ***
Total pot 798 | Rake 0 
Board [Qd Qs 4s]
Seat 1: overTA (button) collected (798)
Seat 2: Mahu2021 (small blind) folded before Flop
Seat 3: HellsChef247 (big blind) folded on the Flop
Seat 4: IIIIIiJIEBOi folded before Flop (didn't bet)
Seat 5: albani07 folded before Flop (didn't bet)
Seat 6: SANT0BB folded before Flop (didn't bet)
Seat 7: maikrocheka folded before Flop (didn't bet)
Seat 8: don.emilio1 folded before Flop (didn't bet)



PokerStars Hand #253628302264: Tournament #3827892083, $1.44+$1.50+$0.36 USD Hold'em No Limit - Level VIII (70/140) - 2024/11/29 21:38:42 CET [2024/11/29 15:38:42 ET]
Table '3827892083 42' 8-max Seat #2 is the button
Seat 1: overTA (11342 in chips, $1.50 bounty) 
Seat 2: Mahu2021 (9747 in chips, $3.75 bounty) 
Seat 3: HellsChef247 (7300 in chips, $1.50 bounty) 
Seat 4: IIIIIiJIEBOi (6869 in chips, $2.25 bounty) 
Seat 5: albani07 (11597 in chips, $2.25 bounty) 
Seat 6: SANT0BB (10886 in chips, $3 bounty) 
Seat 7: maikrocheka (16766 in chips, $2.25 bounty) 
Seat 8: don.emilio1 (7926 in chips, $2.25 bounty) 
overTA: posts the ante 21
Mahu2021: posts the ante 21
HellsChef247: posts the ante 21
IIIIIiJIEBOi: posts the ante 21
albani07: posts the ante 21
SANT0BB: posts the ante 21
maikrocheka: posts the ante 21
don.emilio1: posts the ante 21
HellsChef247: posts small blind 70
IIIIIiJIEBOi: posts big blind 140
*** HOLE CARDS ***
Dealt to Mahu2021 [6d Qs]
albani07: folds 
SANT0BB: folds 
maikrocheka: folds 
don.emilio1: raises 140 to 280
overTA: folds 
Mahu2021: folds 
HellsChef247: folds 
IIIIIiJIEBOi: calls 140
*** FLOP *** [Jd Kd 8s]
IIIIIiJIEBOi: checks 
don.emilio1: bets 395
IIIIIiJIEBOi: folds 
Uncalled bet (395) returned to don.emilio1
don.emilio1 collected 798 from pot
don.emilio1: doesn't show hand 
*** SUMMARY ***
Total pot 798 | Rake 0 
Board [Jd Kd 8s]
Seat 1: overTA folded before Flop (didn't bet)
Seat 2: Mahu2021 (button) folded before Flop (didn't bet)
Seat 3: HellsChef247 (small blind) folded before Flop
Seat 4: IIIIIiJIEBOi (big blind) folded on the Flop
Seat 5: albani07 folded before Flop (didn't bet)
Seat 6: SANT0BB folded before Flop (didn't bet)
Seat 7: maikrocheka folded before Flop (didn't bet)
Seat 8: don.emilio1 collected (798)



PokerStars Hand #253628316817: Tournament #3827892083, $1.44+$1.50+$0.36 USD Hold'em No Limit - Level VIII (70/140) - 2024/11/29 21:39:35 CET [2024/11/29 15:39:35 ET]
Table '3827892083 42' 8-max Seat #3 is the button
Seat 1: overTA (11321 in chips, $1.50 bounty) 
Seat 2: Mahu2021 (9726 in chips, $3.75 bounty) 
Seat 3: HellsChef247 (7209 in chips, $1.50 bounty) 
Seat 4: IIIIIiJIEBOi (6568 in chips, $2.25 bounty) 
Seat 5: albani07 (11576 in chips, $2.25 bounty) 
Seat 6: SANT0BB (10865 in chips, $3 bounty) 
Seat 7: maikrocheka (16745 in chips, $2.25 bounty) 
Seat 8: don.emilio1 (8423 in chips, $2.25 bounty) 
overTA: posts the ante 21
Mahu2021: posts the ante 21
HellsChef247: posts the ante 21
IIIIIiJIEBOi: posts the ante 21
albani07: posts the ante 21
SANT0BB: posts the ante 21
maikrocheka: posts the ante 21
don.emilio1: posts the ante 21
IIIIIiJIEBOi: posts small blind 70
albani07: posts big blind 140
*** HOLE CARDS ***
Dealt to Mahu2021 [Ad 2s]
SANT0BB: raises 168 to 308
maikrocheka: raises 588 to 896
don.emilio1: folds 
overTA: folds 
Mahu2021: folds 
HellsChef247: folds 
IIIIIiJIEBOi: raises 5651 to 6547 and is all-in
albani07: folds 
SANT0BB: folds 
maikrocheka: folds 
Uncalled bet (5651) returned to IIIIIiJIEBOi
IIIIIiJIEBOi collected 2408 from pot
*** SUMMARY ***
Total pot 2408 | Rake 0 
Seat 1: overTA folded before Flop (didn't bet)
Seat 2: Mahu2021 folded before Flop (didn't bet)
Seat 3: HellsChef247 (button) folded before Flop (didn't bet)
Seat 4: IIIIIiJIEBOi (small blind) collected (2408)
Seat 5: albani07 (big blind) folded before Flop
Seat 6: SANT0BB folded before Flop
Seat 7: maikrocheka folded before Flop
Seat 8: don.emilio1 folded before Flop (didn't bet)



PokerStars Hand #253628326722: Tournament #3827892083, $1.44+$1.50+$0.36 USD Hold'em No Limit - Level VIII (70/140) - 2024/11/29 21:40:12 CET [2024/11/29 15:40:12 ET]
Table '3827892083 42' 8-max Seat #4 is the button
Seat 1: overTA (11300 in chips, $1.50 bounty) 
Seat 2: Mahu2021 (9705 in chips, $3.75 bounty) 
Seat 3: HellsChef247 (7188 in chips, $1.50 bounty) 
Seat 4: IIIIIiJIEBOi (8059 in chips, $2.25 bounty) 
Seat 5: albani07 (11415 in chips, $2.25 bounty) 
Seat 6: SANT0BB (10536 in chips, $3 bounty) 
Seat 7: maikrocheka (15828 in chips, $2.25 bounty) 
Seat 8: don.emilio1 (8402 in chips, $2.25 bounty) 
overTA: posts the ante 21
Mahu2021: posts the ante 21
HellsChef247: posts the ante 21
IIIIIiJIEBOi: posts the ante 21
albani07: posts the ante 21
SANT0BB: posts the ante 21
maikrocheka: posts the ante 21
don.emilio1: posts the ante 21
albani07: posts small blind 70
SANT0BB: posts big blind 140
*** HOLE CARDS ***
Dealt to Mahu2021 [7s 9h]
maikrocheka: raises 140 to 280
don.emilio1: folds 
overTA: raises 700 to 980
Mahu2021: folds 
HellsChef247: folds 
IIIIIiJIEBOi: folds 
albani07: folds 
SANT0BB: folds 
maikrocheka: calls 700
*** FLOP *** [2d Qs 8s]
maikrocheka: checks 
overTA: bets 771
maikrocheka: calls 771
*** TURN *** [2d Qs 8s] [Kh]
maikrocheka: checks 
overTA: bets 2988
maikrocheka: folds 
Uncalled bet (2988) returned to overTA
overTA collected 3880 from pot
overTA: doesn't show hand 
*** SUMMARY ***
Total pot 3880 | Rake 0 
Board [2d Qs 8s Kh]
Seat 1: overTA collected (3880)
Seat 2: Mahu2021 folded before Flop (didn't bet)
Seat 3: HellsChef247 folded before Flop (didn't bet)
Seat 4: IIIIIiJIEBOi (button) folded before Flop (didn't bet)
Seat 5: albani07 (small blind) folded before Flop
Seat 6: SANT0BB (big blind) folded before Flop
Seat 7: maikrocheka folded on the Turn
Seat 8: don.emilio1 folded before Flop (didn't bet)



PokerStars Hand #253628343919: Tournament #3827892083, $1.44+$1.50+$0.36 USD Hold'em No Limit - Level IX (80/160) - 2024/11/29 21:41:15 CET [2024/11/29 15:41:15 ET]
Table '3827892083 42' 8-max Seat #5 is the button
Seat 1: overTA (13408 in chips, $1.50 bounty) 
Seat 2: Mahu2021 (9684 in chips, $3.75 bounty) 
Seat 3: HellsChef247 (7167 in chips, $1.50 bounty) 
Seat 4: IIIIIiJIEBOi (8038 in chips, $2.25 bounty) 
Seat 5: albani07 (11324 in chips, $2.25 bounty) 
Seat 6: SANT0BB (10375 in chips, $3 bounty) 
Seat 7: maikrocheka (14056 in chips, $2.25 bounty) 
Seat 8: don.emilio1 (8381 in chips, $2.25 bounty) 
overTA: posts the ante 24
Mahu2021: posts the ante 24
HellsChef247: posts the ante 24
IIIIIiJIEBOi: posts the ante 24
albani07: posts the ante 24
SANT0BB: posts the ante 24
maikrocheka: posts the ante 24
don.emilio1: posts the ante 24
SANT0BB: posts small blind 80
maikrocheka: posts big blind 160
*** HOLE CARDS ***
Dealt to Mahu2021 [3c Jh]
don.emilio1: folds 
overTA: folds 
Mahu2021: folds 
HellsChef247: folds 
IIIIIiJIEBOi: folds 
albani07: folds 
SANT0BB: folds 
Uncalled bet (80) returned to maikrocheka
maikrocheka collected 352 from pot
maikrocheka: doesn't show hand 
*** SUMMARY ***
Total pot 352 | Rake 0 
Seat 1: overTA folded before Flop (didn't bet)
Seat 2: Mahu2021 folded before Flop (didn't bet)
Seat 3: HellsChef247 folded before Flop (didn't bet)
Seat 4: IIIIIiJIEBOi folded before Flop (didn't bet)
Seat 5: albani07 (button) folded before Flop (didn't bet)
Seat 6: SANT0BB (small blind) folded before Flop
Seat 7: maikrocheka (big blind) collected (352)
Seat 8: don.emilio1 folded before Flop (didn't bet)



PokerStars Hand #253628348006: Tournament #3827892083, $1.44+$1.50+$0.36 USD Hold'em No Limit - Level IX (80/160) - 2024/11/29 21:41:30 CET [2024/11/29 15:41:30 ET]
Table '3827892083 42' 8-max Seat #6 is the button
Seat 1: overTA (13384 in chips, $1.50 bounty) 
Seat 2: Mahu2021 (9660 in chips, $3.75 bounty) 
Seat 3: HellsChef247 (7143 in chips, $1.50 bounty) 
Seat 4: IIIIIiJIEBOi (8014 in chips, $2.25 bounty) 
Seat 5: albani07 (11300 in chips, $2.25 bounty) 
Seat 6: SANT0BB (10271 in chips, $3 bounty) 
Seat 7: maikrocheka (14304 in chips, $2.25 bounty) 
Seat 8: don.emilio1 (8357 in chips, $2.25 bounty) 
overTA: posts the ante 24
Mahu2021: posts the ante 24
HellsChef247: posts the ante 24
IIIIIiJIEBOi: posts the ante 24
albani07: posts the ante 24
SANT0BB: posts the ante 24
maikrocheka: posts the ante 24
don.emilio1: posts the ante 24
maikrocheka: posts small blind 80
don.emilio1: posts big blind 160
*** HOLE CARDS ***
Dealt to Mahu2021 [3d Js]
overTA: folds 
Mahu2021: folds 
HellsChef247: calls 160
IIIIIiJIEBOi: folds 
albani07: calls 160
SANT0BB: folds 
maikrocheka: raises 1120 to 1280
don.emilio1: folds 
HellsChef247: calls 1120
albani07: calls 1120
*** FLOP *** [Ks 4h 7s]
maikrocheka: checks 
HellsChef247: bets 5839 and is all-in
albani07: folds 
maikrocheka: folds 
Uncalled bet (5839) returned to HellsChef247
HellsChef247 collected 4192 from pot
*** SUMMARY ***
Total pot 4192 | Rake 0 
Board [Ks 4h 7s]
Seat 1: overTA folded before Flop (didn't bet)
Seat 2: Mahu2021 folded before Flop (didn't bet)
Seat 3: HellsChef247 collected (4192)
Seat 4: IIIIIiJIEBOi folded before Flop (didn't bet)
Seat 5: albani07 folded on the Flop
Seat 6: SANT0BB (button) folded before Flop (didn't bet)
Seat 7: maikrocheka (small blind) folded on the Flop
Seat 8: don.emilio1 (big blind) folded before Flop



PokerStars Hand #253628364274: Tournament #3827892083, $1.44+$1.50+$0.36 USD Hold'em No Limit - Level IX (80/160) - 2024/11/29 21:42:29 CET [2024/11/29 15:42:29 ET]
Table '3827892083 42' 8-max Seat #7 is the button
Seat 1: overTA (13360 in chips, $1.50 bounty) 
Seat 2: Mahu2021 (9636 in chips, $3.75 bounty) 
Seat 3: HellsChef247 (10031 in chips, $1.50 bounty) 
Seat 4: IIIIIiJIEBOi (7990 in chips, $2.25 bounty) 
Seat 5: albani07 (9996 in chips, $2.25 bounty) 
Seat 6: SANT0BB (10247 in chips, $3 bounty) 
Seat 7: maikrocheka (13000 in chips, $2.25 bounty) 
Seat 8: don.emilio1 (8173 in chips, $2.25 bounty) 
overTA: posts the ante 24
Mahu2021: posts the ante 24
HellsChef247: posts the ante 24
IIIIIiJIEBOi: posts the ante 24
albani07: posts the ante 24
SANT0BB: posts the ante 24
maikrocheka: posts the ante 24
don.emilio1: posts the ante 24
don.emilio1: posts small blind 80
overTA: posts big blind 160
*** HOLE CARDS ***
Dealt to Mahu2021 [6s 3c]
Mahu2021: folds 
HellsChef247: folds 
IIIIIiJIEBOi: folds 
albani07: raises 160 to 320
SANT0BB: folds 
maikrocheka: folds 
don.emilio1: folds 
overTA: calls 160
*** FLOP *** [4h 7d 2h]
overTA: checks 
albani07: bets 264
overTA: calls 264
*** TURN *** [4h 7d 2h] [6d]
overTA: bets 473
albani07: folds 
Uncalled bet (473) returned to overTA
overTA collected 1440 from pot
overTA: doesn't show hand 
*** SUMMARY ***
Total pot 1440 | Rake 0 
Board [4h 7d 2h 6d]
Seat 1: overTA (big blind) collected (1440)
Seat 2: Mahu2021 folded before Flop (didn't bet)
Seat 3: HellsChef247 folded before Flop (didn't bet)
Seat 4: IIIIIiJIEBOi folded before Flop (didn't bet)
Seat 5: albani07 folded on the Turn
Seat 6: SANT0BB folded before Flop (didn't bet)
Seat 7: maikrocheka (button) folded before Flop (didn't bet)
Seat 8: don.emilio1 (small blind) folded before Flop



PokerStars Hand #253628373764: Tournament #3827892083, $1.44+$1.50+$0.36 USD Hold'em No Limit - Level IX (80/160) - 2024/11/29 21:43:04 CET [2024/11/29 15:43:04 ET]
Table '3827892083 42' 8-max Seat #8 is the button
Seat 1: overTA (14192 in chips, $1.50 bounty) 
Seat 2: Mahu2021 (9612 in chips, $3.75 bounty) 
Seat 3: HellsChef247 (10007 in chips, $1.50 bounty) 
Seat 4: IIIIIiJIEBOi (7966 in chips, $2.25 bounty) 
Seat 5: albani07 (9388 in chips, $2.25 bounty) 
Seat 6: SANT0BB (10223 in chips, $3 bounty) 
Seat 7: maikrocheka (12976 in chips, $2.25 bounty) 
Seat 8: don.emilio1 (8069 in chips, $2.25 bounty) 
overTA: posts the ante 24
Mahu2021: posts the ante 24
HellsChef247: posts the ante 24
IIIIIiJIEBOi: posts the ante 24
albani07: posts the ante 24
SANT0BB: posts the ante 24
maikrocheka: posts the ante 24
don.emilio1: posts the ante 24
overTA: posts small blind 80
Mahu2021: posts big blind 160
*** HOLE CARDS ***
Dealt to Mahu2021 [8s 5s]
HellsChef247: raises 160 to 320
IIIIIiJIEBOi: folds 
albani07: folds 
SANT0BB: folds 
maikrocheka: calls 320
don.emilio1: folds 
overTA: folds 
Mahu2021: calls 160
*** FLOP *** [6d 8d Ac]
Mahu2021: checks 
HellsChef247: bets 320
maikrocheka: calls 320
Mahu2021: folds 
*** TURN *** [6d 8d Ac] [5h]
HellsChef247: checks 
maikrocheka: bets 2364
HellsChef247: folds 
Uncalled bet (2364) returned to maikrocheka
maikrocheka collected 1872 from pot
maikrocheka: doesn't show hand 
*** SUMMARY ***
Total pot 1872 | Rake 0 
Board [6d 8d Ac 5h]
Seat 1: overTA (small blind) folded before Flop
Seat 2: Mahu2021 (big blind) folded on the Flop
Seat 3: HellsChef247 folded on the Turn
Seat 4: IIIIIiJIEBOi folded before Flop (didn't bet)
Seat 5: albani07 folded before Flop (didn't bet)
Seat 6: SANT0BB folded before Flop (didn't bet)
Seat 7: maikrocheka collected (1872)
Seat 8: don.emilio1 (button) folded before Flop (didn't bet)



PokerStars Hand #253628389266: Tournament #3827892083, $1.44+$1.50+$0.36 USD Hold'em No Limit - Level IX (80/160) - 2024/11/29 21:44:01 CET [2024/11/29 15:44:01 ET]
Table '3827892083 42' 8-max Seat #1 is the button
Seat 1: overTA (14088 in chips, $1.50 bounty) 
Seat 2: Mahu2021 (9268 in chips, $3.75 bounty) 
Seat 3: HellsChef247 (9343 in chips, $1.50 bounty) 
Seat 4: IIIIIiJIEBOi (7942 in chips, $2.25 bounty) 
Seat 5: albani07 (9364 in chips, $2.25 bounty) 
Seat 6: SANT0BB (10199 in chips, $3 bounty) 
Seat 7: maikrocheka (14184 in chips, $2.25 bounty) 
Seat 8: don.emilio1 (8045 in chips, $2.25 bounty) 
overTA: posts the ante 24
Mahu2021: posts the ante 24
HellsChef247: posts the ante 24
IIIIIiJIEBOi: posts the ante 24
albani07: posts the ante 24
SANT0BB: posts the ante 24
maikrocheka: posts the ante 24
don.emilio1: posts the ante 24
Mahu2021: posts small blind 80
HellsChef247: posts big blind 160
*** HOLE CARDS ***
Dealt to Mahu2021 [8d 2c]
IIIIIiJIEBOi: folds 
albani07: folds 
SANT0BB: folds 
maikrocheka: raises 160 to 320
don.emilio1: calls 320
overTA: raises 960 to 1280
Mahu2021: folds 
HellsChef247: folds 
maikrocheka: folds 
don.emilio1: folds 
Uncalled bet (960) returned to overTA
overTA collected 1392 from pot
overTA: doesn't show hand 
*** SUMMARY ***
Total pot 1392 | Rake 0 
Seat 1: overTA (button) collected (1392)
Seat 2: Mahu2021 (small blind) folded before Flop
Seat 3: HellsChef247 (big blind) folded before Flop
Seat 4: IIIIIiJIEBOi folded before Flop (didn't bet)
Seat 5: albani07 folded before Flop (didn't bet)
Seat 6: SANT0BB folded before Flop (didn't bet)
Seat 7: maikrocheka folded before Flop
Seat 8: don.emilio1 folded before Flop



PokerStars Hand #253628396789: Tournament #3827892083, $1.44+$1.50+$0.36 USD Hold'em No Limit - Level IX (80/160) - 2024/11/29 21:44:29 CET [2024/11/29 15:44:29 ET]
Table '3827892083 42' 8-max Seat #2 is the button
Seat 1: overTA (15136 in chips, $1.50 bounty) 
Seat 2: Mahu2021 (9164 in chips, $3.75 bounty) 
Seat 3: HellsChef247 (9159 in chips, $1.50 bounty) 
Seat 4: IIIIIiJIEBOi (7918 in chips, $2.25 bounty) 
Seat 5: albani07 (9340 in chips, $2.25 bounty) 
Seat 6: SANT0BB (10175 in chips, $3 bounty) 
Seat 7: maikrocheka (13840 in chips, $2.25 bounty) 
Seat 8: don.emilio1 (7701 in chips, $2.25 bounty) 
overTA: posts the ante 24
Mahu2021: posts the ante 24
HellsChef247: posts the ante 24
IIIIIiJIEBOi: posts the ante 24
albani07: posts the ante 24
SANT0BB: posts the ante 24
maikrocheka: posts the ante 24
don.emilio1: posts the ante 24
HellsChef247: posts small blind 80
IIIIIiJIEBOi: posts big blind 160
*** HOLE CARDS ***
Dealt to Mahu2021 [Jd 3d]
albani07: folds 
SANT0BB: folds 
maikrocheka: folds 
don.emilio1: folds 
overTA: raises 160 to 320
Mahu2021: folds 
HellsChef247: folds 
IIIIIiJIEBOi: folds 
Uncalled bet (160) returned to overTA
overTA collected 592 from pot
overTA: doesn't show hand 
*** SUMMARY ***
Total pot 592 | Rake 0 
Seat 1: overTA collected (592)
Seat 2: Mahu2021 (button) folded before Flop (didn't bet)
Seat 3: HellsChef247 (small blind) folded before Flop
Seat 4: IIIIIiJIEBOi (big blind) folded before Flop
Seat 5: albani07 folded before Flop (didn't bet)
Seat 6: SANT0BB folded before Flop (didn't bet)
Seat 7: maikrocheka folded before Flop (didn't bet)
Seat 8: don.emilio1 folded before Flop (didn't bet)



PokerStars Hand #253628402772: Tournament #3827892083, $1.44+$1.50+$0.36 USD Hold'em No Limit - Level IX (80/160) - 2024/11/29 21:44:51 CET [2024/11/29 15:44:51 ET]
Table '3827892083 42' 8-max Seat #3 is the button
Seat 1: overTA (15544 in chips, $1.50 bounty) 
Seat 2: Mahu2021 (9140 in chips, $3.75 bounty) 
Seat 3: HellsChef247 (9055 in chips, $1.50 bounty) 
Seat 4: IIIIIiJIEBOi (7734 in chips, $2.25 bounty) 
Seat 5: albani07 (9316 in chips, $2.25 bounty) 
Seat 6: SANT0BB (10151 in chips, $3 bounty) 
Seat 7: maikrocheka (13816 in chips, $2.25 bounty) 
Seat 8: don.emilio1 (7677 in chips, $2.25 bounty) 
overTA: posts the ante 24
Mahu2021: posts the ante 24
HellsChef247: posts the ante 24
IIIIIiJIEBOi: posts the ante 24
albani07: posts the ante 24
SANT0BB: posts the ante 24
maikrocheka: posts the ante 24
don.emilio1: posts the ante 24
IIIIIiJIEBOi: posts small blind 80
albani07: posts big blind 160
*** HOLE CARDS ***
Dealt to Mahu2021 [As 5d]
SANT0BB: folds 
maikrocheka: folds 
don.emilio1: folds 
overTA: folds 
Mahu2021: raises 320 to 480
HellsChef247: folds 
IIIIIiJIEBOi: folds 
albani07: calls 320
*** FLOP *** [7s 9s 4s]
albani07: checks 
Mahu2021: bets 480
albani07: folds 
Uncalled bet (480) returned to Mahu2021
Mahu2021 collected 1232 from pot
Mahu2021: doesn't show hand 
*** SUMMARY ***
Total pot 1232 | Rake 0 
Board [7s 9s 4s]
Seat 1: overTA folded before Flop (didn't bet)
Seat 2: Mahu2021 collected (1232)
Seat 3: HellsChef247 (button) folded before Flop (didn't bet)
Seat 4: IIIIIiJIEBOi (small blind) folded before Flop
Seat 5: albani07 (big blind) folded on the Flop
Seat 6: SANT0BB folded before Flop (didn't bet)
Seat 7: maikrocheka folded before Flop (didn't bet)
Seat 8: don.emilio1 folded before Flop (didn't bet)



PokerStars Hand #253628414598: Tournament #3827892083, $1.44+$1.50+$0.36 USD Hold'em No Limit - Level IX (80/160) - 2024/11/29 21:45:34 CET [2024/11/29 15:45:34 ET]
Table '3827892083 42' 8-max Seat #4 is the button
Seat 1: overTA (15520 in chips, $1.50 bounty) 
Seat 2: Mahu2021 (9868 in chips, $3.75 bounty) 
Seat 3: HellsChef247 (9031 in chips, $1.50 bounty) 
Seat 4: IIIIIiJIEBOi (7630 in chips, $2.25 bounty) 
Seat 5: albani07 (8812 in chips, $2.25 bounty) 
Seat 6: SANT0BB (10127 in chips, $3 bounty) 
Seat 7: maikrocheka (13792 in chips, $2.25 bounty) 
Seat 8: don.emilio1 (7653 in chips, $2.25 bounty) 
overTA: posts the ante 24
Mahu2021: posts the ante 24
HellsChef247: posts the ante 24
IIIIIiJIEBOi: posts the ante 24
albani07: posts the ante 24
SANT0BB: posts the ante 24
maikrocheka: posts the ante 24
don.emilio1: posts the ante 24
albani07: posts small blind 80
SANT0BB: posts big blind 160
*** HOLE CARDS ***
Dealt to Mahu2021 [Jd 4d]
maikrocheka: raises 160 to 320
don.emilio1: folds 
overTA: folds 
Mahu2021: folds 
HellsChef247: calls 320
IIIIIiJIEBOi: folds 
albani07: folds 
SANT0BB: folds 
*** FLOP *** [Jh 3c 8h]
maikrocheka: bets 354
HellsChef247: raises 994 to 1348
maikrocheka: calls 994
*** TURN *** [Jh 3c 8h] [6d]
maikrocheka: checks 
HellsChef247: bets 7339 and is all-in
maikrocheka: folds 
Uncalled bet (7339) returned to HellsChef247
HellsChef247 collected 3768 from pot
*** SUMMARY ***
Total pot 3768 | Rake 0 
Board [Jh 3c 8h 6d]
Seat 1: overTA folded before Flop (didn't bet)
Seat 2: Mahu2021 folded before Flop (didn't bet)
Seat 3: HellsChef247 collected (3768)
Seat 4: IIIIIiJIEBOi (button) folded before Flop (didn't bet)
Seat 5: albani07 (small blind) folded before Flop
Seat 6: SANT0BB (big blind) folded before Flop
Seat 7: maikrocheka folded on the Turn
Seat 8: don.emilio1 folded before Flop (didn't bet)



PokerStars Hand #253628431942: Tournament #3827892083, $1.44+$1.50+$0.36 USD Hold'em No Limit - Level IX (80/160) - 2024/11/29 21:46:37 CET [2024/11/29 15:46:37 ET]
Table '3827892083 42' 8-max Seat #5 is the button
Seat 1: overTA (15496 in chips, $1.50 bounty) 
Seat 2: Mahu2021 (9844 in chips, $3.75 bounty) 
Seat 3: HellsChef247 (11107 in chips, $1.50 bounty) 
Seat 4: IIIIIiJIEBOi (7606 in chips, $2.25 bounty) 
Seat 5: albani07 (8708 in chips, $2.25 bounty) 
Seat 6: SANT0BB (9943 in chips, $3 bounty) 
Seat 7: maikrocheka (12100 in chips, $2.25 bounty) 
Seat 8: don.emilio1 (7629 in chips, $2.25 bounty) 
overTA: posts the ante 24
Mahu2021: posts the ante 24
HellsChef247: posts the ante 24
IIIIIiJIEBOi: posts the ante 24
albani07: posts the ante 24
SANT0BB: posts the ante 24
maikrocheka: posts the ante 24
don.emilio1: posts the ante 24
SANT0BB: posts small blind 80
maikrocheka: posts big blind 160
*** HOLE CARDS ***
Dealt to Mahu2021 [7d 6d]
don.emilio1: folds 
overTA: folds 
Mahu2021: folds 
HellsChef247: calls 160
IIIIIiJIEBOi: folds 
albani07: folds 
SANT0BB: folds 
maikrocheka: raises 640 to 800
HellsChef247: raises 10283 to 11083 and is all-in
maikrocheka: folds [6c]
Uncalled bet (10283) returned to HellsChef247
HellsChef247 collected 1872 from pot
*** SUMMARY ***
Total pot 1872 | Rake 0 
Seat 1: overTA folded before Flop (didn't bet)
Seat 2: Mahu2021 folded before Flop (didn't bet)
Seat 3: HellsChef247 collected (1872)
Seat 4: IIIIIiJIEBOi folded before Flop (didn't bet)
Seat 5: albani07 (button) folded before Flop (didn't bet)
Seat 6: SANT0BB (small blind) folded before Flop
Seat 7: maikrocheka (big blind) folded before Flop
Seat 8: don.emilio1 folded before Flop (didn't bet)



PokerStars Hand #253628439261: Tournament #3827892083, $1.44+$1.50+$0.36 USD Hold'em No Limit - Level IX (80/160) - 2024/11/29 21:47:05 CET [2024/11/29 15:47:05 ET]
Table '3827892083 42' 8-max Seat #6 is the button
Seat 2: Mahu2021 (9820 in chips, $3.75 bounty) 
Seat 3: HellsChef247 (12155 in chips, $1.50 bounty) 
Seat 4: IIIIIiJIEBOi (7582 in chips, $2.25 bounty) 
Seat 5: albani07 (8684 in chips, $2.25 bounty) 
Seat 6: SANT0BB (9839 in chips, $3 bounty) 
Seat 7: maikrocheka (11276 in chips, $2.25 bounty) 
Seat 8: don.emilio1 (7605 in chips, $2.25 bounty) 
Mahu2021: posts the ante 24
HellsChef247: posts the ante 24
IIIIIiJIEBOi: posts the ante 24
albani07: posts the ante 24
SANT0BB: posts the ante 24
maikrocheka: posts the ante 24
don.emilio1: posts the ante 24
maikrocheka: posts small blind 80
don.emilio1: posts big blind 160
*** HOLE CARDS ***
Dealt to Mahu2021 [3s 5c]
Mahu2021: folds 
HellsChef247: raises 160 to 320
IIIIIiJIEBOi: folds 
albani07: folds 
Hey Guedes is disconnected 
SANT0BB: calls 320
maikrocheka: calls 240
don.emilio1: calls 160
*** FLOP *** [Qs 6d 7d]
maikrocheka: checks 
don.emilio1: checks 
HellsChef247: checks 
SANT0BB: bets 695
maikrocheka: folds 
don.emilio1: folds 
HellsChef247: calls 695
*** TURN *** [Qs 6d 7d] [Ac]
HellsChef247: bets 640
SANT0BB: folds 
Uncalled bet (640) returned to HellsChef247
HellsChef247 collected 2838 from pot
*** SUMMARY ***
Total pot 2838 | Rake 0 
Board [Qs 6d 7d Ac]
Seat 2: Mahu2021 folded before Flop (didn't bet)
Seat 3: HellsChef247 collected (2838)
Seat 4: IIIIIiJIEBOi folded before Flop (didn't bet)
Seat 5: albani07 folded before Flop (didn't bet)
Seat 6: SANT0BB (button) folded on the Turn
Seat 7: maikrocheka (small blind) folded on the Flop
Seat 8: don.emilio1 (big blind) folded on the Flop



PokerStars Hand #253628458165: Tournament #3827892083, $1.44+$1.50+$0.36 USD Hold'em No Limit - Level IX (80/160) - 2024/11/29 21:48:14 CET [2024/11/29 15:48:14 ET]
Table '3827892083 42' 8-max Seat #7 is the button
Seat 1: Hey Guedes (5000 in chips, $1.50 bounty) 
Seat 2: Mahu2021 (9796 in chips, $3.75 bounty) 
Seat 3: HellsChef247 (13954 in chips, $1.50 bounty) 
Seat 4: IIIIIiJIEBOi (7558 in chips, $2.25 bounty) 
Seat 5: albani07 (8660 in chips, $2.25 bounty) 
Seat 6: SANT0BB (8800 in chips, $3 bounty) 
Seat 7: maikrocheka (10932 in chips, $2.25 bounty) 
Seat 8: don.emilio1 (7261 in chips, $2.25 bounty) 
Hey Guedes: posts the ante 24
Mahu2021: posts the ante 24
HellsChef247: posts the ante 24
IIIIIiJIEBOi: posts the ante 24
albani07: posts the ante 24
SANT0BB: posts the ante 24
maikrocheka: posts the ante 24
don.emilio1: posts the ante 24
don.emilio1: posts small blind 80
Hey Guedes: posts big blind 160
*** HOLE CARDS ***
Dealt to Mahu2021 [3h 6c]
Mahu2021: folds 
HellsChef247: folds 
IIIIIiJIEBOi: folds 
albani07: folds 
SANT0BB: raises 192 to 352
maikrocheka: raises 672 to 1024
don.emilio1: folds 
Hey Guedes: folds 
SANT0BB: folds 
Uncalled bet (672) returned to maikrocheka
maikrocheka collected 1136 from pot
maikrocheka: doesn't show hand 
*** SUMMARY ***
Total pot 1136 | Rake 0 
Seat 1: Hey Guedes (big blind) folded before Flop
Seat 2: Mahu2021 folded before Flop (didn't bet)
Seat 3: HellsChef247 folded before Flop (didn't bet)
Seat 4: IIIIIiJIEBOi folded before Flop (didn't bet)
Seat 5: albani07 folded before Flop (didn't bet)
Seat 6: SANT0BB folded before Flop
Seat 7: maikrocheka (button) collected (1136)
Seat 8: don.emilio1 (small blind) folded before Flop



PokerStars Hand #253628465314: Tournament #3827892083, $1.44+$1.50+$0.36 USD Hold'em No Limit - Level IX (80/160) - 2024/11/29 21:48:40 CET [2024/11/29 15:48:40 ET]
Table '3827892083 42' 8-max Seat #8 is the button
Seat 1: Hey Guedes (4816 in chips, $1.50 bounty) 
Seat 2: Mahu2021 (9772 in chips, $3.75 bounty) 
Seat 3: HellsChef247 (13930 in chips, $1.50 bounty) 
Seat 4: IIIIIiJIEBOi (7534 in chips, $2.25 bounty) 
Seat 5: albani07 (8636 in chips, $2.25 bounty) 
Seat 6: SANT0BB (8424 in chips, $3 bounty) 
Seat 7: maikrocheka (11692 in chips, $2.25 bounty) 
Seat 8: don.emilio1 (7157 in chips, $2.25 bounty) 
Hey Guedes: posts the ante 24
Mahu2021: posts the ante 24
HellsChef247: posts the ante 24
IIIIIiJIEBOi: posts the ante 24
albani07: posts the ante 24
SANT0BB: posts the ante 24
maikrocheka: posts the ante 24
don.emilio1: posts the ante 24
Hey Guedes: posts small blind 80
Mahu2021: posts big blind 160
*** HOLE CARDS ***
Dealt to Mahu2021 [Jh Ts]
HellsChef247: folds 
IIIIIiJIEBOi: folds 
albani07: folds 
SANT0BB: folds 
maikrocheka: raises 160 to 320
don.emilio1: folds 
Hey Guedes: calls 240
Mahu2021: calls 160
*** FLOP *** [4h 4c Jd]
Hey Guedes: checks 
Mahu2021: bets 480
maikrocheka: calls 480
Hey Guedes: calls 480
*** TURN *** [4h 4c Jd] [3d]
Hey Guedes: checks 
Mahu2021: bets 480
maikrocheka: calls 480
Hey Guedes: raises 1210 to 1690
Mahu2021: folds 
maikrocheka: folds 
Uncalled bet (1210) returned to Hey Guedes
Hey Guedes collected 4032 from pot
Hey Guedes: doesn't show hand 
*** SUMMARY ***
Total pot 4032 | Rake 0 
Board [4h 4c Jd 3d]
Seat 1: Hey Guedes (small blind) collected (4032)
Seat 2: Mahu2021 (big blind) folded on the Turn
Seat 3: HellsChef247 folded before Flop (didn't bet)
Seat 4: IIIIIiJIEBOi folded before Flop (didn't bet)
Seat 5: albani07 folded before Flop (didn't bet)
Seat 6: SANT0BB folded before Flop (didn't bet)
Seat 7: maikrocheka folded on the Turn
Seat 8: don.emilio1 (button) folded before Flop (didn't bet)



PokerStars Hand #253628493365: Tournament #3827892083, $1.44+$1.50+$0.36 USD Hold'em No Limit - Level X (90/180) - 2024/11/29 21:50:24 CET [2024/11/29 15:50:24 ET]
Table '3827892083 42' 8-max Seat #1 is the button
Seat 1: Hey Guedes (7544 in chips, $1.50 bounty) 
Seat 2: Mahu2021 (8468 in chips, $3.75 bounty) 
Seat 3: HellsChef247 (13906 in chips, $1.50 bounty) 
Seat 4: IIIIIiJIEBOi (7510 in chips, $2.25 bounty) 
Seat 5: albani07 (8612 in chips, $2.25 bounty) 
Seat 6: SANT0BB (8400 in chips, $3 bounty) 
Seat 7: maikrocheka (10388 in chips, $2.25 bounty) 
Seat 8: don.emilio1 (7133 in chips, $2.25 bounty) 
Hey Guedes: posts the ante 27
Mahu2021: posts the ante 27
HellsChef247: posts the ante 27
IIIIIiJIEBOi: posts the ante 27
albani07: posts the ante 27
SANT0BB: posts the ante 27
maikrocheka: posts the ante 27
don.emilio1: posts the ante 27
Mahu2021: posts small blind 90
HellsChef247: posts big blind 180
*** HOLE CARDS ***
Dealt to Mahu2021 [9h 2h]
IIIIIiJIEBOi: raises 180 to 360
albani07: folds 
SANT0BB: folds 
maikrocheka: raises 720 to 1080
don.emilio1: folds 
Hey Guedes: folds 
Mahu2021: folds 
HellsChef247: folds 
IIIIIiJIEBOi: calls 720
*** FLOP *** [Ks 3s 8d]
IIIIIiJIEBOi: checks 
maikrocheka: checks 
*** TURN *** [Ks 3s 8d] [3d]
IIIIIiJIEBOi: bets 1985
maikrocheka: calls 1985
*** RIVER *** [Ks 3s 8d 3d] [Kd]
IIIIIiJIEBOi: bets 4418 and is all-in
maikrocheka: calls 4418
*** SHOW DOWN ***
IIIIIiJIEBOi: shows [8s 8c] (a full house, Eights full of Kings)
maikrocheka: shows [Ad 2d] (a flush, Ace high)
IIIIIiJIEBOi collected 15452 from pot
*** SUMMARY ***
Total pot 15452 | Rake 0 
Board [Ks 3s 8d 3d Kd]
Seat 1: Hey Guedes (button) folded before Flop (didn't bet)
Seat 2: Mahu2021 (small blind) folded before Flop
Seat 3: HellsChef247 (big blind) folded before Flop
Seat 4: IIIIIiJIEBOi showed [8s 8c] and won (15452) with a full house, Eights full of Kings
Seat 5: albani07 folded before Flop (didn't bet)
Seat 6: SANT0BB folded before Flop (didn't bet)
Seat 7: maikrocheka showed [Ad 2d] and lost with a flush, Ace high
Seat 8: don.emilio1 folded before Flop (didn't bet)



PokerStars Hand #253628509106: Tournament #3827892083, $1.44+$1.50+$0.36 USD Hold'em No Limit - Level X (90/180) - 2024/11/29 21:51:21 CET [2024/11/29 15:51:21 ET]
Table '3827892083 42' 8-max Seat #2 is the button
Seat 1: Hey Guedes (7517 in chips, $1.50 bounty) 
Seat 2: Mahu2021 (8351 in chips, $3.75 bounty) 
Seat 3: HellsChef247 (13699 in chips, $1.50 bounty) 
Seat 4: IIIIIiJIEBOi (15452 in chips, $2.25 bounty) 
Seat 5: albani07 (8585 in chips, $2.25 bounty) 
Seat 6: SANT0BB (8373 in chips, $3 bounty) 
Seat 7: maikrocheka (2878 in chips, $2.25 bounty) 
Seat 8: don.emilio1 (7106 in chips, $2.25 bounty) 
Hey Guedes: posts the ante 27
Mahu2021: posts the ante 27
HellsChef247: posts the ante 27
IIIIIiJIEBOi: posts the ante 27
albani07: posts the ante 27
SANT0BB: posts the ante 27
maikrocheka: posts the ante 27
don.emilio1: posts the ante 27
HellsChef247: posts small blind 90
IIIIIiJIEBOi: posts big blind 180
*** HOLE CARDS ***
Dealt to Mahu2021 [Ks Qd]
albani07: folds 
SANT0BB: folds 
maikrocheka: raises 2671 to 2851 and is all-in
don.emilio1: folds 
Hey Guedes: folds 
Mahu2021: calls 2851
HellsChef247: raises 10821 to 13672 and is all-in
IIIIIiJIEBOi: folds 
Mahu2021: calls 5473 and is all-in
Uncalled bet (5348) returned to HellsChef247
*** FLOP *** [Kc Js 7c]
*** TURN *** [Kc Js 7c] [2d]
*** RIVER *** [Kc Js 7c 2d] [Ts]
*** SHOW DOWN ***
HellsChef247: shows [Kh Ac] (a pair of Kings)
Mahu2021: shows [Ks Qd] (a pair of Kings - lower kicker)
HellsChef247 collected 10946 from side pot
maikrocheka: shows [9h 2c] (a pair of Deuces)
HellsChef247 collected 8949 from main pot
HellsChef247 wins $1.88 for eliminating Mahu2021 and their own bounty increases by $1.87 to $3.37
HellsChef247 wins $1.13 for eliminating maikrocheka and their own bounty increases by $1.12 to $4.49
Mahu2021 finished the tournament
maikrocheka finished the tournament
*** SUMMARY ***
Total pot 19895 Main pot 8949. Side pot 10946. | Rake 0 
Board [Kc Js 7c 2d Ts]
Seat 1: Hey Guedes folded before Flop (didn't bet)
Seat 2: Mahu2021 (button) showed [Ks Qd] and lost with a pair of Kings
Seat 3: HellsChef247 (small blind) showed [Kh Ac] and won (19895) with a pair of Kings
Seat 4: IIIIIiJIEBOi (big blind) folded before Flop
Seat 5: albani07 folded before Flop (didn't bet)
Seat 6: SANT0BB folded before Flop (didn't bet)
Seat 7: maikrocheka showed [9h 2c] and lost with a pair of Deuces
Seat 8: don.emilio1 folded before Flop (didn't bet)



