PokerStars Hand #247495748356: Tournament #3682461673, $1.84+$0.16 USD Hold'em No Limit - Level I (10/20) - 2023/12/05 21:14:18 CET [2023/12/05 15:14:18 ET]
Table '3682461673 1' 3-max Seat #1 is the button
Seat 1: JimWaitx2021 (500 in chips) 
Seat 2: Mahu2021 (500 in chips) 
Seat 3: Jodakin (500 in chips) 
Mahu2021: posts small blind 10
Jodakin: posts big blind 20
*** HOLE CARDS ***
Dealt to Mahu2021 [7d Kd]
JimWaitx2021: raises 20 to 40
Mahu2021: calls 30
Jodakin: folds 
*** FLOP *** [Qd 7s Td]
Mahu2021: checks 
JimWaitx2021: checks 
*** TURN *** [Qd 7s Td] [8s]
Mahu2021: bets 80
JimWaitx2021: folds 
Uncalled bet (80) returned to Mahu2021
Mahu2021 collected 100 from pot
Mahu2021: doesn't show hand 
*** SUMMARY ***
Total pot 100 | Rake 0 
Board [Qd 7s Td 8s]
Seat 1: JimWaitx2021 (button) folded on the Turn
Seat 2: Mahu2021 (small blind) collected (100)
Seat 3: Jodakin (big blind) folded before Flop



PokerStars Hand #247495760715: Tournament #3682461673, $1.84+$0.16 USD Hold'em No Limit - Level I (10/20) - 2023/12/05 21:14:52 CET [2023/12/05 15:14:52 ET]
Table '3682461673 1' 3-max Seat #2 is the button
Seat 1: JimWaitx2021 (460 in chips) 
Seat 2: Mahu2021 (560 in chips) 
Seat 3: Jodakin (480 in chips) 
Jodakin: posts small blind 10
JimWaitx2021: posts big blind 20
*** HOLE CARDS ***
Dealt to Mahu2021 [Qh 4s]
Mahu2021: folds 
Jodakin: raises 30 to 50
JimWaitx2021: folds 
Uncalled bet (30) returned to Jodakin
Jodakin collected 40 from pot
*** SUMMARY ***
Total pot 40 | Rake 0 
Seat 1: JimWaitx2021 (big blind) folded before Flop
Seat 2: Mahu2021 (button) folded before Flop (didn't bet)
Seat 3: Jodakin (small blind) collected (40)



PokerStars Hand #247495765219: Tournament #3682461673, $1.84+$0.16 USD Hold'em No Limit - Level I (10/20) - 2023/12/05 21:15:04 CET [2023/12/05 15:15:04 ET]
Table '3682461673 1' 3-max Seat #3 is the button
Seat 1: JimWaitx2021 (440 in chips) 
Seat 2: Mahu2021 (560 in chips) 
Seat 3: Jodakin (500 in chips) 
JimWaitx2021: posts small blind 10
Mahu2021: posts big blind 20
*** HOLE CARDS ***
Dealt to Mahu2021 [Jh Ah]
Jodakin: raises 480 to 500 and is all-in
JimWaitx2021: folds 
Mahu2021: folds 
Uncalled bet (480) returned to Jodakin
Jodakin collected 50 from pot
*** SUMMARY ***
Total pot 50 | Rake 0 
Seat 1: JimWaitx2021 (small blind) folded before Flop
Seat 2: Mahu2021 (big blind) folded before Flop
Seat 3: Jodakin (button) collected (50)



PokerStars Hand #247495771643: Tournament #3682461673, $1.84+$0.16 USD Hold'em No Limit - Level I (10/20) - 2023/12/05 21:15:22 CET [2023/12/05 15:15:22 ET]
Table '3682461673 1' 3-max Seat #1 is the button
Seat 1: JimWaitx2021 (430 in chips) 
Seat 2: Mahu2021 (540 in chips) 
Seat 3: Jodakin (530 in chips) 
Mahu2021: posts small blind 10
Jodakin: posts big blind 20
*** HOLE CARDS ***
Dealt to Mahu2021 [2c 7s]
JimWaitx2021: folds 
Mahu2021: folds 
Uncalled bet (10) returned to Jodakin
Jodakin collected 20 from pot
*** SUMMARY ***
Total pot 20 | Rake 0 
Seat 1: JimWaitx2021 (button) folded before Flop (didn't bet)
Seat 2: Mahu2021 (small blind) folded before Flop
Seat 3: Jodakin (big blind) collected (20)



PokerStars Hand #247495777876: Tournament #3682461673, $1.84+$0.16 USD Hold'em No Limit - Level I (10/20) - 2023/12/05 21:15:39 CET [2023/12/05 15:15:39 ET]
Table '3682461673 1' 3-max Seat #2 is the button
Seat 1: JimWaitx2021 (430 in chips) 
Seat 2: Mahu2021 (530 in chips) 
Seat 3: Jodakin (540 in chips) 
Jodakin: posts small blind 10
JimWaitx2021: posts big blind 20
*** HOLE CARDS ***
Dealt to Mahu2021 [3s 2h]
Mahu2021: folds 
Jodakin: folds 
Uncalled bet (10) returned to JimWaitx2021
JimWaitx2021 collected 20 from pot
*** SUMMARY ***
Total pot 20 | Rake 0 
Seat 1: JimWaitx2021 (big blind) collected (20)
Seat 2: Mahu2021 (button) folded before Flop (didn't bet)
Seat 3: Jodakin (small blind) folded before Flop



PokerStars Hand #247495780140: Tournament #3682461673, $1.84+$0.16 USD Hold'em No Limit - Level I (10/20) - 2023/12/05 21:15:45 CET [2023/12/05 15:15:45 ET]
Table '3682461673 1' 3-max Seat #3 is the button
Seat 1: JimWaitx2021 (440 in chips) 
Seat 2: Mahu2021 (530 in chips) 
Seat 3: Jodakin (530 in chips) 
JimWaitx2021: posts small blind 10
Mahu2021: posts big blind 20
*** HOLE CARDS ***
Dealt to Mahu2021 [4c 2c]
Jodakin: folds 
JimWaitx2021: raises 20 to 40
Mahu2021: calls 20
*** FLOP *** [Jc Qc 2s]
JimWaitx2021: bets 40
Mahu2021: raises 120 to 160
JimWaitx2021: calls 120
*** TURN *** [Jc Qc 2s] [Td]
JimWaitx2021: checks 
Mahu2021: bets 330 and is all-in
JimWaitx2021: calls 240 and is all-in
Uncalled bet (90) returned to Mahu2021
*** RIVER *** [Jc Qc 2s Td] [Ac]
*** SHOW DOWN ***
JimWaitx2021: shows [Tc 9c] (a flush, Ace high)
Mahu2021: shows [4c 2c] (a flush, Ace high - lower cards)
JimWaitx2021 collected 880 from pot
*** SUMMARY ***
Total pot 880 | Rake 0 
Board [Jc Qc 2s Td Ac]
Seat 1: JimWaitx2021 (small blind) showed [Tc 9c] and won (880) with a flush, Ace high
Seat 2: Mahu2021 (big blind) showed [4c 2c] and lost with a flush, Ace high
Seat 3: Jodakin (button) folded before Flop (didn't bet)



PokerStars Hand #247495796760: Tournament #3682461673, $1.84+$0.16 USD Hold'em No Limit - Level I (10/20) - 2023/12/05 21:16:31 CET [2023/12/05 15:16:31 ET]
Table '3682461673 1' 3-max Seat #1 is the button
Seat 1: JimWaitx2021 (880 in chips) 
Seat 2: Mahu2021 (90 in chips) 
Seat 3: Jodakin (530 in chips) 
Mahu2021: posts small blind 10
Jodakin: posts big blind 20
*** HOLE CARDS ***
Dealt to Mahu2021 [Ac 2s]
JimWaitx2021: folds 
Mahu2021: raises 70 to 90 and is all-in
Jodakin: folds 
Uncalled bet (70) returned to Mahu2021
Mahu2021 collected 40 from pot
Mahu2021: doesn't show hand 
*** SUMMARY ***
Total pot 40 | Rake 0 
Seat 1: JimWaitx2021 (button) folded before Flop (didn't bet)
Seat 2: Mahu2021 (small blind) collected (40)
Seat 3: Jodakin (big blind) folded before Flop



PokerStars Hand #247495800320: Tournament #3682461673, $1.84+$0.16 USD Hold'em No Limit - Level I (10/20) - 2023/12/05 21:16:41 CET [2023/12/05 15:16:41 ET]
Table '3682461673 1' 3-max Seat #2 is the button
Seat 1: JimWaitx2021 (880 in chips) 
Seat 2: Mahu2021 (110 in chips) 
Seat 3: Jodakin (510 in chips) 
Jodakin: posts small blind 10
JimWaitx2021: posts big blind 20
*** HOLE CARDS ***
Dealt to Mahu2021 [Th 6h]
Mahu2021: folds 
Jodakin: raises 30 to 50
JimWaitx2021: folds 
Uncalled bet (30) returned to Jodakin
Jodakin collected 40 from pot
*** SUMMARY ***
Total pot 40 | Rake 0 
Seat 1: JimWaitx2021 (big blind) folded before Flop
Seat 2: Mahu2021 (button) folded before Flop (didn't bet)
Seat 3: Jodakin (small blind) collected (40)



PokerStars Hand #247495804107: Tournament #3682461673, $1.84+$0.16 USD Hold'em No Limit - Level I (10/20) - 2023/12/05 21:16:51 CET [2023/12/05 15:16:51 ET]
Table '3682461673 1' 3-max Seat #3 is the button
Seat 1: JimWaitx2021 (860 in chips) 
Seat 2: Mahu2021 (110 in chips) 
Seat 3: Jodakin (530 in chips) 
JimWaitx2021: posts small blind 10
Mahu2021: posts big blind 20
*** HOLE CARDS ***
Dealt to Mahu2021 [Jd 8c]
Jodakin: folds 
JimWaitx2021: calls 10
Mahu2021: raises 90 to 110 and is all-in
JimWaitx2021: folds 
Uncalled bet (90) returned to Mahu2021
Mahu2021 collected 40 from pot
Mahu2021: doesn't show hand 
*** SUMMARY ***
Total pot 40 | Rake 0 
Seat 1: JimWaitx2021 (small blind) folded before Flop
Seat 2: Mahu2021 (big blind) collected (40)
Seat 3: Jodakin (button) folded before Flop (didn't bet)



PokerStars Hand #247495820077: Tournament #3682461673, $1.84+$0.16 USD Hold'em No Limit - Level II (15/30) - 2023/12/05 21:17:35 CET [2023/12/05 15:17:35 ET]
Table '3682461673 1' 3-max Seat #1 is the button
Seat 1: JimWaitx2021 (840 in chips) 
Seat 2: Mahu2021 (130 in chips) 
Seat 3: Jodakin (530 in chips) 
Mahu2021: posts small blind 15
Jodakin: posts big blind 30
*** HOLE CARDS ***
Dealt to Mahu2021 [Tc 5d]
JimWaitx2021: folds 
Mahu2021: folds 
Uncalled bet (15) returned to Jodakin
Jodakin collected 30 from pot
*** SUMMARY ***
Total pot 30 | Rake 0 
Seat 1: JimWaitx2021 (button) folded before Flop (didn't bet)
Seat 2: Mahu2021 (small blind) folded before Flop
Seat 3: Jodakin (big blind) collected (30)



PokerStars Hand #247495822083: Tournament #3682461673, $1.84+$0.16 USD Hold'em No Limit - Level II (15/30) - 2023/12/05 21:17:40 CET [2023/12/05 15:17:40 ET]
Table '3682461673 1' 3-max Seat #2 is the button
Seat 1: JimWaitx2021 (840 in chips) 
Seat 2: Mahu2021 (115 in chips) 
Seat 3: Jodakin (545 in chips) 
Jodakin: posts small blind 15
JimWaitx2021: posts big blind 30
*** HOLE CARDS ***
Dealt to Mahu2021 [7h Qh]
Mahu2021: raises 85 to 115 and is all-in
Jodakin: folds 
JimWaitx2021: calls 85
*** FLOP *** [5h 2c 7c]
*** TURN *** [5h 2c 7c] [Td]
*** RIVER *** [5h 2c 7c Td] [Kc]
*** SHOW DOWN ***
JimWaitx2021: shows [Ac 6c] (a flush, Ace high)
Mahu2021: shows [7h Qh] (a pair of Sevens)
JimWaitx2021 collected 245 from pot
Mahu2021 finished the tournament in 3rd place
*** SUMMARY ***
Total pot 245 | Rake 0 
Board [5h 2c 7c Td Kc]
Seat 1: JimWaitx2021 (big blind) showed [Ac 6c] and won (245) with a flush, Ace high
Seat 2: Mahu2021 (button) showed [7h Qh] and lost with a pair of Sevens
Seat 3: Jodakin (small blind) folded before Flop



