PokerStars Hand #252911718120: Tournament #3811584377, $1.84+$0.16 USD Hold'em No Limit - Level I (10/20) - 2024/10/13 20:40:46 CET [2024/10/13 14:40:46 ET]
Table '3811584377 1' 3-max Seat #1 is the button
Seat 1: olemrac62 (500 in chips) 
Seat 2: mikesan22 (500 in chips) 
Seat 3: Mahu2021 (500 in chips) 
mikesan22: posts small blind 10
Mahu2021: posts big blind 20
*** HOLE CARDS ***
Dealt to Mahu2021 [4s Qc]
olemrac62: calls 20
mikesan22: folds 
Mahu2021: checks 
*** FLOP *** [2d 9h 7d]
Mahu2021: checks 
olemrac62: checks 
*** TURN *** [2d 9h 7d] [2c]
Mahu2021: checks 
olemrac62: checks 
*** RIVER *** [2d 9h 7d 2c] [Ts]
Mahu2021: checks 
olemrac62: checks 
*** SHOW DOWN ***
Mahu2021: shows [4s Qc] (a pair of Deuces)
olemrac62: shows [As 3h] (a pair of Deuces - Ace kicker)
olemrac62 collected 50 from pot
*** SUMMARY ***
Total pot 50 | Rake 0 
Board [2d 9h 7d 2c Ts]
Seat 1: olemrac62 (button) showed [As 3h] and won (50) with a pair of Deuces
Seat 2: mikesan22 (small blind) folded before Flop
Seat 3: Mahu2021 (big blind) showed [4s Qc] and lost with a pair of Deuces



PokerStars Hand #252911724036: Tournament #3811584377, $1.84+$0.16 USD Hold'em No Limit - Level I (10/20) - 2024/10/13 20:41:03 CET [2024/10/13 14:41:03 ET]
Table '3811584377 1' 3-max Seat #2 is the button
Seat 1: olemrac62 (530 in chips) 
Seat 2: mikesan22 (490 in chips) 
Seat 3: Mahu2021 (480 in chips) 
Mahu2021: posts small blind 10
olemrac62: posts big blind 20
*** HOLE CARDS ***
Dealt to Mahu2021 [Kd 3h]
mikesan22: folds 
Mahu2021: folds 
Uncalled bet (10) returned to olemrac62
olemrac62 collected 20 from pot
*** SUMMARY ***
Total pot 20 | Rake 0 
Seat 1: olemrac62 (big blind) collected (20)
Seat 2: mikesan22 (button) folded before Flop (didn't bet)
Seat 3: Mahu2021 (small blind) folded before Flop



PokerStars Hand #252911727543: Tournament #3811584377, $1.84+$0.16 USD Hold'em No Limit - Level I (10/20) - 2024/10/13 20:41:13 CET [2024/10/13 14:41:13 ET]
Table '3811584377 1' 3-max Seat #3 is the button
Seat 1: olemrac62 (540 in chips) 
Seat 2: mikesan22 (490 in chips) 
Seat 3: Mahu2021 (470 in chips) 
olemrac62: posts small blind 10
mikesan22: posts big blind 20
*** HOLE CARDS ***
Dealt to Mahu2021 [3s 6c]
Mahu2021: folds 
olemrac62: calls 10
mikesan22: raises 20 to 40
olemrac62: calls 20
*** FLOP *** [7h Qs Ac]
olemrac62: checks 
mikesan22: bets 60
olemrac62: calls 60
*** TURN *** [7h Qs Ac] [2c]
olemrac62: checks 
mikesan22: checks 
*** RIVER *** [7h Qs Ac 2c] [Th]
olemrac62: checks 
mikesan22: checks 
*** SHOW DOWN ***
olemrac62: shows [As 6s] (a pair of Aces)
mikesan22: mucks hand 
olemrac62 collected 200 from pot
*** SUMMARY ***
Total pot 200 | Rake 0 
Board [7h Qs Ac 2c Th]
Seat 1: olemrac62 (small blind) showed [As 6s] and won (200) with a pair of Aces
Seat 2: mikesan22 (big blind) mucked [Qd 9s]
Seat 3: Mahu2021 (button) folded before Flop (didn't bet)



PokerStars Hand #252911738358: Tournament #3811584377, $1.84+$0.16 USD Hold'em No Limit - Level I (10/20) - 2024/10/13 20:41:43 CET [2024/10/13 14:41:43 ET]
Table '3811584377 1' 3-max Seat #1 is the button
Seat 1: olemrac62 (640 in chips) 
Seat 2: mikesan22 (390 in chips) 
Seat 3: Mahu2021 (470 in chips) 
mikesan22: posts small blind 10
Mahu2021: posts big blind 20
*** HOLE CARDS ***
Dealt to Mahu2021 [3d 4c]
olemrac62: folds 
mikesan22: calls 10
Mahu2021: checks 
*** FLOP *** [As 9h Jd]
mikesan22: checks 
Mahu2021: checks 
*** TURN *** [As 9h Jd] [Ah]
mikesan22: checks 
Mahu2021: checks 
*** RIVER *** [As 9h Jd Ah] [5c]
mikesan22: checks 
Mahu2021: checks 
*** SHOW DOWN ***
mikesan22: shows [Qc 6h] (a pair of Aces)
Mahu2021: mucks hand 
mikesan22 collected 40 from pot
*** SUMMARY ***
Total pot 40 | Rake 0 
Board [As 9h Jd Ah 5c]
Seat 1: olemrac62 (button) folded before Flop (didn't bet)
Seat 2: mikesan22 (small blind) showed [Qc 6h] and won (40) with a pair of Aces
Seat 3: Mahu2021 (big blind) mucked [3d 4c]



PokerStars Hand #252911744620: Tournament #3811584377, $1.84+$0.16 USD Hold'em No Limit - Level I (10/20) - 2024/10/13 20:42:01 CET [2024/10/13 14:42:01 ET]
Table '3811584377 1' 3-max Seat #2 is the button
Seat 1: olemrac62 (640 in chips) 
Seat 2: mikesan22 (410 in chips) 
Seat 3: Mahu2021 (450 in chips) 
Mahu2021: posts small blind 10
olemrac62: posts big blind 20
*** HOLE CARDS ***
Dealt to Mahu2021 [3h 8h]
mikesan22: calls 20
Mahu2021: folds 
olemrac62: checks 
*** FLOP *** [7h 7c Ac]
olemrac62: checks 
mikesan22: bets 60
olemrac62: folds 
Uncalled bet (60) returned to mikesan22
mikesan22 collected 50 from pot
mikesan22: doesn't show hand 
*** SUMMARY ***
Total pot 50 | Rake 0 
Board [7h 7c Ac]
Seat 1: olemrac62 (big blind) folded on the Flop
Seat 2: mikesan22 (button) collected (50)
Seat 3: Mahu2021 (small blind) folded before Flop



PokerStars Hand #252911750754: Tournament #3811584377, $1.84+$0.16 USD Hold'em No Limit - Level I (10/20) - 2024/10/13 20:42:18 CET [2024/10/13 14:42:18 ET]
Table '3811584377 1' 3-max Seat #3 is the button
Seat 1: olemrac62 (620 in chips) 
Seat 2: mikesan22 (440 in chips) 
Seat 3: Mahu2021 (440 in chips) 
olemrac62: posts small blind 10
mikesan22: posts big blind 20
*** HOLE CARDS ***
Dealt to Mahu2021 [6d 2d]
Mahu2021: folds 
olemrac62: folds 
Uncalled bet (10) returned to mikesan22
mikesan22 collected 20 from pot
mikesan22: doesn't show hand 
*** SUMMARY ***
Total pot 20 | Rake 0 
Seat 1: olemrac62 (small blind) folded before Flop
Seat 2: mikesan22 (big blind) collected (20)
Seat 3: Mahu2021 (button) folded before Flop (didn't bet)



PokerStars Hand #252911754360: Tournament #3811584377, $1.84+$0.16 USD Hold'em No Limit - Level I (10/20) - 2024/10/13 20:42:29 CET [2024/10/13 14:42:29 ET]
Table '3811584377 1' 3-max Seat #1 is the button
Seat 1: olemrac62 (610 in chips) 
Seat 2: mikesan22 (450 in chips) 
Seat 3: Mahu2021 (440 in chips) 
mikesan22: posts small blind 10
Mahu2021: posts big blind 20
*** HOLE CARDS ***
Dealt to Mahu2021 [2s 5c]
olemrac62: folds 
mikesan22: folds 
Uncalled bet (10) returned to Mahu2021
Mahu2021 collected 20 from pot
Mahu2021: doesn't show hand 
*** SUMMARY ***
Total pot 20 | Rake 0 
Seat 1: olemrac62 (button) folded before Flop (didn't bet)
Seat 2: mikesan22 (small blind) folded before Flop
Seat 3: Mahu2021 (big blind) collected (20)



PokerStars Hand #252911756713: Tournament #3811584377, $1.84+$0.16 USD Hold'em No Limit - Level I (10/20) - 2024/10/13 20:42:35 CET [2024/10/13 14:42:35 ET]
Table '3811584377 1' 3-max Seat #2 is the button
Seat 1: olemrac62 (610 in chips) 
Seat 2: mikesan22 (440 in chips) 
Seat 3: Mahu2021 (450 in chips) 
Mahu2021: posts small blind 10
olemrac62: posts big blind 20
*** HOLE CARDS ***
Dealt to Mahu2021 [Ah 6c]
mikesan22: calls 20
Mahu2021: calls 10
olemrac62: checks 
*** FLOP *** [8d 4d 8c]
Mahu2021: checks 
olemrac62: checks 
mikesan22: checks 
*** TURN *** [8d 4d 8c] [6d]
Mahu2021: bets 40
olemrac62: folds 
mikesan22: folds 
Uncalled bet (40) returned to Mahu2021
Mahu2021 collected 60 from pot
Mahu2021: doesn't show hand 
*** SUMMARY ***
Total pot 60 | Rake 0 
Board [8d 4d 8c 6d]
Seat 1: olemrac62 (big blind) folded on the Turn
Seat 2: mikesan22 (button) folded on the Turn
Seat 3: Mahu2021 (small blind) collected (60)



PokerStars Hand #252911765195: Tournament #3811584377, $1.84+$0.16 USD Hold'em No Limit - Level II (15/30) - 2024/10/13 20:43:00 CET [2024/10/13 14:43:00 ET]
Table '3811584377 1' 3-max Seat #3 is the button
Seat 1: olemrac62 (590 in chips) 
Seat 2: mikesan22 (420 in chips) 
Seat 3: Mahu2021 (490 in chips) 
olemrac62: posts small blind 15
mikesan22: posts big blind 30
*** HOLE CARDS ***
Dealt to Mahu2021 [6s 6h]
Mahu2021: raises 30 to 60
olemrac62: folds 
mikesan22: folds 
Uncalled bet (30) returned to Mahu2021
Mahu2021 collected 75 from pot
Mahu2021: doesn't show hand 
*** SUMMARY ***
Total pot 75 | Rake 0 
Seat 1: olemrac62 (small blind) folded before Flop
Seat 2: mikesan22 (big blind) folded before Flop
Seat 3: Mahu2021 (button) collected (75)



PokerStars Hand #252911768265: Tournament #3811584377, $1.84+$0.16 USD Hold'em No Limit - Level II (15/30) - 2024/10/13 20:43:08 CET [2024/10/13 14:43:08 ET]
Table '3811584377 1' 3-max Seat #1 is the button
Seat 1: olemrac62 (575 in chips) 
Seat 2: mikesan22 (390 in chips) 
Seat 3: Mahu2021 (535 in chips) 
mikesan22: posts small blind 15
Mahu2021: posts big blind 30
*** HOLE CARDS ***
Dealt to Mahu2021 [8s 3h]
olemrac62: calls 30
mikesan22: calls 15
Mahu2021: checks 
*** FLOP *** [3c 7d Th]
mikesan22: checks 
Mahu2021: checks 
olemrac62: bets 60
mikesan22: folds 
Mahu2021: folds 
Uncalled bet (60) returned to olemrac62
olemrac62 collected 90 from pot
*** SUMMARY ***
Total pot 90 | Rake 0 
Board [3c 7d Th]
Seat 1: olemrac62 (button) collected (90)
Seat 2: mikesan22 (small blind) folded on the Flop
Seat 3: Mahu2021 (big blind) folded on the Flop



PokerStars Hand #252911775226: Tournament #3811584377, $1.84+$0.16 USD Hold'em No Limit - Level II (15/30) - 2024/10/13 20:43:28 CET [2024/10/13 14:43:28 ET]
Table '3811584377 1' 3-max Seat #2 is the button
Seat 1: olemrac62 (635 in chips) 
Seat 2: mikesan22 (360 in chips) 
Seat 3: Mahu2021 (505 in chips) 
Mahu2021: posts small blind 15
olemrac62: posts big blind 30
*** HOLE CARDS ***
Dealt to Mahu2021 [6s 9c]
mikesan22: folds 
Mahu2021: calls 15
olemrac62: checks 
*** FLOP *** [Jd Kc Td]
Mahu2021: checks 
olemrac62: bets 30
Mahu2021: folds 
Uncalled bet (30) returned to olemrac62
olemrac62 collected 60 from pot
*** SUMMARY ***
Total pot 60 | Rake 0 
Board [Jd Kc Td]
Seat 1: olemrac62 (big blind) collected (60)
Seat 2: mikesan22 (button) folded before Flop (didn't bet)
Seat 3: Mahu2021 (small blind) folded on the Flop



PokerStars Hand #252911780095: Tournament #3811584377, $1.84+$0.16 USD Hold'em No Limit - Level II (15/30) - 2024/10/13 20:43:42 CET [2024/10/13 14:43:42 ET]
Table '3811584377 1' 3-max Seat #3 is the button
Seat 1: olemrac62 (665 in chips) 
Seat 2: mikesan22 (360 in chips) 
Seat 3: Mahu2021 (475 in chips) 
olemrac62: posts small blind 15
mikesan22: posts big blind 30
*** HOLE CARDS ***
Dealt to Mahu2021 [Ks Ah]
Mahu2021: raises 60 to 90
olemrac62: folds 
mikesan22: folds 
Uncalled bet (60) returned to Mahu2021
Mahu2021 collected 75 from pot
Mahu2021: doesn't show hand 
*** SUMMARY ***
Total pot 75 | Rake 0 
Seat 1: olemrac62 (small blind) folded before Flop
Seat 2: mikesan22 (big blind) folded before Flop
Seat 3: Mahu2021 (button) collected (75)



PokerStars Hand #252911782355: Tournament #3811584377, $1.84+$0.16 USD Hold'em No Limit - Level II (15/30) - 2024/10/13 20:43:48 CET [2024/10/13 14:43:48 ET]
Table '3811584377 1' 3-max Seat #1 is the button
Seat 1: olemrac62 (650 in chips) 
Seat 2: mikesan22 (330 in chips) 
Seat 3: Mahu2021 (520 in chips) 
mikesan22: posts small blind 15
Mahu2021: posts big blind 30
*** HOLE CARDS ***
Dealt to Mahu2021 [6h 7d]
olemrac62: folds 
mikesan22: calls 15
Mahu2021: checks 
*** FLOP *** [Qs Kc 9c]
mikesan22: checks 
Mahu2021: checks 
*** TURN *** [Qs Kc 9c] [2c]
mikesan22: bets 60
Mahu2021: folds 
Uncalled bet (60) returned to mikesan22
mikesan22 collected 60 from pot
mikesan22: doesn't show hand 
*** SUMMARY ***
Total pot 60 | Rake 0 
Board [Qs Kc 9c 2c]
Seat 1: olemrac62 (button) folded before Flop (didn't bet)
Seat 2: mikesan22 (small blind) collected (60)
Seat 3: Mahu2021 (big blind) folded on the Turn



PokerStars Hand #252911787671: Tournament #3811584377, $1.84+$0.16 USD Hold'em No Limit - Level II (15/30) - 2024/10/13 20:44:03 CET [2024/10/13 14:44:03 ET]
Table '3811584377 1' 3-max Seat #2 is the button
Seat 1: olemrac62 (650 in chips) 
Seat 2: mikesan22 (360 in chips) 
Seat 3: Mahu2021 (490 in chips) 
Mahu2021: posts small blind 15
olemrac62: posts big blind 30
*** HOLE CARDS ***
Dealt to Mahu2021 [Kc 9c]
mikesan22: folds 
Mahu2021: raises 60 to 90
olemrac62: folds 
Uncalled bet (60) returned to Mahu2021
Mahu2021 collected 60 from pot
Mahu2021: doesn't show hand 
*** SUMMARY ***
Total pot 60 | Rake 0 
Seat 1: olemrac62 (big blind) folded before Flop
Seat 2: mikesan22 (button) folded before Flop (didn't bet)
Seat 3: Mahu2021 (small blind) collected (60)



PokerStars Hand #252911791033: Tournament #3811584377, $1.84+$0.16 USD Hold'em No Limit - Level II (15/30) - 2024/10/13 20:44:13 CET [2024/10/13 14:44:13 ET]
Table '3811584377 1' 3-max Seat #3 is the button
Seat 1: olemrac62 (620 in chips) 
Seat 2: mikesan22 (360 in chips) 
Seat 3: Mahu2021 (520 in chips) 
olemrac62: posts small blind 15
mikesan22: posts big blind 30
*** HOLE CARDS ***
Dealt to Mahu2021 [Td Jd]
Mahu2021: calls 30
olemrac62: calls 15
mikesan22: checks 
*** FLOP *** [3c 8c 6d]
olemrac62: checks 
mikesan22: checks 
Mahu2021: checks 
*** TURN *** [3c 8c 6d] [Ad]
olemrac62: checks 
mikesan22: bets 30
Mahu2021: calls 30
olemrac62: folds 
*** RIVER *** [3c 8c 6d Ad] [9s]
mikesan22: checks 
Mahu2021: checks 
*** SHOW DOWN ***
mikesan22: shows [Ks 2h] (high card Ace)
Mahu2021: mucks hand 
mikesan22 collected 150 from pot
*** SUMMARY ***
Total pot 150 | Rake 0 
Board [3c 8c 6d Ad 9s]
Seat 1: olemrac62 (small blind) folded on the Turn
Seat 2: mikesan22 (big blind) showed [Ks 2h] and won (150) with high card Ace
Seat 3: Mahu2021 (button) mucked [Td Jd]



PokerStars Hand #252911798694: Tournament #3811584377, $1.84+$0.16 USD Hold'em No Limit - Level II (15/30) - 2024/10/13 20:44:34 CET [2024/10/13 14:44:34 ET]
Table '3811584377 1' 3-max Seat #1 is the button
Seat 1: olemrac62 (590 in chips) 
Seat 2: mikesan22 (450 in chips) 
Seat 3: Mahu2021 (460 in chips) 
mikesan22: posts small blind 15
Mahu2021: posts big blind 30
*** HOLE CARDS ***
Dealt to Mahu2021 [As Ks]
olemrac62: folds 
mikesan22: calls 15
Mahu2021: raises 90 to 120
mikesan22: folds 
Uncalled bet (90) returned to Mahu2021
Mahu2021 collected 60 from pot
Mahu2021: doesn't show hand 
*** SUMMARY ***
Total pot 60 | Rake 0 
Seat 1: olemrac62 (button) folded before Flop (didn't bet)
Seat 2: mikesan22 (small blind) folded before Flop
Seat 3: Mahu2021 (big blind) collected (60)



PokerStars Hand #252911802289: Tournament #3811584377, $1.84+$0.16 USD Hold'em No Limit - Level II (15/30) - 2024/10/13 20:44:44 CET [2024/10/13 14:44:44 ET]
Table '3811584377 1' 3-max Seat #2 is the button
Seat 1: olemrac62 (590 in chips) 
Seat 2: mikesan22 (420 in chips) 
Seat 3: Mahu2021 (490 in chips) 
Mahu2021: posts small blind 15
olemrac62: posts big blind 30
*** HOLE CARDS ***
Dealt to Mahu2021 [6s 9c]
mikesan22: folds 
Mahu2021: folds 
Uncalled bet (15) returned to olemrac62
olemrac62 collected 30 from pot
*** SUMMARY ***
Total pot 30 | Rake 0 
Seat 1: olemrac62 (big blind) collected (30)
Seat 2: mikesan22 (button) folded before Flop (didn't bet)
Seat 3: Mahu2021 (small blind) folded before Flop



PokerStars Hand #252911805514: Tournament #3811584377, $1.84+$0.16 USD Hold'em No Limit - Level III (20/40) - 2024/10/13 20:44:53 CET [2024/10/13 14:44:53 ET]
Table '3811584377 1' 3-max Seat #3 is the button
Seat 1: olemrac62 (605 in chips) 
Seat 2: mikesan22 (420 in chips) 
Seat 3: Mahu2021 (475 in chips) 
olemrac62: posts small blind 20
mikesan22: posts big blind 40
*** HOLE CARDS ***
Dealt to Mahu2021 [2d 7h]
Mahu2021: folds 
olemrac62: calls 20
mikesan22: checks 
*** FLOP *** [Qs Qh 2h]
olemrac62: checks 
mikesan22: bets 80
olemrac62: folds 
Uncalled bet (80) returned to mikesan22
mikesan22 collected 80 from pot
mikesan22: doesn't show hand 
*** SUMMARY ***
Total pot 80 | Rake 0 
Board [Qs Qh 2h]
Seat 1: olemrac62 (small blind) folded on the Flop
Seat 2: mikesan22 (big blind) collected (80)
Seat 3: Mahu2021 (button) folded before Flop (didn't bet)



PokerStars Hand #252911810949: Tournament #3811584377, $1.84+$0.16 USD Hold'em No Limit - Level III (20/40) - 2024/10/13 20:45:08 CET [2024/10/13 14:45:08 ET]
Table '3811584377 1' 3-max Seat #1 is the button
Seat 1: olemrac62 (565 in chips) 
Seat 2: mikesan22 (460 in chips) 
Seat 3: Mahu2021 (475 in chips) 
mikesan22: posts small blind 20
Mahu2021: posts big blind 40
*** HOLE CARDS ***
Dealt to Mahu2021 [2h Ac]
olemrac62: folds 
mikesan22: raises 40 to 80
Mahu2021: calls 40
*** FLOP *** [Th 4s Qd]
mikesan22: bets 80
Mahu2021: folds 
Uncalled bet (80) returned to mikesan22
mikesan22 collected 160 from pot
mikesan22: doesn't show hand 
*** SUMMARY ***
Total pot 160 | Rake 0 
Board [Th 4s Qd]
Seat 1: olemrac62 (button) folded before Flop (didn't bet)
Seat 2: mikesan22 (small blind) collected (160)
Seat 3: Mahu2021 (big blind) folded on the Flop



PokerStars Hand #252911815680: Tournament #3811584377, $1.84+$0.16 USD Hold'em No Limit - Level III (20/40) - 2024/10/13 20:45:22 CET [2024/10/13 14:45:22 ET]
Table '3811584377 1' 3-max Seat #2 is the button
Seat 1: olemrac62 (565 in chips) 
Seat 2: mikesan22 (540 in chips) 
Seat 3: Mahu2021 (395 in chips) 
Mahu2021: posts small blind 20
olemrac62: posts big blind 40
*** HOLE CARDS ***
Dealt to Mahu2021 [Js Qh]
mikesan22: calls 40
Mahu2021: calls 20
olemrac62: checks 
*** FLOP *** [Ah Th 3s]
Mahu2021: checks 
olemrac62: checks 
mikesan22: bets 40
Mahu2021: calls 40
olemrac62: folds 
*** TURN *** [Ah Th 3s] [6h]
Mahu2021: checks 
mikesan22: checks 
*** RIVER *** [Ah Th 3s 6h] [2c]
Mahu2021: bets 200
mikesan22: folds 
Uncalled bet (200) returned to Mahu2021
Mahu2021 collected 200 from pot
Mahu2021: doesn't show hand 
*** SUMMARY ***
Total pot 200 | Rake 0 
Board [Ah Th 3s 6h 2c]
Seat 1: olemrac62 (big blind) folded on the Flop
Seat 2: mikesan22 (button) folded on the River
Seat 3: Mahu2021 (small blind) collected (200)



PokerStars Hand #252911823660: Tournament #3811584377, $1.84+$0.16 USD Hold'em No Limit - Level III (20/40) - 2024/10/13 20:45:45 CET [2024/10/13 14:45:45 ET]
Table '3811584377 1' 3-max Seat #3 is the button
Seat 1: olemrac62 (525 in chips) 
Seat 2: mikesan22 (460 in chips) 
Seat 3: Mahu2021 (515 in chips) 
olemrac62: posts small blind 20
mikesan22: posts big blind 40
*** HOLE CARDS ***
Dealt to Mahu2021 [6h Qc]
Mahu2021: folds 
olemrac62: calls 20
mikesan22: checks 
*** FLOP *** [5c Ac 4h]
olemrac62: checks 
mikesan22: bets 40
olemrac62: calls 40
*** TURN *** [5c Ac 4h] [2s]
olemrac62: checks 
mikesan22: checks 
*** RIVER *** [5c Ac 4h 2s] [8c]
olemrac62: checks 
mikesan22: checks 
*** SHOW DOWN ***
olemrac62: shows [As 7d] (a pair of Aces)
mikesan22: mucks hand 
olemrac62 collected 160 from pot
*** SUMMARY ***
Total pot 160 | Rake 0 
Board [5c Ac 4h 2s 8c]
Seat 1: olemrac62 (small blind) showed [As 7d] and won (160) with a pair of Aces
Seat 2: mikesan22 (big blind) mucked [4c 7s]
Seat 3: Mahu2021 (button) folded before Flop (didn't bet)



PokerStars Hand #252911830673: Tournament #3811584377, $1.84+$0.16 USD Hold'em No Limit - Level III (20/40) - 2024/10/13 20:46:04 CET [2024/10/13 14:46:04 ET]
Table '3811584377 1' 3-max Seat #1 is the button
Seat 1: olemrac62 (605 in chips) 
Seat 2: mikesan22 (380 in chips) 
Seat 3: Mahu2021 (515 in chips) 
mikesan22: posts small blind 20
Mahu2021: posts big blind 40
*** HOLE CARDS ***
Dealt to Mahu2021 [Js 9d]
olemrac62: calls 40
mikesan22: raises 40 to 80
Mahu2021: folds 
olemrac62: calls 40
*** FLOP *** [Qc Ts 8s]
mikesan22: bets 80
olemrac62: calls 80
*** TURN *** [Qc Ts 8s] [8h]
mikesan22: bets 80
olemrac62: calls 80
*** RIVER *** [Qc Ts 8s 8h] [Td]
mikesan22: bets 80
olemrac62: raises 80 to 160
mikesan22: calls 60 and is all-in
Uncalled bet (20) returned to olemrac62
*** SHOW DOWN ***
olemrac62: shows [Ah 8d] (a full house, Eights full of Tens)
mikesan22: shows [As 8c] (a full house, Eights full of Tens)
mikesan22 collected 400 from pot
olemrac62 collected 400 from pot
*** SUMMARY ***
Total pot 800 | Rake 0 
Board [Qc Ts 8s 8h Td]
Seat 1: olemrac62 (button) showed [Ah 8d] and won (400) with a full house, Eights full of Tens
Seat 2: mikesan22 (small blind) showed [As 8c] and won (400) with a full house, Eights full of Tens
Seat 3: Mahu2021 (big blind) folded before Flop



PokerStars Hand #252911842756: Tournament #3811584377, $1.84+$0.16 USD Hold'em No Limit - Level III (20/40) - 2024/10/13 20:46:39 CET [2024/10/13 14:46:39 ET]
Table '3811584377 1' 3-max Seat #2 is the button
Seat 1: olemrac62 (625 in chips) 
Seat 2: mikesan22 (400 in chips) 
Seat 3: Mahu2021 (475 in chips) 
Mahu2021: posts small blind 20
olemrac62: posts big blind 40
*** HOLE CARDS ***
Dealt to Mahu2021 [Qh Qc]
mikesan22: folds 
Mahu2021: raises 435 to 475 and is all-in
olemrac62: folds 
Uncalled bet (435) returned to Mahu2021
Mahu2021 collected 80 from pot
Mahu2021: doesn't show hand 
*** SUMMARY ***
Total pot 80 | Rake 0 
Seat 1: olemrac62 (big blind) folded before Flop
Seat 2: mikesan22 (button) folded before Flop (didn't bet)
Seat 3: Mahu2021 (small blind) collected (80)



PokerStars Hand #252911848473: Tournament #3811584377, $1.84+$0.16 USD Hold'em No Limit - Level IV (30/60) - 2024/10/13 20:46:55 CET [2024/10/13 14:46:55 ET]
Table '3811584377 1' 3-max Seat #3 is the button
Seat 1: olemrac62 (585 in chips) 
Seat 2: mikesan22 (400 in chips) 
Seat 3: Mahu2021 (515 in chips) 
olemrac62: posts small blind 30
mikesan22: posts big blind 60
*** HOLE CARDS ***
Dealt to Mahu2021 [Kc Tc]
Mahu2021: raises 60 to 120
olemrac62: folds 
mikesan22: folds 
Uncalled bet (60) returned to Mahu2021
Mahu2021 collected 150 from pot
Mahu2021: doesn't show hand 
*** SUMMARY ***
Total pot 150 | Rake 0 
Seat 1: olemrac62 (small blind) folded before Flop
Seat 2: mikesan22 (big blind) folded before Flop
Seat 3: Mahu2021 (button) collected (150)



PokerStars Hand #252911852554: Tournament #3811584377, $1.84+$0.16 USD Hold'em No Limit - Level IV (30/60) - 2024/10/13 20:47:06 CET [2024/10/13 14:47:06 ET]
Table '3811584377 1' 3-max Seat #1 is the button
Seat 1: olemrac62 (555 in chips) 
Seat 2: mikesan22 (340 in chips) 
Seat 3: Mahu2021 (605 in chips) 
mikesan22: posts small blind 30
Mahu2021: posts big blind 60
*** HOLE CARDS ***
Dealt to Mahu2021 [3h 2h]
olemrac62: folds 
mikesan22: calls 30
Mahu2021: checks 
*** FLOP *** [6c 5h 6s]
mikesan22: checks 
Mahu2021: checks 
*** TURN *** [6c 5h 6s] [4h]
mikesan22: bets 60
Mahu2021: raises 120 to 180
mikesan22: folds 
Uncalled bet (120) returned to Mahu2021
Mahu2021 collected 240 from pot
Mahu2021: doesn't show hand 
*** SUMMARY ***
Total pot 240 | Rake 0 
Board [6c 5h 6s 4h]
Seat 1: olemrac62 (button) folded before Flop (didn't bet)
Seat 2: mikesan22 (small blind) folded on the Turn
Seat 3: Mahu2021 (big blind) collected (240)



PokerStars Hand #252911862017: Tournament #3811584377, $1.84+$0.16 USD Hold'em No Limit - Level IV (30/60) - 2024/10/13 20:47:33 CET [2024/10/13 14:47:33 ET]
Table '3811584377 1' 3-max Seat #2 is the button
Seat 1: olemrac62 (555 in chips) 
Seat 2: mikesan22 (220 in chips) 
Seat 3: Mahu2021 (725 in chips) 
Mahu2021: posts small blind 30
olemrac62: posts big blind 60
*** HOLE CARDS ***
Dealt to Mahu2021 [5d 6c]
mikesan22: folds 
Mahu2021: folds 
Uncalled bet (30) returned to olemrac62
olemrac62 collected 60 from pot
*** SUMMARY ***
Total pot 60 | Rake 0 
Seat 1: olemrac62 (big blind) collected (60)
Seat 2: mikesan22 (button) folded before Flop (didn't bet)
Seat 3: Mahu2021 (small blind) folded before Flop



PokerStars Hand #252911865079: Tournament #3811584377, $1.84+$0.16 USD Hold'em No Limit - Level IV (30/60) - 2024/10/13 20:47:42 CET [2024/10/13 14:47:42 ET]
Table '3811584377 1' 3-max Seat #3 is the button
Seat 1: olemrac62 (585 in chips) 
Seat 2: mikesan22 (220 in chips) 
Seat 3: Mahu2021 (695 in chips) 
olemrac62: posts small blind 30
mikesan22: posts big blind 60
*** HOLE CARDS ***
Dealt to Mahu2021 [Kc 8d]
Mahu2021: folds 
olemrac62: calls 30
mikesan22: checks 
*** FLOP *** [3c Ah 9s]
olemrac62: checks 
mikesan22: bets 60
olemrac62: folds 
Uncalled bet (60) returned to mikesan22
mikesan22 collected 120 from pot
mikesan22: doesn't show hand 
*** SUMMARY ***
Total pot 120 | Rake 0 
Board [3c Ah 9s]
Seat 1: olemrac62 (small blind) folded on the Flop
Seat 2: mikesan22 (big blind) collected (120)
Seat 3: Mahu2021 (button) folded before Flop (didn't bet)



PokerStars Hand #252911870428: Tournament #3811584377, $1.84+$0.16 USD Hold'em No Limit - Level IV (30/60) - 2024/10/13 20:47:57 CET [2024/10/13 14:47:57 ET]
Table '3811584377 1' 3-max Seat #1 is the button
Seat 1: olemrac62 (525 in chips) 
Seat 2: mikesan22 (280 in chips) 
Seat 3: Mahu2021 (695 in chips) 
mikesan22: posts small blind 30
Mahu2021: posts big blind 60
*** HOLE CARDS ***
Dealt to Mahu2021 [4d Td]
olemrac62: folds 
mikesan22: folds 
Uncalled bet (30) returned to Mahu2021
Mahu2021 collected 60 from pot
Mahu2021: doesn't show hand 
*** SUMMARY ***
Total pot 60 | Rake 0 
Seat 1: olemrac62 (button) folded before Flop (didn't bet)
Seat 2: mikesan22 (small blind) folded before Flop
Seat 3: Mahu2021 (big blind) collected (60)



PokerStars Hand #252911872512: Tournament #3811584377, $1.84+$0.16 USD Hold'em No Limit - Level IV (30/60) - 2024/10/13 20:48:03 CET [2024/10/13 14:48:03 ET]
Table '3811584377 1' 3-max Seat #2 is the button
Seat 1: olemrac62 (525 in chips) 
Seat 2: mikesan22 (250 in chips) 
Seat 3: Mahu2021 (725 in chips) 
Mahu2021: posts small blind 30
olemrac62: posts big blind 60
*** HOLE CARDS ***
Dealt to Mahu2021 [Th 7s]
mikesan22: raises 60 to 120
Mahu2021: folds 
olemrac62: calls 60
*** FLOP *** [8c Ad 3c]
olemrac62: checks 
mikesan22: bets 130 and is all-in
olemrac62: calls 130
*** TURN *** [8c Ad 3c] [6h]
*** RIVER *** [8c Ad 3c 6h] [Kd]
*** SHOW DOWN ***
olemrac62: shows [Ah 4d] (a pair of Aces)
mikesan22: shows [9h 9s] (a pair of Nines)
olemrac62 collected 530 from pot
mikesan22 finished the tournament in 3rd place
*** SUMMARY ***
Total pot 530 | Rake 0 
Board [8c Ad 3c 6h Kd]
Seat 1: olemrac62 (big blind) showed [Ah 4d] and won (530) with a pair of Aces
Seat 2: mikesan22 (button) showed [9h 9s] and lost with a pair of Nines
Seat 3: Mahu2021 (small blind) folded before Flop



PokerStars Hand #252911880788: Tournament #3811584377, $1.84+$0.16 USD Hold'em No Limit - Level IV (30/60) - 2024/10/13 20:48:28 CET [2024/10/13 14:48:28 ET]
Table '3811584377 1' 3-max Seat #1 is the button
Seat 1: olemrac62 (805 in chips) 
Seat 3: Mahu2021 (695 in chips) 
olemrac62: posts small blind 30
Mahu2021: posts big blind 60
*** HOLE CARDS ***
Dealt to Mahu2021 [5h 6h]
olemrac62: raises 60 to 120
Mahu2021: calls 60
*** FLOP *** [Ah 2h 3c]
Mahu2021: checks 
olemrac62: bets 120
Mahu2021: calls 120
*** TURN *** [Ah 2h 3c] [4h]
Mahu2021: checks 
olemrac62: bets 565 and is all-in
Mahu2021: calls 455 and is all-in
Uncalled bet (110) returned to olemrac62
*** RIVER *** [Ah 2h 3c 4h] [Ac]
*** SHOW DOWN ***
Mahu2021: shows [5h 6h] (a flush, Ace high)
olemrac62: shows [Ad Kd] (three of a kind, Aces)
Mahu2021 collected 1390 from pot
*** SUMMARY ***
Total pot 1390 | Rake 0 
Board [Ah 2h 3c 4h Ac]
Seat 1: olemrac62 (button) (small blind) showed [Ad Kd] and lost with three of a kind, Aces
Seat 3: Mahu2021 (big blind) showed [5h 6h] and won (1390) with a flush, Ace high



PokerStars Hand #252911891246: Tournament #3811584377, $1.84+$0.16 USD Hold'em No Limit - Level V (40/80) - 2024/10/13 20:48:57 CET [2024/10/13 14:48:57 ET]
Table '3811584377 1' 3-max Seat #3 is the button
Seat 1: olemrac62 (110 in chips) 
Seat 3: Mahu2021 (1390 in chips) 
Mahu2021: posts small blind 40
olemrac62: posts big blind 80
*** HOLE CARDS ***
Dealt to Mahu2021 [Th 5c]
Mahu2021: folds 
Uncalled bet (40) returned to olemrac62
olemrac62 collected 80 from pot
*** SUMMARY ***
Total pot 80 | Rake 0 
Seat 1: olemrac62 (big blind) collected (80)
Seat 3: Mahu2021 (button) (small blind) folded before Flop



PokerStars Hand #252911892867: Tournament #3811584377, $1.84+$0.16 USD Hold'em No Limit - Level V (40/80) - 2024/10/13 20:49:02 CET [2024/10/13 14:49:02 ET]
Table '3811584377 1' 3-max Seat #1 is the button
Seat 1: olemrac62 (150 in chips) 
Seat 3: Mahu2021 (1350 in chips) 
olemrac62: posts small blind 40
Mahu2021: posts big blind 80
*** HOLE CARDS ***
Dealt to Mahu2021 [3d 3h]
olemrac62: raises 70 to 150 and is all-in
Mahu2021: calls 70
*** FLOP *** [Jd Th Jc]
*** TURN *** [Jd Th Jc] [Tc]
*** RIVER *** [Jd Th Jc Tc] [Ks]
*** SHOW DOWN ***
Mahu2021: shows [3d 3h] (two pair, Jacks and Tens)
olemrac62: shows [3s 5s] (two pair, Jacks and Tens)
Mahu2021 collected 150 from pot
olemrac62 collected 150 from pot
*** SUMMARY ***
Total pot 300 | Rake 0 
Board [Jd Th Jc Tc Ks]
Seat 1: olemrac62 (button) (small blind) showed [3s 5s] and won (150) with two pair, Jacks and Tens
Seat 3: Mahu2021 (big blind) showed [3d 3h] and won (150) with two pair, Jacks and Tens



PokerStars Hand #252911898591: Tournament #3811584377, $1.84+$0.16 USD Hold'em No Limit - Level V (40/80) - 2024/10/13 20:49:17 CET [2024/10/13 14:49:17 ET]
Table '3811584377 1' 3-max Seat #3 is the button
Seat 1: olemrac62 (150 in chips) 
Seat 3: Mahu2021 (1350 in chips) 
Mahu2021: posts small blind 40
olemrac62: posts big blind 80
*** HOLE CARDS ***
Dealt to Mahu2021 [Ks Tc]
Mahu2021: raises 80 to 160
olemrac62: calls 70 and is all-in
Uncalled bet (10) returned to Mahu2021
*** FLOP *** [4s Kc Qh]
*** TURN *** [4s Kc Qh] [Jc]
*** RIVER *** [4s Kc Qh Jc] [Kh]
*** SHOW DOWN ***
olemrac62: shows [7h 5s] (a pair of Kings)
Mahu2021: shows [Ks Tc] (three of a kind, Kings)
Mahu2021 collected 300 from pot
olemrac62 finished the tournament in 2nd place
Mahu2021 wins the tournament and receives $4.00 - congratulations!
*** SUMMARY ***
Total pot 300 | Rake 0 
Board [4s Kc Qh Jc Kh]
Seat 1: olemrac62 (big blind) showed [7h 5s] and lost with a pair of Kings
Seat 3: Mahu2021 (button) (small blind) showed [Ks Tc] and won (300) with three of a kind, Kings



