PokerStars Hand #249707591723: Tournament #3735596495, $9.30+$0.70 USD Hold'em No Limit - Level I (10/20) - 2024/03/30 18:54:53 CET [2024/03/30 13:54:53 ET]
Table '3735596495 1' 3-max Seat #1 is the button
Seat 1: Mahu2021 (500 in chips) 
Seat 2: nasukk (500 in chips) 
Seat 3: kryu615 (500 in chips) 
nasukk: posts small blind 10
kryu615: posts big blind 20
*** HOLE CARDS ***
Dealt to Mahu2021 [Qc 2s]
Mahu2021: folds 
nasukk: folds 
Uncalled bet (10) returned to kryu615
kryu615 collected 20 from pot
*** SUMMARY ***
Total pot 20 | Rake 0 
Seat 1: Mahu2021 (button) folded before Flop (didn't bet)
Seat 2: nasukk (small blind) folded before Flop
Seat 3: kryu615 (big blind) collected (20)



PokerStars Hand #249707595241: Tournament #3735596495, $9.30+$0.70 USD Hold'em No Limit - Level I (10/20) - 2024/03/30 18:55:05 CET [2024/03/30 13:55:05 ET]
Table '3735596495 1' 3-max Seat #2 is the button
Seat 1: Mahu2021 (500 in chips) 
Seat 2: nasukk (490 in chips) 
Seat 3: kryu615 (510 in chips) 
kryu615: posts small blind 10
Mahu2021: posts big blind 20
*** HOLE CARDS ***
Dealt to Mahu2021 [Ac Ts]
nasukk: folds 
kryu615: raises 20 to 40
Mahu2021: calls 20
*** FLOP *** [8h Qh 6d]
kryu615: bets 80
Mahu2021: folds 
Uncalled bet (80) returned to kryu615
kryu615 collected 80 from pot
*** SUMMARY ***
Total pot 80 | Rake 0 
Board [8h Qh 6d]
Seat 1: Mahu2021 (big blind) folded on the Flop
Seat 2: nasukk (button) folded before Flop (didn't bet)
Seat 3: kryu615 (small blind) collected (80)



PokerStars Hand #249707597555: Tournament #3735596495, $9.30+$0.70 USD Hold'em No Limit - Level I (10/20) - 2024/03/30 18:55:17 CET [2024/03/30 13:55:17 ET]
Table '3735596495 1' 3-max Seat #3 is the button
Seat 1: Mahu2021 (460 in chips) 
Seat 2: nasukk (490 in chips) 
Seat 3: kryu615 (550 in chips) 
Mahu2021: posts small blind 10
nasukk: posts big blind 20
*** HOLE CARDS ***
Dealt to Mahu2021 [3s 4c]
kryu615: folds 
Mahu2021: folds 
Uncalled bet (10) returned to nasukk
nasukk collected 20 from pot
nasukk: doesn't show hand 
*** SUMMARY ***
Total pot 20 | Rake 0 
Seat 1: Mahu2021 (small blind) folded before Flop
Seat 2: nasukk (big blind) collected (20)
Seat 3: kryu615 (button) folded before Flop (didn't bet)



PokerStars Hand #249707598780: Tournament #3735596495, $9.30+$0.70 USD Hold'em No Limit - Level I (10/20) - 2024/03/30 18:55:23 CET [2024/03/30 13:55:23 ET]
Table '3735596495 1' 3-max Seat #1 is the button
Seat 1: Mahu2021 (450 in chips) 
Seat 2: nasukk (500 in chips) 
Seat 3: kryu615 (550 in chips) 
nasukk: posts small blind 10
kryu615: posts big blind 20
*** HOLE CARDS ***
Dealt to Mahu2021 [3h 5c]
Mahu2021: folds 
nasukk: folds 
Uncalled bet (10) returned to kryu615
kryu615 collected 20 from pot
*** SUMMARY ***
Total pot 20 | Rake 0 
Seat 1: Mahu2021 (button) folded before Flop (didn't bet)
Seat 2: nasukk (small blind) folded before Flop
Seat 3: kryu615 (big blind) collected (20)



PokerStars Hand #249707600729: Tournament #3735596495, $9.30+$0.70 USD Hold'em No Limit - Level I (10/20) - 2024/03/30 18:55:32 CET [2024/03/30 13:55:32 ET]
Table '3735596495 1' 3-max Seat #2 is the button
Seat 1: Mahu2021 (450 in chips) 
Seat 2: nasukk (490 in chips) 
Seat 3: kryu615 (560 in chips) 
kryu615: posts small blind 10
Mahu2021: posts big blind 20
*** HOLE CARDS ***
Dealt to Mahu2021 [Qc 6s]
nasukk: raises 20 to 40
kryu615: folds 
Mahu2021: folds 
Uncalled bet (20) returned to nasukk
nasukk collected 50 from pot
nasukk: doesn't show hand 
*** SUMMARY ***
Total pot 50 | Rake 0 
Seat 1: Mahu2021 (big blind) folded before Flop
Seat 2: nasukk (button) collected (50)
Seat 3: kryu615 (small blind) folded before Flop



PokerStars Hand #249707603634: Tournament #3735596495, $9.30+$0.70 USD Hold'em No Limit - Level I (10/20) - 2024/03/30 18:55:47 CET [2024/03/30 13:55:47 ET]
Table '3735596495 1' 3-max Seat #3 is the button
Seat 1: Mahu2021 (430 in chips) 
Seat 2: nasukk (520 in chips) 
Seat 3: kryu615 (550 in chips) 
Mahu2021: posts small blind 10
nasukk: posts big blind 20
*** HOLE CARDS ***
Dealt to Mahu2021 [Kc 3d]
kryu615: folds 
Mahu2021: folds 
Uncalled bet (10) returned to nasukk
nasukk collected 20 from pot
nasukk: doesn't show hand 
*** SUMMARY ***
Total pot 20 | Rake 0 
Seat 1: Mahu2021 (small blind) folded before Flop
Seat 2: nasukk (big blind) collected (20)
Seat 3: kryu615 (button) folded before Flop (didn't bet)



PokerStars Hand #249707604762: Tournament #3735596495, $9.30+$0.70 USD Hold'em No Limit - Level I (10/20) - 2024/03/30 18:55:52 CET [2024/03/30 13:55:52 ET]
Table '3735596495 1' 3-max Seat #1 is the button
Seat 1: Mahu2021 (420 in chips) 
Seat 2: nasukk (530 in chips) 
Seat 3: kryu615 (550 in chips) 
nasukk: posts small blind 10
kryu615: posts big blind 20
*** HOLE CARDS ***
Dealt to Mahu2021 [5s Qh]
Mahu2021: folds 
nasukk: calls 10
kryu615: checks 
*** FLOP *** [As Qs Kh]
nasukk: checks 
kryu615: bets 40
nasukk: folds 
Uncalled bet (40) returned to kryu615
kryu615 collected 40 from pot
*** SUMMARY ***
Total pot 40 | Rake 0 
Board [As Qs Kh]
Seat 1: Mahu2021 (button) folded before Flop (didn't bet)
Seat 2: nasukk (small blind) folded on the Flop
Seat 3: kryu615 (big blind) collected (40)



PokerStars Hand #249707610653: Tournament #3735596495, $9.30+$0.70 USD Hold'em No Limit - Level I (10/20) - 2024/03/30 18:56:21 CET [2024/03/30 13:56:21 ET]
Table '3735596495 1' 3-max Seat #2 is the button
Seat 1: Mahu2021 (420 in chips) 
Seat 2: nasukk (510 in chips) 
Seat 3: kryu615 (570 in chips) 
kryu615: posts small blind 10
Mahu2021: posts big blind 20
*** HOLE CARDS ***
Dealt to Mahu2021 [2d Ts]
nasukk: raises 20 to 40
kryu615: calls 30
Mahu2021: folds 
*** FLOP *** [Tc Ah Kd]
kryu615: checks 
nasukk: checks 
*** TURN *** [Tc Ah Kd] [Qc]
kryu615: checks 
nasukk: checks 
*** RIVER *** [Tc Ah Kd Qc] [3c]
kryu615: checks 
nasukk: checks 
*** SHOW DOWN ***
kryu615: shows [6s Qs] (a pair of Queens)
nasukk: shows [Kc 9d] (a pair of Kings)
nasukk collected 100 from pot
*** SUMMARY ***
Total pot 100 | Rake 0 
Board [Tc Ah Kd Qc 3c]
Seat 1: Mahu2021 (big blind) folded before Flop
Seat 2: nasukk (button) showed [Kc 9d] and won (100) with a pair of Kings
Seat 3: kryu615 (small blind) showed [6s Qs] and lost with a pair of Queens



PokerStars Hand #249707618863: Tournament #3735596495, $9.30+$0.70 USD Hold'em No Limit - Level II (15/30) - 2024/03/30 18:57:01 CET [2024/03/30 13:57:01 ET]
Table '3735596495 1' 3-max Seat #3 is the button
Seat 1: Mahu2021 (400 in chips) 
Seat 2: nasukk (570 in chips) 
Seat 3: kryu615 (530 in chips) 
Mahu2021: posts small blind 15
nasukk: posts big blind 30
*** HOLE CARDS ***
Dealt to Mahu2021 [8h Qs]
kryu615: folds 
Mahu2021: calls 15
nasukk: checks 
*** FLOP *** [3c 4h 7c]
Mahu2021: checks 
nasukk: bets 45
Mahu2021: folds 
Uncalled bet (45) returned to nasukk
nasukk collected 60 from pot
nasukk: doesn't show hand 
*** SUMMARY ***
Total pot 60 | Rake 0 
Board [3c 4h 7c]
Seat 1: Mahu2021 (small blind) folded on the Flop
Seat 2: nasukk (big blind) collected (60)
Seat 3: kryu615 (button) folded before Flop (didn't bet)



PokerStars Hand #249707622398: Tournament #3735596495, $9.30+$0.70 USD Hold'em No Limit - Level II (15/30) - 2024/03/30 18:57:18 CET [2024/03/30 13:57:18 ET]
Table '3735596495 1' 3-max Seat #1 is the button
Seat 1: Mahu2021 (370 in chips) 
Seat 2: nasukk (600 in chips) 
Seat 3: kryu615 (530 in chips) 
nasukk: posts small blind 15
kryu615: posts big blind 30
*** HOLE CARDS ***
Dealt to Mahu2021 [Kc 3s]
Mahu2021: folds 
nasukk: calls 15
kryu615: checks 
*** FLOP *** [5s 6s 9d]
nasukk: checks 
kryu615: checks 
*** TURN *** [5s 6s 9d] [Qc]
nasukk: checks 
kryu615: checks 
*** RIVER *** [5s 6s 9d Qc] [8s]
nasukk: checks 
kryu615: bets 60
nasukk: folds 
Uncalled bet (60) returned to kryu615
kryu615 collected 60 from pot
*** SUMMARY ***
Total pot 60 | Rake 0 
Board [5s 6s 9d Qc 8s]
Seat 1: Mahu2021 (button) folded before Flop (didn't bet)
Seat 2: nasukk (small blind) folded on the River
Seat 3: kryu615 (big blind) collected (60)



PokerStars Hand #249707629669: Tournament #3735596495, $9.30+$0.70 USD Hold'em No Limit - Level II (15/30) - 2024/03/30 18:57:54 CET [2024/03/30 13:57:54 ET]
Table '3735596495 1' 3-max Seat #2 is the button
Seat 1: Mahu2021 (370 in chips) 
Seat 2: nasukk (570 in chips) 
Seat 3: kryu615 (560 in chips) 
kryu615: posts small blind 15
Mahu2021: posts big blind 30
*** HOLE CARDS ***
Dealt to Mahu2021 [5c Jd]
nasukk: folds 
kryu615: calls 15
Mahu2021: checks 
*** FLOP *** [Ad 4h 9s]
kryu615: bets 30
Mahu2021: folds 
Uncalled bet (30) returned to kryu615
kryu615 collected 60 from pot
*** SUMMARY ***
Total pot 60 | Rake 0 
Board [Ad 4h 9s]
Seat 1: Mahu2021 (big blind) folded on the Flop
Seat 2: nasukk (button) folded before Flop (didn't bet)
Seat 3: kryu615 (small blind) collected (60)



PokerStars Hand #249707631670: Tournament #3735596495, $9.30+$0.70 USD Hold'em No Limit - Level II (15/30) - 2024/03/30 18:58:03 CET [2024/03/30 13:58:03 ET]
Table '3735596495 1' 3-max Seat #3 is the button
Seat 1: Mahu2021 (340 in chips) 
Seat 2: nasukk (570 in chips) 
Seat 3: kryu615 (590 in chips) 
Mahu2021: posts small blind 15
nasukk: posts big blind 30
*** HOLE CARDS ***
Dealt to Mahu2021 [6c 5s]
kryu615: folds 
Mahu2021: raises 30 to 60
nasukk: folds 
Uncalled bet (30) returned to Mahu2021
Mahu2021 collected 60 from pot
Mahu2021: doesn't show hand 
*** SUMMARY ***
Total pot 60 | Rake 0 
Seat 1: Mahu2021 (small blind) collected (60)
Seat 2: nasukk (big blind) folded before Flop
Seat 3: kryu615 (button) folded before Flop (didn't bet)



PokerStars Hand #249707634270: Tournament #3735596495, $9.30+$0.70 USD Hold'em No Limit - Level II (15/30) - 2024/03/30 18:58:15 CET [2024/03/30 13:58:15 ET]
Table '3735596495 1' 3-max Seat #1 is the button
Seat 1: Mahu2021 (370 in chips) 
Seat 2: nasukk (540 in chips) 
Seat 3: kryu615 (590 in chips) 
nasukk: posts small blind 15
kryu615: posts big blind 30
*** HOLE CARDS ***
Dealt to Mahu2021 [As 3c]
Mahu2021: calls 30
nasukk: folds 
kryu615: checks 
*** FLOP *** [Ts Qh Ah]
kryu615: checks 
Mahu2021: bets 75
kryu615: calls 75
*** TURN *** [Ts Qh Ah] [7d]
kryu615: checks 
Mahu2021: bets 265 and is all-in
kryu615: folds 
Uncalled bet (265) returned to Mahu2021
Mahu2021 collected 225 from pot
Mahu2021: doesn't show hand 
*** SUMMARY ***
Total pot 225 | Rake 0 
Board [Ts Qh Ah 7d]
Seat 1: Mahu2021 (button) collected (225)
Seat 2: nasukk (small blind) folded before Flop
Seat 3: kryu615 (big blind) folded on the Turn



PokerStars Hand #249707637689: Tournament #3735596495, $9.30+$0.70 USD Hold'em No Limit - Level II (15/30) - 2024/03/30 18:58:32 CET [2024/03/30 13:58:32 ET]
Table '3735596495 1' 3-max Seat #2 is the button
Seat 1: Mahu2021 (490 in chips) 
Seat 2: nasukk (525 in chips) 
Seat 3: kryu615 (485 in chips) 
kryu615: posts small blind 15
Mahu2021: posts big blind 30
*** HOLE CARDS ***
Dealt to Mahu2021 [2s 4d]
nasukk: raises 30 to 60
kryu615: calls 45
Mahu2021: folds 
*** FLOP *** [7s 6s 6c]
kryu615: checks 
nasukk: checks 
*** TURN *** [7s 6s 6c] [3d]
kryu615: checks 
nasukk: checks 
*** RIVER *** [7s 6s 6c 3d] [Qs]
kryu615: bets 150
nasukk: folds 
Uncalled bet (150) returned to kryu615
kryu615 collected 150 from pot
*** SUMMARY ***
Total pot 150 | Rake 0 
Board [7s 6s 6c 3d Qs]
Seat 1: Mahu2021 (big blind) folded before Flop
Seat 2: nasukk (button) folded on the River
Seat 3: kryu615 (small blind) collected (150)



PokerStars Hand #249707645062: Tournament #3735596495, $9.30+$0.70 USD Hold'em No Limit - Level III (20/40) - 2024/03/30 18:59:07 CET [2024/03/30 13:59:07 ET]
Table '3735596495 1' 3-max Seat #3 is the button
Seat 1: Mahu2021 (460 in chips) 
Seat 2: nasukk (465 in chips) 
Seat 3: kryu615 (575 in chips) 
Mahu2021: posts small blind 20
nasukk: posts big blind 40
*** HOLE CARDS ***
Dealt to Mahu2021 [3s 9c]
kryu615: folds 
Mahu2021: folds 
Uncalled bet (20) returned to nasukk
nasukk collected 40 from pot
nasukk: doesn't show hand 
*** SUMMARY ***
Total pot 40 | Rake 0 
Seat 1: Mahu2021 (small blind) folded before Flop
Seat 2: nasukk (big blind) collected (40)
Seat 3: kryu615 (button) folded before Flop (didn't bet)



PokerStars Hand #249707646038: Tournament #3735596495, $9.30+$0.70 USD Hold'em No Limit - Level III (20/40) - 2024/03/30 18:59:12 CET [2024/03/30 13:59:12 ET]
Table '3735596495 1' 3-max Seat #1 is the button
Seat 1: Mahu2021 (440 in chips) 
Seat 2: nasukk (485 in chips) 
Seat 3: kryu615 (575 in chips) 
nasukk: posts small blind 20
kryu615: posts big blind 40
*** HOLE CARDS ***
Dealt to Mahu2021 [9d Tc]
Mahu2021: folds 
nasukk: raises 40 to 80
kryu615: calls 40
*** FLOP *** [As 4s Kc]
nasukk: checks 
kryu615: checks 
*** TURN *** [As 4s Kc] [6c]
nasukk: checks 
kryu615: checks 
*** RIVER *** [As 4s Kc 6c] [8h]
nasukk: bets 40
kryu615: folds 
Uncalled bet (40) returned to nasukk
nasukk collected 160 from pot
nasukk: doesn't show hand 
*** SUMMARY ***
Total pot 160 | Rake 0 
Board [As 4s Kc 6c 8h]
Seat 1: Mahu2021 (button) folded before Flop (didn't bet)
Seat 2: nasukk (small blind) collected (160)
Seat 3: kryu615 (big blind) folded on the River



PokerStars Hand #249707650545: Tournament #3735596495, $9.30+$0.70 USD Hold'em No Limit - Level III (20/40) - 2024/03/30 18:59:34 CET [2024/03/30 13:59:34 ET]
Table '3735596495 1' 3-max Seat #2 is the button
Seat 1: Mahu2021 (440 in chips) 
Seat 2: nasukk (565 in chips) 
Seat 3: kryu615 (495 in chips) 
kryu615: posts small blind 20
Mahu2021: posts big blind 40
*** HOLE CARDS ***
Dealt to Mahu2021 [As 9s]
nasukk: folds 
kryu615: calls 20
Mahu2021: raises 80 to 120
kryu615: calls 80
*** FLOP *** [7d 8c 8h]
kryu615: checks 
Mahu2021: checks 
*** TURN *** [7d 8c 8h] [5d]
kryu615: bets 40
Mahu2021: calls 40
*** RIVER *** [7d 8c 8h 5d] [3c]
kryu615: bets 40
Mahu2021: calls 40
*** SHOW DOWN ***
kryu615: shows [7h Tc] (two pair, Eights and Sevens)
Mahu2021: mucks hand 
kryu615 collected 400 from pot
*** SUMMARY ***
Total pot 400 | Rake 0 
Board [7d 8c 8h 5d 3c]
Seat 1: Mahu2021 (big blind) mucked [As 9s]
Seat 2: nasukk (button) folded before Flop (didn't bet)
Seat 3: kryu615 (small blind) showed [7h Tc] and won (400) with two pair, Eights and Sevens



PokerStars Hand #249707653962: Tournament #3735596495, $9.30+$0.70 USD Hold'em No Limit - Level III (20/40) - 2024/03/30 18:59:50 CET [2024/03/30 13:59:50 ET]
Table '3735596495 1' 3-max Seat #3 is the button
Seat 1: Mahu2021 (240 in chips) 
Seat 2: nasukk (565 in chips) 
Seat 3: kryu615 (695 in chips) 
Mahu2021: posts small blind 20
nasukk: posts big blind 40
*** HOLE CARDS ***
Dealt to Mahu2021 [4c 3h]
kryu615: calls 40
Mahu2021: folds 
nasukk: raises 525 to 565 and is all-in
kryu615: folds 
Uncalled bet (525) returned to nasukk
nasukk collected 100 from pot
nasukk: doesn't show hand 
*** SUMMARY ***
Total pot 100 | Rake 0 
Seat 1: Mahu2021 (small blind) folded before Flop
Seat 2: nasukk (big blind) collected (100)
Seat 3: kryu615 (button) folded before Flop



PokerStars Hand #249707655949: Tournament #3735596495, $9.30+$0.70 USD Hold'em No Limit - Level III (20/40) - 2024/03/30 19:00:00 CET [2024/03/30 14:00:00 ET]
Table '3735596495 1' 3-max Seat #1 is the button
Seat 1: Mahu2021 (220 in chips) 
Seat 2: nasukk (625 in chips) 
Seat 3: kryu615 (655 in chips) 
nasukk: posts small blind 20
kryu615: posts big blind 40
*** HOLE CARDS ***
Dealt to Mahu2021 [Ac 2h]
Mahu2021: raises 180 to 220 and is all-in
nasukk: folds 
kryu615: calls 180
*** FLOP *** [Jc 9s Ts]
*** TURN *** [Jc 9s Ts] [7c]
*** RIVER *** [Jc 9s Ts 7c] [8d]
*** SHOW DOWN ***
kryu615: shows [8h 9d] (a straight, Seven to Jack)
Mahu2021: shows [Ac 2h] (a straight, Seven to Jack)
kryu615 collected 230 from pot
Mahu2021 collected 230 from pot
*** SUMMARY ***
Total pot 460 | Rake 0 
Board [Jc 9s Ts 7c 8d]
Seat 1: Mahu2021 (button) showed [Ac 2h] and won (230) with a straight, Seven to Jack
Seat 2: nasukk (small blind) folded before Flop
Seat 3: kryu615 (big blind) showed [8h 9d] and won (230) with a straight, Seven to Jack



PokerStars Hand #249707659544: Tournament #3735596495, $9.30+$0.70 USD Hold'em No Limit - Level III (20/40) - 2024/03/30 19:00:16 CET [2024/03/30 14:00:16 ET]
Table '3735596495 1' 3-max Seat #2 is the button
Seat 1: Mahu2021 (230 in chips) 
Seat 2: nasukk (605 in chips) 
Seat 3: kryu615 (665 in chips) 
kryu615: posts small blind 20
Mahu2021: posts big blind 40
*** HOLE CARDS ***
Dealt to Mahu2021 [Jd Ks]
nasukk: raises 40 to 80
kryu615: folds 
Mahu2021: calls 40
*** FLOP *** [Qh 7h 5s]
Mahu2021: checks 
nasukk: checks 
*** TURN *** [Qh 7h 5s] [Th]
Mahu2021: checks 
nasukk: checks 
*** RIVER *** [Qh 7h 5s Th] [3h]
Mahu2021: checks 
nasukk: bets 525 and is all-in
Mahu2021: folds 
Uncalled bet (525) returned to nasukk
nasukk collected 180 from pot
nasukk: doesn't show hand 
*** SUMMARY ***
Total pot 180 | Rake 0 
Board [Qh 7h 5s Th 3h]
Seat 1: Mahu2021 (big blind) folded on the River
Seat 2: nasukk (button) collected (180)
Seat 3: kryu615 (small blind) folded before Flop



PokerStars Hand #249707665363: Tournament #3735596495, $9.30+$0.70 USD Hold'em No Limit - Level III (20/40) - 2024/03/30 19:00:42 CET [2024/03/30 14:00:42 ET]
Table '3735596495 1' 3-max Seat #3 is the button
Seat 1: Mahu2021 (150 in chips) 
Seat 2: nasukk (705 in chips) 
Seat 3: kryu615 (645 in chips) 
Mahu2021: posts small blind 20
nasukk: posts big blind 40
*** HOLE CARDS ***
Dealt to Mahu2021 [8s 9c]
kryu615: calls 40
Mahu2021: folds 
nasukk: checks 
*** FLOP *** [Qc Kc 7c]
nasukk: checks 
kryu615: checks 
*** TURN *** [Qc Kc 7c] [As]
nasukk: checks 
kryu615: bets 100
nasukk: folds 
Uncalled bet (100) returned to kryu615
kryu615 collected 100 from pot
*** SUMMARY ***
Total pot 100 | Rake 0 
Board [Qc Kc 7c As]
Seat 1: Mahu2021 (small blind) folded before Flop
Seat 2: nasukk (big blind) folded on the Turn
Seat 3: kryu615 (button) collected (100)



PokerStars Hand #249707673421: Tournament #3735596495, $9.30+$0.70 USD Hold'em No Limit - Level IV (30/60) - 2024/03/30 19:01:13 CET [2024/03/30 14:01:13 ET]
Table '3735596495 1' 3-max Seat #1 is the button
Seat 1: Mahu2021 (130 in chips) 
Seat 2: nasukk (665 in chips) 
Seat 3: kryu615 (705 in chips) 
nasukk: posts small blind 30
kryu615: posts big blind 60
*** HOLE CARDS ***
Dealt to Mahu2021 [7c Qh]
Mahu2021: folds 
nasukk: folds 
Uncalled bet (30) returned to kryu615
kryu615 collected 60 from pot
*** SUMMARY ***
Total pot 60 | Rake 0 
Seat 1: Mahu2021 (button) folded before Flop (didn't bet)
Seat 2: nasukk (small blind) folded before Flop
Seat 3: kryu615 (big blind) collected (60)



PokerStars Hand #249707675410: Tournament #3735596495, $9.30+$0.70 USD Hold'em No Limit - Level IV (30/60) - 2024/03/30 19:01:20 CET [2024/03/30 14:01:20 ET]
Table '3735596495 1' 3-max Seat #2 is the button
Seat 1: Mahu2021 (130 in chips) 
Seat 2: nasukk (635 in chips) 
Seat 3: kryu615 (735 in chips) 
kryu615: posts small blind 30
Mahu2021: posts big blind 60
*** HOLE CARDS ***
Dealt to Mahu2021 [9d 6h]
nasukk: raises 575 to 635 and is all-in
kryu615: folds 
Mahu2021: folds 
Uncalled bet (575) returned to nasukk
nasukk collected 150 from pot
nasukk: doesn't show hand 
*** SUMMARY ***
Total pot 150 | Rake 0 
Seat 1: Mahu2021 (big blind) folded before Flop
Seat 2: nasukk (button) collected (150)
Seat 3: kryu615 (small blind) folded before Flop



PokerStars Hand #249707677612: Tournament #3735596495, $9.30+$0.70 USD Hold'em No Limit - Level IV (30/60) - 2024/03/30 19:01:28 CET [2024/03/30 14:01:28 ET]
Table '3735596495 1' 3-max Seat #3 is the button
Seat 1: Mahu2021 (70 in chips) 
Seat 2: nasukk (725 in chips) 
Seat 3: kryu615 (705 in chips) 
Mahu2021: posts small blind 30
nasukk: posts big blind 60
*** HOLE CARDS ***
Dealt to Mahu2021 [Ah 2d]
kryu615: calls 60
Mahu2021: raises 10 to 70 and is all-in
nasukk: raises 655 to 725 and is all-in
kryu615: folds 
Uncalled bet (655) returned to nasukk
*** FLOP *** [9s 6d 3s]
*** TURN *** [9s 6d 3s] [5d]
*** RIVER *** [9s 6d 3s 5d] [7s]
*** SHOW DOWN ***
Mahu2021: shows [Ah 2d] (high card Ace)
nasukk: shows [9h Ac] (a pair of Nines)
nasukk collected 200 from pot
Mahu2021 finished the tournament in 3rd place
*** SUMMARY ***
Total pot 200 | Rake 0 
Board [9s 6d 3s 5d 7s]
Seat 1: Mahu2021 (small blind) showed [Ah 2d] and lost with high card Ace
Seat 2: nasukk (big blind) showed [9h Ac] and won (200) with a pair of Nines
Seat 3: kryu615 (button) folded before Flop



