PokerStars Hand #244016683215: Tournament #3598524561, $0.92+$0.08 USD Hold'em No Limit - Level I (10/20) - 2023/05/31 20:49:43 CET [2023/05/31 14:49:43 ET]
Table '3598524561 1' 3-max Seat #1 is the button
Seat 1: Riavi8 (500 in chips) 
Seat 2: Mahu2021 (500 in chips) 
Seat 3: zanada308 (500 in chips) 
Mahu2021: posts small blind 10
zanada308: posts big blind 20
*** HOLE CARDS ***
Dealt to Mahu2021 [7d 3d]
Riavi8: raises 480 to 500 and is all-in
Mahu2021: folds 
zanada308: folds 
Uncalled bet (480) returned to Riavi8
Riavi8 collected 50 from pot
Riavi8: doesn't show hand 
*** SUMMARY ***
Total pot 50 | Rake 0 
Seat 1: Riavi8 (button) collected (50)
Seat 2: Mahu2021 (small blind) folded before Flop
Seat 3: zanada308 (big blind) folded before Flop



PokerStars Hand #244016686668: Tournament #3598524561, $0.92+$0.08 USD Hold'em No Limit - Level I (10/20) - 2023/05/31 20:49:53 CET [2023/05/31 14:49:53 ET]
Table '3598524561 1' 3-max Seat #2 is the button
Seat 1: Riavi8 (530 in chips) 
Seat 2: Mahu2021 (490 in chips) 
Seat 3: zanada308 (480 in chips) 
zanada308: posts small blind 10
Riavi8: posts big blind 20
*** HOLE CARDS ***
Dealt to Mahu2021 [8s 9s]
Mahu2021: calls 20
zanada308: folds 
Riavi8: checks 
*** FLOP *** [9d Kh Kc]
Riavi8: checks 
Mahu2021: bets 40
Riavi8: folds 
Uncalled bet (40) returned to Mahu2021
Mahu2021 collected 50 from pot
Mahu2021: doesn't show hand 
*** SUMMARY ***
Total pot 50 | Rake 0 
Board [9d Kh Kc]
Seat 1: Riavi8 (big blind) folded on the Flop
Seat 2: Mahu2021 (button) collected (50)
Seat 3: zanada308 (small blind) folded before Flop



PokerStars Hand #244016692664: Tournament #3598524561, $0.92+$0.08 USD Hold'em No Limit - Level I (10/20) - 2023/05/31 20:50:11 CET [2023/05/31 14:50:11 ET]
Table '3598524561 1' 3-max Seat #3 is the button
Seat 1: Riavi8 (510 in chips) 
Seat 2: Mahu2021 (520 in chips) 
Seat 3: zanada308 (470 in chips) 
Riavi8: posts small blind 10
Mahu2021: posts big blind 20
*** HOLE CARDS ***
Dealt to Mahu2021 [2h 4d]
zanada308: folds 
Riavi8: folds 
Uncalled bet (10) returned to Mahu2021
Mahu2021 collected 20 from pot
Mahu2021: doesn't show hand 
*** SUMMARY ***
Total pot 20 | Rake 0 
Seat 1: Riavi8 (small blind) folded before Flop
Seat 2: Mahu2021 (big blind) collected (20)
Seat 3: zanada308 (button) folded before Flop (didn't bet)



PokerStars Hand #244016695103: Tournament #3598524561, $0.92+$0.08 USD Hold'em No Limit - Level I (10/20) - 2023/05/31 20:50:18 CET [2023/05/31 14:50:18 ET]
Table '3598524561 1' 3-max Seat #1 is the button
Seat 1: Riavi8 (500 in chips) 
Seat 2: Mahu2021 (530 in chips) 
Seat 3: zanada308 (470 in chips) 
Mahu2021: posts small blind 10
zanada308: posts big blind 20
*** HOLE CARDS ***
Dealt to Mahu2021 [8h 3h]
Riavi8: folds 
Mahu2021: folds 
Uncalled bet (10) returned to zanada308
zanada308 collected 20 from pot
zanada308: doesn't show hand 
*** SUMMARY ***
Total pot 20 | Rake 0 
Seat 1: Riavi8 (button) folded before Flop (didn't bet)
Seat 2: Mahu2021 (small blind) folded before Flop
Seat 3: zanada308 (big blind) collected (20)



PokerStars Hand #244016696636: Tournament #3598524561, $0.92+$0.08 USD Hold'em No Limit - Level I (10/20) - 2023/05/31 20:50:23 CET [2023/05/31 14:50:23 ET]
Table '3598524561 1' 3-max Seat #2 is the button
Seat 1: Riavi8 (500 in chips) 
Seat 2: Mahu2021 (520 in chips) 
Seat 3: zanada308 (480 in chips) 
zanada308: posts small blind 10
Riavi8: posts big blind 20
*** HOLE CARDS ***
Dealt to Mahu2021 [6c 2s]
Mahu2021: folds 
zanada308: calls 10
Riavi8: checks 
*** FLOP *** [Ah 6d 4c]
zanada308: checks 
Riavi8: checks 
*** TURN *** [Ah 6d 4c] [Kd]
zanada308: checks 
Riavi8: checks 
*** RIVER *** [Ah 6d 4c Kd] [4h]
zanada308: checks 
Riavi8: checks 
*** SHOW DOWN ***
zanada308: shows [Jc 5d] (a pair of Fours)
Riavi8: mucks hand 
zanada308 collected 40 from pot
*** SUMMARY ***
Total pot 40 | Rake 0 
Board [Ah 6d 4c Kd 4h]
Seat 1: Riavi8 (big blind) mucked [7d Td]
Seat 2: Mahu2021 (button) folded before Flop (didn't bet)
Seat 3: zanada308 (small blind) showed [Jc 5d] and won (40) with a pair of Fours



PokerStars Hand #244016704043: Tournament #3598524561, $0.92+$0.08 USD Hold'em No Limit - Level I (10/20) - 2023/05/31 20:50:45 CET [2023/05/31 14:50:45 ET]
Table '3598524561 1' 3-max Seat #3 is the button
Seat 1: Riavi8 (480 in chips) 
Seat 2: Mahu2021 (520 in chips) 
Seat 3: zanada308 (500 in chips) 
Riavi8: posts small blind 10
Mahu2021: posts big blind 20
*** HOLE CARDS ***
Dealt to Mahu2021 [9h 7h]
zanada308: raises 20 to 40
Riavi8: raises 440 to 480 and is all-in
Mahu2021: folds 
zanada308: calls 440
*** FLOP *** [9s 8c 7c]
*** TURN *** [9s 8c 7c] [4h]
*** RIVER *** [9s 8c 7c 4h] [Kh]
*** SHOW DOWN ***
Riavi8: shows [Qd Ad] (high card Ace)
zanada308: shows [Qh Ah] (high card Ace)
Riavi8 collected 490 from pot
zanada308 collected 490 from pot
*** SUMMARY ***
Total pot 980 | Rake 0 
Board [9s 8c 7c 4h Kh]
Seat 1: Riavi8 (small blind) showed [Qd Ad] and won (490) with high card Ace
Seat 2: Mahu2021 (big blind) folded before Flop
Seat 3: zanada308 (button) showed [Qh Ah] and won (490) with high card Ace



PokerStars Hand #244016710793: Tournament #3598524561, $0.92+$0.08 USD Hold'em No Limit - Level I (10/20) - 2023/05/31 20:51:06 CET [2023/05/31 14:51:06 ET]
Table '3598524561 1' 3-max Seat #1 is the button
Seat 1: Riavi8 (490 in chips) 
Seat 2: Mahu2021 (500 in chips) 
Seat 3: zanada308 (510 in chips) 
Mahu2021: posts small blind 10
zanada308: posts big blind 20
*** HOLE CARDS ***
Dealt to Mahu2021 [5h 8d]
Riavi8: folds 
Mahu2021: folds 
Uncalled bet (10) returned to zanada308
zanada308 collected 20 from pot
*** SUMMARY ***
Total pot 20 | Rake 0 
Seat 1: Riavi8 (button) folded before Flop (didn't bet)
Seat 2: Mahu2021 (small blind) folded before Flop
Seat 3: zanada308 (big blind) collected (20)



PokerStars Hand #244016712282: Tournament #3598524561, $0.92+$0.08 USD Hold'em No Limit - Level I (10/20) - 2023/05/31 20:51:10 CET [2023/05/31 14:51:10 ET]
Table '3598524561 1' 3-max Seat #2 is the button
Seat 1: Riavi8 (490 in chips) 
Seat 2: Mahu2021 (490 in chips) 
Seat 3: zanada308 (520 in chips) 
zanada308: posts small blind 10
Riavi8: posts big blind 20
*** HOLE CARDS ***
Dealt to Mahu2021 [8d Th]
Mahu2021: folds 
zanada308: calls 10
Riavi8: checks 
*** FLOP *** [6h 2h 8c]
zanada308: bets 20
Riavi8: calls 20
*** TURN *** [6h 2h 8c] [Ac]
zanada308: checks 
Riavi8: bets 44
zanada308: calls 44
*** RIVER *** [6h 2h 8c Ac] [Ah]
zanada308: checks 
Riavi8: checks 
*** SHOW DOWN ***
zanada308: shows [Qh 5h] (a flush, Ace high)
Riavi8: mucks hand 
zanada308 collected 168 from pot
*** SUMMARY ***
Total pot 168 | Rake 0 
Board [6h 2h 8c Ac Ah]
Seat 1: Riavi8 (big blind) mucked [8s 7h]
Seat 2: Mahu2021 (button) folded before Flop (didn't bet)
Seat 3: zanada308 (small blind) showed [Qh 5h] and won (168) with a flush, Ace high



PokerStars Hand #244016721214: Tournament #3598524561, $0.92+$0.08 USD Hold'em No Limit - Level I (10/20) - 2023/05/31 20:51:37 CET [2023/05/31 14:51:37 ET]
Table '3598524561 1' 3-max Seat #3 is the button
Seat 1: Riavi8 (406 in chips) 
Seat 2: Mahu2021 (490 in chips) 
Seat 3: zanada308 (604 in chips) 
Riavi8: posts small blind 10
Mahu2021: posts big blind 20
*** HOLE CARDS ***
Dealt to Mahu2021 [8c Kd]
zanada308: folds 
Riavi8: folds 
Uncalled bet (10) returned to Mahu2021
Mahu2021 collected 20 from pot
Mahu2021: doesn't show hand 
*** SUMMARY ***
Total pot 20 | Rake 0 
Seat 1: Riavi8 (small blind) folded before Flop
Seat 2: Mahu2021 (big blind) collected (20)
Seat 3: zanada308 (button) folded before Flop (didn't bet)



PokerStars Hand #244016723532: Tournament #3598524561, $0.92+$0.08 USD Hold'em No Limit - Level I (10/20) - 2023/05/31 20:51:44 CET [2023/05/31 14:51:44 ET]
Table '3598524561 1' 3-max Seat #1 is the button
Seat 1: Riavi8 (396 in chips) 
Seat 2: Mahu2021 (500 in chips) 
Seat 3: zanada308 (604 in chips) 
Mahu2021: posts small blind 10
zanada308: posts big blind 20
*** HOLE CARDS ***
Dealt to Mahu2021 [4d Qh]
Riavi8: folds 
Mahu2021: folds 
Uncalled bet (10) returned to zanada308
zanada308 collected 20 from pot
zanada308: doesn't show hand 
*** SUMMARY ***
Total pot 20 | Rake 0 
Seat 1: Riavi8 (button) folded before Flop (didn't bet)
Seat 2: Mahu2021 (small blind) folded before Flop
Seat 3: zanada308 (big blind) collected (20)



PokerStars Hand #244016726961: Tournament #3598524561, $0.92+$0.08 USD Hold'em No Limit - Level II (15/30) - 2023/05/31 20:51:54 CET [2023/05/31 14:51:54 ET]
Table '3598524561 1' 3-max Seat #2 is the button
Seat 1: Riavi8 (396 in chips) 
Seat 2: Mahu2021 (490 in chips) 
Seat 3: zanada308 (614 in chips) 
zanada308: posts small blind 15
Riavi8: posts big blind 30
*** HOLE CARDS ***
Dealt to Mahu2021 [Jc 7h]
Mahu2021: folds 
zanada308: folds 
Uncalled bet (15) returned to Riavi8
Riavi8 collected 30 from pot
Riavi8: doesn't show hand 
*** SUMMARY ***
Total pot 30 | Rake 0 
Seat 1: Riavi8 (big blind) collected (30)
Seat 2: Mahu2021 (button) folded before Flop (didn't bet)
Seat 3: zanada308 (small blind) folded before Flop



PokerStars Hand #244016729286: Tournament #3598524561, $0.92+$0.08 USD Hold'em No Limit - Level II (15/30) - 2023/05/31 20:52:01 CET [2023/05/31 14:52:01 ET]
Table '3598524561 1' 3-max Seat #3 is the button
Seat 1: Riavi8 (411 in chips) 
Seat 2: Mahu2021 (490 in chips) 
Seat 3: zanada308 (599 in chips) 
Riavi8: posts small blind 15
Mahu2021: posts big blind 30
*** HOLE CARDS ***
Dealt to Mahu2021 [9d 2d]
zanada308: folds 
Riavi8: folds 
Uncalled bet (15) returned to Mahu2021
Mahu2021 collected 30 from pot
Mahu2021: doesn't show hand 
*** SUMMARY ***
Total pot 30 | Rake 0 
Seat 1: Riavi8 (small blind) folded before Flop
Seat 2: Mahu2021 (big blind) collected (30)
Seat 3: zanada308 (button) folded before Flop (didn't bet)



PokerStars Hand #244016732348: Tournament #3598524561, $0.92+$0.08 USD Hold'em No Limit - Level II (15/30) - 2023/05/31 20:52:10 CET [2023/05/31 14:52:10 ET]
Table '3598524561 1' 3-max Seat #1 is the button
Seat 1: Riavi8 (396 in chips) 
Seat 2: Mahu2021 (505 in chips) 
Seat 3: zanada308 (599 in chips) 
Mahu2021: posts small blind 15
zanada308: posts big blind 30
*** HOLE CARDS ***
Dealt to Mahu2021 [6s 4d]
Riavi8: folds 
Mahu2021: folds 
Uncalled bet (15) returned to zanada308
zanada308 collected 30 from pot
zanada308: doesn't show hand 
*** SUMMARY ***
Total pot 30 | Rake 0 
Seat 1: Riavi8 (button) folded before Flop (didn't bet)
Seat 2: Mahu2021 (small blind) folded before Flop
Seat 3: zanada308 (big blind) collected (30)



PokerStars Hand #244016733819: Tournament #3598524561, $0.92+$0.08 USD Hold'em No Limit - Level II (15/30) - 2023/05/31 20:52:15 CET [2023/05/31 14:52:15 ET]
Table '3598524561 1' 3-max Seat #2 is the button
Seat 1: Riavi8 (396 in chips) 
Seat 2: Mahu2021 (490 in chips) 
Seat 3: zanada308 (614 in chips) 
zanada308: posts small blind 15
Riavi8: posts big blind 30
*** HOLE CARDS ***
Dealt to Mahu2021 [5h 5d]
Mahu2021: raises 30 to 60
zanada308: folds 
Riavi8: calls 30
*** FLOP *** [Td As 5c]
Riavi8: checks 
Mahu2021: checks 
*** TURN *** [Td As 5c] [Jd]
Riavi8: checks 
Mahu2021: bets 135
Riavi8: folds 
Uncalled bet (135) returned to Mahu2021
Mahu2021 collected 135 from pot
Mahu2021: doesn't show hand 
*** SUMMARY ***
Total pot 135 | Rake 0 
Board [Td As 5c Jd]
Seat 1: Riavi8 (big blind) folded on the Turn
Seat 2: Mahu2021 (button) collected (135)
Seat 3: zanada308 (small blind) folded before Flop



PokerStars Hand #244016741184: Tournament #3598524561, $0.92+$0.08 USD Hold'em No Limit - Level II (15/30) - 2023/05/31 20:52:37 CET [2023/05/31 14:52:37 ET]
Table '3598524561 1' 3-max Seat #3 is the button
Seat 1: Riavi8 (336 in chips) 
Seat 2: Mahu2021 (565 in chips) 
Seat 3: zanada308 (599 in chips) 
Riavi8: posts small blind 15
Mahu2021: posts big blind 30
*** HOLE CARDS ***
Dealt to Mahu2021 [6c 5d]
zanada308: raises 75 to 105
Riavi8: folds 
Mahu2021: folds 
Uncalled bet (75) returned to zanada308
zanada308 collected 75 from pot
zanada308: doesn't show hand 
*** SUMMARY ***
Total pot 75 | Rake 0 
Seat 1: Riavi8 (small blind) folded before Flop
Seat 2: Mahu2021 (big blind) folded before Flop
Seat 3: zanada308 (button) collected (75)



PokerStars Hand #244016743910: Tournament #3598524561, $0.92+$0.08 USD Hold'em No Limit - Level II (15/30) - 2023/05/31 20:52:46 CET [2023/05/31 14:52:46 ET]
Table '3598524561 1' 3-max Seat #1 is the button
Seat 1: Riavi8 (321 in chips) 
Seat 2: Mahu2021 (535 in chips) 
Seat 3: zanada308 (644 in chips) 
Mahu2021: posts small blind 15
zanada308: posts big blind 30
*** HOLE CARDS ***
Dealt to Mahu2021 [Qd Jh]
Riavi8: folds 
Mahu2021: calls 15
zanada308: checks 
*** FLOP *** [7c Kh 4d]
Mahu2021: checks 
zanada308: checks 
*** TURN *** [7c Kh 4d] [Ts]
Mahu2021: bets 60
zanada308: folds 
Uncalled bet (60) returned to Mahu2021
Mahu2021 collected 60 from pot
Mahu2021: doesn't show hand 
*** SUMMARY ***
Total pot 60 | Rake 0 
Board [7c Kh 4d Ts]
Seat 1: Riavi8 (button) folded before Flop (didn't bet)
Seat 2: Mahu2021 (small blind) collected (60)
Seat 3: zanada308 (big blind) folded on the Turn



PokerStars Hand #244016748882: Tournament #3598524561, $0.92+$0.08 USD Hold'em No Limit - Level II (15/30) - 2023/05/31 20:53:01 CET [2023/05/31 14:53:01 ET]
Table '3598524561 1' 3-max Seat #2 is the button
Seat 1: Riavi8 (321 in chips) 
Seat 2: Mahu2021 (565 in chips) 
Seat 3: zanada308 (614 in chips) 
zanada308: posts small blind 15
Riavi8: posts big blind 30
*** HOLE CARDS ***
Dealt to Mahu2021 [Qc As]
Mahu2021: raises 30 to 60
zanada308: calls 45
Riavi8: folds 
*** FLOP *** [Tc 5c 8d]
zanada308: checks 
Mahu2021: checks 
*** TURN *** [Tc 5c 8d] [3h]
zanada308: checks 
Mahu2021: checks 
*** RIVER *** [Tc 5c 8d 3h] [Js]
zanada308: bets 30
Mahu2021: calls 30
*** SHOW DOWN ***
zanada308: shows [Jd 9c] (a pair of Jacks)
Mahu2021: mucks hand 
zanada308 collected 210 from pot
*** SUMMARY ***
Total pot 210 | Rake 0 
Board [Tc 5c 8d 3h Js]
Seat 1: Riavi8 (big blind) folded before Flop
Seat 2: Mahu2021 (button) mucked [Qc As]
Seat 3: zanada308 (small blind) showed [Jd 9c] and won (210) with a pair of Jacks



PokerStars Hand #244016754416: Tournament #3598524561, $0.92+$0.08 USD Hold'em No Limit - Level II (15/30) - 2023/05/31 20:53:18 CET [2023/05/31 14:53:18 ET]
Table '3598524561 1' 3-max Seat #3 is the button
Seat 1: Riavi8 (291 in chips) 
Seat 2: Mahu2021 (475 in chips) 
Seat 3: zanada308 (734 in chips) 
Riavi8: posts small blind 15
Mahu2021: posts big blind 30
*** HOLE CARDS ***
Dealt to Mahu2021 [6h 3s]
zanada308: calls 30
Riavi8: calls 15
Mahu2021: checks 
*** FLOP *** [Jh Tc 8s]
Riavi8: checks 
Mahu2021: checks 
zanada308: bets 90
Riavi8: folds 
Mahu2021: folds 
Uncalled bet (90) returned to zanada308
zanada308 collected 90 from pot
zanada308: doesn't show hand 
*** SUMMARY ***
Total pot 90 | Rake 0 
Board [Jh Tc 8s]
Seat 1: Riavi8 (small blind) folded on the Flop
Seat 2: Mahu2021 (big blind) folded on the Flop
Seat 3: zanada308 (button) collected (90)



PokerStars Hand #244016758709: Tournament #3598524561, $0.92+$0.08 USD Hold'em No Limit - Level II (15/30) - 2023/05/31 20:53:31 CET [2023/05/31 14:53:31 ET]
Table '3598524561 1' 3-max Seat #1 is the button
Seat 1: Riavi8 (261 in chips) 
Seat 2: Mahu2021 (445 in chips) 
Seat 3: zanada308 (794 in chips) 
Mahu2021: posts small blind 15
zanada308: posts big blind 30
*** HOLE CARDS ***
Dealt to Mahu2021 [Ad 2h]
Riavi8: folds 
Mahu2021: calls 15
zanada308: checks 
*** FLOP *** [Th Jh Ah]
Mahu2021: bets 30
zanada308: folds 
Uncalled bet (30) returned to Mahu2021
Mahu2021 collected 60 from pot
Mahu2021: doesn't show hand 
*** SUMMARY ***
Total pot 60 | Rake 0 
Board [Th Jh Ah]
Seat 1: Riavi8 (button) folded before Flop (didn't bet)
Seat 2: Mahu2021 (small blind) collected (60)
Seat 3: zanada308 (big blind) folded on the Flop



PokerStars Hand #244016764368: Tournament #3598524561, $0.92+$0.08 USD Hold'em No Limit - Level III (20/40) - 2023/05/31 20:53:48 CET [2023/05/31 14:53:48 ET]
Table '3598524561 1' 3-max Seat #2 is the button
Seat 1: Riavi8 (261 in chips) 
Seat 2: Mahu2021 (475 in chips) 
Seat 3: zanada308 (764 in chips) 
zanada308: posts small blind 20
Riavi8: posts big blind 40
*** HOLE CARDS ***
Dealt to Mahu2021 [Ts 4c]
Mahu2021: folds 
zanada308: calls 20
Riavi8: checks 
*** FLOP *** [Ac 8c 6s]
zanada308: checks 
Riavi8: bets 80
zanada308: folds 
Uncalled bet (80) returned to Riavi8
Riavi8 collected 80 from pot
Riavi8: doesn't show hand 
*** SUMMARY ***
Total pot 80 | Rake 0 
Board [Ac 8c 6s]
Seat 1: Riavi8 (big blind) collected (80)
Seat 2: Mahu2021 (button) folded before Flop (didn't bet)
Seat 3: zanada308 (small blind) folded on the Flop



PokerStars Hand #244016770400: Tournament #3598524561, $0.92+$0.08 USD Hold'em No Limit - Level III (20/40) - 2023/05/31 20:54:06 CET [2023/05/31 14:54:06 ET]
Table '3598524561 1' 3-max Seat #3 is the button
Seat 1: Riavi8 (301 in chips) 
Seat 2: Mahu2021 (475 in chips) 
Seat 3: zanada308 (724 in chips) 
Riavi8: posts small blind 20
Mahu2021: posts big blind 40
*** HOLE CARDS ***
Dealt to Mahu2021 [Kh 9s]
zanada308: calls 40
Riavi8: calls 20
Mahu2021: checks 
*** FLOP *** [3s 4s 3h]
Riavi8: checks 
Mahu2021: bets 40
zanada308: folds 
Riavi8: folds 
Uncalled bet (40) returned to Mahu2021
Mahu2021 collected 120 from pot
Mahu2021: doesn't show hand 
*** SUMMARY ***
Total pot 120 | Rake 0 
Board [3s 4s 3h]
Seat 1: Riavi8 (small blind) folded on the Flop
Seat 2: Mahu2021 (big blind) collected (120)
Seat 3: zanada308 (button) folded on the Flop



PokerStars Hand #244016776203: Tournament #3598524561, $0.92+$0.08 USD Hold'em No Limit - Level III (20/40) - 2023/05/31 20:54:24 CET [2023/05/31 14:54:24 ET]
Table '3598524561 1' 3-max Seat #1 is the button
Seat 1: Riavi8 (261 in chips) 
Seat 2: Mahu2021 (555 in chips) 
Seat 3: zanada308 (684 in chips) 
Mahu2021: posts small blind 20
zanada308: posts big blind 40
*** HOLE CARDS ***
Dealt to Mahu2021 [2c 6d]
Riavi8: folds 
Mahu2021: folds 
Uncalled bet (20) returned to zanada308
zanada308 collected 40 from pot
zanada308: doesn't show hand 
*** SUMMARY ***
Total pot 40 | Rake 0 
Seat 1: Riavi8 (button) folded before Flop (didn't bet)
Seat 2: Mahu2021 (small blind) folded before Flop
Seat 3: zanada308 (big blind) collected (40)



PokerStars Hand #244016777543: Tournament #3598524561, $0.92+$0.08 USD Hold'em No Limit - Level III (20/40) - 2023/05/31 20:54:28 CET [2023/05/31 14:54:28 ET]
Table '3598524561 1' 3-max Seat #2 is the button
Seat 1: Riavi8 (261 in chips) 
Seat 2: Mahu2021 (535 in chips) 
Seat 3: zanada308 (704 in chips) 
zanada308: posts small blind 20
Riavi8: posts big blind 40
*** HOLE CARDS ***
Dealt to Mahu2021 [6d Th]
Mahu2021: folds 
zanada308: calls 20
Riavi8: checks 
*** FLOP *** [Js 5s 2c]
zanada308: bets 80
Riavi8: folds 
Uncalled bet (80) returned to zanada308
zanada308 collected 80 from pot
zanada308: doesn't show hand 
*** SUMMARY ***
Total pot 80 | Rake 0 
Board [Js 5s 2c]
Seat 1: Riavi8 (big blind) folded on the Flop
Seat 2: Mahu2021 (button) folded before Flop (didn't bet)
Seat 3: zanada308 (small blind) collected (80)



PokerStars Hand #244016782086: Tournament #3598524561, $0.92+$0.08 USD Hold'em No Limit - Level III (20/40) - 2023/05/31 20:54:42 CET [2023/05/31 14:54:42 ET]
Table '3598524561 1' 3-max Seat #3 is the button
Seat 1: Riavi8 (221 in chips) 
Seat 2: Mahu2021 (535 in chips) 
Seat 3: zanada308 (744 in chips) 
Riavi8: posts small blind 20
Mahu2021: posts big blind 40
*** HOLE CARDS ***
Dealt to Mahu2021 [4h Ts]
zanada308: raises 704 to 744 and is all-in
Riavi8: calls 201 and is all-in
Mahu2021: folds 
Uncalled bet (523) returned to zanada308
*** FLOP *** [7s Qd Ad]
*** TURN *** [7s Qd Ad] [Kc]
*** RIVER *** [7s Qd Ad Kc] [2d]
*** SHOW DOWN ***
Riavi8: shows [As 4s] (a pair of Aces)
zanada308: shows [Ac Ah] (three of a kind, Aces)
zanada308 collected 482 from pot
Riavi8 finished the tournament in 3rd place
*** SUMMARY ***
Total pot 482 | Rake 0 
Board [7s Qd Ad Kc 2d]
Seat 1: Riavi8 (small blind) showed [As 4s] and lost with a pair of Aces
Seat 2: Mahu2021 (big blind) folded before Flop
Seat 3: zanada308 (button) showed [Ac Ah] and won (482) with three of a kind, Aces



PokerStars Hand #244016787949: Tournament #3598524561, $0.92+$0.08 USD Hold'em No Limit - Level III (20/40) - 2023/05/31 20:55:00 CET [2023/05/31 14:55:00 ET]
Table '3598524561 1' 3-max Seat #2 is the button
Seat 2: Mahu2021 (495 in chips) 
Seat 3: zanada308 (1005 in chips) 
Mahu2021: posts small blind 20
zanada308: posts big blind 40
*** HOLE CARDS ***
Dealt to Mahu2021 [3h 6s]
Mahu2021: folds 
Uncalled bet (20) returned to zanada308
zanada308 collected 40 from pot
*** SUMMARY ***
Total pot 40 | Rake 0 
Seat 2: Mahu2021 (button) (small blind) folded before Flop
Seat 3: zanada308 (big blind) collected (40)



PokerStars Hand #244016789394: Tournament #3598524561, $0.92+$0.08 USD Hold'em No Limit - Level III (20/40) - 2023/05/31 20:55:05 CET [2023/05/31 14:55:05 ET]
Table '3598524561 1' 3-max Seat #3 is the button
Seat 2: Mahu2021 (475 in chips) 
Seat 3: zanada308 (1025 in chips) 
zanada308: posts small blind 20
Mahu2021: posts big blind 40
*** HOLE CARDS ***
Dealt to Mahu2021 [9h 8h]
zanada308: calls 20
Mahu2021: checks 
*** FLOP *** [3c Kc 2s]
Mahu2021: checks 
zanada308: checks 
*** TURN *** [3c Kc 2s] [8c]
Mahu2021: bets 40
zanada308: folds 
Uncalled bet (40) returned to Mahu2021
Mahu2021 collected 80 from pot
Mahu2021: doesn't show hand 
*** SUMMARY ***
Total pot 80 | Rake 0 
Board [3c Kc 2s 8c]
Seat 2: Mahu2021 (big blind) collected (80)
Seat 3: zanada308 (button) (small blind) folded on the Turn



PokerStars Hand #244016793163: Tournament #3598524561, $0.92+$0.08 USD Hold'em No Limit - Level III (20/40) - 2023/05/31 20:55:21 CET [2023/05/31 14:55:21 ET]
Table '3598524561 1' 3-max Seat #2 is the button
Seat 2: Mahu2021 (515 in chips) 
Seat 3: zanada308 (985 in chips) 
Mahu2021: posts small blind 20
zanada308: posts big blind 40
*** HOLE CARDS ***
Dealt to Mahu2021 [Ac Qd]
Mahu2021: raises 40 to 80
zanada308: folds 
Uncalled bet (40) returned to Mahu2021
Mahu2021 collected 80 from pot
Mahu2021: doesn't show hand 
*** SUMMARY ***
Total pot 80 | Rake 0 
Seat 2: Mahu2021 (button) (small blind) collected (80)
Seat 3: zanada308 (big blind) folded before Flop



PokerStars Hand #244016794299: Tournament #3598524561, $0.92+$0.08 USD Hold'em No Limit - Level III (20/40) - 2023/05/31 20:55:26 CET [2023/05/31 14:55:26 ET]
Table '3598524561 1' 3-max Seat #3 is the button
Seat 2: Mahu2021 (555 in chips) 
Seat 3: zanada308 (945 in chips) 
zanada308: posts small blind 20
Mahu2021: posts big blind 40
*** HOLE CARDS ***
Dealt to Mahu2021 [7c As]
zanada308: calls 20
Mahu2021: checks 
*** FLOP *** [7h Tc Kc]
Mahu2021: checks 
zanada308: checks 
*** TURN *** [7h Tc Kc] [Js]
Mahu2021: checks 
zanada308: bets 40
Mahu2021: calls 40
*** RIVER *** [7h Tc Kc Js] [9h]
Mahu2021: checks 
zanada308: checks 
*** SHOW DOWN ***
Mahu2021: shows [7c As] (a pair of Sevens)
zanada308: shows [2c Jc] (a pair of Jacks)
zanada308 collected 160 from pot
*** SUMMARY ***
Total pot 160 | Rake 0 
Board [7h Tc Kc Js 9h]
Seat 2: Mahu2021 (big blind) showed [7c As] and lost with a pair of Sevens
Seat 3: zanada308 (button) (small blind) showed [2c Jc] and won (160) with a pair of Jacks



PokerStars Hand #244016797859: Tournament #3598524561, $0.92+$0.08 USD Hold'em No Limit - Level III (20/40) - 2023/05/31 20:55:42 CET [2023/05/31 14:55:42 ET]
Table '3598524561 1' 3-max Seat #2 is the button
Seat 2: Mahu2021 (475 in chips) 
Seat 3: zanada308 (1025 in chips) 
Mahu2021: posts small blind 20
zanada308: posts big blind 40
*** HOLE CARDS ***
Dealt to Mahu2021 [Ah 4c]
Mahu2021: calls 20
zanada308: checks 
*** FLOP *** [9h 6c Jd]
zanada308: bets 80
Mahu2021: folds 
Uncalled bet (80) returned to zanada308
zanada308 collected 80 from pot
zanada308: doesn't show hand 
*** SUMMARY ***
Total pot 80 | Rake 0 
Board [9h 6c Jd]
Seat 2: Mahu2021 (button) (small blind) folded on the Flop
Seat 3: zanada308 (big blind) collected (80)



PokerStars Hand #244016800986: Tournament #3598524561, $0.92+$0.08 USD Hold'em No Limit - Level IV (30/60) - 2023/05/31 20:55:55 CET [2023/05/31 14:55:55 ET]
Table '3598524561 1' 3-max Seat #3 is the button
Seat 2: Mahu2021 (435 in chips) 
Seat 3: zanada308 (1065 in chips) 
zanada308: posts small blind 30
Mahu2021: posts big blind 60
*** HOLE CARDS ***
Dealt to Mahu2021 [7c 7h]
zanada308: raises 1005 to 1065 and is all-in
Mahu2021: calls 375 and is all-in
Uncalled bet (630) returned to zanada308
*** FLOP *** [Qh 8h 3d]
*** TURN *** [Qh 8h 3d] [4s]
*** RIVER *** [Qh 8h 3d 4s] [Ac]
*** SHOW DOWN ***
Mahu2021: shows [7c 7h] (a pair of Sevens)
zanada308: shows [Kd Ks] (a pair of Kings)
zanada308 collected 870 from pot
Mahu2021 finished the tournament in 2nd place
zanada308 wins the tournament and receives $2.00 - congratulations!
*** SUMMARY ***
Total pot 870 | Rake 0 
Board [Qh 8h 3d 4s Ac]
Seat 2: Mahu2021 (big blind) showed [7c 7h] and lost with a pair of Sevens
Seat 3: zanada308 (button) (small blind) showed [Kd Ks] and won (870) with a pair of Kings



