PokerStars Hand #249420764123: Tournament #3728823427, $1.84+$0.16 USD Hold'em No Limit - Level I (10/20) - 2024/03/14 21:09:13 CET [2024/03/14 16:09:13 ET]
Table '3728823427 1' 3-max Seat #1 is the button
Seat 1: XPadawanX-  (500 in chips) 
Seat 2: Mahu2021 (500 in chips) 
Seat 3: florin7150 (500 in chips) 
Mahu2021: posts small blind 10
florin7150: posts big blind 20
*** HOLE CARDS ***
Dealt to Mahu2021 [Ac 4d]
XPadawanX- : folds 
Mahu2021: calls 10
florin7150: raises 40 to 60
Mahu2021: folds 
Uncalled bet (40) returned to florin7150
florin7150 collected 40 from pot
*** SUMMARY ***
Total pot 40 | Rake 0 
Seat 1: XPadawanX-  (button) folded before Flop (didn't bet)
Seat 2: Mahu2021 (small blind) folded before Flop
Seat 3: florin7150 (big blind) collected (40)



PokerStars Hand #249420768359: Tournament #3728823427, $1.84+$0.16 USD Hold'em No Limit - Level I (10/20) - 2024/03/14 21:09:26 CET [2024/03/14 16:09:26 ET]
Table '3728823427 1' 3-max Seat #2 is the button
Seat 1: XPadawanX-  (500 in chips) 
Seat 2: Mahu2021 (480 in chips) 
Seat 3: florin7150 (520 in chips) 
florin7150: posts small blind 10
XPadawanX- : posts big blind 20
*** HOLE CARDS ***
Dealt to Mahu2021 [Td 5h]
Mahu2021: folds 
florin7150: calls 10
XPadawanX- : checks 
*** FLOP *** [5s Js 3h]
florin7150: checks 
XPadawanX- : checks 
*** TURN *** [5s Js 3h] [3s]
florin7150: checks 
XPadawanX- : checks 
*** RIVER *** [5s Js 3h 3s] [Qh]
florin7150: checks 
XPadawanX- : bets 30
florin7150: folds 
Uncalled bet (30) returned to XPadawanX- 
XPadawanX-  collected 40 from pot
XPadawanX- : doesn't show hand 
*** SUMMARY ***
Total pot 40 | Rake 0 
Board [5s Js 3h 3s Qh]
Seat 1: XPadawanX-  (big blind) collected (40)
Seat 2: Mahu2021 (button) folded before Flop (didn't bet)
Seat 3: florin7150 (small blind) folded on the River



PokerStars Hand #249420783058: Tournament #3728823427, $1.84+$0.16 USD Hold'em No Limit - Level I (10/20) - 2024/03/14 21:10:10 CET [2024/03/14 16:10:10 ET]
Table '3728823427 1' 3-max Seat #3 is the button
Seat 1: XPadawanX-  (520 in chips) 
Seat 2: Mahu2021 (480 in chips) 
Seat 3: florin7150 (500 in chips) 
XPadawanX- : posts small blind 10
Mahu2021: posts big blind 20
*** HOLE CARDS ***
Dealt to Mahu2021 [2d 7d]
florin7150: calls 20
XPadawanX- : folds 
Mahu2021: checks 
*** FLOP *** [Td Kh Js]
Mahu2021: checks 
florin7150: bets 40
Mahu2021: folds 
Uncalled bet (40) returned to florin7150
florin7150 collected 50 from pot
*** SUMMARY ***
Total pot 50 | Rake 0 
Board [Td Kh Js]
Seat 1: XPadawanX-  (small blind) folded before Flop
Seat 2: Mahu2021 (big blind) folded on the Flop
Seat 3: florin7150 (button) collected (50)



PokerStars Hand #249420787965: Tournament #3728823427, $1.84+$0.16 USD Hold'em No Limit - Level I (10/20) - 2024/03/14 21:10:25 CET [2024/03/14 16:10:25 ET]
Table '3728823427 1' 3-max Seat #1 is the button
Seat 1: XPadawanX-  (510 in chips) 
Seat 2: Mahu2021 (460 in chips) 
Seat 3: florin7150 (530 in chips) 
Mahu2021: posts small blind 10
florin7150: posts big blind 20
*** HOLE CARDS ***
Dealt to Mahu2021 [3d 7s]
XPadawanX- : folds 
Mahu2021: folds 
Uncalled bet (10) returned to florin7150
florin7150 collected 20 from pot
*** SUMMARY ***
Total pot 20 | Rake 0 
Seat 1: XPadawanX-  (button) folded before Flop (didn't bet)
Seat 2: Mahu2021 (small blind) folded before Flop
Seat 3: florin7150 (big blind) collected (20)



PokerStars Hand #249420789879: Tournament #3728823427, $1.84+$0.16 USD Hold'em No Limit - Level I (10/20) - 2024/03/14 21:10:30 CET [2024/03/14 16:10:30 ET]
Table '3728823427 1' 3-max Seat #2 is the button
Seat 1: XPadawanX-  (510 in chips) 
Seat 2: Mahu2021 (450 in chips) 
Seat 3: florin7150 (540 in chips) 
florin7150: posts small blind 10
XPadawanX- : posts big blind 20
*** HOLE CARDS ***
Dealt to Mahu2021 [3c Jh]
Mahu2021: folds 
florin7150: calls 10
XPadawanX- : checks 
*** FLOP *** [3s 7s 6h]
florin7150: bets 60
XPadawanX- : calls 60
*** TURN *** [3s 7s 6h] [5d]
florin7150: bets 80
XPadawanX- : calls 80
*** RIVER *** [3s 7s 6h 5d] [7h]
florin7150: bets 80
XPadawanX- : folds 
Uncalled bet (80) returned to florin7150
florin7150 collected 320 from pot
*** SUMMARY ***
Total pot 320 | Rake 0 
Board [3s 7s 6h 5d 7h]
Seat 1: XPadawanX-  (big blind) folded on the River
Seat 2: Mahu2021 (button) folded before Flop (didn't bet)
Seat 3: florin7150 (small blind) collected (320)



PokerStars Hand #249420810125: Tournament #3728823427, $1.84+$0.16 USD Hold'em No Limit - Level II (15/30) - 2024/03/14 21:11:30 CET [2024/03/14 16:11:30 ET]
Table '3728823427 1' 3-max Seat #3 is the button
Seat 1: XPadawanX-  (350 in chips) 
Seat 2: Mahu2021 (450 in chips) 
Seat 3: florin7150 (700 in chips) 
XPadawanX- : posts small blind 15
Mahu2021: posts big blind 30
*** HOLE CARDS ***
Dealt to Mahu2021 [Kd 5h]
florin7150: calls 30
XPadawanX- : folds 
Mahu2021: checks 
*** FLOP *** [Qs 6s Ad]
Mahu2021: checks 
florin7150: checks 
*** TURN *** [Qs 6s Ad] [Kc]
Mahu2021: checks 
florin7150: bets 60
Mahu2021: calls 60
*** RIVER *** [Qs 6s Ad Kc] [8c]
Mahu2021: checks 
florin7150: checks 
*** SHOW DOWN ***
Mahu2021: shows [Kd 5h] (a pair of Kings)
florin7150: mucks hand 
Mahu2021 collected 195 from pot
*** SUMMARY ***
Total pot 195 | Rake 0 
Board [Qs 6s Ad Kc 8c]
Seat 1: XPadawanX-  (small blind) folded before Flop
Seat 2: Mahu2021 (big blind) showed [Kd 5h] and won (195) with a pair of Kings
Seat 3: florin7150 (button) mucked [9c Tc]



PokerStars Hand #249420817476: Tournament #3728823427, $1.84+$0.16 USD Hold'em No Limit - Level II (15/30) - 2024/03/14 21:11:51 CET [2024/03/14 16:11:51 ET]
Table '3728823427 1' 3-max Seat #1 is the button
Seat 1: XPadawanX-  (335 in chips) 
Seat 2: Mahu2021 (555 in chips) 
Seat 3: florin7150 (610 in chips) 
Mahu2021: posts small blind 15
florin7150: posts big blind 30
*** HOLE CARDS ***
Dealt to Mahu2021 [Kc Qc]
XPadawanX- : folds 
Mahu2021: raises 30 to 60
florin7150: calls 30
*** FLOP *** [3d 7c 4h]
Mahu2021: checks 
florin7150: bets 120
Mahu2021: folds 
Uncalled bet (120) returned to florin7150
florin7150 collected 120 from pot
*** SUMMARY ***
Total pot 120 | Rake 0 
Board [3d 7c 4h]
Seat 1: XPadawanX-  (button) folded before Flop (didn't bet)
Seat 2: Mahu2021 (small blind) folded on the Flop
Seat 3: florin7150 (big blind) collected (120)



PokerStars Hand #249420822895: Tournament #3728823427, $1.84+$0.16 USD Hold'em No Limit - Level II (15/30) - 2024/03/14 21:12:07 CET [2024/03/14 16:12:07 ET]
Table '3728823427 1' 3-max Seat #2 is the button
Seat 1: XPadawanX-  (335 in chips) 
Seat 2: Mahu2021 (495 in chips) 
Seat 3: florin7150 (670 in chips) 
florin7150: posts small blind 15
XPadawanX- : posts big blind 30
*** HOLE CARDS ***
Dealt to Mahu2021 [Jc Ks]
Mahu2021: calls 30
florin7150: calls 15
XPadawanX- : checks 
*** FLOP *** [2d 6d 3h]
florin7150: checks 
XPadawanX- : checks 
Mahu2021: checks 
*** TURN *** [2d 6d 3h] [4s]
florin7150: checks 
XPadawanX- : checks 
Mahu2021: checks 
*** RIVER *** [2d 6d 3h 4s] [8s]
florin7150 is disconnected 
florin7150 has timed out while disconnected
florin7150: checks 
XPadawanX- : checks 
Mahu2021: checks 
*** SHOW DOWN ***
florin7150: shows [Js Td] (high card Jack)
XPadawanX- : shows [9c Kh] (high card King)
Mahu2021: shows [Jc Ks] (high card King - Jack kicker)
Mahu2021 collected 90 from pot
*** SUMMARY ***
Total pot 90 | Rake 0 
Board [2d 6d 3h 4s 8s]
Seat 1: XPadawanX-  (big blind) showed [9c Kh] and lost with high card King
Seat 2: Mahu2021 (button) showed [Jc Ks] and won (90) with high card King
Seat 3: florin7150 (small blind) showed [Js Td] and lost with high card Jack



PokerStars Hand #249420840901: Tournament #3728823427, $1.84+$0.16 USD Hold'em No Limit - Level II (15/30) - 2024/03/14 21:13:00 CET [2024/03/14 16:13:00 ET]
Table '3728823427 1' 3-max Seat #3 is the button
Seat 1: XPadawanX-  (305 in chips) 
Seat 2: Mahu2021 (555 in chips) 
Seat 3: florin7150 (640 in chips) 
XPadawanX- : posts small blind 15
Mahu2021: posts big blind 30
*** HOLE CARDS ***
Dealt to Mahu2021 [8s 5h]
florin7150: folds 
XPadawanX- : folds 
Uncalled bet (15) returned to Mahu2021
Mahu2021 collected 30 from pot
Mahu2021: doesn't show hand 
*** SUMMARY ***
Total pot 30 | Rake 0 
Seat 1: XPadawanX-  (small blind) folded before Flop
Seat 2: Mahu2021 (big blind) collected (30)
Seat 3: florin7150 (button) folded before Flop (didn't bet)



PokerStars Hand #249420844054: Tournament #3728823427, $1.84+$0.16 USD Hold'em No Limit - Level II (15/30) - 2024/03/14 21:13:09 CET [2024/03/14 16:13:09 ET]
Table '3728823427 1' 3-max Seat #1 is the button
Seat 1: XPadawanX-  (290 in chips) 
Seat 2: Mahu2021 (570 in chips) 
Seat 3: florin7150 (640 in chips) 
Mahu2021: posts small blind 15
florin7150: posts big blind 30
*** HOLE CARDS ***
Dealt to Mahu2021 [5s 7d]
XPadawanX- : raises 260 to 290 and is all-in
Mahu2021: folds 
florin7150: calls 260
*** FLOP *** [2c 6c Kc]
*** TURN *** [2c 6c Kc] [Jc]
*** RIVER *** [2c 6c Kc Jc] [Qc]
*** SHOW DOWN ***
florin7150: shows [Ac 9d] (a flush, Ace high)
XPadawanX- : shows [As 7h] (a flush, King high)
florin7150 collected 595 from pot
XPadawanX-  finished the tournament in 3rd place
*** SUMMARY ***
Total pot 595 | Rake 0 
Board [2c 6c Kc Jc Qc]
Seat 1: XPadawanX-  (button) showed [As 7h] and lost with a flush, King high
Seat 2: Mahu2021 (small blind) folded before Flop
Seat 3: florin7150 (big blind) showed [Ac 9d] and won (595) with a flush, Ace high



PokerStars Hand #249420850871: Tournament #3728823427, $1.84+$0.16 USD Hold'em No Limit - Level III (20/40) - 2024/03/14 21:13:29 CET [2024/03/14 16:13:29 ET]
Table '3728823427 1' 3-max Seat #3 is the button
Seat 2: Mahu2021 (555 in chips) 
Seat 3: florin7150 (945 in chips) 
florin7150: posts small blind 20
Mahu2021: posts big blind 40
*** HOLE CARDS ***
Dealt to Mahu2021 [7s 7c]
florin7150: calls 20
Mahu2021: raises 515 to 555 and is all-in
florin7150: folds 
Uncalled bet (515) returned to Mahu2021
Mahu2021 collected 80 from pot
Mahu2021: doesn't show hand 
*** SUMMARY ***
Total pot 80 | Rake 0 
Seat 2: Mahu2021 (big blind) collected (80)
Seat 3: florin7150 (button) (small blind) folded before Flop



PokerStars Hand #249420855052: Tournament #3728823427, $1.84+$0.16 USD Hold'em No Limit - Level III (20/40) - 2024/03/14 21:13:42 CET [2024/03/14 16:13:42 ET]
Table '3728823427 1' 3-max Seat #2 is the button
Seat 2: Mahu2021 (595 in chips) 
Seat 3: florin7150 (905 in chips) 
Mahu2021: posts small blind 20
florin7150: posts big blind 40
*** HOLE CARDS ***
Dealt to Mahu2021 [4d 8c]
Mahu2021: folds 
Uncalled bet (20) returned to florin7150
florin7150 collected 40 from pot
*** SUMMARY ***
Total pot 40 | Rake 0 
Seat 2: Mahu2021 (button) (small blind) folded before Flop
Seat 3: florin7150 (big blind) collected (40)



PokerStars Hand #249420856741: Tournament #3728823427, $1.84+$0.16 USD Hold'em No Limit - Level III (20/40) - 2024/03/14 21:13:47 CET [2024/03/14 16:13:47 ET]
Table '3728823427 1' 3-max Seat #3 is the button
Seat 2: Mahu2021 (575 in chips) 
Seat 3: florin7150 (925 in chips) 
florin7150: posts small blind 20
Mahu2021: posts big blind 40
*** HOLE CARDS ***
Dealt to Mahu2021 [4s Tc]
florin7150: folds 
Uncalled bet (20) returned to Mahu2021
Mahu2021 collected 40 from pot
Mahu2021: doesn't show hand 
*** SUMMARY ***
Total pot 40 | Rake 0 
Seat 2: Mahu2021 (big blind) collected (40)
Seat 3: florin7150 (button) (small blind) folded before Flop



PokerStars Hand #249420858343: Tournament #3728823427, $1.84+$0.16 USD Hold'em No Limit - Level III (20/40) - 2024/03/14 21:13:51 CET [2024/03/14 16:13:51 ET]
Table '3728823427 1' 3-max Seat #2 is the button
Seat 2: Mahu2021 (595 in chips) 
Seat 3: florin7150 (905 in chips) 
Mahu2021: posts small blind 20
florin7150: posts big blind 40
*** HOLE CARDS ***
Dealt to Mahu2021 [Td 9h]
Mahu2021: calls 20
florin7150: checks 
*** FLOP *** [5s 2c 4h]
florin7150: bets 160
Mahu2021: folds 
Uncalled bet (160) returned to florin7150
florin7150 collected 80 from pot
*** SUMMARY ***
Total pot 80 | Rake 0 
Board [5s 2c 4h]
Seat 2: Mahu2021 (button) (small blind) folded on the Flop
Seat 3: florin7150 (big blind) collected (80)



PokerStars Hand #249420862384: Tournament #3728823427, $1.84+$0.16 USD Hold'em No Limit - Level III (20/40) - 2024/03/14 21:14:03 CET [2024/03/14 16:14:03 ET]
Table '3728823427 1' 3-max Seat #3 is the button
Seat 2: Mahu2021 (555 in chips) 
Seat 3: florin7150 (945 in chips) 
florin7150: posts small blind 20
Mahu2021: posts big blind 40
*** HOLE CARDS ***
Dealt to Mahu2021 [Ks 6c]
florin7150: calls 20
Mahu2021: checks 
*** FLOP *** [5s Kd Td]
Mahu2021: checks 
florin7150: bets 80
Mahu2021: calls 80
*** TURN *** [5s Kd Td] [Kc]
Mahu2021: checks 
florin7150: bets 120
Mahu2021: raises 120 to 240
florin7150: calls 120
*** RIVER *** [5s Kd Td Kc] [9s]
Mahu2021: bets 195 and is all-in
florin7150: calls 195
*** SHOW DOWN ***
Mahu2021: shows [Ks 6c] (three of a kind, Kings)
florin7150: shows [Th Js] (two pair, Kings and Tens)
Mahu2021 collected 1110 from pot
*** SUMMARY ***
Total pot 1110 | Rake 0 
Board [5s Kd Td Kc 9s]
Seat 2: Mahu2021 (big blind) showed [Ks 6c] and won (1110) with three of a kind, Kings
Seat 3: florin7150 (button) (small blind) showed [Th Js] and lost with two pair, Kings and Tens



PokerStars Hand #249420871377: Tournament #3728823427, $1.84+$0.16 USD Hold'em No Limit - Level III (20/40) - 2024/03/14 21:14:30 CET [2024/03/14 16:14:30 ET]
Table '3728823427 1' 3-max Seat #2 is the button
Seat 2: Mahu2021 (1110 in chips) 
Seat 3: florin7150 (390 in chips) 
Mahu2021: posts small blind 20
florin7150: posts big blind 40
*** HOLE CARDS ***
Dealt to Mahu2021 [Kd 6d]
Mahu2021: calls 20
florin7150: checks 
*** FLOP *** [Kh 8d 2d]
florin7150: bets 160
Mahu2021: raises 200 to 360
florin7150: calls 190 and is all-in
Uncalled bet (10) returned to Mahu2021
*** TURN *** [Kh 8d 2d] [Qc]
*** RIVER *** [Kh 8d 2d Qc] [Jh]
*** SHOW DOWN ***
florin7150: shows [5d 9d] (high card King)
Mahu2021: shows [Kd 6d] (a pair of Kings)
Mahu2021 collected 780 from pot
florin7150 finished the tournament in 2nd place
Mahu2021 wins the tournament and receives $4.00 - congratulations!
*** SUMMARY ***
Total pot 780 | Rake 0 
Board [Kh 8d 2d Qc Jh]
Seat 2: Mahu2021 (button) (small blind) showed [Kd 6d] and won (780) with a pair of Kings
Seat 3: florin7150 (big blind) showed [5d 9d] and lost with high card King



