PokerStars Hand #252449174775: Tournament #3800521627, $1.84+$0.16 USD Hold'em No Limit - Level I (10/20) - 2024/09/14 21:42:21 CET [2024/09/14 15:42:21 ET]
Table '3800521627 1' 3-max Seat #1 is the button
Seat 1: ChoboPower (500 in chips) 
Seat 2: mattyfm91 (500 in chips) 
Seat 3: Mahu2021 (500 in chips) 
mattyfm91: posts small blind 10
Mahu2021: posts big blind 20
*** HOLE CARDS ***
Dealt to Mahu2021 [2c Jc]
ChoboPower: folds 
mattyfm91: raises 40 to 60
Mahu2021: calls 40
*** FLOP *** [Ad Th 4h]
mattyfm91: bets 60
Mahu2021: folds 
Uncalled bet (60) returned to mattyfm91
mattyfm91 collected 120 from pot
*** SUMMARY ***
Total pot 120 | Rake 0 
Board [Ad Th 4h]
Seat 1: ChoboPower (button) folded before Flop (didn't bet)
Seat 2: mattyfm91 (small blind) collected (120)
Seat 3: Mahu2021 (big blind) folded on the Flop



PokerStars Hand #252449179424: Tournament #3800521627, $1.84+$0.16 USD Hold'em No Limit - Level I (10/20) - 2024/09/14 21:42:35 CET [2024/09/14 15:42:35 ET]
Table '3800521627 1' 3-max Seat #2 is the button
Seat 1: ChoboPower (500 in chips) 
Seat 2: mattyfm91 (560 in chips) 
Seat 3: Mahu2021 (440 in chips) 
Mahu2021: posts small blind 10
ChoboPower: posts big blind 20
*** HOLE CARDS ***
Dealt to Mahu2021 [6c Ad]
mattyfm91: folds 
Mahu2021: raises 20 to 40
ChoboPower: folds 
Uncalled bet (20) returned to Mahu2021
Mahu2021 collected 40 from pot
Mahu2021: doesn't show hand 
*** SUMMARY ***
Total pot 40 | Rake 0 
Seat 1: ChoboPower (big blind) folded before Flop
Seat 2: mattyfm91 (button) folded before Flop (didn't bet)
Seat 3: Mahu2021 (small blind) collected (40)



PokerStars Hand #252449181908: Tournament #3800521627, $1.84+$0.16 USD Hold'em No Limit - Level I (10/20) - 2024/09/14 21:42:43 CET [2024/09/14 15:42:43 ET]
Table '3800521627 1' 3-max Seat #3 is the button
Seat 1: ChoboPower (480 in chips) 
Seat 2: mattyfm91 (560 in chips) 
Seat 3: Mahu2021 (460 in chips) 
ChoboPower: posts small blind 10
mattyfm91: posts big blind 20
*** HOLE CARDS ***
Dealt to Mahu2021 [5h Jd]
Mahu2021: folds 
ChoboPower: folds 
Uncalled bet (10) returned to mattyfm91
mattyfm91 collected 20 from pot
*** SUMMARY ***
Total pot 20 | Rake 0 
Seat 1: ChoboPower (small blind) folded before Flop
Seat 2: mattyfm91 (big blind) collected (20)
Seat 3: Mahu2021 (button) folded before Flop (didn't bet)



PokerStars Hand #252449183512: Tournament #3800521627, $1.84+$0.16 USD Hold'em No Limit - Level I (10/20) - 2024/09/14 21:42:49 CET [2024/09/14 15:42:49 ET]
Table '3800521627 1' 3-max Seat #1 is the button
Seat 1: ChoboPower (470 in chips) 
Seat 2: mattyfm91 (570 in chips) 
Seat 3: Mahu2021 (460 in chips) 
mattyfm91: posts small blind 10
Mahu2021: posts big blind 20
*** HOLE CARDS ***
Dealt to Mahu2021 [Th 4c]
ChoboPower: folds 
mattyfm91: folds 
Uncalled bet (10) returned to Mahu2021
Mahu2021 collected 20 from pot
Mahu2021: doesn't show hand 
*** SUMMARY ***
Total pot 20 | Rake 0 
Seat 1: ChoboPower (button) folded before Flop (didn't bet)
Seat 2: mattyfm91 (small blind) folded before Flop
Seat 3: Mahu2021 (big blind) collected (20)



PokerStars Hand #252449185095: Tournament #3800521627, $1.84+$0.16 USD Hold'em No Limit - Level I (10/20) - 2024/09/14 21:42:54 CET [2024/09/14 15:42:54 ET]
Table '3800521627 1' 3-max Seat #2 is the button
Seat 1: ChoboPower (470 in chips) 
Seat 2: mattyfm91 (560 in chips) 
Seat 3: Mahu2021 (470 in chips) 
Mahu2021: posts small blind 10
ChoboPower: posts big blind 20
*** HOLE CARDS ***
Dealt to Mahu2021 [Ad 9h]
mattyfm91: folds 
Mahu2021: raises 20 to 40
ChoboPower: folds 
Uncalled bet (20) returned to Mahu2021
Mahu2021 collected 40 from pot
Mahu2021: doesn't show hand 
*** SUMMARY ***
Total pot 40 | Rake 0 
Seat 1: ChoboPower (big blind) folded before Flop
Seat 2: mattyfm91 (button) folded before Flop (didn't bet)
Seat 3: Mahu2021 (small blind) collected (40)



PokerStars Hand #252449187371: Tournament #3800521627, $1.84+$0.16 USD Hold'em No Limit - Level I (10/20) - 2024/09/14 21:43:01 CET [2024/09/14 15:43:01 ET]
Table '3800521627 1' 3-max Seat #3 is the button
Seat 1: ChoboPower (450 in chips) 
Seat 2: mattyfm91 (560 in chips) 
Seat 3: Mahu2021 (490 in chips) 
ChoboPower: posts small blind 10
mattyfm91: posts big blind 20
*** HOLE CARDS ***
Dealt to Mahu2021 [4d 6c]
Mahu2021: folds 
ChoboPower: folds 
Uncalled bet (10) returned to mattyfm91
mattyfm91 collected 20 from pot
*** SUMMARY ***
Total pot 20 | Rake 0 
Seat 1: ChoboPower (small blind) folded before Flop
Seat 2: mattyfm91 (big blind) collected (20)
Seat 3: Mahu2021 (button) folded before Flop (didn't bet)



PokerStars Hand #252449189390: Tournament #3800521627, $1.84+$0.16 USD Hold'em No Limit - Level I (10/20) - 2024/09/14 21:43:07 CET [2024/09/14 15:43:07 ET]
Table '3800521627 1' 3-max Seat #1 is the button
Seat 1: ChoboPower (440 in chips) 
Seat 2: mattyfm91 (570 in chips) 
Seat 3: Mahu2021 (490 in chips) 
mattyfm91: posts small blind 10
Mahu2021: posts big blind 20
*** HOLE CARDS ***
Dealt to Mahu2021 [3d Js]
mattyfm91 is disconnected 
ChoboPower: folds 
mattyfm91 is connected 
mattyfm91: calls 10
Mahu2021: checks 
*** FLOP *** [6h 3h Kc]
mattyfm91: bets 20
Mahu2021: calls 20
*** TURN *** [6h 3h Kc] [Ad]
mattyfm91: bets 20
Mahu2021: calls 20
*** RIVER *** [6h 3h Kc Ad] [Ah]
mattyfm91: bets 20
Mahu2021: raises 80 to 100
mattyfm91: calls 80
*** SHOW DOWN ***
Mahu2021: shows [3d Js] (two pair, Aces and Threes)
mattyfm91: shows [6d 5c] (two pair, Aces and Sixes)
mattyfm91 collected 320 from pot
*** SUMMARY ***
Total pot 320 | Rake 0 
Board [6h 3h Kc Ad Ah]
Seat 1: ChoboPower (button) folded before Flop (didn't bet)
Seat 2: mattyfm91 (small blind) showed [6d 5c] and won (320) with two pair, Aces and Sixes
Seat 3: Mahu2021 (big blind) showed [3d Js] and lost with two pair, Aces and Threes



PokerStars Hand #252449196886: Tournament #3800521627, $1.84+$0.16 USD Hold'em No Limit - Level I (10/20) - 2024/09/14 21:43:31 CET [2024/09/14 15:43:31 ET]
Table '3800521627 1' 3-max Seat #2 is the button
Seat 1: ChoboPower (440 in chips) 
Seat 2: mattyfm91 (730 in chips) 
Seat 3: Mahu2021 (330 in chips) 
Mahu2021: posts small blind 10
ChoboPower: posts big blind 20
*** HOLE CARDS ***
Dealt to Mahu2021 [7d 9h]
mattyfm91: raises 20 to 40
Mahu2021: folds 
ChoboPower: calls 20
*** FLOP *** [3d Kc Tc]
ChoboPower: checks 
mattyfm91: checks 
*** TURN *** [3d Kc Tc] [8h]
ChoboPower: checks 
mattyfm91: checks 
*** RIVER *** [3d Kc Tc 8h] [4d]
ChoboPower: bets 80
mattyfm91: folds 
Uncalled bet (80) returned to ChoboPower
ChoboPower collected 90 from pot
ChoboPower: doesn't show hand 
*** SUMMARY ***
Total pot 90 | Rake 0 
Board [3d Kc Tc 8h 4d]
Seat 1: ChoboPower (big blind) collected (90)
Seat 2: mattyfm91 (button) folded on the River
Seat 3: Mahu2021 (small blind) folded before Flop



PokerStars Hand #252449204979: Tournament #3800521627, $1.84+$0.16 USD Hold'em No Limit - Level I (10/20) - 2024/09/14 21:43:56 CET [2024/09/14 15:43:56 ET]
Table '3800521627 1' 3-max Seat #3 is the button
Seat 1: ChoboPower (490 in chips) 
Seat 2: mattyfm91 (690 in chips) 
Seat 3: Mahu2021 (320 in chips) 
ChoboPower: posts small blind 10
mattyfm91: posts big blind 20
*** HOLE CARDS ***
Dealt to Mahu2021 [Qd 9h]
Mahu2021: raises 20 to 40
ChoboPower: folds 
mattyfm91: calls 20
*** FLOP *** [Qc Kh 6c]
mattyfm91: checks 
Mahu2021: checks 
*** TURN *** [Qc Kh 6c] [6d]
mattyfm91: checks 
Mahu2021: checks 
*** RIVER *** [Qc Kh 6c 6d] [4h]
mattyfm91: checks 
Mahu2021: bets 20
mattyfm91: folds 
Uncalled bet (20) returned to Mahu2021
Mahu2021 collected 90 from pot
Mahu2021: doesn't show hand 
*** SUMMARY ***
Total pot 90 | Rake 0 
Board [Qc Kh 6c 6d 4h]
Seat 1: ChoboPower (small blind) folded before Flop
Seat 2: mattyfm91 (big blind) folded on the River
Seat 3: Mahu2021 (button) collected (90)



PokerStars Hand #252449210158: Tournament #3800521627, $1.84+$0.16 USD Hold'em No Limit - Level I (10/20) - 2024/09/14 21:44:13 CET [2024/09/14 15:44:13 ET]
Table '3800521627 1' 3-max Seat #1 is the button
Seat 1: ChoboPower (480 in chips) 
Seat 2: mattyfm91 (650 in chips) 
Seat 3: Mahu2021 (370 in chips) 
mattyfm91: posts small blind 10
Mahu2021: posts big blind 20
*** HOLE CARDS ***
Dealt to Mahu2021 [4h 3s]
ChoboPower: folds 
mattyfm91: raises 20 to 40
Mahu2021: calls 20
*** FLOP *** [Ac 2d Jc]
mattyfm91: bets 40
Mahu2021: calls 40
*** TURN *** [Ac 2d Jc] [Ad]
mattyfm91: checks 
Mahu2021: checks 
*** RIVER *** [Ac 2d Jc Ad] [5s]
mattyfm91: checks 
Mahu2021: bets 80
mattyfm91: folds 
Uncalled bet (80) returned to Mahu2021
Mahu2021 collected 160 from pot
Mahu2021: doesn't show hand 
*** SUMMARY ***
Total pot 160 | Rake 0 
Board [Ac 2d Jc Ad 5s]
Seat 1: ChoboPower (button) folded before Flop (didn't bet)
Seat 2: mattyfm91 (small blind) folded on the River
Seat 3: Mahu2021 (big blind) collected (160)



PokerStars Hand #252449216465: Tournament #3800521627, $1.84+$0.16 USD Hold'em No Limit - Level I (10/20) - 2024/09/14 21:44:33 CET [2024/09/14 15:44:33 ET]
Table '3800521627 1' 3-max Seat #2 is the button
Seat 1: ChoboPower (480 in chips) 
Seat 2: mattyfm91 (570 in chips) 
Seat 3: Mahu2021 (450 in chips) 
Mahu2021: posts small blind 10
ChoboPower: posts big blind 20
*** HOLE CARDS ***
Dealt to Mahu2021 [Ad 6s]
mattyfm91: raises 40 to 60
Mahu2021: folds 
ChoboPower: folds 
Uncalled bet (40) returned to mattyfm91
mattyfm91 collected 50 from pot
*** SUMMARY ***
Total pot 50 | Rake 0 
Seat 1: ChoboPower (big blind) folded before Flop
Seat 2: mattyfm91 (button) collected (50)
Seat 3: Mahu2021 (small blind) folded before Flop



PokerStars Hand #252449219029: Tournament #3800521627, $1.84+$0.16 USD Hold'em No Limit - Level I (10/20) - 2024/09/14 21:44:41 CET [2024/09/14 15:44:41 ET]
Table '3800521627 1' 3-max Seat #3 is the button
Seat 1: ChoboPower (460 in chips) 
Seat 2: mattyfm91 (600 in chips) 
Seat 3: Mahu2021 (440 in chips) 
ChoboPower: posts small blind 10
mattyfm91: posts big blind 20
*** HOLE CARDS ***
Dealt to Mahu2021 [7c 7h]
Mahu2021: raises 420 to 440 and is all-in
ChoboPower: folds 
mattyfm91: folds 
Uncalled bet (420) returned to Mahu2021
Mahu2021 collected 50 from pot
Mahu2021: doesn't show hand 
*** SUMMARY ***
Total pot 50 | Rake 0 
Seat 1: ChoboPower (small blind) folded before Flop
Seat 2: mattyfm91 (big blind) folded before Flop
Seat 3: Mahu2021 (button) collected (50)



PokerStars Hand #252449222019: Tournament #3800521627, $1.84+$0.16 USD Hold'em No Limit - Level I (10/20) - 2024/09/14 21:44:50 CET [2024/09/14 15:44:50 ET]
Table '3800521627 1' 3-max Seat #1 is the button
Seat 1: ChoboPower (450 in chips) 
Seat 2: mattyfm91 (580 in chips) 
Seat 3: Mahu2021 (470 in chips) 
mattyfm91: posts small blind 10
Mahu2021: posts big blind 20
*** HOLE CARDS ***
Dealt to Mahu2021 [4d Qc]
ChoboPower: folds 
mattyfm91: raises 20 to 40
Mahu2021: calls 20
*** FLOP *** [8c Td 2c]
mattyfm91: bets 20
Mahu2021: folds 
Uncalled bet (20) returned to mattyfm91
mattyfm91 is disconnected 
mattyfm91 collected 80 from pot
*** SUMMARY ***
Total pot 80 | Rake 0 
Board [8c Td 2c]
Seat 1: ChoboPower (button) folded before Flop (didn't bet)
Seat 2: mattyfm91 (small blind) collected (80)
Seat 3: Mahu2021 (big blind) folded on the Flop



PokerStars Hand #252449225361: Tournament #3800521627, $1.84+$0.16 USD Hold'em No Limit - Level I (10/20) - 2024/09/14 21:45:01 CET [2024/09/14 15:45:01 ET]
Table '3800521627 1' 3-max Seat #2 is the button
Seat 1: ChoboPower (450 in chips) 
Seat 2: mattyfm91 (620 in chips) 
Seat 3: Mahu2021 (430 in chips) 
Mahu2021: posts small blind 10
ChoboPower: posts big blind 20
*** HOLE CARDS ***
Dealt to Mahu2021 [2h 4h]
mattyfm91 is connected 
mattyfm91 is disconnected 
mattyfm91 is connected 
mattyfm91: raises 40 to 60
Mahu2021: folds 
ChoboPower: folds 
Uncalled bet (40) returned to mattyfm91
mattyfm91 collected 50 from pot
*** SUMMARY ***
Total pot 50 | Rake 0 
Seat 1: ChoboPower (big blind) folded before Flop
Seat 2: mattyfm91 (button) collected (50)
Seat 3: Mahu2021 (small blind) folded before Flop



PokerStars Hand #252449227642: Tournament #3800521627, $1.84+$0.16 USD Hold'em No Limit - Level I (10/20) - 2024/09/14 21:45:09 CET [2024/09/14 15:45:09 ET]
Table '3800521627 1' 3-max Seat #3 is the button
Seat 1: ChoboPower (430 in chips) 
Seat 2: mattyfm91 (650 in chips) 
Seat 3: Mahu2021 (420 in chips) 
ChoboPower: posts small blind 10
mattyfm91: posts big blind 20
*** HOLE CARDS ***
Dealt to Mahu2021 [8s 2d]
Mahu2021: folds 
ChoboPower: folds 
Uncalled bet (10) returned to mattyfm91
mattyfm91 collected 20 from pot
*** SUMMARY ***
Total pot 20 | Rake 0 
Seat 1: ChoboPower (small blind) folded before Flop
Seat 2: mattyfm91 (big blind) collected (20)
Seat 3: Mahu2021 (button) folded before Flop (didn't bet)



PokerStars Hand #252449231603: Tournament #3800521627, $1.84+$0.16 USD Hold'em No Limit - Level I (10/20) - 2024/09/14 21:45:21 CET [2024/09/14 15:45:21 ET]
Table '3800521627 1' 3-max Seat #1 is the button
Seat 1: ChoboPower (420 in chips) 
Seat 2: mattyfm91 (660 in chips) 
Seat 3: Mahu2021 (420 in chips) 
mattyfm91: posts small blind 10
Mahu2021: posts big blind 20
*** HOLE CARDS ***
Dealt to Mahu2021 [Ac Kc]
ChoboPower: folds 
mattyfm91: raises 20 to 40
Mahu2021: calls 20
*** FLOP *** [Qs 3d 9d]
mattyfm91: checks 
Mahu2021: checks 
*** TURN *** [Qs 3d 9d] [7d]
mattyfm91: bets 20
Mahu2021: calls 20
*** RIVER *** [Qs 3d 9d 7d] [9c]
mattyfm91: bets 20
Mahu2021: folds 
Uncalled bet (20) returned to mattyfm91
mattyfm91 collected 120 from pot
*** SUMMARY ***
Total pot 120 | Rake 0 
Board [Qs 3d 9d 7d 9c]
Seat 1: ChoboPower (button) folded before Flop (didn't bet)
Seat 2: mattyfm91 (small blind) collected (120)
Seat 3: Mahu2021 (big blind) folded on the River



PokerStars Hand #252449237679: Tournament #3800521627, $1.84+$0.16 USD Hold'em No Limit - Level II (15/30) - 2024/09/14 21:45:41 CET [2024/09/14 15:45:41 ET]
Table '3800521627 1' 3-max Seat #2 is the button
Seat 1: ChoboPower (420 in chips) 
Seat 2: mattyfm91 (720 in chips) 
Seat 3: Mahu2021 (360 in chips) 
Mahu2021: posts small blind 15
ChoboPower: posts big blind 30
*** HOLE CARDS ***
Dealt to Mahu2021 [4c 2d]
mattyfm91: raises 30 to 60
Mahu2021: folds 
ChoboPower: folds 
Uncalled bet (30) returned to mattyfm91
mattyfm91 collected 75 from pot
*** SUMMARY ***
Total pot 75 | Rake 0 
Seat 1: ChoboPower (big blind) folded before Flop
Seat 2: mattyfm91 (button) collected (75)
Seat 3: Mahu2021 (small blind) folded before Flop



PokerStars Hand #252449239740: Tournament #3800521627, $1.84+$0.16 USD Hold'em No Limit - Level II (15/30) - 2024/09/14 21:45:48 CET [2024/09/14 15:45:48 ET]
Table '3800521627 1' 3-max Seat #3 is the button
Seat 1: ChoboPower (390 in chips) 
Seat 2: mattyfm91 (765 in chips) 
Seat 3: Mahu2021 (345 in chips) 
ChoboPower: posts small blind 15
mattyfm91: posts big blind 30
*** HOLE CARDS ***
Dealt to Mahu2021 [Jd 6c]
Mahu2021: folds 
ChoboPower: calls 15
mattyfm91: checks 
*** FLOP *** [6h 8s Qh]
ChoboPower: checks 
mattyfm91: checks 
*** TURN *** [6h 8s Qh] [3d]
ChoboPower: bets 45
mattyfm91: calls 45
*** RIVER *** [6h 8s Qh 3d] [4h]
ChoboPower: checks 
mattyfm91: bets 75
ChoboPower: folds 
Uncalled bet (75) returned to mattyfm91
mattyfm91 collected 150 from pot
*** SUMMARY ***
Total pot 150 | Rake 0 
Board [6h 8s Qh 3d 4h]
Seat 1: ChoboPower (small blind) folded on the River
Seat 2: mattyfm91 (big blind) collected (150)
Seat 3: Mahu2021 (button) folded before Flop (didn't bet)



PokerStars Hand #252449249438: Tournament #3800521627, $1.84+$0.16 USD Hold'em No Limit - Level II (15/30) - 2024/09/14 21:46:19 CET [2024/09/14 15:46:19 ET]
Table '3800521627 1' 3-max Seat #1 is the button
Seat 1: ChoboPower (315 in chips) 
Seat 2: mattyfm91 (840 in chips) 
Seat 3: Mahu2021 (345 in chips) 
mattyfm91: posts small blind 15
Mahu2021: posts big blind 30
*** HOLE CARDS ***
Dealt to Mahu2021 [Jh 4s]
ChoboPower: folds 
mattyfm91: raises 30 to 60
Mahu2021: calls 30
*** FLOP *** [6c Jc 3c]
mattyfm91: checks 
Mahu2021: bets 285 and is all-in
mattyfm91: folds 
Uncalled bet (285) returned to Mahu2021
Mahu2021 collected 120 from pot
Mahu2021: doesn't show hand 
*** SUMMARY ***
Total pot 120 | Rake 0 
Board [6c Jc 3c]
Seat 1: ChoboPower (button) folded before Flop (didn't bet)
Seat 2: mattyfm91 (small blind) folded on the Flop
Seat 3: Mahu2021 (big blind) collected (120)



PokerStars Hand #252449253387: Tournament #3800521627, $1.84+$0.16 USD Hold'em No Limit - Level II (15/30) - 2024/09/14 21:46:31 CET [2024/09/14 15:46:31 ET]
Table '3800521627 1' 3-max Seat #2 is the button
Seat 1: ChoboPower (315 in chips) 
Seat 2: mattyfm91 (780 in chips) 
Seat 3: Mahu2021 (405 in chips) 
Mahu2021: posts small blind 15
ChoboPower: posts big blind 30
*** HOLE CARDS ***
Dealt to Mahu2021 [Qd 7s]
mattyfm91: raises 30 to 60
Mahu2021: folds 
ChoboPower: folds 
Uncalled bet (30) returned to mattyfm91
mattyfm91 collected 75 from pot
*** SUMMARY ***
Total pot 75 | Rake 0 
Seat 1: ChoboPower (big blind) folded before Flop
Seat 2: mattyfm91 (button) collected (75)
Seat 3: Mahu2021 (small blind) folded before Flop



PokerStars Hand #252449255563: Tournament #3800521627, $1.84+$0.16 USD Hold'em No Limit - Level II (15/30) - 2024/09/14 21:46:38 CET [2024/09/14 15:46:38 ET]
Table '3800521627 1' 3-max Seat #3 is the button
Seat 1: ChoboPower (285 in chips) 
Seat 2: mattyfm91 (825 in chips) 
Seat 3: Mahu2021 (390 in chips) 
ChoboPower: posts small blind 15
mattyfm91: posts big blind 30
*** HOLE CARDS ***
Dealt to Mahu2021 [Jd Th]
Mahu2021: raises 30 to 60
ChoboPower: folds 
mattyfm91: calls 30
*** FLOP *** [Qs Qd 8h]
mattyfm91: checks 
Mahu2021: checks 
*** TURN *** [Qs Qd 8h] [4h]
mattyfm91: checks 
Mahu2021: checks 
*** RIVER *** [Qs Qd 8h 4h] [8s]
mattyfm91: bets 30
Mahu2021: calls 30
*** SHOW DOWN ***
mattyfm91: shows [9d 4c] (two pair, Queens and Eights)
Mahu2021: shows [Jd Th] (two pair, Queens and Eights - Jack kicker)
Mahu2021 collected 195 from pot
*** SUMMARY ***
Total pot 195 | Rake 0 
Board [Qs Qd 8h 4h 8s]
Seat 1: ChoboPower (small blind) folded before Flop
Seat 2: mattyfm91 (big blind) showed [9d 4c] and lost with two pair, Queens and Eights
Seat 3: Mahu2021 (button) showed [Jd Th] and won (195) with two pair, Queens and Eights



PokerStars Hand #252449260553: Tournament #3800521627, $1.84+$0.16 USD Hold'em No Limit - Level II (15/30) - 2024/09/14 21:46:54 CET [2024/09/14 15:46:54 ET]
Table '3800521627 1' 3-max Seat #1 is the button
Seat 1: ChoboPower (270 in chips) 
Seat 2: mattyfm91 (735 in chips) 
Seat 3: Mahu2021 (495 in chips) 
mattyfm91: posts small blind 15
Mahu2021: posts big blind 30
*** HOLE CARDS ***
Dealt to Mahu2021 [3c 7d]
ChoboPower: raises 240 to 270 and is all-in
mattyfm91: folds 
Mahu2021: folds 
Uncalled bet (240) returned to ChoboPower
ChoboPower collected 75 from pot
ChoboPower: doesn't show hand 
*** SUMMARY ***
Total pot 75 | Rake 0 
Seat 1: ChoboPower (button) collected (75)
Seat 2: mattyfm91 (small blind) folded before Flop
Seat 3: Mahu2021 (big blind) folded before Flop



PokerStars Hand #252449262522: Tournament #3800521627, $1.84+$0.16 USD Hold'em No Limit - Level II (15/30) - 2024/09/14 21:47:01 CET [2024/09/14 15:47:01 ET]
Table '3800521627 1' 3-max Seat #2 is the button
Seat 1: ChoboPower (315 in chips) 
Seat 2: mattyfm91 (720 in chips) 
Seat 3: Mahu2021 (465 in chips) 
Mahu2021: posts small blind 15
ChoboPower: posts big blind 30
*** HOLE CARDS ***
Dealt to Mahu2021 [Th 4d]
mattyfm91: folds 
Mahu2021: folds 
Uncalled bet (15) returned to ChoboPower
ChoboPower collected 30 from pot
ChoboPower: doesn't show hand 
*** SUMMARY ***
Total pot 30 | Rake 0 
Seat 1: ChoboPower (big blind) collected (30)
Seat 2: mattyfm91 (button) folded before Flop (didn't bet)
Seat 3: Mahu2021 (small blind) folded before Flop



PokerStars Hand #252449263914: Tournament #3800521627, $1.84+$0.16 USD Hold'em No Limit - Level II (15/30) - 2024/09/14 21:47:05 CET [2024/09/14 15:47:05 ET]
Table '3800521627 1' 3-max Seat #3 is the button
Seat 1: ChoboPower (330 in chips) 
Seat 2: mattyfm91 (720 in chips) 
Seat 3: Mahu2021 (450 in chips) 
ChoboPower: posts small blind 15
mattyfm91: posts big blind 30
*** HOLE CARDS ***
Dealt to Mahu2021 [Kd 9c]
Mahu2021: raises 30 to 60
ChoboPower: folds 
mattyfm91: folds 
Uncalled bet (30) returned to Mahu2021
Mahu2021 collected 75 from pot
Mahu2021: doesn't show hand 
*** SUMMARY ***
Total pot 75 | Rake 0 
Seat 1: ChoboPower (small blind) folded before Flop
Seat 2: mattyfm91 (big blind) folded before Flop
Seat 3: Mahu2021 (button) collected (75)



PokerStars Hand #252449267578: Tournament #3800521627, $1.84+$0.16 USD Hold'em No Limit - Level II (15/30) - 2024/09/14 21:47:17 CET [2024/09/14 15:47:17 ET]
Table '3800521627 1' 3-max Seat #1 is the button
Seat 1: ChoboPower (315 in chips) 
Seat 2: mattyfm91 (690 in chips) 
Seat 3: Mahu2021 (495 in chips) 
mattyfm91: posts small blind 15
Mahu2021: posts big blind 30
*** HOLE CARDS ***
Dealt to Mahu2021 [Qd 5c]
ChoboPower: folds 
mattyfm91: calls 15
Mahu2021: checks 
*** FLOP *** [Ac 9d Jh]
mattyfm91: bets 30
Mahu2021: calls 30
*** TURN *** [Ac 9d Jh] [7c]
mattyfm91: bets 60
Mahu2021: folds 
Uncalled bet (60) returned to mattyfm91
mattyfm91 collected 120 from pot
*** SUMMARY ***
Total pot 120 | Rake 0 
Board [Ac 9d Jh 7c]
Seat 1: ChoboPower (button) folded before Flop (didn't bet)
Seat 2: mattyfm91 (small blind) collected (120)
Seat 3: Mahu2021 (big blind) folded on the Turn



PokerStars Hand #252449272245: Tournament #3800521627, $1.84+$0.16 USD Hold'em No Limit - Level II (15/30) - 2024/09/14 21:47:32 CET [2024/09/14 15:47:32 ET]
Table '3800521627 1' 3-max Seat #2 is the button
Seat 1: ChoboPower (315 in chips) 
Seat 2: mattyfm91 (750 in chips) 
Seat 3: Mahu2021 (435 in chips) 
Mahu2021: posts small blind 15
ChoboPower: posts big blind 30
*** HOLE CARDS ***
Dealt to Mahu2021 [8d 3s]
mattyfm91: raises 30 to 60
Mahu2021: folds 
ChoboPower: folds 
Uncalled bet (30) returned to mattyfm91
mattyfm91 collected 75 from pot
*** SUMMARY ***
Total pot 75 | Rake 0 
Seat 1: ChoboPower (big blind) folded before Flop
Seat 2: mattyfm91 (button) collected (75)
Seat 3: Mahu2021 (small blind) folded before Flop



PokerStars Hand #252449274116: Tournament #3800521627, $1.84+$0.16 USD Hold'em No Limit - Level II (15/30) - 2024/09/14 21:47:38 CET [2024/09/14 15:47:38 ET]
Table '3800521627 1' 3-max Seat #3 is the button
Seat 1: ChoboPower (285 in chips) 
Seat 2: mattyfm91 (795 in chips) 
Seat 3: Mahu2021 (420 in chips) 
ChoboPower: posts small blind 15
mattyfm91: posts big blind 30
*** HOLE CARDS ***
Dealt to Mahu2021 [3s Jc]
Mahu2021: folds 
ChoboPower: folds 
Uncalled bet (15) returned to mattyfm91
mattyfm91 collected 30 from pot
*** SUMMARY ***
Total pot 30 | Rake 0 
Seat 1: ChoboPower (small blind) folded before Flop
Seat 2: mattyfm91 (big blind) collected (30)
Seat 3: Mahu2021 (button) folded before Flop (didn't bet)



PokerStars Hand #252449280011: Tournament #3800521627, $1.84+$0.16 USD Hold'em No Limit - Level II (15/30) - 2024/09/14 21:47:57 CET [2024/09/14 15:47:57 ET]
Table '3800521627 1' 3-max Seat #1 is the button
Seat 1: ChoboPower (270 in chips) 
Seat 2: mattyfm91 (810 in chips) 
Seat 3: Mahu2021 (420 in chips) 
mattyfm91: posts small blind 15
Mahu2021: posts big blind 30
*** HOLE CARDS ***
Dealt to Mahu2021 [3s Jc]
ChoboPower: folds 
mattyfm91: raises 30 to 60
Mahu2021: folds 
Uncalled bet (30) returned to mattyfm91
mattyfm91 collected 60 from pot
*** SUMMARY ***
Total pot 60 | Rake 0 
Seat 1: ChoboPower (button) folded before Flop (didn't bet)
Seat 2: mattyfm91 (small blind) collected (60)
Seat 3: Mahu2021 (big blind) folded before Flop



PokerStars Hand #252449282766: Tournament #3800521627, $1.84+$0.16 USD Hold'em No Limit - Level II (15/30) - 2024/09/14 21:48:05 CET [2024/09/14 15:48:05 ET]
Table '3800521627 1' 3-max Seat #2 is the button
Seat 1: ChoboPower (270 in chips) 
Seat 2: mattyfm91 (840 in chips) 
Seat 3: Mahu2021 (390 in chips) 
Mahu2021: posts small blind 15
ChoboPower: posts big blind 30
*** HOLE CARDS ***
Dealt to Mahu2021 [Kh Tc]
mattyfm91: raises 30 to 60
Mahu2021: raises 330 to 390 and is all-in
ChoboPower: folds 
mattyfm91: folds 
Uncalled bet (330) returned to Mahu2021
Mahu2021 collected 150 from pot
Mahu2021: doesn't show hand 
*** SUMMARY ***
Total pot 150 | Rake 0 
Seat 1: ChoboPower (big blind) folded before Flop
Seat 2: mattyfm91 (button) folded before Flop
Seat 3: Mahu2021 (small blind) collected (150)



PokerStars Hand #252449285208: Tournament #3800521627, $1.84+$0.16 USD Hold'em No Limit - Level II (15/30) - 2024/09/14 21:48:14 CET [2024/09/14 15:48:14 ET]
Table '3800521627 1' 3-max Seat #3 is the button
Seat 1: ChoboPower (240 in chips) 
Seat 2: mattyfm91 (780 in chips) 
Seat 3: Mahu2021 (480 in chips) 
ChoboPower: posts small blind 15
mattyfm91: posts big blind 30
*** HOLE CARDS ***
Dealt to Mahu2021 [4c Ts]
Mahu2021: folds 
ChoboPower: folds 
Uncalled bet (15) returned to mattyfm91
mattyfm91 collected 30 from pot
*** SUMMARY ***
Total pot 30 | Rake 0 
Seat 1: ChoboPower (small blind) folded before Flop
Seat 2: mattyfm91 (big blind) collected (30)
Seat 3: Mahu2021 (button) folded before Flop (didn't bet)



PokerStars Hand #252449286955: Tournament #3800521627, $1.84+$0.16 USD Hold'em No Limit - Level II (15/30) - 2024/09/14 21:48:19 CET [2024/09/14 15:48:19 ET]
Table '3800521627 1' 3-max Seat #1 is the button
Seat 1: ChoboPower (225 in chips) 
Seat 2: mattyfm91 (795 in chips) 
Seat 3: Mahu2021 (480 in chips) 
mattyfm91: posts small blind 15
Mahu2021: posts big blind 30
*** HOLE CARDS ***
Dealt to Mahu2021 [As 2c]
ChoboPower: folds 
mattyfm91: calls 15
Mahu2021: raises 450 to 480 and is all-in
mattyfm91: folds 
Uncalled bet (450) returned to Mahu2021
Mahu2021 collected 60 from pot
Mahu2021: doesn't show hand 
*** SUMMARY ***
Total pot 60 | Rake 0 
Seat 1: ChoboPower (button) folded before Flop (didn't bet)
Seat 2: mattyfm91 (small blind) folded before Flop
Seat 3: Mahu2021 (big blind) collected (60)



PokerStars Hand #252449290379: Tournament #3800521627, $1.84+$0.16 USD Hold'em No Limit - Level III (20/40) - 2024/09/14 21:48:30 CET [2024/09/14 15:48:30 ET]
Table '3800521627 1' 3-max Seat #2 is the button
Seat 1: ChoboPower (225 in chips) 
Seat 2: mattyfm91 (765 in chips) 
Seat 3: Mahu2021 (510 in chips) 
Mahu2021: posts small blind 20
ChoboPower: posts big blind 40
*** HOLE CARDS ***
Dealt to Mahu2021 [Tc Th]
mattyfm91: raises 80 to 120
Mahu2021: raises 390 to 510 and is all-in
ChoboPower: folds 
mattyfm91: calls 390
*** FLOP *** [Qs 7h 9d]
*** TURN *** [Qs 7h 9d] [Ks]
*** RIVER *** [Qs 7h 9d Ks] [5s]
*** SHOW DOWN ***
Mahu2021: shows [Tc Th] (a pair of Tens)
mattyfm91: shows [3d As] (high card Ace)
Mahu2021 collected 1060 from pot
*** SUMMARY ***
Total pot 1060 | Rake 0 
Board [Qs 7h 9d Ks 5s]
Seat 1: ChoboPower (big blind) folded before Flop
Seat 2: mattyfm91 (button) showed [3d As] and lost with high card Ace
Seat 3: Mahu2021 (small blind) showed [Tc Th] and won (1060) with a pair of Tens



PokerStars Hand #252449294959: Tournament #3800521627, $1.84+$0.16 USD Hold'em No Limit - Level III (20/40) - 2024/09/14 21:48:45 CET [2024/09/14 15:48:45 ET]
Table '3800521627 1' 3-max Seat #3 is the button
Seat 1: ChoboPower (185 in chips) 
Seat 2: mattyfm91 (255 in chips) 
Seat 3: Mahu2021 (1060 in chips) 
ChoboPower: posts small blind 20
mattyfm91: posts big blind 40
*** HOLE CARDS ***
Dealt to Mahu2021 [Qc Js]
Mahu2021: raises 40 to 80
ChoboPower: raises 105 to 185 and is all-in
mattyfm91: calls 145
Mahu2021: calls 105
*** FLOP *** [5s Ad 5c]
mattyfm91: checks 
Mahu2021: checks 
*** TURN *** [5s Ad 5c] [4h]
mattyfm91: checks 
Mahu2021: checks 
*** RIVER *** [5s Ad 5c 4h] [Qd]
mattyfm91: checks 
Mahu2021: bets 80
mattyfm91: folds 
Uncalled bet (80) returned to Mahu2021
*** SHOW DOWN ***
Mahu2021: shows [Qc Js] (two pair, Queens and Fives)
ChoboPower: shows [8d 9d] (a pair of Fives)
Mahu2021 collected 555 from pot
ChoboPower finished the tournament in 3rd place
*** SUMMARY ***
Total pot 555 | Rake 0 
Board [5s Ad 5c 4h Qd]
Seat 1: ChoboPower (small blind) showed [8d 9d] and lost with a pair of Fives
Seat 2: mattyfm91 (big blind) folded on the River
Seat 3: Mahu2021 (button) showed [Qc Js] and won (555) with two pair, Queens and Fives



PokerStars Hand #252449302684: Tournament #3800521627, $1.84+$0.16 USD Hold'em No Limit - Level III (20/40) - 2024/09/14 21:49:10 CET [2024/09/14 15:49:10 ET]
Table '3800521627 1' 3-max Seat #2 is the button
Seat 2: mattyfm91 (70 in chips) 
Seat 3: Mahu2021 (1430 in chips) 
mattyfm91: posts small blind 20
Mahu2021: posts big blind 40
*** HOLE CARDS ***
Dealt to Mahu2021 [4h 4d]
mattyfm91: folds 
Uncalled bet (20) returned to Mahu2021
Mahu2021 collected 40 from pot
Mahu2021: doesn't show hand 
*** SUMMARY ***
Total pot 40 | Rake 0 
Seat 2: mattyfm91 (button) (small blind) folded before Flop
Seat 3: Mahu2021 (big blind) collected (40)



PokerStars Hand #252449304035: Tournament #3800521627, $1.84+$0.16 USD Hold'em No Limit - Level III (20/40) - 2024/09/14 21:49:15 CET [2024/09/14 15:49:15 ET]
Table '3800521627 1' 3-max Seat #3 is the button
Seat 2: mattyfm91 (50 in chips) 
Seat 3: Mahu2021 (1450 in chips) 
Mahu2021: posts small blind 20
mattyfm91: posts big blind 40
*** HOLE CARDS ***
Dealt to Mahu2021 [Tc 5d]
Mahu2021: folds 
Uncalled bet (20) returned to mattyfm91
mattyfm91 collected 40 from pot
*** SUMMARY ***
Total pot 40 | Rake 0 
Seat 2: mattyfm91 (big blind) collected (40)
Seat 3: Mahu2021 (button) (small blind) folded before Flop



PokerStars Hand #252449305434: Tournament #3800521627, $1.84+$0.16 USD Hold'em No Limit - Level III (20/40) - 2024/09/14 21:49:19 CET [2024/09/14 15:49:19 ET]
Table '3800521627 1' 3-max Seat #2 is the button
Seat 2: mattyfm91 (70 in chips) 
Seat 3: Mahu2021 (1430 in chips) 
mattyfm91: posts small blind 20
Mahu2021: posts big blind 40
*** HOLE CARDS ***
Dealt to Mahu2021 [5c 7d]
mattyfm91: raises 30 to 70 and is all-in
Mahu2021: calls 30
*** FLOP *** [3c 7h 4d]
*** TURN *** [3c 7h 4d] [8c]
*** RIVER *** [3c 7h 4d 8c] [2s]
*** SHOW DOWN ***
Mahu2021: shows [5c 7d] (a pair of Sevens)
mattyfm91: shows [Ad Kh] (high card Ace)
Mahu2021 collected 140 from pot
mattyfm91 finished the tournament in 2nd place
Mahu2021 wins the tournament and receives $6.00 - congratulations!
*** SUMMARY ***
Total pot 140 | Rake 0 
Board [3c 7h 4d 8c 2s]
Seat 2: mattyfm91 (button) (small blind) showed [Ad Kh] and lost with high card Ace
Seat 3: Mahu2021 (big blind) showed [5c 7d] and won (140) with a pair of Sevens



