PokerStars Hand #249023522530: Tournament #3719590503, $1.84+$0.16 USD Hold'em No Limit - Level I (10/20) - 2024/02/22 11:21:58 CET [2024/02/22 5:21:58 ET]
Table '3719590503 1' 3-max Seat #1 is the button
Seat 1: birkeslover (500 in chips) 
Seat 2: TP197911 (500 in chips) 
Seat 3: Mahu2021 (500 in chips) 
TP197911: posts small blind 10
Mahu2021: posts big blind 20
*** HOLE CARDS ***
Dealt to Mahu2021 [6d 8d]
birkeslover: calls 20
TP197911: folds 
Mahu2021: checks 
*** FLOP *** [6s Ah 5s]
Mahu2021: checks 
birkeslover: checks 
*** TURN *** [6s Ah 5s] [Kc]
Mahu2021: checks 
birkeslover: checks 
*** RIVER *** [6s Ah 5s Kc] [Tc]
Mahu2021: bets 40
birkeslover: folds 
Uncalled bet (40) returned to Mahu2021
Mahu2021 collected 50 from pot
Mahu2021: doesn't show hand 
*** SUMMARY ***
Total pot 50 | Rake 0 
Board [6s Ah 5s Kc Tc]
Seat 1: birkeslover (button) folded on the River
Seat 2: TP197911 (small blind) folded before Flop
Seat 3: Mahu2021 (big blind) collected (50)



PokerStars Hand #249023526211: Tournament #3719590503, $1.84+$0.16 USD Hold'em No Limit - Level I (10/20) - 2024/02/22 11:22:26 CET [2024/02/22 5:22:26 ET]
Table '3719590503 1' 3-max Seat #2 is the button
Seat 1: birkeslover (480 in chips) 
Seat 2: TP197911 (490 in chips) 
Seat 3: Mahu2021 (530 in chips) 
Mahu2021: posts small blind 10
birkeslover: posts big blind 20
*** HOLE CARDS ***
Dealt to Mahu2021 [8c Jc]
TP197911: calls 20
Mahu2021: calls 10
birkeslover: checks 
*** FLOP *** [Qc 4s 6s]
Mahu2021: checks 
birkeslover: checks 
TP197911: bets 60
Mahu2021: folds 
birkeslover: folds 
Uncalled bet (60) returned to TP197911
TP197911 collected 60 from pot
*** SUMMARY ***
Total pot 60 | Rake 0 
Board [Qc 4s 6s]
Seat 1: birkeslover (big blind) folded on the Flop
Seat 2: TP197911 (button) collected (60)
Seat 3: Mahu2021 (small blind) folded on the Flop



PokerStars Hand #249023528714: Tournament #3719590503, $1.84+$0.16 USD Hold'em No Limit - Level I (10/20) - 2024/02/22 11:22:43 CET [2024/02/22 5:22:43 ET]
Table '3719590503 1' 3-max Seat #3 is the button
Seat 1: birkeslover (460 in chips) 
Seat 2: TP197911 (530 in chips) 
Seat 3: Mahu2021 (510 in chips) 
birkeslover: posts small blind 10
TP197911: posts big blind 20
*** HOLE CARDS ***
Dealt to Mahu2021 [As Td]
Mahu2021: raises 40 to 60
birkeslover: folds 
TP197911: calls 40
*** FLOP *** [Ac Ad 7h]
TP197911: checks 
Mahu2021: bets 40
TP197911: folds 
Uncalled bet (40) returned to Mahu2021
Mahu2021 collected 130 from pot
Mahu2021: doesn't show hand 
*** SUMMARY ***
Total pot 130 | Rake 0 
Board [Ac Ad 7h]
Seat 1: birkeslover (small blind) folded before Flop
Seat 2: TP197911 (big blind) folded on the Flop
Seat 3: Mahu2021 (button) collected (130)



PokerStars Hand #249023530430: Tournament #3719590503, $1.84+$0.16 USD Hold'em No Limit - Level I (10/20) - 2024/02/22 11:22:57 CET [2024/02/22 5:22:57 ET]
Table '3719590503 1' 3-max Seat #1 is the button
Seat 1: birkeslover (450 in chips) 
Seat 2: TP197911 (470 in chips) 
Seat 3: Mahu2021 (580 in chips) 
TP197911: posts small blind 10
Mahu2021: posts big blind 20
*** HOLE CARDS ***
Dealt to Mahu2021 [Tc Qs]
birkeslover: folds 
TP197911: calls 10
Mahu2021: checks 
*** FLOP *** [2s 7c 2c]
TP197911: checks 
Mahu2021: checks 
*** TURN *** [2s 7c 2c] [Td]
TP197911: checks 
Mahu2021: bets 40
TP197911: folds 
Uncalled bet (40) returned to Mahu2021
Mahu2021 collected 40 from pot
Mahu2021: doesn't show hand 
*** SUMMARY ***
Total pot 40 | Rake 0 
Board [2s 7c 2c Td]
Seat 1: birkeslover (button) folded before Flop (didn't bet)
Seat 2: TP197911 (small blind) folded on the Turn
Seat 3: Mahu2021 (big blind) collected (40)



PokerStars Hand #249023532886: Tournament #3719590503, $1.84+$0.16 USD Hold'em No Limit - Level I (10/20) - 2024/02/22 11:23:15 CET [2024/02/22 5:23:15 ET]
Table '3719590503 1' 3-max Seat #2 is the button
Seat 1: birkeslover (450 in chips) 
Seat 2: TP197911 (450 in chips) 
Seat 3: Mahu2021 (600 in chips) 
Mahu2021: posts small blind 10
birkeslover: posts big blind 20
*** HOLE CARDS ***
Dealt to Mahu2021 [Qs Tc]
TP197911: raises 20 to 40
Mahu2021: calls 30
birkeslover: folds 
*** FLOP *** [2d Th 7c]
Mahu2021: bets 40
TP197911: calls 40
*** TURN *** [2d Th 7c] [8h]
Mahu2021: bets 40
TP197911: raises 40 to 80
Mahu2021: calls 40
*** RIVER *** [2d Th 7c 8h] [8s]
Mahu2021: bets 40
TP197911: folds 
Uncalled bet (40) returned to Mahu2021
Mahu2021 collected 340 from pot
Mahu2021: doesn't show hand 
*** SUMMARY ***
Total pot 340 | Rake 0 
Board [2d Th 7c 8h 8s]
Seat 1: birkeslover (big blind) folded before Flop
Seat 2: TP197911 (button) folded on the River
Seat 3: Mahu2021 (small blind) collected (340)



PokerStars Hand #249023536551: Tournament #3719590503, $1.84+$0.16 USD Hold'em No Limit - Level I (10/20) - 2024/02/22 11:23:42 CET [2024/02/22 5:23:42 ET]
Table '3719590503 1' 3-max Seat #3 is the button
Seat 1: birkeslover (430 in chips) 
Seat 2: TP197911 (290 in chips) 
Seat 3: Mahu2021 (780 in chips) 
birkeslover: posts small blind 10
TP197911: posts big blind 20
*** HOLE CARDS ***
Dealt to Mahu2021 [5d 9h]
Mahu2021: folds 
birkeslover: calls 10
TP197911: checks 
*** FLOP *** [Td 4c Ks]
birkeslover: checks 
TP197911: checks 
*** TURN *** [Td 4c Ks] [Tc]
birkeslover: bets 40
TP197911: folds 
Uncalled bet (40) returned to birkeslover
birkeslover collected 40 from pot
birkeslover: doesn't show hand 
*** SUMMARY ***
Total pot 40 | Rake 0 
Board [Td 4c Ks Tc]
Seat 1: birkeslover (small blind) collected (40)
Seat 2: TP197911 (big blind) folded on the Turn
Seat 3: Mahu2021 (button) folded before Flop (didn't bet)



PokerStars Hand #249023540838: Tournament #3719590503, $1.84+$0.16 USD Hold'em No Limit - Level II (15/30) - 2024/02/22 11:24:12 CET [2024/02/22 5:24:12 ET]
Table '3719590503 1' 3-max Seat #1 is the button
Seat 1: birkeslover (450 in chips) 
Seat 2: TP197911 (270 in chips) 
Seat 3: Mahu2021 (780 in chips) 
TP197911: posts small blind 15
Mahu2021: posts big blind 30
*** HOLE CARDS ***
Dealt to Mahu2021 [As 6d]
birkeslover: calls 30
TP197911: calls 15
Mahu2021: checks 
*** FLOP *** [Qh Kc Qc]
TP197911: bets 90
Mahu2021: folds 
birkeslover: calls 90
*** TURN *** [Qh Kc Qc] [Jd]
TP197911: bets 120
birkeslover: calls 120
*** RIVER *** [Qh Kc Qc Jd] [2s]
TP197911: bets 30 and is all-in
birkeslover: folds 
Uncalled bet (30) returned to TP197911
TP197911 collected 510 from pot
*** SUMMARY ***
Total pot 510 | Rake 0 
Board [Qh Kc Qc Jd 2s]
Seat 1: birkeslover (button) folded on the River
Seat 2: TP197911 (small blind) collected (510)
Seat 3: Mahu2021 (big blind) folded on the Flop



PokerStars Hand #249023546215: Tournament #3719590503, $1.84+$0.16 USD Hold'em No Limit - Level II (15/30) - 2024/02/22 11:24:52 CET [2024/02/22 5:24:52 ET]
Table '3719590503 1' 3-max Seat #2 is the button
Seat 1: birkeslover (210 in chips) 
Seat 2: TP197911 (540 in chips) 
Seat 3: Mahu2021 (750 in chips) 
Mahu2021: posts small blind 15
birkeslover: posts big blind 30
*** HOLE CARDS ***
Dealt to Mahu2021 [4s 2c]
TP197911: folds 
Mahu2021: folds 
Uncalled bet (15) returned to birkeslover
birkeslover collected 30 from pot
birkeslover: doesn't show hand 
*** SUMMARY ***
Total pot 30 | Rake 0 
Seat 1: birkeslover (big blind) collected (30)
Seat 2: TP197911 (button) folded before Flop (didn't bet)
Seat 3: Mahu2021 (small blind) folded before Flop



PokerStars Hand #249023546929: Tournament #3719590503, $1.84+$0.16 USD Hold'em No Limit - Level II (15/30) - 2024/02/22 11:24:57 CET [2024/02/22 5:24:57 ET]
Table '3719590503 1' 3-max Seat #3 is the button
Seat 1: birkeslover (225 in chips) 
Seat 2: TP197911 (540 in chips) 
Seat 3: Mahu2021 (735 in chips) 
birkeslover: posts small blind 15
TP197911: posts big blind 30
*** HOLE CARDS ***
Dealt to Mahu2021 [7c 5c]
Mahu2021: raises 30 to 60
birkeslover: folds 
TP197911: calls 30
*** FLOP *** [Jh 8h 7s]
TP197911: bets 90
Mahu2021: folds 
Uncalled bet (90) returned to TP197911
TP197911 collected 135 from pot
*** SUMMARY ***
Total pot 135 | Rake 0 
Board [Jh 8h 7s]
Seat 1: birkeslover (small blind) folded before Flop
Seat 2: TP197911 (big blind) collected (135)
Seat 3: Mahu2021 (button) folded on the Flop



PokerStars Hand #249023549099: Tournament #3719590503, $1.84+$0.16 USD Hold'em No Limit - Level II (15/30) - 2024/02/22 11:25:13 CET [2024/02/22 5:25:13 ET]
Table '3719590503 1' 3-max Seat #1 is the button
Seat 1: birkeslover (210 in chips) 
Seat 2: TP197911 (615 in chips) 
Seat 3: Mahu2021 (675 in chips) 
TP197911: posts small blind 15
Mahu2021: posts big blind 30
*** HOLE CARDS ***
Dealt to Mahu2021 [9c Ts]
birkeslover: folds 
TP197911: calls 15
Mahu2021: checks 
*** FLOP *** [Jc 5s 5h]
TP197911: checks 
Mahu2021: checks 
*** TURN *** [Jc 5s 5h] [Ac]
TP197911: checks 
Mahu2021: checks 
*** RIVER *** [Jc 5s 5h Ac] [8d]
TP197911: checks 
Mahu2021: checks 
*** SHOW DOWN ***
TP197911: shows [6c 7h] (a pair of Fives)
Mahu2021: shows [9c Ts] (a pair of Fives - Ace+Jack+Ten kicker)
Mahu2021 collected 60 from pot
*** SUMMARY ***
Total pot 60 | Rake 0 
Board [Jc 5s 5h Ac 8d]
Seat 1: birkeslover (button) folded before Flop (didn't bet)
Seat 2: TP197911 (small blind) showed [6c 7h] and lost with a pair of Fives
Seat 3: Mahu2021 (big blind) showed [9c Ts] and won (60) with a pair of Fives



PokerStars Hand #249023551376: Tournament #3719590503, $1.84+$0.16 USD Hold'em No Limit - Level II (15/30) - 2024/02/22 11:25:30 CET [2024/02/22 5:25:30 ET]
Table '3719590503 1' 3-max Seat #2 is the button
Seat 1: birkeslover (210 in chips) 
Seat 2: TP197911 (585 in chips) 
Seat 3: Mahu2021 (705 in chips) 
Mahu2021: posts small blind 15
birkeslover: posts big blind 30
*** HOLE CARDS ***
Dealt to Mahu2021 [Tc 4c]
TP197911: raises 30 to 60
Mahu2021: folds 
birkeslover: folds 
Uncalled bet (30) returned to TP197911
TP197911 collected 75 from pot
*** SUMMARY ***
Total pot 75 | Rake 0 
Seat 1: birkeslover (big blind) folded before Flop
Seat 2: TP197911 (button) collected (75)
Seat 3: Mahu2021 (small blind) folded before Flop



PokerStars Hand #249023553454: Tournament #3719590503, $1.84+$0.16 USD Hold'em No Limit - Level II (15/30) - 2024/02/22 11:25:44 CET [2024/02/22 5:25:44 ET]
Table '3719590503 1' 3-max Seat #3 is the button
Seat 1: birkeslover (180 in chips) 
Seat 2: TP197911 (630 in chips) 
Seat 3: Mahu2021 (690 in chips) 
birkeslover: posts small blind 15
TP197911: posts big blind 30
*** HOLE CARDS ***
Dealt to Mahu2021 [As 7h]
Mahu2021: raises 30 to 60
birkeslover: folds 
TP197911: calls 30
*** FLOP *** [3h Qc 6h]
TP197911: bets 60
Mahu2021: folds 
Uncalled bet (60) returned to TP197911
TP197911 collected 135 from pot
*** SUMMARY ***
Total pot 135 | Rake 0 
Board [3h Qc 6h]
Seat 1: birkeslover (small blind) folded before Flop
Seat 2: TP197911 (big blind) collected (135)
Seat 3: Mahu2021 (button) folded on the Flop



PokerStars Hand #249023555306: Tournament #3719590503, $1.84+$0.16 USD Hold'em No Limit - Level II (15/30) - 2024/02/22 11:25:58 CET [2024/02/22 5:25:58 ET]
Table '3719590503 1' 3-max Seat #1 is the button
Seat 1: birkeslover (165 in chips) 
Seat 2: TP197911 (705 in chips) 
Seat 3: Mahu2021 (630 in chips) 
TP197911: posts small blind 15
Mahu2021: posts big blind 30
*** HOLE CARDS ***
Dealt to Mahu2021 [5s 2h]
birkeslover: folds 
TP197911: calls 15
Mahu2021: checks 
*** FLOP *** [8s 7d Th]
TP197911: checks 
Mahu2021: checks 
*** TURN *** [8s 7d Th] [9c]
TP197911: bets 120
Mahu2021: folds 
Uncalled bet (120) returned to TP197911
TP197911 collected 60 from pot
*** SUMMARY ***
Total pot 60 | Rake 0 
Board [8s 7d Th 9c]
Seat 1: birkeslover (button) folded before Flop (didn't bet)
Seat 2: TP197911 (small blind) collected (60)
Seat 3: Mahu2021 (big blind) folded on the Turn



PokerStars Hand #249023558054: Tournament #3719590503, $1.84+$0.16 USD Hold'em No Limit - Level III (20/40) - 2024/02/22 11:26:18 CET [2024/02/22 5:26:18 ET]
Table '3719590503 1' 3-max Seat #2 is the button
Seat 1: birkeslover (165 in chips) 
Seat 2: TP197911 (735 in chips) 
Seat 3: Mahu2021 (600 in chips) 
Mahu2021: posts small blind 20
birkeslover: posts big blind 40
*** HOLE CARDS ***
Dealt to Mahu2021 [3h 7h]
TP197911: raises 40 to 80
Mahu2021: folds 
birkeslover: raises 85 to 165 and is all-in
TP197911: calls 85
*** FLOP *** [Qh Th Jc]
*** TURN *** [Qh Th Jc] [Kd]
*** RIVER *** [Qh Th Jc Kd] [Qd]
*** SHOW DOWN ***
birkeslover: shows [Ad Ah] (a straight, Ten to Ace)
TP197911: shows [Qs Jd] (a full house, Queens full of Jacks)
TP197911 collected 350 from pot
birkeslover finished the tournament in 3rd place
*** SUMMARY ***
Total pot 350 | Rake 0 
Board [Qh Th Jc Kd Qd]
Seat 1: birkeslover (big blind) showed [Ad Ah] and lost with a straight, Ten to Ace
Seat 2: TP197911 (button) showed [Qs Jd] and won (350) with a full house, Queens full of Jacks
Seat 3: Mahu2021 (small blind) folded before Flop



PokerStars Hand #249023561886: Tournament #3719590503, $1.84+$0.16 USD Hold'em No Limit - Level III (20/40) - 2024/02/22 11:26:46 CET [2024/02/22 5:26:46 ET]
Table '3719590503 1' 3-max Seat #3 is the button
Seat 2: TP197911 (920 in chips) 
Seat 3: Mahu2021 (580 in chips) 
Mahu2021: posts small blind 20
TP197911: posts big blind 40
*** HOLE CARDS ***
Dealt to Mahu2021 [2c 7d]
Mahu2021: folds 
Uncalled bet (20) returned to TP197911
TP197911 collected 40 from pot
*** SUMMARY ***
Total pot 40 | Rake 0 
Seat 2: TP197911 (big blind) collected (40)
Seat 3: Mahu2021 (button) (small blind) folded before Flop



PokerStars Hand #249023562421: Tournament #3719590503, $1.84+$0.16 USD Hold'em No Limit - Level III (20/40) - 2024/02/22 11:26:50 CET [2024/02/22 5:26:50 ET]
Table '3719590503 1' 3-max Seat #2 is the button
Seat 2: TP197911 (940 in chips) 
Seat 3: Mahu2021 (560 in chips) 
TP197911: posts small blind 20
Mahu2021: posts big blind 40
*** HOLE CARDS ***
Dealt to Mahu2021 [Kh 5c]
TP197911: calls 20
Mahu2021: checks 
*** FLOP *** [2c As 7h]
Mahu2021: checks 
TP197911: bets 80
Mahu2021: folds 
Uncalled bet (80) returned to TP197911
TP197911 collected 80 from pot
*** SUMMARY ***
Total pot 80 | Rake 0 
Board [2c As 7h]
Seat 2: TP197911 (button) (small blind) collected (80)
Seat 3: Mahu2021 (big blind) folded on the Flop



PokerStars Hand #249023563866: Tournament #3719590503, $1.84+$0.16 USD Hold'em No Limit - Level III (20/40) - 2024/02/22 11:27:01 CET [2024/02/22 5:27:01 ET]
Table '3719590503 1' 3-max Seat #3 is the button
Seat 2: TP197911 (980 in chips) 
Seat 3: Mahu2021 (520 in chips) 
Mahu2021: posts small blind 20
TP197911: posts big blind 40
*** HOLE CARDS ***
Dealt to Mahu2021 [4s As]
Mahu2021: raises 40 to 80
TP197911: calls 40
*** FLOP *** [Kd 9s Ad]
TP197911: checks 
Mahu2021: bets 80
TP197911: calls 80
*** TURN *** [Kd 9s Ad] [4c]
TP197911: checks 
Mahu2021: bets 320
TP197911: folds 
Uncalled bet (320) returned to Mahu2021
Mahu2021 collected 320 from pot
Mahu2021: doesn't show hand 
*** SUMMARY ***
Total pot 320 | Rake 0 
Board [Kd 9s Ad 4c]
Seat 2: TP197911 (big blind) folded on the Turn
Seat 3: Mahu2021 (button) (small blind) collected (320)



PokerStars Hand #249023566268: Tournament #3719590503, $1.84+$0.16 USD Hold'em No Limit - Level III (20/40) - 2024/02/22 11:27:18 CET [2024/02/22 5:27:18 ET]
Table '3719590503 1' 3-max Seat #2 is the button
Seat 2: TP197911 (820 in chips) 
Seat 3: Mahu2021 (680 in chips) 
TP197911: posts small blind 20
Mahu2021: posts big blind 40
*** HOLE CARDS ***
Dealt to Mahu2021 [Js 4h]
TP197911: calls 20
Mahu2021: checks 
*** FLOP *** [9h 5c Jd]
Mahu2021: bets 80
TP197911: calls 80
*** TURN *** [9h 5c Jd] [8c]
Mahu2021: bets 80
TP197911: folds 
Uncalled bet (80) returned to Mahu2021
Mahu2021 collected 240 from pot
Mahu2021: doesn't show hand 
*** SUMMARY ***
Total pot 240 | Rake 0 
Board [9h 5c Jd 8c]
Seat 2: TP197911 (button) (small blind) folded on the Turn
Seat 3: Mahu2021 (big blind) collected (240)



PokerStars Hand #249023568138: Tournament #3719590503, $1.84+$0.16 USD Hold'em No Limit - Level III (20/40) - 2024/02/22 11:27:32 CET [2024/02/22 5:27:32 ET]
Table '3719590503 1' 3-max Seat #3 is the button
Seat 2: TP197911 (700 in chips) 
Seat 3: Mahu2021 (800 in chips) 
Mahu2021: posts small blind 20
TP197911: posts big blind 40
*** HOLE CARDS ***
Dealt to Mahu2021 [As 6c]
Mahu2021: raises 40 to 80
TP197911: folds 
Uncalled bet (40) returned to Mahu2021
Mahu2021 collected 80 from pot
Mahu2021: doesn't show hand 
*** SUMMARY ***
Total pot 80 | Rake 0 
Seat 2: TP197911 (big blind) folded before Flop
Seat 3: Mahu2021 (button) (small blind) collected (80)



PokerStars Hand #249023568979: Tournament #3719590503, $1.84+$0.16 USD Hold'em No Limit - Level III (20/40) - 2024/02/22 11:27:38 CET [2024/02/22 5:27:38 ET]
Table '3719590503 1' 3-max Seat #2 is the button
Seat 2: TP197911 (660 in chips) 
Seat 3: Mahu2021 (840 in chips) 
TP197911: posts small blind 20
Mahu2021: posts big blind 40
*** HOLE CARDS ***
Dealt to Mahu2021 [2d 2c]
TP197911: calls 20
Mahu2021: checks 
*** FLOP *** [8c 9h Tc]
Mahu2021: checks 
TP197911: bets 120
Mahu2021: folds 
Uncalled bet (120) returned to TP197911
TP197911 collected 80 from pot
*** SUMMARY ***
Total pot 80 | Rake 0 
Board [8c 9h Tc]
Seat 2: TP197911 (button) (small blind) collected (80)
Seat 3: Mahu2021 (big blind) folded on the Flop



PokerStars Hand #249023570630: Tournament #3719590503, $1.84+$0.16 USD Hold'em No Limit - Level III (20/40) - 2024/02/22 11:27:50 CET [2024/02/22 5:27:50 ET]
Table '3719590503 1' 3-max Seat #3 is the button
Seat 2: TP197911 (700 in chips) 
Seat 3: Mahu2021 (800 in chips) 
Mahu2021: posts small blind 20
TP197911: posts big blind 40
*** HOLE CARDS ***
Dealt to Mahu2021 [6c Qc]
Mahu2021: raises 40 to 80
TP197911: calls 40
*** FLOP *** [8h Kc Js]
TP197911: checks 
Mahu2021: checks 
*** TURN *** [8h Kc Js] [Ks]
TP197911: checks 
Mahu2021: bets 80
TP197911: calls 80
*** RIVER *** [8h Kc Js Ks] [6d]
TP197911: checks 
Mahu2021: checks 
*** SHOW DOWN ***
TP197911: shows [6s 2s] (two pair, Kings and Sixes)
Mahu2021: shows [6c Qc] (two pair, Kings and Sixes - Queen kicker)
Mahu2021 collected 320 from pot
*** SUMMARY ***
Total pot 320 | Rake 0 
Board [8h Kc Js Ks 6d]
Seat 2: TP197911 (big blind) showed [6s 2s] and lost with two pair, Kings and Sixes
Seat 3: Mahu2021 (button) (small blind) showed [6c Qc] and won (320) with two pair, Kings and Sixes



PokerStars Hand #249023573429: Tournament #3719590503, $1.84+$0.16 USD Hold'em No Limit - Level IV (30/60) - 2024/02/22 11:28:10 CET [2024/02/22 5:28:10 ET]
Table '3719590503 1' 3-max Seat #2 is the button
Seat 2: TP197911 (540 in chips) 
Seat 3: Mahu2021 (960 in chips) 
TP197911: posts small blind 30
Mahu2021: posts big blind 60
*** HOLE CARDS ***
Dealt to Mahu2021 [5h Jc]
TP197911: calls 30
Mahu2021: checks 
*** FLOP *** [Qh 6c Qc]
Mahu2021: checks 
TP197911: checks 
*** TURN *** [Qh 6c Qc] [As]
Mahu2021: checks 
TP197911: checks 
*** RIVER *** [Qh 6c Qc As] [9h]
Mahu2021: bets 120
TP197911: folds 
Uncalled bet (120) returned to Mahu2021
Mahu2021 collected 120 from pot
Mahu2021: doesn't show hand 
*** SUMMARY ***
Total pot 120 | Rake 0 
Board [Qh 6c Qc As 9h]
Seat 2: TP197911 (button) (small blind) folded on the River
Seat 3: Mahu2021 (big blind) collected (120)



PokerStars Hand #249023575366: Tournament #3719590503, $1.84+$0.16 USD Hold'em No Limit - Level IV (30/60) - 2024/02/22 11:28:25 CET [2024/02/22 5:28:25 ET]
Table '3719590503 1' 3-max Seat #3 is the button
Seat 2: TP197911 (480 in chips) 
Seat 3: Mahu2021 (1020 in chips) 
Mahu2021: posts small blind 30
TP197911: posts big blind 60
*** HOLE CARDS ***
Dealt to Mahu2021 [6s Kc]
Mahu2021: raises 60 to 120
TP197911: calls 60
*** FLOP *** [3h 6h 9d]
TP197911: checks 
Mahu2021: bets 900 and is all-in
TP197911: folds 
Uncalled bet (900) returned to Mahu2021
Mahu2021 collected 240 from pot
Mahu2021: doesn't show hand 
*** SUMMARY ***
Total pot 240 | Rake 0 
Board [3h 6h 9d]
Seat 2: TP197911 (big blind) folded on the Flop
Seat 3: Mahu2021 (button) (small blind) collected (240)



PokerStars Hand #249023576730: Tournament #3719590503, $1.84+$0.16 USD Hold'em No Limit - Level IV (30/60) - 2024/02/22 11:28:34 CET [2024/02/22 5:28:34 ET]
Table '3719590503 1' 3-max Seat #2 is the button
Seat 2: TP197911 (360 in chips) 
Seat 3: Mahu2021 (1140 in chips) 
TP197911: posts small blind 30
Mahu2021: posts big blind 60
*** HOLE CARDS ***
Dealt to Mahu2021 [4s 8h]
TP197911: calls 30
Mahu2021: checks 
*** FLOP *** [7d 9d 2h]
Mahu2021: checks 
TP197911: bets 120
Mahu2021: folds 
Uncalled bet (120) returned to TP197911
TP197911 collected 120 from pot
*** SUMMARY ***
Total pot 120 | Rake 0 
Board [7d 9d 2h]
Seat 2: TP197911 (button) (small blind) collected (120)
Seat 3: Mahu2021 (big blind) folded on the Flop



PokerStars Hand #249023578380: Tournament #3719590503, $1.84+$0.16 USD Hold'em No Limit - Level IV (30/60) - 2024/02/22 11:28:47 CET [2024/02/22 5:28:47 ET]
Table '3719590503 1' 3-max Seat #3 is the button
Seat 2: TP197911 (420 in chips) 
Seat 3: Mahu2021 (1080 in chips) 
Mahu2021: posts small blind 30
TP197911: posts big blind 60
*** HOLE CARDS ***
Dealt to Mahu2021 [3h 3d]
Mahu2021: raises 1020 to 1080 and is all-in
TP197911: folds 
Uncalled bet (1020) returned to Mahu2021
Mahu2021 collected 120 from pot
Mahu2021: doesn't show hand 
*** SUMMARY ***
Total pot 120 | Rake 0 
Seat 2: TP197911 (big blind) folded before Flop
Seat 3: Mahu2021 (button) (small blind) collected (120)



PokerStars Hand #249023580005: Tournament #3719590503, $1.84+$0.16 USD Hold'em No Limit - Level IV (30/60) - 2024/02/22 11:28:58 CET [2024/02/22 5:28:58 ET]
Table '3719590503 1' 3-max Seat #2 is the button
Seat 2: TP197911 (360 in chips) 
Seat 3: Mahu2021 (1140 in chips) 
TP197911: posts small blind 30
Mahu2021: posts big blind 60
*** HOLE CARDS ***
Dealt to Mahu2021 [3s Jd]
TP197911: folds 
Uncalled bet (30) returned to Mahu2021
Mahu2021 collected 60 from pot
Mahu2021: doesn't show hand 
*** SUMMARY ***
Total pot 60 | Rake 0 
Seat 2: TP197911 (button) (small blind) folded before Flop
Seat 3: Mahu2021 (big blind) collected (60)



PokerStars Hand #249023580777: Tournament #3719590503, $1.84+$0.16 USD Hold'em No Limit - Level IV (30/60) - 2024/02/22 11:29:04 CET [2024/02/22 5:29:04 ET]
Table '3719590503 1' 3-max Seat #3 is the button
Seat 2: TP197911 (330 in chips) 
Seat 3: Mahu2021 (1170 in chips) 
Mahu2021: posts small blind 30
TP197911: posts big blind 60
*** HOLE CARDS ***
Dealt to Mahu2021 [Tc 8d]
Mahu2021: calls 30
TP197911: checks 
*** FLOP *** [Jh 5s 2d]
TP197911: bets 120
Mahu2021: folds 
Uncalled bet (120) returned to TP197911
TP197911 collected 120 from pot
*** SUMMARY ***
Total pot 120 | Rake 0 
Board [Jh 5s 2d]
Seat 2: TP197911 (big blind) collected (120)
Seat 3: Mahu2021 (button) (small blind) folded on the Flop



PokerStars Hand #249023582264: Tournament #3719590503, $1.84+$0.16 USD Hold'em No Limit - Level IV (30/60) - 2024/02/22 11:29:14 CET [2024/02/22 5:29:14 ET]
Table '3719590503 1' 3-max Seat #2 is the button
Seat 2: TP197911 (390 in chips) 
Seat 3: Mahu2021 (1110 in chips) 
TP197911: posts small blind 30
Mahu2021: posts big blind 60
*** HOLE CARDS ***
Dealt to Mahu2021 [6d Kc]
TP197911: raises 60 to 120
Mahu2021: calls 60
*** FLOP *** [Ad 7h Ts]
Mahu2021: checks 
TP197911: bets 180
Mahu2021: folds 
Uncalled bet (180) returned to TP197911
TP197911 collected 240 from pot
*** SUMMARY ***
Total pot 240 | Rake 0 
Board [Ad 7h Ts]
Seat 2: TP197911 (button) (small blind) collected (240)
Seat 3: Mahu2021 (big blind) folded on the Flop



PokerStars Hand #249023583841: Tournament #3719590503, $1.84+$0.16 USD Hold'em No Limit - Level IV (30/60) - 2024/02/22 11:29:26 CET [2024/02/22 5:29:26 ET]
Table '3719590503 1' 3-max Seat #3 is the button
Seat 2: TP197911 (510 in chips) 
Seat 3: Mahu2021 (990 in chips) 
Mahu2021: posts small blind 30
TP197911: posts big blind 60
*** HOLE CARDS ***
Dealt to Mahu2021 [Qc 2c]
Mahu2021: calls 30
TP197911: checks 
*** FLOP *** [5d Ad Jd]
TP197911: checks 
Mahu2021: bets 60
TP197911: folds 
Uncalled bet (60) returned to Mahu2021
Mahu2021 collected 120 from pot
Mahu2021: doesn't show hand 
*** SUMMARY ***
Total pot 120 | Rake 0 
Board [5d Ad Jd]
Seat 2: TP197911 (big blind) folded on the Flop
Seat 3: Mahu2021 (button) (small blind) collected (120)



PokerStars Hand #249023585400: Tournament #3719590503, $1.84+$0.16 USD Hold'em No Limit - Level IV (30/60) - 2024/02/22 11:29:37 CET [2024/02/22 5:29:37 ET]
Table '3719590503 1' 3-max Seat #2 is the button
Seat 2: TP197911 (450 in chips) 
Seat 3: Mahu2021 (1050 in chips) 
TP197911: posts small blind 30
Mahu2021: posts big blind 60
*** HOLE CARDS ***
Dealt to Mahu2021 [9h As]
TP197911: folds 
Uncalled bet (30) returned to Mahu2021
Mahu2021 collected 60 from pot
Mahu2021: doesn't show hand 
*** SUMMARY ***
Total pot 60 | Rake 0 
Seat 2: TP197911 (button) (small blind) folded before Flop
Seat 3: Mahu2021 (big blind) collected (60)



PokerStars Hand #249023586084: Tournament #3719590503, $1.84+$0.16 USD Hold'em No Limit - Level IV (30/60) - 2024/02/22 11:29:42 CET [2024/02/22 5:29:42 ET]
Table '3719590503 1' 3-max Seat #3 is the button
Seat 2: TP197911 (420 in chips) 
Seat 3: Mahu2021 (1080 in chips) 
Mahu2021: posts small blind 30
TP197911: posts big blind 60
*** HOLE CARDS ***
Dealt to Mahu2021 [8d 2h]
Mahu2021: folds 
Uncalled bet (30) returned to TP197911
TP197911 collected 60 from pot
*** SUMMARY ***
Total pot 60 | Rake 0 
Seat 2: TP197911 (big blind) collected (60)
Seat 3: Mahu2021 (button) (small blind) folded before Flop



PokerStars Hand #249023586689: Tournament #3719590503, $1.84+$0.16 USD Hold'em No Limit - Level IV (30/60) - 2024/02/22 11:29:46 CET [2024/02/22 5:29:46 ET]
Table '3719590503 1' 3-max Seat #2 is the button
Seat 2: TP197911 (450 in chips) 
Seat 3: Mahu2021 (1050 in chips) 
TP197911: posts small blind 30
Mahu2021: posts big blind 60
*** HOLE CARDS ***
Dealt to Mahu2021 [2c Qs]
TP197911: calls 30
Mahu2021: checks 
*** FLOP *** [3h 4s Ah]
Mahu2021: checks 
TP197911: checks 
*** TURN *** [3h 4s Ah] [Js]
Mahu2021: bets 60
TP197911: calls 60
*** RIVER *** [3h 4s Ah Js] [4c]
Mahu2021: checks 
TP197911: checks 
*** SHOW DOWN ***
Mahu2021: shows [2c Qs] (a pair of Fours)
TP197911: mucks hand 
Mahu2021 collected 240 from pot
*** SUMMARY ***
Total pot 240 | Rake 0 
Board [3h 4s Ah Js 4c]
Seat 2: TP197911 (button) (small blind) mucked [7s 6h]
Seat 3: Mahu2021 (big blind) showed [2c Qs] and won (240) with a pair of Fours



PokerStars Hand #249023589571: Tournament #3719590503, $1.84+$0.16 USD Hold'em No Limit - Level V (40/80) - 2024/02/22 11:30:07 CET [2024/02/22 5:30:07 ET]
Table '3719590503 1' 3-max Seat #3 is the button
Seat 2: TP197911 (330 in chips) 
Seat 3: Mahu2021 (1170 in chips) 
Mahu2021: posts small blind 40
TP197911: posts big blind 80
*** HOLE CARDS ***
Dealt to Mahu2021 [8h 7h]
Mahu2021: calls 40
TP197911: raises 240 to 320
Mahu2021: calls 240
*** FLOP *** [9c Ah Qs]
TP197911: bets 10 and is all-in
Mahu2021: calls 10
*** TURN *** [9c Ah Qs] [5d]
*** RIVER *** [9c Ah Qs 5d] [6c]
*** SHOW DOWN ***
TP197911: shows [Ad Qd] (two pair, Aces and Queens)
Mahu2021: shows [8h 7h] (a straight, Five to Nine)
Mahu2021 collected 660 from pot
TP197911 finished the tournament in 2nd place
Mahu2021 wins the tournament and receives $4.00 - congratulations!
*** SUMMARY ***
Total pot 660 | Rake 0 
Board [9c Ah Qs 5d 6c]
Seat 2: TP197911 (big blind) showed [Ad Qd] and lost with two pair, Aces and Queens
Seat 3: Mahu2021 (button) (small blind) showed [8h 7h] and won (660) with a straight, Five to Nine



