PokerStars Hand #244447214502: Tournament #3608524733, $0.92+$0.08 USD Hold'em No Limit - Level I (10/20) - 2023/06/24 23:17:48 CET [2023/06/24 17:17:48 ET]
Table '3608524733 1' 3-max Seat #1 is the button
Seat 1: edwinmz (500 in chips) 
Seat 2: Mahu2021 (500 in chips) 
Seat 3: Aalkoholik (500 in chips) 
Mahu2021: posts small blind 10
Aalkoholik: posts big blind 20
*** HOLE CARDS ***
Dealt to Mahu2021 [Kc Qs]
edwinmz: folds 
Mahu2021: raises 20 to 40
Aalkoholik: calls 20
*** FLOP *** [Jc 9d As]
Mahu2021: bets 40
Aalkoholik: folds 
Uncalled bet (40) returned to Mahu2021
Mahu2021 collected 80 from pot
Mahu2021: doesn't show hand 
*** SUMMARY ***
Total pot 80 | Rake 0 
Board [Jc 9d As]
Seat 1: edwinmz (button) folded before Flop (didn't bet)
Seat 2: Mahu2021 (small blind) collected (80)
Seat 3: Aalkoholik (big blind) folded on the Flop



PokerStars Hand #244447219255: Tournament #3608524733, $0.92+$0.08 USD Hold'em No Limit - Level I (10/20) - 2023/06/24 23:18:04 CET [2023/06/24 17:18:04 ET]
Table '3608524733 1' 3-max Seat #2 is the button
Seat 1: edwinmz (500 in chips) 
Seat 2: Mahu2021 (540 in chips) 
Seat 3: Aalkoholik (460 in chips) 
Aalkoholik: posts small blind 10
edwinmz: posts big blind 20
*** HOLE CARDS ***
Dealt to Mahu2021 [2d Ac]
Mahu2021: folds 
Aalkoholik: raises 20 to 40
edwinmz: calls 20
*** FLOP *** [Td 5c Ad]
Aalkoholik: bets 40
edwinmz: calls 40
*** TURN *** [Td 5c Ad] [Ts]
Aalkoholik: checks 
edwinmz: bets 60
Aalkoholik: folds 
Uncalled bet (60) returned to edwinmz
edwinmz collected 160 from pot
*** SUMMARY ***
Total pot 160 | Rake 0 
Board [Td 5c Ad Ts]
Seat 1: edwinmz (big blind) collected (160)
Seat 2: Mahu2021 (button) folded before Flop (didn't bet)
Seat 3: Aalkoholik (small blind) folded on the Turn



PokerStars Hand #244447227273: Tournament #3608524733, $0.92+$0.08 USD Hold'em No Limit - Level I (10/20) - 2023/06/24 23:18:31 CET [2023/06/24 17:18:31 ET]
Table '3608524733 1' 3-max Seat #3 is the button
Seat 1: edwinmz (580 in chips) 
Seat 2: Mahu2021 (540 in chips) 
Seat 3: Aalkoholik (380 in chips) 
edwinmz: posts small blind 10
Mahu2021: posts big blind 20
*** HOLE CARDS ***
Dealt to Mahu2021 [3s 6s]
Aalkoholik: raises 20 to 40
edwinmz: folds 
Mahu2021: calls 20
*** FLOP *** [5d 4c 5h]
Mahu2021: checks 
Aalkoholik: bets 45
Mahu2021: calls 45
*** TURN *** [5d 4c 5h] [3h]
Mahu2021: checks 
Aalkoholik: checks 
*** RIVER *** [5d 4c 5h 3h] [Ad]
Mahu2021: checks 
Aalkoholik: checks 
*** SHOW DOWN ***
Mahu2021: shows [3s 6s] (two pair, Fives and Threes)
Aalkoholik: mucks hand 
Mahu2021 collected 180 from pot
*** SUMMARY ***
Total pot 180 | Rake 0 
Board [5d 4c 5h 3h Ad]
Seat 1: edwinmz (small blind) folded before Flop
Seat 2: Mahu2021 (big blind) showed [3s 6s] and won (180) with two pair, Fives and Threes
Seat 3: Aalkoholik (button) mucked [Js Kh]



PokerStars Hand #244447234539: Tournament #3608524733, $0.92+$0.08 USD Hold'em No Limit - Level I (10/20) - 2023/06/24 23:18:55 CET [2023/06/24 17:18:55 ET]
Table '3608524733 1' 3-max Seat #1 is the button
Seat 1: edwinmz (570 in chips) 
Seat 2: Mahu2021 (635 in chips) 
Seat 3: Aalkoholik (295 in chips) 
Mahu2021: posts small blind 10
Aalkoholik: posts big blind 20
*** HOLE CARDS ***
Dealt to Mahu2021 [7s 3d]
edwinmz: raises 20 to 40
Mahu2021: folds 
Aalkoholik: calls 20
*** FLOP *** [Jh 7c As]
Aalkoholik: checks 
edwinmz: bets 30
Aalkoholik: calls 30
*** TURN *** [Jh 7c As] [Ad]
Aalkoholik: checks 
edwinmz: bets 101
Aalkoholik: calls 101
*** RIVER *** [Jh 7c As Ad] [3s]
Aalkoholik: bets 124 and is all-in
edwinmz: folds 
Uncalled bet (124) returned to Aalkoholik
Aalkoholik collected 352 from pot
Aalkoholik: doesn't show hand 
*** SUMMARY ***
Total pot 352 | Rake 0 
Board [Jh 7c As Ad 3s]
Seat 1: edwinmz (button) folded on the River
Seat 2: Mahu2021 (small blind) folded before Flop
Seat 3: Aalkoholik (big blind) collected (352)



PokerStars Hand #244447244499: Tournament #3608524733, $0.92+$0.08 USD Hold'em No Limit - Level I (10/20) - 2023/06/24 23:19:28 CET [2023/06/24 17:19:28 ET]
Table '3608524733 1' 3-max Seat #2 is the button
Seat 1: edwinmz (399 in chips) 
Seat 2: Mahu2021 (625 in chips) 
Seat 3: Aalkoholik (476 in chips) 
Aalkoholik: posts small blind 10
edwinmz: posts big blind 20
*** HOLE CARDS ***
Dealt to Mahu2021 [Ad 3d]
Mahu2021: raises 20 to 40
Aalkoholik: folds 
edwinmz: raises 80 to 120
Mahu2021: calls 80
*** FLOP *** [As 9d 2c]
edwinmz: bets 279 and is all-in
Mahu2021: calls 279
*** TURN *** [As 9d 2c] [Ks]
*** RIVER *** [As 9d 2c Ks] [Ac]
*** SHOW DOWN ***
edwinmz: shows [Js Jd] (two pair, Aces and Jacks)
Mahu2021: shows [Ad 3d] (three of a kind, Aces)
Mahu2021 collected 808 from pot
edwinmz finished the tournament in 3rd place
*** SUMMARY ***
Total pot 808 | Rake 0 
Board [As 9d 2c Ks Ac]
Seat 1: edwinmz (big blind) showed [Js Jd] and lost with two pair, Aces and Jacks
Seat 2: Mahu2021 (button) showed [Ad 3d] and won (808) with three of a kind, Aces
Seat 3: Aalkoholik (small blind) folded before Flop



PokerStars Hand #244447252215: Tournament #3608524733, $0.92+$0.08 USD Hold'em No Limit - Level I (10/20) - 2023/06/24 23:19:54 CET [2023/06/24 17:19:54 ET]
Table '3608524733 1' 3-max Seat #3 is the button
Seat 2: Mahu2021 (1034 in chips) 
Seat 3: Aalkoholik (466 in chips) 
Aalkoholik: posts small blind 10
Mahu2021: posts big blind 20
*** HOLE CARDS ***
Dealt to Mahu2021 [Ad 2s]
Aalkoholik: calls 10
Mahu2021: checks 
*** FLOP *** [4d 8h 8c]
Mahu2021: checks 
Aalkoholik: checks 
*** TURN *** [4d 8h 8c] [Js]
Mahu2021: checks 
Aalkoholik: bets 40
Mahu2021: folds 
Uncalled bet (40) returned to Aalkoholik
Aalkoholik collected 40 from pot
Aalkoholik: doesn't show hand 
*** SUMMARY ***
Total pot 40 | Rake 0 
Board [4d 8h 8c Js]
Seat 2: Mahu2021 (big blind) folded on the Turn
Seat 3: Aalkoholik (button) (small blind) collected (40)



PokerStars Hand #244447257885: Tournament #3608524733, $0.92+$0.08 USD Hold'em No Limit - Level I (10/20) - 2023/06/24 23:20:13 CET [2023/06/24 17:20:13 ET]
Table '3608524733 1' 3-max Seat #2 is the button
Seat 2: Mahu2021 (1014 in chips) 
Seat 3: Aalkoholik (486 in chips) 
Mahu2021: posts small blind 10
Aalkoholik: posts big blind 20
*** HOLE CARDS ***
Dealt to Mahu2021 [Jd 7s]
Mahu2021: raises 20 to 40
Aalkoholik: calls 20
*** FLOP *** [3h 5h 3c]
Aalkoholik: checks 
Mahu2021: checks 
*** TURN *** [3h 5h 3c] [Qd]
Aalkoholik: checks 
Mahu2021: checks 
*** RIVER *** [3h 5h 3c Qd] [Kd]
Aalkoholik: bets 40
Mahu2021: folds 
Uncalled bet (40) returned to Aalkoholik
Aalkoholik collected 80 from pot
Aalkoholik: doesn't show hand 
*** SUMMARY ***
Total pot 80 | Rake 0 
Board [3h 5h 3c Qd Kd]
Seat 2: Mahu2021 (button) (small blind) folded on the River
Seat 3: Aalkoholik (big blind) collected (80)



PokerStars Hand #244447262394: Tournament #3608524733, $0.92+$0.08 USD Hold'em No Limit - Level I (10/20) - 2023/06/24 23:20:28 CET [2023/06/24 17:20:28 ET]
Table '3608524733 1' 3-max Seat #3 is the button
Seat 2: Mahu2021 (974 in chips) 
Seat 3: Aalkoholik (526 in chips) 
Aalkoholik: posts small blind 10
Mahu2021: posts big blind 20
*** HOLE CARDS ***
Dealt to Mahu2021 [2d Qd]
Aalkoholik: folds 
Uncalled bet (10) returned to Mahu2021
Mahu2021 collected 20 from pot
Mahu2021: doesn't show hand 
*** SUMMARY ***
Total pot 20 | Rake 0 
Seat 2: Mahu2021 (big blind) collected (20)
Seat 3: Aalkoholik (button) (small blind) folded before Flop



PokerStars Hand #244447263658: Tournament #3608524733, $0.92+$0.08 USD Hold'em No Limit - Level I (10/20) - 2023/06/24 23:20:32 CET [2023/06/24 17:20:32 ET]
Table '3608524733 1' 3-max Seat #2 is the button
Seat 2: Mahu2021 (984 in chips) 
Seat 3: Aalkoholik (516 in chips) 
Mahu2021: posts small blind 10
Aalkoholik: posts big blind 20
*** HOLE CARDS ***
Dealt to Mahu2021 [Ah 8c]
Mahu2021: raises 20 to 40
Aalkoholik: folds 
Uncalled bet (20) returned to Mahu2021
Mahu2021 collected 40 from pot
Mahu2021: doesn't show hand 
*** SUMMARY ***
Total pot 40 | Rake 0 
Seat 2: Mahu2021 (button) (small blind) collected (40)
Seat 3: Aalkoholik (big blind) folded before Flop



PokerStars Hand #244447265549: Tournament #3608524733, $0.92+$0.08 USD Hold'em No Limit - Level I (10/20) - 2023/06/24 23:20:38 CET [2023/06/24 17:20:38 ET]
Table '3608524733 1' 3-max Seat #3 is the button
Seat 2: Mahu2021 (1004 in chips) 
Seat 3: Aalkoholik (496 in chips) 
Aalkoholik: posts small blind 10
Mahu2021: posts big blind 20
*** HOLE CARDS ***
Dealt to Mahu2021 [Js 9c]
Aalkoholik: folds 
Uncalled bet (10) returned to Mahu2021
Mahu2021 collected 20 from pot
Mahu2021: doesn't show hand 
*** SUMMARY ***
Total pot 20 | Rake 0 
Seat 2: Mahu2021 (big blind) collected (20)
Seat 3: Aalkoholik (button) (small blind) folded before Flop



PokerStars Hand #244447266860: Tournament #3608524733, $0.92+$0.08 USD Hold'em No Limit - Level I (10/20) - 2023/06/24 23:20:43 CET [2023/06/24 17:20:43 ET]
Table '3608524733 1' 3-max Seat #2 is the button
Seat 2: Mahu2021 (1014 in chips) 
Seat 3: Aalkoholik (486 in chips) 
Mahu2021: posts small blind 10
Aalkoholik: posts big blind 20
*** HOLE CARDS ***
Dealt to Mahu2021 [Ac 9d]
Mahu2021: raises 20 to 40
Aalkoholik: calls 20
*** FLOP *** [8d 2h 3d]
Aalkoholik: checks 
Mahu2021: bets 40
Aalkoholik: calls 40
*** TURN *** [8d 2h 3d] [6d]
Aalkoholik: checks 
Mahu2021: bets 40
Aalkoholik: calls 40
*** RIVER *** [8d 2h 3d 6d] [Jc]
Aalkoholik: checks 
Mahu2021: checks 
*** SHOW DOWN ***
Aalkoholik: shows [8c 5c] (a pair of Eights)
Mahu2021: mucks hand 
Aalkoholik collected 240 from pot
*** SUMMARY ***
Total pot 240 | Rake 0 
Board [8d 2h 3d 6d Jc]
Seat 2: Mahu2021 (button) (small blind) mucked [Ac 9d]
Seat 3: Aalkoholik (big blind) showed [8c 5c] and won (240) with a pair of Eights



PokerStars Hand #244447274485: Tournament #3608524733, $0.92+$0.08 USD Hold'em No Limit - Level II (15/30) - 2023/06/24 23:21:08 CET [2023/06/24 17:21:08 ET]
Table '3608524733 1' 3-max Seat #3 is the button
Seat 2: Mahu2021 (894 in chips) 
Seat 3: Aalkoholik (606 in chips) 
Aalkoholik: posts small blind 15
Mahu2021: posts big blind 30
*** HOLE CARDS ***
Dealt to Mahu2021 [Ah 5s]
Aalkoholik: calls 15
Mahu2021: checks 
*** FLOP *** [3h 7d Tc]
Mahu2021: checks 
Aalkoholik: checks 
*** TURN *** [3h 7d Tc] [Qc]
Mahu2021: checks 
Aalkoholik: checks 
*** RIVER *** [3h 7d Tc Qc] [6c]
Mahu2021: checks 
Aalkoholik: checks 
*** SHOW DOWN ***
Mahu2021: shows [Ah 5s] (high card Ace)
Aalkoholik: mucks hand 
Mahu2021 collected 60 from pot
*** SUMMARY ***
Total pot 60 | Rake 0 
Board [3h 7d Tc Qc 6c]
Seat 2: Mahu2021 (big blind) showed [Ah 5s] and won (60) with high card Ace
Seat 3: Aalkoholik (button) (small blind) mucked [8c Jd]



PokerStars Hand #244447279597: Tournament #3608524733, $0.92+$0.08 USD Hold'em No Limit - Level II (15/30) - 2023/06/24 23:21:25 CET [2023/06/24 17:21:25 ET]
Table '3608524733 1' 3-max Seat #2 is the button
Seat 2: Mahu2021 (924 in chips) 
Seat 3: Aalkoholik (576 in chips) 
Mahu2021: posts small blind 15
Aalkoholik: posts big blind 30
*** HOLE CARDS ***
Dealt to Mahu2021 [4d Qd]
Mahu2021: raises 30 to 60
Aalkoholik: folds 
Uncalled bet (30) returned to Mahu2021
Mahu2021 collected 60 from pot
Mahu2021: doesn't show hand 
*** SUMMARY ***
Total pot 60 | Rake 0 
Seat 2: Mahu2021 (button) (small blind) collected (60)
Seat 3: Aalkoholik (big blind) folded before Flop



PokerStars Hand #244447281589: Tournament #3608524733, $0.92+$0.08 USD Hold'em No Limit - Level II (15/30) - 2023/06/24 23:21:32 CET [2023/06/24 17:21:32 ET]
Table '3608524733 1' 3-max Seat #3 is the button
Seat 2: Mahu2021 (954 in chips) 
Seat 3: Aalkoholik (546 in chips) 
Aalkoholik: posts small blind 15
Mahu2021: posts big blind 30
*** HOLE CARDS ***
Dealt to Mahu2021 [Td 2h]
Aalkoholik: raises 30 to 60
Mahu2021: folds 
Uncalled bet (30) returned to Aalkoholik
Aalkoholik collected 60 from pot
Aalkoholik: doesn't show hand 
*** SUMMARY ***
Total pot 60 | Rake 0 
Seat 2: Mahu2021 (big blind) folded before Flop
Seat 3: Aalkoholik (button) (small blind) collected (60)



PokerStars Hand #244447283288: Tournament #3608524733, $0.92+$0.08 USD Hold'em No Limit - Level II (15/30) - 2023/06/24 23:21:38 CET [2023/06/24 17:21:38 ET]
Table '3608524733 1' 3-max Seat #2 is the button
Seat 2: Mahu2021 (924 in chips) 
Seat 3: Aalkoholik (576 in chips) 
Mahu2021: posts small blind 15
Aalkoholik: posts big blind 30
*** HOLE CARDS ***
Dealt to Mahu2021 [2s 5s]
Mahu2021: calls 15
Aalkoholik: checks 
*** FLOP *** [Tc Jh Qd]
Aalkoholik: checks 
Mahu2021: bets 60
Aalkoholik: folds 
Uncalled bet (60) returned to Mahu2021
Mahu2021 collected 60 from pot
Mahu2021: doesn't show hand 
*** SUMMARY ***
Total pot 60 | Rake 0 
Board [Tc Jh Qd]
Seat 2: Mahu2021 (button) (small blind) collected (60)
Seat 3: Aalkoholik (big blind) folded on the Flop



PokerStars Hand #244447286769: Tournament #3608524733, $0.92+$0.08 USD Hold'em No Limit - Level II (15/30) - 2023/06/24 23:21:49 CET [2023/06/24 17:21:49 ET]
Table '3608524733 1' 3-max Seat #3 is the button
Seat 2: Mahu2021 (954 in chips) 
Seat 3: Aalkoholik (546 in chips) 
Aalkoholik: posts small blind 15
Mahu2021: posts big blind 30
*** HOLE CARDS ***
Dealt to Mahu2021 [5h 6c]
Aalkoholik: raises 30 to 60
Mahu2021: calls 30
*** FLOP *** [Kc Kd Kh]
Mahu2021: checks 
Aalkoholik: checks 
*** TURN *** [Kc Kd Kh] [As]
Mahu2021: checks 
Aalkoholik: bets 60
Mahu2021: folds 
Uncalled bet (60) returned to Aalkoholik
Aalkoholik collected 120 from pot
Aalkoholik: doesn't show hand 
*** SUMMARY ***
Total pot 120 | Rake 0 
Board [Kc Kd Kh As]
Seat 2: Mahu2021 (big blind) folded on the Turn
Seat 3: Aalkoholik (button) (small blind) collected (120)



PokerStars Hand #244447291201: Tournament #3608524733, $0.92+$0.08 USD Hold'em No Limit - Level II (15/30) - 2023/06/24 23:22:05 CET [2023/06/24 17:22:05 ET]
Table '3608524733 1' 3-max Seat #2 is the button
Seat 2: Mahu2021 (894 in chips) 
Seat 3: Aalkoholik (606 in chips) 
Mahu2021: posts small blind 15
Aalkoholik: posts big blind 30
*** HOLE CARDS ***
Dealt to Mahu2021 [7h Ac]
Mahu2021: raises 30 to 60
Aalkoholik: folds 
Uncalled bet (30) returned to Mahu2021
Mahu2021 collected 60 from pot
Mahu2021: doesn't show hand 
*** SUMMARY ***
Total pot 60 | Rake 0 
Seat 2: Mahu2021 (button) (small blind) collected (60)
Seat 3: Aalkoholik (big blind) folded before Flop



PokerStars Hand #244447292820: Tournament #3608524733, $0.92+$0.08 USD Hold'em No Limit - Level II (15/30) - 2023/06/24 23:22:10 CET [2023/06/24 17:22:10 ET]
Table '3608524733 1' 3-max Seat #3 is the button
Seat 2: Mahu2021 (924 in chips) 
Seat 3: Aalkoholik (576 in chips) 
Aalkoholik: posts small blind 15
Mahu2021: posts big blind 30
*** HOLE CARDS ***
Dealt to Mahu2021 [Ts 6d]
Aalkoholik: raises 30 to 60
Mahu2021: calls 30
*** FLOP *** [5c 9h 2c]
Mahu2021: checks 
Aalkoholik: checks 
*** TURN *** [5c 9h 2c] [2h]
Mahu2021: bets 60
Aalkoholik: calls 60
*** RIVER *** [5c 9h 2c 2h] [Tc]
Mahu2021: bets 240
Aalkoholik: folds 
Uncalled bet (240) returned to Mahu2021
Mahu2021 collected 240 from pot
Mahu2021: doesn't show hand 
*** SUMMARY ***
Total pot 240 | Rake 0 
Board [5c 9h 2c 2h Tc]
Seat 2: Mahu2021 (big blind) collected (240)
Seat 3: Aalkoholik (button) (small blind) folded on the River



PokerStars Hand #244447302905: Tournament #3608524733, $0.92+$0.08 USD Hold'em No Limit - Level II (15/30) - 2023/06/24 23:22:44 CET [2023/06/24 17:22:44 ET]
Table '3608524733 1' 3-max Seat #2 is the button
Seat 2: Mahu2021 (1044 in chips) 
Seat 3: Aalkoholik (456 in chips) 
Mahu2021: posts small blind 15
Aalkoholik: posts big blind 30
*** HOLE CARDS ***
Dealt to Mahu2021 [8d Tc]
Mahu2021: calls 15
Aalkoholik: raises 426 to 456 and is all-in
Mahu2021: folds 
Uncalled bet (426) returned to Aalkoholik
Aalkoholik collected 60 from pot
Aalkoholik: doesn't show hand 
*** SUMMARY ***
Total pot 60 | Rake 0 
Seat 2: Mahu2021 (button) (small blind) folded before Flop
Seat 3: Aalkoholik (big blind) collected (60)



PokerStars Hand #244447305143: Tournament #3608524733, $0.92+$0.08 USD Hold'em No Limit - Level II (15/30) - 2023/06/24 23:22:52 CET [2023/06/24 17:22:52 ET]
Table '3608524733 1' 3-max Seat #3 is the button
Seat 2: Mahu2021 (1014 in chips) 
Seat 3: Aalkoholik (486 in chips) 
Aalkoholik: posts small blind 15
Mahu2021: posts big blind 30
*** HOLE CARDS ***
Dealt to Mahu2021 [Kc Kd]
Aalkoholik: raises 30 to 60
Mahu2021: raises 954 to 1014 and is all-in
Aalkoholik: calls 426 and is all-in
Uncalled bet (528) returned to Mahu2021
*** FLOP *** [4c 6d 5d]
*** TURN *** [4c 6d 5d] [2s]
*** RIVER *** [4c 6d 5d 2s] [3h]
*** SHOW DOWN ***
Mahu2021: shows [Kc Kd] (a straight, Deuce to Six)
Aalkoholik: shows [Ad Qd] (a straight, Deuce to Six)
Mahu2021 collected 486 from pot
Aalkoholik collected 486 from pot
*** SUMMARY ***
Total pot 972 | Rake 0 
Board [4c 6d 5d 2s 3h]
Seat 2: Mahu2021 (big blind) showed [Kc Kd] and won (486) with a straight, Deuce to Six
Seat 3: Aalkoholik (button) (small blind) showed [Ad Qd] and won (486) with a straight, Deuce to Six



PokerStars Hand #244447309454: Tournament #3608524733, $0.92+$0.08 USD Hold'em No Limit - Level II (15/30) - 2023/06/24 23:23:07 CET [2023/06/24 17:23:07 ET]
Table '3608524733 1' 3-max Seat #2 is the button
Seat 2: Mahu2021 (1014 in chips) 
Seat 3: Aalkoholik (486 in chips) 
Mahu2021: posts small blind 15
Aalkoholik: posts big blind 30
*** HOLE CARDS ***
Dealt to Mahu2021 [9c 9s]
Mahu2021: raises 984 to 1014 and is all-in
Aalkoholik: folds 
Uncalled bet (984) returned to Mahu2021
Mahu2021 collected 60 from pot
Mahu2021: doesn't show hand 
*** SUMMARY ***
Total pot 60 | Rake 0 
Seat 2: Mahu2021 (button) (small blind) collected (60)
Seat 3: Aalkoholik (big blind) folded before Flop



PokerStars Hand #244447314458: Tournament #3608524733, $0.92+$0.08 USD Hold'em No Limit - Level II (15/30) - 2023/06/24 23:23:23 CET [2023/06/24 17:23:23 ET]
Table '3608524733 1' 3-max Seat #3 is the button
Seat 2: Mahu2021 (1044 in chips) 
Seat 3: Aalkoholik (456 in chips) 
Aalkoholik: posts small blind 15
Mahu2021: posts big blind 30
*** HOLE CARDS ***
Dealt to Mahu2021 [9h 9s]
Aalkoholik: raises 30 to 60
Mahu2021: raises 984 to 1044 and is all-in
Aalkoholik: folds 
Uncalled bet (984) returned to Mahu2021
Mahu2021 collected 120 from pot
Mahu2021: doesn't show hand 
*** SUMMARY ***
Total pot 120 | Rake 0 
Seat 2: Mahu2021 (big blind) collected (120)
Seat 3: Aalkoholik (button) (small blind) folded before Flop



PokerStars Hand #244447316959: Tournament #3608524733, $0.92+$0.08 USD Hold'em No Limit - Level II (15/30) - 2023/06/24 23:23:32 CET [2023/06/24 17:23:32 ET]
Table '3608524733 1' 3-max Seat #2 is the button
Seat 2: Mahu2021 (1104 in chips) 
Seat 3: Aalkoholik (396 in chips) 
Mahu2021: posts small blind 15
Aalkoholik: posts big blind 30
*** HOLE CARDS ***
Dealt to Mahu2021 [Td Ks]
Mahu2021: calls 15
Aalkoholik: checks 
*** FLOP *** [Ac 9c 5c]
Aalkoholik: checks 
Mahu2021: checks 
*** TURN *** [Ac 9c 5c] [4h]
Aalkoholik: bets 30
Mahu2021: folds 
Uncalled bet (30) returned to Aalkoholik
Aalkoholik collected 60 from pot
Aalkoholik: doesn't show hand 
*** SUMMARY ***
Total pot 60 | Rake 0 
Board [Ac 9c 5c 4h]
Seat 2: Mahu2021 (button) (small blind) folded on the Turn
Seat 3: Aalkoholik (big blind) collected (60)



PokerStars Hand #244447321537: Tournament #3608524733, $0.92+$0.08 USD Hold'em No Limit - Level II (15/30) - 2023/06/24 23:23:48 CET [2023/06/24 17:23:48 ET]
Table '3608524733 1' 3-max Seat #3 is the button
Seat 2: Mahu2021 (1074 in chips) 
Seat 3: Aalkoholik (426 in chips) 
Aalkoholik: posts small blind 15
Mahu2021: posts big blind 30
*** HOLE CARDS ***
Dealt to Mahu2021 [5c 7d]
Aalkoholik: folds 
Uncalled bet (15) returned to Mahu2021
Mahu2021 collected 30 from pot
Mahu2021: doesn't show hand 
*** SUMMARY ***
Total pot 30 | Rake 0 
Seat 2: Mahu2021 (big blind) collected (30)
Seat 3: Aalkoholik (button) (small blind) folded before Flop



PokerStars Hand #244447323673: Tournament #3608524733, $0.92+$0.08 USD Hold'em No Limit - Level III (20/40) - 2023/06/24 23:23:55 CET [2023/06/24 17:23:55 ET]
Table '3608524733 1' 3-max Seat #2 is the button
Seat 2: Mahu2021 (1089 in chips) 
Seat 3: Aalkoholik (411 in chips) 
Mahu2021: posts small blind 20
Aalkoholik: posts big blind 40
*** HOLE CARDS ***
Dealt to Mahu2021 [Qd 4c]
Mahu2021: calls 20
Aalkoholik: checks 
*** FLOP *** [Tc 6s 3s]
Aalkoholik: checks 
Mahu2021: bets 40
Aalkoholik: calls 40
*** TURN *** [Tc 6s 3s] [8c]
Aalkoholik: checks 
Mahu2021: checks 
*** RIVER *** [Tc 6s 3s 8c] [3c]
Aalkoholik: bets 80
Mahu2021: folds 
Uncalled bet (80) returned to Aalkoholik
Aalkoholik collected 160 from pot
Aalkoholik: doesn't show hand 
*** SUMMARY ***
Total pot 160 | Rake 0 
Board [Tc 6s 3s 8c 3c]
Seat 2: Mahu2021 (button) (small blind) folded on the River
Seat 3: Aalkoholik (big blind) collected (160)



PokerStars Hand #244447331909: Tournament #3608524733, $0.92+$0.08 USD Hold'em No Limit - Level III (20/40) - 2023/06/24 23:24:23 CET [2023/06/24 17:24:23 ET]
Table '3608524733 1' 3-max Seat #3 is the button
Seat 2: Mahu2021 (1009 in chips) 
Seat 3: Aalkoholik (491 in chips) 
Aalkoholik: posts small blind 20
Mahu2021: posts big blind 40
*** HOLE CARDS ***
Dealt to Mahu2021 [9d Qd]
Aalkoholik: raises 40 to 80
Mahu2021: calls 40
*** FLOP *** [5h 6s 3h]
Mahu2021: checks 
Aalkoholik: checks 
*** TURN *** [5h 6s 3h] [5d]
Mahu2021: checks 
Aalkoholik: checks 
*** RIVER *** [5h 6s 3h 5d] [4c]
Mahu2021: checks 
Aalkoholik: checks 
*** SHOW DOWN ***
Mahu2021: shows [9d Qd] (a pair of Fives)
Aalkoholik: mucks hand 
Mahu2021 collected 160 from pot
*** SUMMARY ***
Total pot 160 | Rake 0 
Board [5h 6s 3h 5d 4c]
Seat 2: Mahu2021 (big blind) showed [9d Qd] and won (160) with a pair of Fives
Seat 3: Aalkoholik (button) (small blind) mucked [Tc Jh]



PokerStars Hand #244447336817: Tournament #3608524733, $0.92+$0.08 USD Hold'em No Limit - Level III (20/40) - 2023/06/24 23:24:40 CET [2023/06/24 17:24:40 ET]
Table '3608524733 1' 3-max Seat #2 is the button
Seat 2: Mahu2021 (1089 in chips) 
Seat 3: Aalkoholik (411 in chips) 
Mahu2021: posts small blind 20
Aalkoholik: posts big blind 40
*** HOLE CARDS ***
Dealt to Mahu2021 [4d 5d]
Mahu2021: calls 20
Aalkoholik: checks 
*** FLOP *** [8c 7d 9s]
Aalkoholik: checks 
Mahu2021: checks 
*** TURN *** [8c 7d 9s] [Th]
Aalkoholik: checks 
Mahu2021: bets 120
Aalkoholik: calls 120
*** RIVER *** [8c 7d 9s Th] [7c]
Aalkoholik: checks 
Mahu2021: checks 
*** SHOW DOWN ***
Aalkoholik: shows [8d Qh] (two pair, Eights and Sevens)
Mahu2021: mucks hand 
Aalkoholik collected 320 from pot
*** SUMMARY ***
Total pot 320 | Rake 0 
Board [8c 7d 9s Th 7c]
Seat 2: Mahu2021 (button) (small blind) mucked [4d 5d]
Seat 3: Aalkoholik (big blind) showed [8d Qh] and won (320) with two pair, Eights and Sevens



PokerStars Hand #244447347383: Tournament #3608524733, $0.92+$0.08 USD Hold'em No Limit - Level III (20/40) - 2023/06/24 23:25:15 CET [2023/06/24 17:25:15 ET]
Table '3608524733 1' 3-max Seat #3 is the button
Seat 2: Mahu2021 (929 in chips) 
Seat 3: Aalkoholik (571 in chips) 
Aalkoholik: posts small blind 20
Mahu2021: posts big blind 40
*** HOLE CARDS ***
Dealt to Mahu2021 [8c Tc]
Aalkoholik: raises 40 to 80
Mahu2021: calls 40
*** FLOP *** [7c 5d Ad]
Mahu2021: checks 
Aalkoholik: checks 
*** TURN *** [7c 5d Ad] [9d]
Mahu2021: checks 
Aalkoholik: checks 
*** RIVER *** [7c 5d Ad 9d] [7d]
Mahu2021: checks 
Aalkoholik: bets 80
Mahu2021: folds 
Uncalled bet (80) returned to Aalkoholik
Aalkoholik collected 160 from pot
Aalkoholik: doesn't show hand 
*** SUMMARY ***
Total pot 160 | Rake 0 
Board [7c 5d Ad 9d 7d]
Seat 2: Mahu2021 (big blind) folded on the River
Seat 3: Aalkoholik (button) (small blind) collected (160)



PokerStars Hand #244447352878: Tournament #3608524733, $0.92+$0.08 USD Hold'em No Limit - Level III (20/40) - 2023/06/24 23:25:35 CET [2023/06/24 17:25:35 ET]
Table '3608524733 1' 3-max Seat #2 is the button
Seat 2: Mahu2021 (849 in chips) 
Seat 3: Aalkoholik (651 in chips) 
Mahu2021: posts small blind 20
Aalkoholik: posts big blind 40
*** HOLE CARDS ***
Dealt to Mahu2021 [7h Jh]
Mahu2021: calls 20
Aalkoholik: checks 
*** FLOP *** [2s 3s 6h]
Aalkoholik: checks 
Mahu2021: checks 
*** TURN *** [2s 3s 6h] [8s]
Aalkoholik: checks 
Mahu2021: checks 
*** RIVER *** [2s 3s 6h 8s] [5h]
Aalkoholik: checks 
Mahu2021: checks 
*** SHOW DOWN ***
Aalkoholik: shows [Ts Jd] (high card Jack)
Mahu2021: mucks hand 
Aalkoholik collected 80 from pot
*** SUMMARY ***
Total pot 80 | Rake 0 
Board [2s 3s 6h 8s 5h]
Seat 2: Mahu2021 (button) (small blind) mucked [7h Jh]
Seat 3: Aalkoholik (big blind) showed [Ts Jd] and won (80) with high card Jack



PokerStars Hand #244447358473: Tournament #3608524733, $0.92+$0.08 USD Hold'em No Limit - Level III (20/40) - 2023/06/24 23:25:53 CET [2023/06/24 17:25:53 ET]
Table '3608524733 1' 3-max Seat #3 is the button
Seat 2: Mahu2021 (809 in chips) 
Seat 3: Aalkoholik (691 in chips) 
Aalkoholik: posts small blind 20
Mahu2021: posts big blind 40
*** HOLE CARDS ***
Dealt to Mahu2021 [4c 7d]
Aalkoholik: raises 40 to 80
Mahu2021: folds 
Uncalled bet (40) returned to Aalkoholik
Aalkoholik collected 80 from pot
Aalkoholik: doesn't show hand 
*** SUMMARY ***
Total pot 80 | Rake 0 
Seat 2: Mahu2021 (big blind) folded before Flop
Seat 3: Aalkoholik (button) (small blind) collected (80)



PokerStars Hand #244447359887: Tournament #3608524733, $0.92+$0.08 USD Hold'em No Limit - Level III (20/40) - 2023/06/24 23:25:58 CET [2023/06/24 17:25:58 ET]
Table '3608524733 1' 3-max Seat #2 is the button
Seat 2: Mahu2021 (769 in chips) 
Seat 3: Aalkoholik (731 in chips) 
Mahu2021: posts small blind 20
Aalkoholik: posts big blind 40
*** HOLE CARDS ***
Dealt to Mahu2021 [3d Ad]
Mahu2021: raises 40 to 80
Aalkoholik: raises 80 to 160
Mahu2021: raises 609 to 769 and is all-in
Aalkoholik: calls 571 and is all-in
Uncalled bet (38) returned to Mahu2021
*** FLOP *** [4h 2c 5h]
*** TURN *** [4h 2c 5h] [2s]
*** RIVER *** [4h 2c 5h 2s] [4s]
*** SHOW DOWN ***
Aalkoholik: shows [Qc Qd] (two pair, Queens and Fours)
Mahu2021: shows [3d Ad] (a straight, Ace to Five)
Mahu2021 collected 1462 from pot
Aalkoholik finished the tournament in 2nd place
Mahu2021 wins the tournament and receives $3.00 - congratulations!
*** SUMMARY ***
Total pot 1462 | Rake 0 
Board [4h 2c 5h 2s 4s]
Seat 2: Mahu2021 (button) (small blind) showed [3d Ad] and won (1462) with a straight, Ace to Five
Seat 3: Aalkoholik (big blind) showed [Qc Qd] and lost with two pair, Queens and Fours



