PokerStars Hand #251372653075: Tournament #3775218393, $1.84+$0.16 USD Hold'em No Limit - Level I (10/20) - 2024/07/07 14:53:07 CET [2024/07/07 8:53:07 ET]
Table '3775218393 1' 3-max Seat #1 is the button
Seat 1: Mahu2021 (500 in chips) 
Seat 2: wlbasso (500 in chips) 
Seat 3: feffi (500 in chips) 
wlbasso: posts small blind 10
feffi: posts big blind 20
*** HOLE CARDS ***
Dealt to Mahu2021 [Qc 4d]
Mahu2021: folds 
wlbasso: folds 
Uncalled bet (10) returned to feffi
feffi collected 20 from pot
feffi: doesn't show hand 
*** SUMMARY ***
Total pot 20 | Rake 0 
Seat 1: Mahu2021 (button) folded before Flop (didn't bet)
Seat 2: wlbasso (small blind) folded before Flop
Seat 3: feffi (big blind) collected (20)



PokerStars Hand #251372653898: Tournament #3775218393, $1.84+$0.16 USD Hold'em No Limit - Level I (10/20) - 2024/07/07 14:53:11 CET [2024/07/07 8:53:11 ET]
Table '3775218393 1' 3-max Seat #2 is the button
Seat 1: Mahu2021 (500 in chips) 
Seat 2: wlbasso (490 in chips) 
Seat 3: feffi (510 in chips) 
feffi: posts small blind 10
Mahu2021: posts big blind 20
*** HOLE CARDS ***
Dealt to Mahu2021 [Ts 5h]
wlbasso: raises 20 to 40
feffi: calls 30
Mahu2021: folds 
*** FLOP *** [7c Ks 2d]
feffi: checks 
wlbasso: bets 50
feffi: folds 
Uncalled bet (50) returned to wlbasso
wlbasso collected 100 from pot
*** SUMMARY ***
Total pot 100 | Rake 0 
Board [7c Ks 2d]
Seat 1: Mahu2021 (big blind) folded before Flop
Seat 2: wlbasso (button) collected (100)
Seat 3: feffi (small blind) folded on the Flop



PokerStars Hand #251372657155: Tournament #3775218393, $1.84+$0.16 USD Hold'em No Limit - Level I (10/20) - 2024/07/07 14:53:29 CET [2024/07/07 8:53:29 ET]
Table '3775218393 1' 3-max Seat #3 is the button
Seat 1: Mahu2021 (480 in chips) 
Seat 2: wlbasso (550 in chips) 
Seat 3: feffi (470 in chips) 
Mahu2021: posts small blind 10
wlbasso: posts big blind 20
*** HOLE CARDS ***
Dealt to Mahu2021 [2c 5c]
feffi: folds 
Mahu2021: raises 20 to 40
wlbasso: folds 
Uncalled bet (20) returned to Mahu2021
Mahu2021 collected 40 from pot
Mahu2021: doesn't show hand 
*** SUMMARY ***
Total pot 40 | Rake 0 
Seat 1: Mahu2021 (small blind) collected (40)
Seat 2: wlbasso (big blind) folded before Flop
Seat 3: feffi (button) folded before Flop (didn't bet)



PokerStars Hand #251372658478: Tournament #3775218393, $1.84+$0.16 USD Hold'em No Limit - Level I (10/20) - 2024/07/07 14:53:36 CET [2024/07/07 8:53:36 ET]
Table '3775218393 1' 3-max Seat #1 is the button
Seat 1: Mahu2021 (500 in chips) 
Seat 2: wlbasso (530 in chips) 
Seat 3: feffi (470 in chips) 
wlbasso: posts small blind 10
feffi: posts big blind 20
*** HOLE CARDS ***
Dealt to Mahu2021 [5c 6d]
Mahu2021: folds 
wlbasso: folds 
Uncalled bet (10) returned to feffi
feffi collected 20 from pot
feffi: doesn't show hand 
*** SUMMARY ***
Total pot 20 | Rake 0 
Seat 1: Mahu2021 (button) folded before Flop (didn't bet)
Seat 2: wlbasso (small blind) folded before Flop
Seat 3: feffi (big blind) collected (20)



PokerStars Hand #251372659280: Tournament #3775218393, $1.84+$0.16 USD Hold'em No Limit - Level I (10/20) - 2024/07/07 14:53:40 CET [2024/07/07 8:53:40 ET]
Table '3775218393 1' 3-max Seat #2 is the button
Seat 1: Mahu2021 (500 in chips) 
Seat 2: wlbasso (520 in chips) 
Seat 3: feffi (480 in chips) 
feffi: posts small blind 10
Mahu2021: posts big blind 20
*** HOLE CARDS ***
Dealt to Mahu2021 [Qd Ah]
wlbasso: folds 
feffi: raises 40 to 60
Mahu2021: calls 40
*** FLOP *** [9s 2h 9d]
feffi: bets 120
Mahu2021: folds 
Uncalled bet (120) returned to feffi
feffi collected 120 from pot
feffi: doesn't show hand 
*** SUMMARY ***
Total pot 120 | Rake 0 
Board [9s 2h 9d]
Seat 1: Mahu2021 (big blind) folded on the Flop
Seat 2: wlbasso (button) folded before Flop (didn't bet)
Seat 3: feffi (small blind) collected (120)



PokerStars Hand #251372663423: Tournament #3775218393, $1.84+$0.16 USD Hold'em No Limit - Level I (10/20) - 2024/07/07 14:54:02 CET [2024/07/07 8:54:02 ET]
Table '3775218393 1' 3-max Seat #3 is the button
Seat 1: Mahu2021 (440 in chips) 
Seat 2: wlbasso (520 in chips) 
Seat 3: feffi (540 in chips) 
Mahu2021: posts small blind 10
wlbasso: posts big blind 20
*** HOLE CARDS ***
Dealt to Mahu2021 [3s 6d]
feffi: calls 20
Mahu2021: folds 
wlbasso: checks 
*** FLOP *** [Jh Ad Jd]
wlbasso: checks 
feffi: bets 25
wlbasso: folds 
Uncalled bet (25) returned to feffi
feffi collected 50 from pot
feffi: doesn't show hand 
*** SUMMARY ***
Total pot 50 | Rake 0 
Board [Jh Ad Jd]
Seat 1: Mahu2021 (small blind) folded before Flop
Seat 2: wlbasso (big blind) folded on the Flop
Seat 3: feffi (button) collected (50)



PokerStars Hand #251372666241: Tournament #3775218393, $1.84+$0.16 USD Hold'em No Limit - Level I (10/20) - 2024/07/07 14:54:17 CET [2024/07/07 8:54:17 ET]
Table '3775218393 1' 3-max Seat #1 is the button
Seat 1: Mahu2021 (430 in chips) 
Seat 2: wlbasso (500 in chips) 
Seat 3: feffi (570 in chips) 
wlbasso: posts small blind 10
feffi: posts big blind 20
*** HOLE CARDS ***
Dealt to Mahu2021 [9h 2c]
Mahu2021: folds 
wlbasso: raises 40 to 60
feffi: folds 
Uncalled bet (40) returned to wlbasso
wlbasso collected 40 from pot
*** SUMMARY ***
Total pot 40 | Rake 0 
Seat 1: Mahu2021 (button) folded before Flop (didn't bet)
Seat 2: wlbasso (small blind) collected (40)
Seat 3: feffi (big blind) folded before Flop



PokerStars Hand #251372668051: Tournament #3775218393, $1.84+$0.16 USD Hold'em No Limit - Level I (10/20) - 2024/07/07 14:54:26 CET [2024/07/07 8:54:26 ET]
Table '3775218393 1' 3-max Seat #2 is the button
Seat 1: Mahu2021 (430 in chips) 
Seat 2: wlbasso (520 in chips) 
Seat 3: feffi (550 in chips) 
feffi: posts small blind 10
Mahu2021: posts big blind 20
*** HOLE CARDS ***
Dealt to Mahu2021 [As 8d]
wlbasso: folds 
feffi: calls 10
Mahu2021: raises 60 to 80
feffi: calls 60
*** FLOP *** [4c 3d Kh]
feffi: bets 80
Mahu2021: raises 80 to 160
feffi: raises 240 to 400
Mahu2021: folds 
Uncalled bet (240) returned to feffi
feffi collected 480 from pot
feffi: doesn't show hand 
*** SUMMARY ***
Total pot 480 | Rake 0 
Board [4c 3d Kh]
Seat 1: Mahu2021 (big blind) folded on the Flop
Seat 2: wlbasso (button) folded before Flop (didn't bet)
Seat 3: feffi (small blind) collected (480)



PokerStars Hand #251372671924: Tournament #3775218393, $1.84+$0.16 USD Hold'em No Limit - Level I (10/20) - 2024/07/07 14:54:47 CET [2024/07/07 8:54:47 ET]
Table '3775218393 1' 3-max Seat #3 is the button
Seat 1: Mahu2021 (190 in chips) 
Seat 2: wlbasso (520 in chips) 
Seat 3: feffi (790 in chips) 
Mahu2021: posts small blind 10
wlbasso: posts big blind 20
*** HOLE CARDS ***
Dealt to Mahu2021 [5d 9s]
feffi: folds 
Mahu2021: folds 
Uncalled bet (10) returned to wlbasso
wlbasso collected 20 from pot
*** SUMMARY ***
Total pot 20 | Rake 0 
Seat 1: Mahu2021 (small blind) folded before Flop
Seat 2: wlbasso (big blind) collected (20)
Seat 3: feffi (button) folded before Flop (didn't bet)



PokerStars Hand #251372672879: Tournament #3775218393, $1.84+$0.16 USD Hold'em No Limit - Level I (10/20) - 2024/07/07 14:54:52 CET [2024/07/07 8:54:52 ET]
Table '3775218393 1' 3-max Seat #1 is the button
Seat 1: Mahu2021 (180 in chips) 
Seat 2: wlbasso (530 in chips) 
Seat 3: feffi (790 in chips) 
wlbasso: posts small blind 10
feffi: posts big blind 20
*** HOLE CARDS ***
Dealt to Mahu2021 [6d 3s]
Mahu2021: folds 
wlbasso: raises 40 to 60
feffi: raises 40 to 100
wlbasso: raises 430 to 530 and is all-in
feffi: calls 430
*** FLOP *** [Jh 6s 2h]
*** TURN *** [Jh 6s 2h] [8h]
*** RIVER *** [Jh 6s 2h 8h] [As]
*** SHOW DOWN ***
wlbasso: shows [Jc Ks] (a pair of Jacks)
feffi: shows [7h 7d] (a pair of Sevens)
wlbasso collected 1060 from pot
*** SUMMARY ***
Total pot 1060 | Rake 0 
Board [Jh 6s 2h 8h As]
Seat 1: Mahu2021 (button) folded before Flop (didn't bet)
Seat 2: wlbasso (small blind) showed [Jc Ks] and won (1060) with a pair of Jacks
Seat 3: feffi (big blind) showed [7h 7d] and lost with a pair of Sevens



PokerStars Hand #251372676630: Tournament #3775218393, $1.84+$0.16 USD Hold'em No Limit - Level I (10/20) - 2024/07/07 14:55:12 CET [2024/07/07 8:55:12 ET]
Table '3775218393 1' 3-max Seat #2 is the button
Seat 1: Mahu2021 (180 in chips) 
Seat 2: wlbasso (1060 in chips) 
Seat 3: feffi (260 in chips) 
feffi: posts small blind 10
Mahu2021: posts big blind 20
*** HOLE CARDS ***
Dealt to Mahu2021 [2s 6c]
wlbasso: folds 
feffi: raises 240 to 260 and is all-in
Mahu2021: folds 
Uncalled bet (240) returned to feffi
feffi collected 40 from pot
feffi: doesn't show hand 
*** SUMMARY ***
Total pot 40 | Rake 0 
Seat 1: Mahu2021 (big blind) folded before Flop
Seat 2: wlbasso (button) folded before Flop (didn't bet)
Seat 3: feffi (small blind) collected (40)



PokerStars Hand #251372677750: Tournament #3775218393, $1.84+$0.16 USD Hold'em No Limit - Level I (10/20) - 2024/07/07 14:55:21 CET [2024/07/07 8:55:21 ET]
Table '3775218393 1' 3-max Seat #3 is the button
Seat 1: Mahu2021 (160 in chips) 
Seat 2: wlbasso (1060 in chips) 
Seat 3: feffi (280 in chips) 
Mahu2021: posts small blind 10
wlbasso: posts big blind 20
*** HOLE CARDS ***
Dealt to Mahu2021 [Kh 2h]
feffi: folds 
Mahu2021: raises 20 to 40
wlbasso: calls 20
*** FLOP *** [6h Ah 6c]
Mahu2021: bets 40
wlbasso: folds 
Uncalled bet (40) returned to Mahu2021
Mahu2021 collected 80 from pot
Mahu2021: doesn't show hand 
*** SUMMARY ***
Total pot 80 | Rake 0 
Board [6h Ah 6c]
Seat 1: Mahu2021 (small blind) collected (80)
Seat 2: wlbasso (big blind) folded on the Flop
Seat 3: feffi (button) folded before Flop (didn't bet)



PokerStars Hand #251372679360: Tournament #3775218393, $1.84+$0.16 USD Hold'em No Limit - Level I (10/20) - 2024/07/07 14:55:33 CET [2024/07/07 8:55:33 ET]
Table '3775218393 1' 3-max Seat #1 is the button
Seat 1: Mahu2021 (200 in chips) 
Seat 2: wlbasso (1020 in chips) 
Seat 3: feffi (280 in chips) 
wlbasso: posts small blind 10
feffi: posts big blind 20
*** HOLE CARDS ***
Dealt to Mahu2021 [7s 3c]
Mahu2021: folds 
wlbasso: folds 
Uncalled bet (10) returned to feffi
feffi collected 20 from pot
feffi: doesn't show hand 
*** SUMMARY ***
Total pot 20 | Rake 0 
Seat 1: Mahu2021 (button) folded before Flop (didn't bet)
Seat 2: wlbasso (small blind) folded before Flop
Seat 3: feffi (big blind) collected (20)



PokerStars Hand #251372679957: Tournament #3775218393, $1.84+$0.16 USD Hold'em No Limit - Level I (10/20) - 2024/07/07 14:55:37 CET [2024/07/07 8:55:37 ET]
Table '3775218393 1' 3-max Seat #2 is the button
Seat 1: Mahu2021 (200 in chips) 
Seat 2: wlbasso (1010 in chips) 
Seat 3: feffi (290 in chips) 
feffi: posts small blind 10
Mahu2021: posts big blind 20
*** HOLE CARDS ***
Dealt to Mahu2021 [6c Kc]
wlbasso: raises 50 to 70
feffi: folds 
Mahu2021: calls 50
*** FLOP *** [9s 3c 2c]
Mahu2021: bets 130 and is all-in
wlbasso: calls 130
*** TURN *** [9s 3c 2c] [As]
*** RIVER *** [9s 3c 2c As] [6d]
*** SHOW DOWN ***
Mahu2021: shows [6c Kc] (a pair of Sixes)
wlbasso: shows [9h Ac] (two pair, Aces and Nines)
wlbasso collected 410 from pot
Mahu2021 finished the tournament in 3rd place
*** SUMMARY ***
Total pot 410 | Rake 0 
Board [9s 3c 2c As 6d]
Seat 1: Mahu2021 (big blind) showed [6c Kc] and lost with a pair of Sixes
Seat 2: wlbasso (button) showed [9h Ac] and won (410) with two pair, Aces and Nines
Seat 3: feffi (small blind) folded before Flop



