PokerStars Hand #254499465030: Tournament #3850346244, $4.60+$0.40 USD Hold'em No Limit - Level I (10/20) - 2025/01/22 16:25:29 CET [2025/01/22 10:25:29 ET]
Table '3850346244 1' 3-max Seat #1 is the button
Seat 1: Tipatushka (500 in chips) 
Seat 2: Mahu2021 (500 in chips) 
Seat 3: vivatik (500 in chips) 
Mahu2021: posts small blind 10
vivatik: posts big blind 20
*** HOLE CARDS ***
Dealt to Mahu2021 [8h 2h]
Tipatushka: raises 20 to 40
Mahu2021: folds 
vivatik: folds 
Uncalled bet (20) returned to Tipatushka
Tipatushka collected 50 from pot
Tipatushka: doesn't show hand 
*** SUMMARY ***
Total pot 50 | Rake 0 
Seat 1: Tipatushka (button) collected (50)
Seat 2: Mahu2021 (small blind) folded before Flop
Seat 3: vivatik (big blind) folded before Flop



PokerStars Hand #254499466621: Tournament #3850346244, $4.60+$0.40 USD Hold'em No Limit - Level I (10/20) - 2025/01/22 16:25:37 CET [2025/01/22 10:25:37 ET]
Table '3850346244 1' 3-max Seat #2 is the button
Seat 1: Tipatushka (530 in chips) 
Seat 2: Mahu2021 (490 in chips) 
Seat 3: vivatik (480 in chips) 
vivatik: posts small blind 10
Tipatushka: posts big blind 20
*** HOLE CARDS ***
Dealt to Mahu2021 [8s 4d]
Mahu2021: folds 
vivatik: calls 10
Tipatushka: checks 
*** FLOP *** [9d Qd Jd]
vivatik: checks 
Tipatushka: checks 
*** TURN *** [9d Qd Jd] [Jc]
vivatik: bets 20
Tipatushka: raises 50 to 70
vivatik: calls 50
*** RIVER *** [9d Qd Jd Jc] [Tc]
vivatik: checks 
Tipatushka: checks 
*** SHOW DOWN ***
vivatik: shows [9c 6d] (two pair, Jacks and Nines)
Tipatushka: shows [Js 8c] (a straight, Eight to Queen)
Tipatushka collected 180 from pot
*** SUMMARY ***
Total pot 180 | Rake 0 
Board [9d Qd Jd Jc Tc]
Seat 1: Tipatushka (big blind) showed [Js 8c] and won (180) with a straight, Eight to Queen
Seat 2: Mahu2021 (button) folded before Flop (didn't bet)
Seat 3: vivatik (small blind) showed [9c 6d] and lost with two pair, Jacks and Nines



PokerStars Hand #254499475974: Tournament #3850346244, $4.60+$0.40 USD Hold'em No Limit - Level I (10/20) - 2025/01/22 16:26:22 CET [2025/01/22 10:26:22 ET]
Table '3850346244 1' 3-max Seat #3 is the button
Seat 1: Tipatushka (620 in chips) 
Seat 2: Mahu2021 (490 in chips) 
Seat 3: vivatik (390 in chips) 
Tipatushka: posts small blind 10
Mahu2021: posts big blind 20
*** HOLE CARDS ***
Dealt to Mahu2021 [6h Kc]
vivatik: folds 
Tipatushka: calls 10
Mahu2021: checks 
*** FLOP *** [As 9s Jd]
Tipatushka: bets 20
Mahu2021: folds 
Uncalled bet (20) returned to Tipatushka
Tipatushka collected 40 from pot
Tipatushka: doesn't show hand 
*** SUMMARY ***
Total pot 40 | Rake 0 
Board [As 9s Jd]
Seat 1: Tipatushka (small blind) collected (40)
Seat 2: Mahu2021 (big blind) folded on the Flop
Seat 3: vivatik (button) folded before Flop (didn't bet)



PokerStars Hand #254499483427: Tournament #3850346244, $4.60+$0.40 USD Hold'em No Limit - Level I (10/20) - 2025/01/22 16:26:58 CET [2025/01/22 10:26:58 ET]
Table '3850346244 1' 3-max Seat #1 is the button
Seat 1: Tipatushka (640 in chips) 
Seat 2: Mahu2021 (470 in chips) 
Seat 3: vivatik (390 in chips) 
Mahu2021: posts small blind 10
vivatik: posts big blind 20
*** HOLE CARDS ***
Dealt to Mahu2021 [Jc 5d]
Tipatushka: folds 
Mahu2021: folds 
Uncalled bet (10) returned to vivatik
vivatik collected 20 from pot
vivatik: doesn't show hand 
*** SUMMARY ***
Total pot 20 | Rake 0 
Seat 1: Tipatushka (button) folded before Flop (didn't bet)
Seat 2: Mahu2021 (small blind) folded before Flop
Seat 3: vivatik (big blind) collected (20)



PokerStars Hand #254499485239: Tournament #3850346244, $4.60+$0.40 USD Hold'em No Limit - Level I (10/20) - 2025/01/22 16:27:07 CET [2025/01/22 10:27:07 ET]
Table '3850346244 1' 3-max Seat #2 is the button
Seat 1: Tipatushka (640 in chips) 
Seat 2: Mahu2021 (460 in chips) 
Seat 3: vivatik (400 in chips) 
vivatik: posts small blind 10
Tipatushka: posts big blind 20
*** HOLE CARDS ***
Dealt to Mahu2021 [4c Tc]
Mahu2021: folds 
vivatik: calls 10
Tipatushka: checks 
*** FLOP *** [3h Ts 5h]
vivatik: bets 20
Tipatushka: folds 
Uncalled bet (20) returned to vivatik
vivatik collected 40 from pot
vivatik: doesn't show hand 
*** SUMMARY ***
Total pot 40 | Rake 0 
Board [3h Ts 5h]
Seat 1: Tipatushka (big blind) folded on the Flop
Seat 2: Mahu2021 (button) folded before Flop (didn't bet)
Seat 3: vivatik (small blind) collected (40)



PokerStars Hand #254499490700: Tournament #3850346244, $4.60+$0.40 USD Hold'em No Limit - Level I (10/20) - 2025/01/22 16:27:33 CET [2025/01/22 10:27:33 ET]
Table '3850346244 1' 3-max Seat #3 is the button
Seat 1: Tipatushka (620 in chips) 
Seat 2: Mahu2021 (460 in chips) 
Seat 3: vivatik (420 in chips) 
Tipatushka: posts small blind 10
Mahu2021: posts big blind 20
*** HOLE CARDS ***
Dealt to Mahu2021 [4h 9d]
vivatik: raises 20 to 40
Tipatushka: raises 580 to 620 and is all-in
Mahu2021: folds 
vivatik: calls 380 and is all-in
Uncalled bet (200) returned to Tipatushka
*** FLOP *** [8h 3c Jc]
*** TURN *** [8h 3c Jc] [Th]
*** RIVER *** [8h 3c Jc Th] [9h]
*** SHOW DOWN ***
Tipatushka: shows [As Kc] (high card Ace)
vivatik: shows [7s 7c] (a straight, Seven to Jack)
vivatik collected 860 from pot
*** SUMMARY ***
Total pot 860 | Rake 0 
Board [8h 3c Jc Th 9h]
Seat 1: Tipatushka (small blind) showed [As Kc] and lost with high card Ace
Seat 2: Mahu2021 (big blind) folded before Flop
Seat 3: vivatik (button) showed [7s 7c] and won (860) with a straight, Seven to Jack



PokerStars Hand #254499494564: Tournament #3850346244, $4.60+$0.40 USD Hold'em No Limit - Level I (10/20) - 2025/01/22 16:27:52 CET [2025/01/22 10:27:52 ET]
Table '3850346244 1' 3-max Seat #1 is the button
Seat 1: Tipatushka (200 in chips) 
Seat 2: Mahu2021 (440 in chips) 
Seat 3: vivatik (860 in chips) 
Mahu2021: posts small blind 10
vivatik: posts big blind 20
*** HOLE CARDS ***
Dealt to Mahu2021 [8h 8s]
Tipatushka: raises 180 to 200 and is all-in
Mahu2021: calls 190
vivatik: folds 
*** FLOP *** [Qs 3s 2d]
*** TURN *** [Qs 3s 2d] [Ks]
*** RIVER *** [Qs 3s 2d Ks] [4h]
*** SHOW DOWN ***
Mahu2021: shows [8h 8s] (a pair of Eights)
Tipatushka: shows [Ac Kc] (a pair of Kings)
Tipatushka collected 420 from pot
*** SUMMARY ***
Total pot 420 | Rake 0 
Board [Qs 3s 2d Ks 4h]
Seat 1: Tipatushka (button) showed [Ac Kc] and won (420) with a pair of Kings
Seat 2: Mahu2021 (small blind) showed [8h 8s] and lost with a pair of Eights
Seat 3: vivatik (big blind) folded before Flop



PokerStars Hand #254499500414: Tournament #3850346244, $4.60+$0.40 USD Hold'em No Limit - Level I (10/20) - 2025/01/22 16:28:20 CET [2025/01/22 10:28:20 ET]
Table '3850346244 1' 3-max Seat #2 is the button
Seat 1: Tipatushka (420 in chips) 
Seat 2: Mahu2021 (240 in chips) 
Seat 3: vivatik (840 in chips) 
vivatik: posts small blind 10
Tipatushka: posts big blind 20
*** HOLE CARDS ***
Dealt to Mahu2021 [Ah Ks]
Mahu2021: raises 220 to 240 and is all-in
vivatik: folds 
Tipatushka: folds 
Uncalled bet (220) returned to Mahu2021
Mahu2021 collected 50 from pot
Mahu2021: doesn't show hand 
*** SUMMARY ***
Total pot 50 | Rake 0 
Seat 1: Tipatushka (big blind) folded before Flop
Seat 2: Mahu2021 (button) collected (50)
Seat 3: vivatik (small blind) folded before Flop



PokerStars Hand #254499503394: Tournament #3850346244, $4.60+$0.40 USD Hold'em No Limit - Level II (15/30) - 2025/01/22 16:28:34 CET [2025/01/22 10:28:34 ET]
Table '3850346244 1' 3-max Seat #3 is the button
Seat 1: Tipatushka (400 in chips) 
Seat 2: Mahu2021 (270 in chips) 
Seat 3: vivatik (830 in chips) 
Tipatushka: posts small blind 15
Mahu2021: posts big blind 30
*** HOLE CARDS ***
Dealt to Mahu2021 [2c 7d]
vivatik: raises 30 to 60
Tipatushka: raises 340 to 400 and is all-in
Mahu2021: folds 
vivatik: folds 
Uncalled bet (340) returned to Tipatushka
Tipatushka collected 150 from pot
Tipatushka: doesn't show hand 
*** SUMMARY ***
Total pot 150 | Rake 0 
Seat 1: Tipatushka (small blind) collected (150)
Seat 2: Mahu2021 (big blind) folded before Flop
Seat 3: vivatik (button) folded before Flop



PokerStars Hand #254499505696: Tournament #3850346244, $4.60+$0.40 USD Hold'em No Limit - Level II (15/30) - 2025/01/22 16:28:45 CET [2025/01/22 10:28:45 ET]
Table '3850346244 1' 3-max Seat #1 is the button
Seat 1: Tipatushka (490 in chips) 
Seat 2: Mahu2021 (240 in chips) 
Seat 3: vivatik (770 in chips) 
Mahu2021: posts small blind 15
vivatik: posts big blind 30
*** HOLE CARDS ***
Dealt to Mahu2021 [Kd 6d]
Tipatushka: raises 30 to 60
Mahu2021: calls 45
vivatik: calls 30
*** FLOP *** [8h Qc 4h]
Mahu2021: checks 
vivatik: checks 
Tipatushka: bets 90
Mahu2021: folds 
vivatik: folds 
Uncalled bet (90) returned to Tipatushka
Tipatushka collected 180 from pot
Tipatushka: doesn't show hand 
*** SUMMARY ***
Total pot 180 | Rake 0 
Board [8h Qc 4h]
Seat 1: Tipatushka (button) collected (180)
Seat 2: Mahu2021 (small blind) folded on the Flop
Seat 3: vivatik (big blind) folded on the Flop



PokerStars Hand #254499513112: Tournament #3850346244, $4.60+$0.40 USD Hold'em No Limit - Level II (15/30) - 2025/01/22 16:29:21 CET [2025/01/22 10:29:21 ET]
Table '3850346244 1' 3-max Seat #2 is the button
Seat 1: Tipatushka (610 in chips) 
Seat 2: Mahu2021 (180 in chips) 
Seat 3: vivatik (710 in chips) 
vivatik: posts small blind 15
Tipatushka: posts big blind 30
*** HOLE CARDS ***
Dealt to Mahu2021 [Jd 4s]
Mahu2021: folds 
vivatik: calls 15
Tipatushka: checks 
*** FLOP *** [Jc Jh 7s]
vivatik: bets 30
Tipatushka: folds 
Uncalled bet (30) returned to vivatik
vivatik collected 60 from pot
vivatik: doesn't show hand 
*** SUMMARY ***
Total pot 60 | Rake 0 
Board [Jc Jh 7s]
Seat 1: Tipatushka (big blind) folded on the Flop
Seat 2: Mahu2021 (button) folded before Flop (didn't bet)
Seat 3: vivatik (small blind) collected (60)



PokerStars Hand #254499517522: Tournament #3850346244, $4.60+$0.40 USD Hold'em No Limit - Level II (15/30) - 2025/01/22 16:29:42 CET [2025/01/22 10:29:42 ET]
Table '3850346244 1' 3-max Seat #3 is the button
Seat 1: Tipatushka (580 in chips) 
Seat 2: Mahu2021 (180 in chips) 
Seat 3: vivatik (740 in chips) 
Tipatushka: posts small blind 15
Mahu2021: posts big blind 30
*** HOLE CARDS ***
Dealt to Mahu2021 [Kd 6d]
vivatik: folds 
Tipatushka: folds 
Uncalled bet (15) returned to Mahu2021
Mahu2021 collected 30 from pot
Mahu2021: doesn't show hand 
*** SUMMARY ***
Total pot 30 | Rake 0 
Seat 1: Tipatushka (small blind) folded before Flop
Seat 2: Mahu2021 (big blind) collected (30)
Seat 3: vivatik (button) folded before Flop (didn't bet)



PokerStars Hand #254499521538: Tournament #3850346244, $4.60+$0.40 USD Hold'em No Limit - Level II (15/30) - 2025/01/22 16:30:01 CET [2025/01/22 10:30:01 ET]
Table '3850346244 1' 3-max Seat #1 is the button
Seat 1: Tipatushka (565 in chips) 
Seat 2: Mahu2021 (195 in chips) 
Seat 3: vivatik (740 in chips) 
Mahu2021: posts small blind 15
vivatik: posts big blind 30
*** HOLE CARDS ***
Dealt to Mahu2021 [Ah 5h]
Tipatushka: folds 
Mahu2021: raises 30 to 60
vivatik: raises 680 to 740 and is all-in
Mahu2021: calls 135 and is all-in
Uncalled bet (545) returned to vivatik
*** FLOP *** [8c 4d 9h]
*** TURN *** [8c 4d 9h] [2s]
*** RIVER *** [8c 4d 9h 2s] [4h]
*** SHOW DOWN ***
Mahu2021: shows [Ah 5h] (a pair of Fours)
vivatik: shows [Ad 3s] (a pair of Fours)
Mahu2021 collected 195 from pot
vivatik collected 195 from pot
*** SUMMARY ***
Total pot 390 | Rake 0 
Board [8c 4d 9h 2s 4h]
Seat 1: Tipatushka (button) folded before Flop (didn't bet)
Seat 2: Mahu2021 (small blind) showed [Ah 5h] and won (195) with a pair of Fours
Seat 3: vivatik (big blind) showed [Ad 3s] and won (195) with a pair of Fours



PokerStars Hand #254499525176: Tournament #3850346244, $4.60+$0.40 USD Hold'em No Limit - Level II (15/30) - 2025/01/22 16:30:18 CET [2025/01/22 10:30:18 ET]
Table '3850346244 1' 3-max Seat #2 is the button
Seat 1: Tipatushka (565 in chips) 
Seat 2: Mahu2021 (195 in chips) 
Seat 3: vivatik (740 in chips) 
vivatik: posts small blind 15
Tipatushka: posts big blind 30
*** HOLE CARDS ***
Dealt to Mahu2021 [Qd 8c]
Mahu2021: folds 
vivatik: raises 30 to 60
Tipatushka: folds 
Uncalled bet (30) returned to vivatik
vivatik collected 60 from pot
vivatik: doesn't show hand 
*** SUMMARY ***
Total pot 60 | Rake 0 
Seat 1: Tipatushka (big blind) folded before Flop
Seat 2: Mahu2021 (button) folded before Flop (didn't bet)
Seat 3: vivatik (small blind) collected (60)



PokerStars Hand #254499528557: Tournament #3850346244, $4.60+$0.40 USD Hold'em No Limit - Level II (15/30) - 2025/01/22 16:30:34 CET [2025/01/22 10:30:34 ET]
Table '3850346244 1' 3-max Seat #3 is the button
Seat 1: Tipatushka (535 in chips) 
Seat 2: Mahu2021 (195 in chips) 
Seat 3: vivatik (770 in chips) 
Tipatushka: posts small blind 15
Mahu2021: posts big blind 30
*** HOLE CARDS ***
Dealt to Mahu2021 [As 3h]
vivatik: raises 30 to 60
Tipatushka: folds 
Mahu2021: calls 30
*** FLOP *** [2d Qc 5c]
Mahu2021: checks 
vivatik: bets 34
Mahu2021: folds 
Uncalled bet (34) returned to vivatik
vivatik collected 135 from pot
vivatik: doesn't show hand 
*** SUMMARY ***
Total pot 135 | Rake 0 
Board [2d Qc 5c]
Seat 1: Tipatushka (small blind) folded before Flop
Seat 2: Mahu2021 (big blind) folded on the Flop
Seat 3: vivatik (button) collected (135)



PokerStars Hand #254499533207: Tournament #3850346244, $4.60+$0.40 USD Hold'em No Limit - Level II (15/30) - 2025/01/22 16:30:56 CET [2025/01/22 10:30:56 ET]
Table '3850346244 1' 3-max Seat #1 is the button
Seat 1: Tipatushka (520 in chips) 
Seat 2: Mahu2021 (135 in chips) 
Seat 3: vivatik (845 in chips) 
Mahu2021: posts small blind 15
vivatik: posts big blind 30
*** HOLE CARDS ***
Dealt to Mahu2021 [Qc 4h]
Tipatushka: folds 
Mahu2021: raises 105 to 135 and is all-in
vivatik: folds 
Uncalled bet (105) returned to Mahu2021
Mahu2021 collected 60 from pot
Mahu2021: doesn't show hand 
*** SUMMARY ***
Total pot 60 | Rake 0 
Seat 1: Tipatushka (button) folded before Flop (didn't bet)
Seat 2: Mahu2021 (small blind) collected (60)
Seat 3: vivatik (big blind) folded before Flop



PokerStars Hand #254499534796: Tournament #3850346244, $4.60+$0.40 USD Hold'em No Limit - Level II (15/30) - 2025/01/22 16:31:03 CET [2025/01/22 10:31:03 ET]
Table '3850346244 1' 3-max Seat #2 is the button
Seat 1: Tipatushka (520 in chips) 
Seat 2: Mahu2021 (165 in chips) 
Seat 3: vivatik (815 in chips) 
vivatik: posts small blind 15
Tipatushka: posts big blind 30
*** HOLE CARDS ***
Dealt to Mahu2021 [6s 7d]
Mahu2021: folds 
vivatik: raises 30 to 60
Tipatushka: raises 460 to 520 and is all-in
vivatik: folds 
Uncalled bet (460) returned to Tipatushka
Tipatushka collected 120 from pot
Tipatushka: doesn't show hand 
*** SUMMARY ***
Total pot 120 | Rake 0 
Seat 1: Tipatushka (big blind) collected (120)
Seat 2: Mahu2021 (button) folded before Flop (didn't bet)
Seat 3: vivatik (small blind) folded before Flop



PokerStars Hand #254499537380: Tournament #3850346244, $4.60+$0.40 USD Hold'em No Limit - Level II (15/30) - 2025/01/22 16:31:15 CET [2025/01/22 10:31:15 ET]
Table '3850346244 1' 3-max Seat #3 is the button
Seat 1: Tipatushka (580 in chips) 
Seat 2: Mahu2021 (165 in chips) 
Seat 3: vivatik (755 in chips) 
Tipatushka: posts small blind 15
Mahu2021: posts big blind 30
*** HOLE CARDS ***
Dealt to Mahu2021 [Jc 9c]
vivatik: folds 
Tipatushka: raises 550 to 580 and is all-in
Mahu2021: folds 
Uncalled bet (550) returned to Tipatushka
Tipatushka collected 60 from pot
Tipatushka: doesn't show hand 
*** SUMMARY ***
Total pot 60 | Rake 0 
Seat 1: Tipatushka (small blind) collected (60)
Seat 2: Mahu2021 (big blind) folded before Flop
Seat 3: vivatik (button) folded before Flop (didn't bet)



PokerStars Hand #254499538999: Tournament #3850346244, $4.60+$0.40 USD Hold'em No Limit - Level II (15/30) - 2025/01/22 16:31:23 CET [2025/01/22 10:31:23 ET]
Table '3850346244 1' 3-max Seat #1 is the button
Seat 1: Tipatushka (610 in chips) 
Seat 2: Mahu2021 (135 in chips) 
Seat 3: vivatik (755 in chips) 
Mahu2021: posts small blind 15
vivatik: posts big blind 30
*** HOLE CARDS ***
Dealt to Mahu2021 [As 2d]
Tipatushka: folds 
Mahu2021: raises 105 to 135 and is all-in
vivatik: folds 
Uncalled bet (105) returned to Mahu2021
Mahu2021 collected 60 from pot
Mahu2021: doesn't show hand 
*** SUMMARY ***
Total pot 60 | Rake 0 
Seat 1: Tipatushka (button) folded before Flop (didn't bet)
Seat 2: Mahu2021 (small blind) collected (60)
Seat 3: vivatik (big blind) folded before Flop



PokerStars Hand #254499543202: Tournament #3850346244, $4.60+$0.40 USD Hold'em No Limit - Level III (20/40) - 2025/01/22 16:31:43 CET [2025/01/22 10:31:43 ET]
Table '3850346244 1' 3-max Seat #2 is the button
Seat 1: Tipatushka (610 in chips) 
Seat 2: Mahu2021 (165 in chips) 
Seat 3: vivatik (725 in chips) 
vivatik: posts small blind 20
Tipatushka: posts big blind 40
*** HOLE CARDS ***
Dealt to Mahu2021 [Tc Jd]
Mahu2021: folds 
vivatik: calls 20
Tipatushka: checks 
*** FLOP *** [8s Kc 5d]
vivatik: bets 40
Tipatushka: raises 80 to 120
vivatik: folds 
Uncalled bet (80) returned to Tipatushka
Tipatushka collected 160 from pot
Tipatushka: doesn't show hand 
*** SUMMARY ***
Total pot 160 | Rake 0 
Board [8s Kc 5d]
Seat 1: Tipatushka (big blind) collected (160)
Seat 2: Mahu2021 (button) folded before Flop (didn't bet)
Seat 3: vivatik (small blind) folded on the Flop



PokerStars Hand #254499550043: Tournament #3850346244, $4.60+$0.40 USD Hold'em No Limit - Level III (20/40) - 2025/01/22 16:32:16 CET [2025/01/22 10:32:16 ET]
Table '3850346244 1' 3-max Seat #3 is the button
Seat 1: Tipatushka (690 in chips) 
Seat 2: Mahu2021 (165 in chips) 
Seat 3: vivatik (645 in chips) 
Tipatushka: posts small blind 20
Mahu2021: posts big blind 40
*** HOLE CARDS ***
Dealt to Mahu2021 [Js 5h]
vivatik: raises 40 to 80
Tipatushka: folds 
Mahu2021: folds 
Uncalled bet (40) returned to vivatik
vivatik collected 100 from pot
vivatik: doesn't show hand 
*** SUMMARY ***
Total pot 100 | Rake 0 
Seat 1: Tipatushka (small blind) folded before Flop
Seat 2: Mahu2021 (big blind) folded before Flop
Seat 3: vivatik (button) collected (100)



PokerStars Hand #254499551498: Tournament #3850346244, $4.60+$0.40 USD Hold'em No Limit - Level III (20/40) - 2025/01/22 16:32:23 CET [2025/01/22 10:32:23 ET]
Table '3850346244 1' 3-max Seat #1 is the button
Seat 1: Tipatushka (670 in chips) 
Seat 2: Mahu2021 (125 in chips) 
Seat 3: vivatik (705 in chips) 
Mahu2021: posts small blind 20
vivatik: posts big blind 40
*** HOLE CARDS ***
Dealt to Mahu2021 [8c 6h]
Tipatushka: raises 40 to 80
Mahu2021: folds 
vivatik: folds 
Uncalled bet (40) returned to Tipatushka
Tipatushka collected 100 from pot
Tipatushka: doesn't show hand 
*** SUMMARY ***
Total pot 100 | Rake 0 
Seat 1: Tipatushka (button) collected (100)
Seat 2: Mahu2021 (small blind) folded before Flop
Seat 3: vivatik (big blind) folded before Flop



PokerStars Hand #254499554255: Tournament #3850346244, $4.60+$0.40 USD Hold'em No Limit - Level III (20/40) - 2025/01/22 16:32:36 CET [2025/01/22 10:32:36 ET]
Table '3850346244 1' 3-max Seat #2 is the button
Seat 1: Tipatushka (730 in chips) 
Seat 2: Mahu2021 (105 in chips) 
Seat 3: vivatik (665 in chips) 
vivatik: posts small blind 20
Tipatushka: posts big blind 40
*** HOLE CARDS ***
Dealt to Mahu2021 [Qs Jc]
Mahu2021: raises 65 to 105 and is all-in
vivatik: raises 560 to 665 and is all-in
Tipatushka: folds 
Uncalled bet (560) returned to vivatik
*** FLOP *** [6s 5d Js]
*** TURN *** [6s 5d Js] [4h]
*** RIVER *** [6s 5d Js 4h] [2c]
*** SHOW DOWN ***
vivatik: shows [As Jh] (a pair of Jacks)
Mahu2021: shows [Qs Jc] (a pair of Jacks - lower kicker)
vivatik collected 250 from pot
Mahu2021 finished the tournament in 3rd place
*** SUMMARY ***
Total pot 250 | Rake 0 
Board [6s 5d Js 4h 2c]
Seat 1: Tipatushka (big blind) folded before Flop
Seat 2: Mahu2021 (button) showed [Qs Jc] and lost with a pair of Jacks
Seat 3: vivatik (small blind) showed [As Jh] and won (250) with a pair of Jacks



