PokerStars Hand #247673031031: Tournament #3686778792, $1.84+$0.16 USD Hold'em No Limit - Level I (10/20) - 2023/12/15 16:10:45 CET [2023/12/15 10:10:45 ET]
Table '3686778792 1' 3-max Seat #1 is the button
Seat 1: XPadawanX-  (500 in chips) 
Seat 2: Mahu2021 (500 in chips) 
Seat 3: pinguin677 (500 in chips) 
Mahu2021: posts small blind 10
pinguin677: posts big blind 20
*** HOLE CARDS ***
Dealt to Mahu2021 [4h Qs]
XPadawanX- : raises 20 to 40
Mahu2021: folds 
pinguin677: calls 20
*** FLOP *** [2h 3c 5d]
pinguin677: checks 
XPadawanX- : checks 
*** TURN *** [2h 3c 5d] [6d]
pinguin677: checks 
XPadawanX- : checks 
*** RIVER *** [2h 3c 5d 6d] [Qh]
pinguin677: checks 
XPadawanX- : checks 
*** SHOW DOWN ***
pinguin677: shows [Kc 7c] (high card King)
XPadawanX- : shows [7s As] (high card Ace)
XPadawanX-  collected 90 from pot
*** SUMMARY ***
Total pot 90 | Rake 0 
Board [2h 3c 5d 6d Qh]
Seat 1: XPadawanX-  (button) showed [7s As] and won (90) with high card Ace
Seat 2: Mahu2021 (small blind) folded before Flop
Seat 3: pinguin677 (big blind) showed [Kc 7c] and lost with high card King



PokerStars Hand #247673036044: Tournament #3686778792, $1.84+$0.16 USD Hold'em No Limit - Level I (10/20) - 2023/12/15 16:11:07 CET [2023/12/15 10:11:07 ET]
Table '3686778792 1' 3-max Seat #2 is the button
Seat 1: XPadawanX-  (550 in chips) 
Seat 2: Mahu2021 (490 in chips) 
Seat 3: pinguin677 (460 in chips) 
pinguin677: posts small blind 10
XPadawanX- : posts big blind 20
*** HOLE CARDS ***
Dealt to Mahu2021 [Kh 4s]
Mahu2021: folds 
pinguin677: calls 10
XPadawanX- : checks 
*** FLOP *** [Td 8d 2s]
pinguin677: bets 60
XPadawanX- : calls 60
*** TURN *** [Td 8d 2s] [Th]
pinguin677: checks 
XPadawanX- : bets 96
pinguin677: calls 96
*** RIVER *** [Td 8d 2s Th] [6h]
pinguin677: checks 
XPadawanX- : bets 106
pinguin677: calls 106
*** SHOW DOWN ***
XPadawanX- : shows [3d Qd] (a pair of Tens)
pinguin677: shows [4c 8c] (two pair, Tens and Eights)
pinguin677 collected 564 from pot
*** SUMMARY ***
Total pot 564 | Rake 0 
Board [Td 8d 2s Th 6h]
Seat 1: XPadawanX-  (big blind) showed [3d Qd] and lost with a pair of Tens
Seat 2: Mahu2021 (button) folded before Flop (didn't bet)
Seat 3: pinguin677 (small blind) showed [4c 8c] and won (564) with two pair, Tens and Eights



PokerStars Hand #247673049156: Tournament #3686778792, $1.84+$0.16 USD Hold'em No Limit - Level I (10/20) - 2023/12/15 16:12:06 CET [2023/12/15 10:12:06 ET]
Table '3686778792 1' 3-max Seat #3 is the button
Seat 1: XPadawanX-  (268 in chips) 
Seat 2: Mahu2021 (490 in chips) 
Seat 3: pinguin677 (742 in chips) 
XPadawanX- : posts small blind 10
Mahu2021: posts big blind 20
*** HOLE CARDS ***
Dealt to Mahu2021 [7s Ts]
pinguin677: calls 20
XPadawanX- : folds 
Mahu2021: checks 
*** FLOP *** [9c Qs 6c]
Mahu2021: checks 
pinguin677: bets 50
Mahu2021: folds 
Uncalled bet (50) returned to pinguin677
pinguin677 collected 50 from pot
*** SUMMARY ***
Total pot 50 | Rake 0 
Board [9c Qs 6c]
Seat 1: XPadawanX-  (small blind) folded before Flop
Seat 2: Mahu2021 (big blind) folded on the Flop
Seat 3: pinguin677 (button) collected (50)



PokerStars Hand #247673054141: Tournament #3686778792, $1.84+$0.16 USD Hold'em No Limit - Level I (10/20) - 2023/12/15 16:12:28 CET [2023/12/15 10:12:28 ET]
Table '3686778792 1' 3-max Seat #1 is the button
Seat 1: XPadawanX-  (258 in chips) 
Seat 2: Mahu2021 (470 in chips) 
Seat 3: pinguin677 (772 in chips) 
Mahu2021: posts small blind 10
pinguin677: posts big blind 20
*** HOLE CARDS ***
Dealt to Mahu2021 [6d 3c]
XPadawanX- : folds 
Mahu2021: folds 
Uncalled bet (10) returned to pinguin677
pinguin677 collected 20 from pot
*** SUMMARY ***
Total pot 20 | Rake 0 
Seat 1: XPadawanX-  (button) folded before Flop (didn't bet)
Seat 2: Mahu2021 (small blind) folded before Flop
Seat 3: pinguin677 (big blind) collected (20)



PokerStars Hand #247673055736: Tournament #3686778792, $1.84+$0.16 USD Hold'em No Limit - Level I (10/20) - 2023/12/15 16:12:35 CET [2023/12/15 10:12:35 ET]
Table '3686778792 1' 3-max Seat #2 is the button
Seat 1: XPadawanX-  (258 in chips) 
Seat 2: Mahu2021 (460 in chips) 
Seat 3: pinguin677 (782 in chips) 
pinguin677: posts small blind 10
XPadawanX- : posts big blind 20
*** HOLE CARDS ***
Dealt to Mahu2021 [6s 9s]
Mahu2021: folds 
pinguin677: calls 10
XPadawanX- : checks 
*** FLOP *** [2h As 8h]
pinguin677: checks 
XPadawanX- : checks 
*** TURN *** [2h As 8h] [Qc]
pinguin677: checks 
XPadawanX- : bets 20
pinguin677: folds 
Uncalled bet (20) returned to XPadawanX- 
XPadawanX-  collected 40 from pot
XPadawanX- : doesn't show hand 
*** SUMMARY ***
Total pot 40 | Rake 0 
Board [2h As 8h Qc]
Seat 1: XPadawanX-  (big blind) collected (40)
Seat 2: Mahu2021 (button) folded before Flop (didn't bet)
Seat 3: pinguin677 (small blind) folded on the Turn



PokerStars Hand #247673061745: Tournament #3686778792, $1.84+$0.16 USD Hold'em No Limit - Level I (10/20) - 2023/12/15 16:13:02 CET [2023/12/15 10:13:02 ET]
Table '3686778792 1' 3-max Seat #3 is the button
Seat 1: XPadawanX-  (278 in chips) 
Seat 2: Mahu2021 (460 in chips) 
Seat 3: pinguin677 (762 in chips) 
XPadawanX- : posts small blind 10
Mahu2021: posts big blind 20
*** HOLE CARDS ***
Dealt to Mahu2021 [Jh Kd]
pinguin677: folds 
XPadawanX- : raises 258 to 278 and is all-in
Mahu2021: calls 258
*** FLOP *** [6c 2s 4h]
*** TURN *** [6c 2s 4h] [Ad]
*** RIVER *** [6c 2s 4h Ad] [Td]
*** SHOW DOWN ***
XPadawanX- : shows [Jd As] (a pair of Aces)
Mahu2021: shows [Jh Kd] (high card Ace)
XPadawanX-  collected 556 from pot
*** SUMMARY ***
Total pot 556 | Rake 0 
Board [6c 2s 4h Ad Td]
Seat 1: XPadawanX-  (small blind) showed [Jd As] and won (556) with a pair of Aces
Seat 2: Mahu2021 (big blind) showed [Jh Kd] and lost with high card Ace
Seat 3: pinguin677 (button) folded before Flop (didn't bet)



PokerStars Hand #247673065976: Tournament #3686778792, $1.84+$0.16 USD Hold'em No Limit - Level I (10/20) - 2023/12/15 16:13:21 CET [2023/12/15 10:13:21 ET]
Table '3686778792 1' 3-max Seat #1 is the button
Seat 1: XPadawanX-  (556 in chips) 
Seat 2: Mahu2021 (182 in chips) 
Seat 3: pinguin677 (762 in chips) 
Mahu2021: posts small blind 10
pinguin677: posts big blind 20
*** HOLE CARDS ***
Dealt to Mahu2021 [7d Qs]
XPadawanX- : raises 20 to 40
Mahu2021: folds 
pinguin677: folds 
Uncalled bet (20) returned to XPadawanX- 
XPadawanX-  collected 50 from pot
XPadawanX- : doesn't show hand 
*** SUMMARY ***
Total pot 50 | Rake 0 
Seat 1: XPadawanX-  (button) collected (50)
Seat 2: Mahu2021 (small blind) folded before Flop
Seat 3: pinguin677 (big blind) folded before Flop



PokerStars Hand #247673067579: Tournament #3686778792, $1.84+$0.16 USD Hold'em No Limit - Level I (10/20) - 2023/12/15 16:13:28 CET [2023/12/15 10:13:28 ET]
Table '3686778792 1' 3-max Seat #2 is the button
Seat 1: XPadawanX-  (586 in chips) 
Seat 2: Mahu2021 (172 in chips) 
Seat 3: pinguin677 (742 in chips) 
pinguin677: posts small blind 10
XPadawanX- : posts big blind 20
*** HOLE CARDS ***
Dealt to Mahu2021 [Qd 7c]
Mahu2021: folds 
pinguin677: calls 10
XPadawanX- : raises 40 to 60
pinguin677: calls 40
*** FLOP *** [8d 5s 4d]
pinguin677: bets 120
XPadawanX- : folds 
Uncalled bet (120) returned to pinguin677
pinguin677 collected 120 from pot
*** SUMMARY ***
Total pot 120 | Rake 0 
Board [8d 5s 4d]
Seat 1: XPadawanX-  (big blind) folded on the Flop
Seat 2: Mahu2021 (button) folded before Flop (didn't bet)
Seat 3: pinguin677 (small blind) collected (120)



PokerStars Hand #247673072269: Tournament #3686778792, $1.84+$0.16 USD Hold'em No Limit - Level II (15/30) - 2023/12/15 16:13:49 CET [2023/12/15 10:13:49 ET]
Table '3686778792 1' 3-max Seat #3 is the button
Seat 1: XPadawanX-  (526 in chips) 
Seat 2: Mahu2021 (172 in chips) 
Seat 3: pinguin677 (802 in chips) 
XPadawanX- : posts small blind 15
Mahu2021: posts big blind 30
*** HOLE CARDS ***
Dealt to Mahu2021 [Js Kc]
pinguin677: folds 
XPadawanX- : raises 496 to 526 and is all-in
Mahu2021: calls 142 and is all-in
Uncalled bet (354) returned to XPadawanX- 
*** FLOP *** [6s 7s 9d]
*** TURN *** [6s 7s 9d] [5h]
*** RIVER *** [6s 7s 9d 5h] [Ks]
*** SHOW DOWN ***
XPadawanX- : shows [Jc 7d] (a pair of Sevens)
Mahu2021: shows [Js Kc] (a pair of Kings)
Mahu2021 collected 344 from pot
*** SUMMARY ***
Total pot 344 | Rake 0 
Board [6s 7s 9d 5h Ks]
Seat 1: XPadawanX-  (small blind) showed [Jc 7d] and lost with a pair of Sevens
Seat 2: Mahu2021 (big blind) showed [Js Kc] and won (344) with a pair of Kings
Seat 3: pinguin677 (button) folded before Flop (didn't bet)



PokerStars Hand #247673077143: Tournament #3686778792, $1.84+$0.16 USD Hold'em No Limit - Level II (15/30) - 2023/12/15 16:14:10 CET [2023/12/15 10:14:10 ET]
Table '3686778792 1' 3-max Seat #1 is the button
Seat 1: XPadawanX-  (354 in chips) 
Seat 2: Mahu2021 (344 in chips) 
Seat 3: pinguin677 (802 in chips) 
Mahu2021: posts small blind 15
pinguin677: posts big blind 30
*** HOLE CARDS ***
Dealt to Mahu2021 [6c 7h]
XPadawanX- : folds 
Mahu2021: folds 
Uncalled bet (15) returned to pinguin677
pinguin677 collected 30 from pot
*** SUMMARY ***
Total pot 30 | Rake 0 
Seat 1: XPadawanX-  (button) folded before Flop (didn't bet)
Seat 2: Mahu2021 (small blind) folded before Flop
Seat 3: pinguin677 (big blind) collected (30)



PokerStars Hand #247673078781: Tournament #3686778792, $1.84+$0.16 USD Hold'em No Limit - Level II (15/30) - 2023/12/15 16:14:17 CET [2023/12/15 10:14:17 ET]
Table '3686778792 1' 3-max Seat #2 is the button
Seat 1: XPadawanX-  (354 in chips) 
Seat 2: Mahu2021 (329 in chips) 
Seat 3: pinguin677 (817 in chips) 
pinguin677: posts small blind 15
XPadawanX- : posts big blind 30
*** HOLE CARDS ***
Dealt to Mahu2021 [4d 5c]
Mahu2021: folds 
pinguin677: raises 60 to 90
XPadawanX- : calls 60
*** FLOP *** [7d Kc 2d]
pinguin677: bets 30
XPadawanX- : calls 30
*** TURN *** [7d Kc 2d] [Js]
pinguin677: bets 30
XPadawanX- : raises 30 to 60
pinguin677: raises 60 to 120
XPadawanX- : raises 114 to 234 and is all-in
pinguin677: calls 114
*** RIVER *** [7d Kc 2d Js] [6h]
*** SHOW DOWN ***
pinguin677: shows [Ks Kd] (three of a kind, Kings)
XPadawanX- : shows [Ac As] (a pair of Aces)
pinguin677 collected 708 from pot
XPadawanX-  finished the tournament in 3rd place
*** SUMMARY ***
Total pot 708 | Rake 0 
Board [7d Kc 2d Js 6h]
Seat 1: XPadawanX-  (big blind) showed [Ac As] and lost with a pair of Aces
Seat 2: Mahu2021 (button) folded before Flop (didn't bet)
Seat 3: pinguin677 (small blind) showed [Ks Kd] and won (708) with three of a kind, Kings



PokerStars Hand #247673092045: Tournament #3686778792, $1.84+$0.16 USD Hold'em No Limit - Level II (15/30) - 2023/12/15 16:15:15 CET [2023/12/15 10:15:15 ET]
Table '3686778792 1' 3-max Seat #3 is the button
Seat 2: Mahu2021 (329 in chips) 
Seat 3: pinguin677 (1171 in chips) 
pinguin677: posts small blind 15
Mahu2021: posts big blind 30
*** HOLE CARDS ***
Dealt to Mahu2021 [3s 6d]
pinguin677: calls 15
Mahu2021: checks 
*** FLOP *** [5d 8h Ad]
Mahu2021: checks 
pinguin677: bets 60
Mahu2021: folds 
Uncalled bet (60) returned to pinguin677
pinguin677 collected 60 from pot
*** SUMMARY ***
Total pot 60 | Rake 0 
Board [5d 8h Ad]
Seat 2: Mahu2021 (big blind) folded on the Flop
Seat 3: pinguin677 (button) (small blind) collected (60)



PokerStars Hand #247673094627: Tournament #3686778792, $1.84+$0.16 USD Hold'em No Limit - Level II (15/30) - 2023/12/15 16:15:26 CET [2023/12/15 10:15:26 ET]
Table '3686778792 1' 3-max Seat #2 is the button
Seat 2: Mahu2021 (299 in chips) 
Seat 3: pinguin677 (1201 in chips) 
Mahu2021: posts small blind 15
pinguin677: posts big blind 30
*** HOLE CARDS ***
Dealt to Mahu2021 [Kd 3d]
Mahu2021: raises 30 to 60
pinguin677: calls 30
*** FLOP *** [7h 6h Ah]
pinguin677: checks 
Mahu2021: checks 
*** TURN *** [7h 6h Ah] [Qc]
pinguin677: bets 30
Mahu2021: folds 
Uncalled bet (30) returned to pinguin677
pinguin677 collected 120 from pot
*** SUMMARY ***
Total pot 120 | Rake 0 
Board [7h 6h Ah Qc]
Seat 2: Mahu2021 (button) (small blind) folded on the Turn
Seat 3: pinguin677 (big blind) collected (120)



PokerStars Hand #247673098402: Tournament #3686778792, $1.84+$0.16 USD Hold'em No Limit - Level II (15/30) - 2023/12/15 16:15:42 CET [2023/12/15 10:15:42 ET]
Table '3686778792 1' 3-max Seat #3 is the button
Seat 2: Mahu2021 (239 in chips) 
Seat 3: pinguin677 (1261 in chips) 
pinguin677: posts small blind 15
Mahu2021: posts big blind 30
*** HOLE CARDS ***
Dealt to Mahu2021 [4s Ac]
pinguin677: calls 15
Mahu2021: raises 209 to 239 and is all-in
pinguin677: folds 
Uncalled bet (209) returned to Mahu2021
Mahu2021 collected 60 from pot
Mahu2021: doesn't show hand 
*** SUMMARY ***
Total pot 60 | Rake 0 
Seat 2: Mahu2021 (big blind) collected (60)
Seat 3: pinguin677 (button) (small blind) folded before Flop



PokerStars Hand #247673100042: Tournament #3686778792, $1.84+$0.16 USD Hold'em No Limit - Level II (15/30) - 2023/12/15 16:15:49 CET [2023/12/15 10:15:49 ET]
Table '3686778792 1' 3-max Seat #2 is the button
Seat 2: Mahu2021 (269 in chips) 
Seat 3: pinguin677 (1231 in chips) 
Mahu2021: posts small blind 15
pinguin677: posts big blind 30
*** HOLE CARDS ***
Dealt to Mahu2021 [9h 5c]
Mahu2021: folds 
Uncalled bet (15) returned to pinguin677
pinguin677 collected 30 from pot
*** SUMMARY ***
Total pot 30 | Rake 0 
Seat 2: Mahu2021 (button) (small blind) folded before Flop
Seat 3: pinguin677 (big blind) collected (30)



PokerStars Hand #247673101140: Tournament #3686778792, $1.84+$0.16 USD Hold'em No Limit - Level II (15/30) - 2023/12/15 16:15:54 CET [2023/12/15 10:15:54 ET]
Table '3686778792 1' 3-max Seat #3 is the button
Seat 2: Mahu2021 (254 in chips) 
Seat 3: pinguin677 (1246 in chips) 
pinguin677: posts small blind 15
Mahu2021: posts big blind 30
*** HOLE CARDS ***
Dealt to Mahu2021 [6s Ac]
pinguin677: calls 15
Mahu2021: raises 224 to 254 and is all-in
pinguin677: folds 
Uncalled bet (224) returned to Mahu2021
Mahu2021 collected 60 from pot
Mahu2021: doesn't show hand 
*** SUMMARY ***
Total pot 60 | Rake 0 
Seat 2: Mahu2021 (big blind) collected (60)
Seat 3: pinguin677 (button) (small blind) folded before Flop



PokerStars Hand #247673103209: Tournament #3686778792, $1.84+$0.16 USD Hold'em No Limit - Level II (15/30) - 2023/12/15 16:16:02 CET [2023/12/15 10:16:02 ET]
Table '3686778792 1' 3-max Seat #2 is the button
Seat 2: Mahu2021 (284 in chips) 
Seat 3: pinguin677 (1216 in chips) 
Mahu2021: posts small blind 15
pinguin677: posts big blind 30
*** HOLE CARDS ***
Dealt to Mahu2021 [5s Qc]
Mahu2021: calls 15
pinguin677: checks 
*** FLOP *** [9d 2c 4s]
pinguin677: bets 30
Mahu2021: folds 
Uncalled bet (30) returned to pinguin677
pinguin677 collected 60 from pot
*** SUMMARY ***
Total pot 60 | Rake 0 
Board [9d 2c 4s]
Seat 2: Mahu2021 (button) (small blind) folded on the Flop
Seat 3: pinguin677 (big blind) collected (60)



PokerStars Hand #247673105124: Tournament #3686778792, $1.84+$0.16 USD Hold'em No Limit - Level II (15/30) - 2023/12/15 16:16:10 CET [2023/12/15 10:16:10 ET]
Table '3686778792 1' 3-max Seat #3 is the button
Seat 2: Mahu2021 (254 in chips) 
Seat 3: pinguin677 (1246 in chips) 
pinguin677: posts small blind 15
Mahu2021: posts big blind 30
*** HOLE CARDS ***
Dealt to Mahu2021 [3h 3c]
pinguin677: raises 60 to 90
Mahu2021: raises 164 to 254 and is all-in
pinguin677: calls 164
*** FLOP *** [4h Jd 5h]
*** TURN *** [4h Jd 5h] [2s]
*** RIVER *** [4h Jd 5h 2s] [Kc]
*** SHOW DOWN ***
Mahu2021: shows [3h 3c] (a pair of Threes)
pinguin677: shows [9c Kh] (a pair of Kings)
pinguin677 collected 508 from pot
Mahu2021 finished the tournament in 2nd place
pinguin677 wins the tournament and receives $6.00 - congratulations!
*** SUMMARY ***
Total pot 508 | Rake 0 
Board [4h Jd 5h 2s Kc]
Seat 2: Mahu2021 (big blind) showed [3h 3c] and lost with a pair of Threes
Seat 3: pinguin677 (button) (small blind) showed [9c Kh] and won (508) with a pair of Kings



