PokerStars Hand #247028399624: Tournament #3671311702, $1.84+$0.16 USD Hold'em No Limit - Level I (10/20) - 2023/11/10 15:39:38 CET [2023/11/10 9:39:38 ET]
Table '3671311702 1' 3-max Seat #1 is the button
Seat 1: Mahu2021 (500 in chips) 
Seat 2: BoredMedic (500 in chips) 
Seat 3: boruc89 (500 in chips) 
BoredMedic: posts small blind 10
boruc89: posts big blind 20
*** HOLE CARDS ***
Dealt to Mahu2021 [4c Jd]
Mahu2021: folds 
BoredMedic: folds 
Uncalled bet (10) returned to boruc89
boruc89 collected 20 from pot
boruc89: doesn't show hand 
*** SUMMARY ***
Total pot 20 | Rake 0 
Seat 1: Mahu2021 (button) folded before Flop (didn't bet)
Seat 2: BoredMedic (small blind) folded before Flop
Seat 3: boruc89 (big blind) collected (20)



PokerStars Hand #247028401100: Tournament #3671311702, $1.84+$0.16 USD Hold'em No Limit - Level I (10/20) - 2023/11/10 15:39:44 CET [2023/11/10 9:39:44 ET]
Table '3671311702 1' 3-max Seat #2 is the button
Seat 1: Mahu2021 (500 in chips) 
Seat 2: BoredMedic (490 in chips) 
Seat 3: boruc89 (510 in chips) 
boruc89: posts small blind 10
Mahu2021: posts big blind 20
*** HOLE CARDS ***
Dealt to Mahu2021 [Ad 7d]
BoredMedic: folds 
boruc89: raises 20 to 40
Mahu2021: calls 20
*** FLOP *** [5d 3d 2s]
boruc89: checks 
Mahu2021: bets 40
boruc89: folds 
Uncalled bet (40) returned to Mahu2021
Mahu2021 collected 80 from pot
Mahu2021: doesn't show hand 
*** SUMMARY ***
Total pot 80 | Rake 0 
Board [5d 3d 2s]
Seat 1: Mahu2021 (big blind) collected (80)
Seat 2: BoredMedic (button) folded before Flop (didn't bet)
Seat 3: boruc89 (small blind) folded on the Flop



PokerStars Hand #247028404333: Tournament #3671311702, $1.84+$0.16 USD Hold'em No Limit - Level I (10/20) - 2023/11/10 15:39:58 CET [2023/11/10 9:39:58 ET]
Table '3671311702 1' 3-max Seat #3 is the button
Seat 1: Mahu2021 (540 in chips) 
Seat 2: BoredMedic (490 in chips) 
Seat 3: boruc89 (470 in chips) 
Mahu2021: posts small blind 10
BoredMedic: posts big blind 20
*** HOLE CARDS ***
Dealt to Mahu2021 [4c Ks]
boruc89: folds 
Mahu2021: calls 10
BoredMedic: checks 
*** FLOP *** [6d 8s 3s]
Mahu2021: checks 
BoredMedic: bets 40
Mahu2021: folds 
Uncalled bet (40) returned to BoredMedic
BoredMedic collected 40 from pot
*** SUMMARY ***
Total pot 40 | Rake 0 
Board [6d 8s 3s]
Seat 1: Mahu2021 (small blind) folded on the Flop
Seat 2: BoredMedic (big blind) collected (40)
Seat 3: boruc89 (button) folded before Flop (didn't bet)



PokerStars Hand #247028407913: Tournament #3671311702, $1.84+$0.16 USD Hold'em No Limit - Level I (10/20) - 2023/11/10 15:40:13 CET [2023/11/10 9:40:13 ET]
Table '3671311702 1' 3-max Seat #1 is the button
Seat 1: Mahu2021 (520 in chips) 
Seat 2: BoredMedic (510 in chips) 
Seat 3: boruc89 (470 in chips) 
BoredMedic: posts small blind 10
boruc89: posts big blind 20
*** HOLE CARDS ***
Dealt to Mahu2021 [6h 3c]
Mahu2021: folds 
BoredMedic: calls 10
boruc89: raises 40 to 60
BoredMedic: folds 
Uncalled bet (40) returned to boruc89
boruc89 collected 40 from pot
boruc89: doesn't show hand 
*** SUMMARY ***
Total pot 40 | Rake 0 
Seat 1: Mahu2021 (button) folded before Flop (didn't bet)
Seat 2: BoredMedic (small blind) folded before Flop
Seat 3: boruc89 (big blind) collected (40)



PokerStars Hand #247028411298: Tournament #3671311702, $1.84+$0.16 USD Hold'em No Limit - Level I (10/20) - 2023/11/10 15:40:28 CET [2023/11/10 9:40:28 ET]
Table '3671311702 1' 3-max Seat #2 is the button
Seat 1: Mahu2021 (520 in chips) 
Seat 2: BoredMedic (490 in chips) 
Seat 3: boruc89 (490 in chips) 
boruc89: posts small blind 10
Mahu2021: posts big blind 20
*** HOLE CARDS ***
Dealt to Mahu2021 [7h Qh]
BoredMedic: raises 40 to 60
boruc89: calls 50
Mahu2021: calls 40
*** FLOP *** [9c 5s Jh]
boruc89: checks 
Mahu2021: checks 
BoredMedic: bets 60
boruc89: calls 60
Mahu2021: folds 
*** TURN *** [9c 5s Jh] [Ac]
boruc89: checks 
BoredMedic: bets 150
boruc89: folds 
Uncalled bet (150) returned to BoredMedic
BoredMedic collected 300 from pot
*** SUMMARY ***
Total pot 300 | Rake 0 
Board [9c 5s Jh Ac]
Seat 1: Mahu2021 (big blind) folded on the Flop
Seat 2: BoredMedic (button) collected (300)
Seat 3: boruc89 (small blind) folded on the Turn



PokerStars Hand #247028416543: Tournament #3671311702, $1.84+$0.16 USD Hold'em No Limit - Level I (10/20) - 2023/11/10 15:40:50 CET [2023/11/10 9:40:50 ET]
Table '3671311702 1' 3-max Seat #3 is the button
Seat 1: Mahu2021 (460 in chips) 
Seat 2: BoredMedic (670 in chips) 
Seat 3: boruc89 (370 in chips) 
Mahu2021: posts small blind 10
BoredMedic: posts big blind 20
*** HOLE CARDS ***
Dealt to Mahu2021 [5c 7s]
boruc89: folds 
Mahu2021: folds 
Uncalled bet (10) returned to BoredMedic
BoredMedic collected 20 from pot
*** SUMMARY ***
Total pot 20 | Rake 0 
Seat 1: Mahu2021 (small blind) folded before Flop
Seat 2: BoredMedic (big blind) collected (20)
Seat 3: boruc89 (button) folded before Flop (didn't bet)



PokerStars Hand #247028417543: Tournament #3671311702, $1.84+$0.16 USD Hold'em No Limit - Level I (10/20) - 2023/11/10 15:40:54 CET [2023/11/10 9:40:54 ET]
Table '3671311702 1' 3-max Seat #1 is the button
Seat 1: Mahu2021 (450 in chips) 
Seat 2: BoredMedic (680 in chips) 
Seat 3: boruc89 (370 in chips) 
BoredMedic: posts small blind 10
boruc89: posts big blind 20
*** HOLE CARDS ***
Dealt to Mahu2021 [2h Qh]
Mahu2021: calls 20
BoredMedic: calls 10
boruc89: checks 
*** FLOP *** [2c 9d 8c]
BoredMedic: checks 
boruc89: checks 
Mahu2021: bets 40
BoredMedic: calls 40
boruc89: raises 120 to 160
Mahu2021: folds 
BoredMedic: folds 
Uncalled bet (120) returned to boruc89
boruc89 collected 180 from pot
boruc89: doesn't show hand 
*** SUMMARY ***
Total pot 180 | Rake 0 
Board [2c 9d 8c]
Seat 1: Mahu2021 (button) folded on the Flop
Seat 2: BoredMedic (small blind) folded on the Flop
Seat 3: boruc89 (big blind) collected (180)



PokerStars Hand #247028423932: Tournament #3671311702, $1.84+$0.16 USD Hold'em No Limit - Level I (10/20) - 2023/11/10 15:41:22 CET [2023/11/10 9:41:22 ET]
Table '3671311702 1' 3-max Seat #2 is the button
Seat 1: Mahu2021 (390 in chips) 
Seat 2: BoredMedic (620 in chips) 
Seat 3: boruc89 (490 in chips) 
boruc89: posts small blind 10
Mahu2021: posts big blind 20
*** HOLE CARDS ***
Dealt to Mahu2021 [2c As]
BoredMedic: folds 
boruc89: calls 10
Mahu2021: raises 40 to 60
boruc89: calls 40
*** FLOP *** [6h Ts 3c]
boruc89: checks 
Mahu2021: checks 
*** TURN *** [6h Ts 3c] [Td]
boruc89: bets 60
Mahu2021: calls 60
*** RIVER *** [6h Ts 3c Td] [Ac]
boruc89: checks 
Mahu2021: bets 60
boruc89: folds 
Uncalled bet (60) returned to Mahu2021
Mahu2021 collected 240 from pot
Mahu2021: doesn't show hand 
*** SUMMARY ***
Total pot 240 | Rake 0 
Board [6h Ts 3c Td Ac]
Seat 1: Mahu2021 (big blind) collected (240)
Seat 2: BoredMedic (button) folded before Flop (didn't bet)
Seat 3: boruc89 (small blind) folded on the River



PokerStars Hand #247028429971: Tournament #3671311702, $1.84+$0.16 USD Hold'em No Limit - Level II (15/30) - 2023/11/10 15:41:48 CET [2023/11/10 9:41:48 ET]
Table '3671311702 1' 3-max Seat #3 is the button
Seat 1: Mahu2021 (510 in chips) 
Seat 2: BoredMedic (620 in chips) 
Seat 3: boruc89 (370 in chips) 
Mahu2021: posts small blind 15
BoredMedic: posts big blind 30
*** HOLE CARDS ***
Dealt to Mahu2021 [Kc 8h]
boruc89: folds 
Mahu2021: calls 15
BoredMedic: raises 60 to 90
Mahu2021: calls 60
*** FLOP *** [3h Jh Ad]
Mahu2021: checks 
BoredMedic: bets 90
Mahu2021: folds 
Uncalled bet (90) returned to BoredMedic
BoredMedic collected 180 from pot
*** SUMMARY ***
Total pot 180 | Rake 0 
Board [3h Jh Ad]
Seat 1: Mahu2021 (small blind) folded on the Flop
Seat 2: BoredMedic (big blind) collected (180)
Seat 3: boruc89 (button) folded before Flop (didn't bet)



PokerStars Hand #247028433743: Tournament #3671311702, $1.84+$0.16 USD Hold'em No Limit - Level II (15/30) - 2023/11/10 15:42:05 CET [2023/11/10 9:42:05 ET]
Table '3671311702 1' 3-max Seat #1 is the button
Seat 1: Mahu2021 (420 in chips) 
Seat 2: BoredMedic (710 in chips) 
Seat 3: boruc89 (370 in chips) 
BoredMedic: posts small blind 15
boruc89: posts big blind 30
*** HOLE CARDS ***
Dealt to Mahu2021 [8h 3c]
Mahu2021: folds 
BoredMedic: folds 
Uncalled bet (15) returned to boruc89
boruc89 collected 30 from pot
boruc89: doesn't show hand 
*** SUMMARY ***
Total pot 30 | Rake 0 
Seat 1: Mahu2021 (button) folded before Flop (didn't bet)
Seat 2: BoredMedic (small blind) folded before Flop
Seat 3: boruc89 (big blind) collected (30)



PokerStars Hand #247028435123: Tournament #3671311702, $1.84+$0.16 USD Hold'em No Limit - Level II (15/30) - 2023/11/10 15:42:10 CET [2023/11/10 9:42:10 ET]
Table '3671311702 1' 3-max Seat #2 is the button
Seat 1: Mahu2021 (420 in chips) 
Seat 2: BoredMedic (695 in chips) 
Seat 3: boruc89 (385 in chips) 
boruc89: posts small blind 15
Mahu2021: posts big blind 30
*** HOLE CARDS ***
Dealt to Mahu2021 [Qd Qc]
BoredMedic: folds 
boruc89: calls 15
Mahu2021: raises 120 to 150
boruc89: raises 235 to 385 and is all-in
Mahu2021: calls 235
*** FLOP *** [2d 6s Ah]
*** TURN *** [2d 6s Ah] [6d]
*** RIVER *** [2d 6s Ah 6d] [7s]
*** SHOW DOWN ***
boruc89: shows [7h As] (two pair, Aces and Sevens)
Mahu2021: shows [Qd Qc] (two pair, Queens and Sixes)
boruc89 collected 770 from pot
*** SUMMARY ***
Total pot 770 | Rake 0 
Board [2d 6s Ah 6d 7s]
Seat 1: Mahu2021 (big blind) showed [Qd Qc] and lost with two pair, Queens and Sixes
Seat 2: BoredMedic (button) folded before Flop (didn't bet)
Seat 3: boruc89 (small blind) showed [7h As] and won (770) with two pair, Aces and Sevens



PokerStars Hand #247028439168: Tournament #3671311702, $1.84+$0.16 USD Hold'em No Limit - Level II (15/30) - 2023/11/10 15:42:28 CET [2023/11/10 9:42:28 ET]
Table '3671311702 1' 3-max Seat #3 is the button
Seat 1: Mahu2021 (35 in chips) 
Seat 2: BoredMedic (695 in chips) 
Seat 3: boruc89 (770 in chips) 
Mahu2021: posts small blind 15
BoredMedic: posts big blind 30
*** HOLE CARDS ***
Dealt to Mahu2021 [6s 3s]
boruc89: raises 30 to 60
Mahu2021: calls 20 and is all-in
BoredMedic: folds 
Uncalled bet (25) returned to boruc89
*** FLOP *** [7c 5c 5h]
*** TURN *** [7c 5c 5h] [6c]
*** RIVER *** [7c 5c 5h 6c] [9d]
*** SHOW DOWN ***
Mahu2021: shows [6s 3s] (two pair, Sixes and Fives)
boruc89: shows [Tc Td] (two pair, Tens and Fives)
boruc89 collected 100 from pot
Mahu2021 finished the tournament in 3rd place
*** SUMMARY ***
Total pot 100 | Rake 0 
Board [7c 5c 5h 6c 9d]
Seat 1: Mahu2021 (small blind) showed [6s 3s] and lost with two pair, Sixes and Fives
Seat 2: BoredMedic (big blind) folded before Flop
Seat 3: boruc89 (button) showed [Tc Td] and won (100) with two pair, Tens and Fives



