PokerStars Hand #243155125625: Tournament #3578960562, $0.92+$0.08 USD Hold'em No Limit - Level I (10/20) - 2023/04/17 21:50:25 CET [2023/04/17 15:50:25 ET]
Table '3578960562 1' 3-max Seat #1 is the button
Seat 1: Rob_E2211 (500 in chips) 
Seat 2: Braszinga (500 in chips) 
Seat 3: Mahu2021 (500 in chips) 
Braszinga: posts small blind 10
Mahu2021: posts big blind 20
*** HOLE CARDS ***
Dealt to Mahu2021 [Qh 9h]
Rob_E2211: calls 20
Braszinga: folds 
Mahu2021: checks 
*** FLOP *** [Td Ad Ac]
Mahu2021: checks 
Rob_E2211: checks 
*** TURN *** [Td Ad Ac] [4h]
Mahu2021: bets 20
Rob_E2211: folds 
Uncalled bet (20) returned to Mahu2021
Mahu2021 collected 50 from pot
Mahu2021: doesn't show hand 
*** SUMMARY ***
Total pot 50 | Rake 0 
Board [Td Ad Ac 4h]
Seat 1: Rob_E2211 (button) folded on the Turn
Seat 2: Braszinga (small blind) folded before Flop
Seat 3: Mahu2021 (big blind) collected (50)



PokerStars Hand #243155131518: Tournament #3578960562, $0.92+$0.08 USD Hold'em No Limit - Level I (10/20) - 2023/04/17 21:50:39 CET [2023/04/17 15:50:39 ET]
Table '3578960562 1' 3-max Seat #2 is the button
Seat 1: Rob_E2211 (480 in chips) 
Seat 2: Braszinga (490 in chips) 
Seat 3: Mahu2021 (530 in chips) 
Mahu2021: posts small blind 10
Rob_E2211: posts big blind 20
*** HOLE CARDS ***
Dealt to Mahu2021 [9h 4h]
Braszinga: folds 
Mahu2021: folds 
Uncalled bet (10) returned to Rob_E2211
Rob_E2211 collected 20 from pot
*** SUMMARY ***
Total pot 20 | Rake 0 
Seat 1: Rob_E2211 (big blind) collected (20)
Seat 2: Braszinga (button) folded before Flop (didn't bet)
Seat 3: Mahu2021 (small blind) folded before Flop



PokerStars Hand #243155135527: Tournament #3578960562, $0.92+$0.08 USD Hold'em No Limit - Level I (10/20) - 2023/04/17 21:50:49 CET [2023/04/17 15:50:49 ET]
Table '3578960562 1' 3-max Seat #3 is the button
Seat 1: Rob_E2211 (490 in chips) 
Seat 2: Braszinga (490 in chips) 
Seat 3: Mahu2021 (520 in chips) 
Rob_E2211: posts small blind 10
Braszinga: posts big blind 20
*** HOLE CARDS ***
Dealt to Mahu2021 [Qd 3d]
Mahu2021: calls 20
Rob_E2211: calls 10
Braszinga: checks 
*** FLOP *** [5h 9h 3s]
Rob_E2211: checks 
Braszinga: bets 45
Mahu2021: calls 45
Rob_E2211: folds 
*** TURN *** [5h 9h 3s] [9s]
Braszinga: checks 
Mahu2021: checks 
*** RIVER *** [5h 9h 3s 9s] [Tc]
Braszinga: bets 50
Mahu2021: calls 50
*** SHOW DOWN ***
Braszinga: shows [2h 5c] (two pair, Nines and Fives)
Mahu2021: mucks hand 
Braszinga collected 250 from pot
*** SUMMARY ***
Total pot 250 | Rake 0 
Board [5h 9h 3s 9s Tc]
Seat 1: Rob_E2211 (small blind) folded on the Flop
Seat 2: Braszinga (big blind) showed [2h 5c] and won (250) with two pair, Nines and Fives
Seat 3: Mahu2021 (button) mucked [Qd 3d]



PokerStars Hand #243155148197: Tournament #3578960562, $0.92+$0.08 USD Hold'em No Limit - Level I (10/20) - 2023/04/17 21:51:20 CET [2023/04/17 15:51:20 ET]
Table '3578960562 1' 3-max Seat #1 is the button
Seat 1: Rob_E2211 (470 in chips) 
Seat 2: Braszinga (625 in chips) 
Seat 3: Mahu2021 (405 in chips) 
Braszinga: posts small blind 10
Mahu2021: posts big blind 20
*** HOLE CARDS ***
Dealt to Mahu2021 [4s Ac]
Rob_E2211: raises 40 to 60
Braszinga: folds 
Mahu2021: calls 40
*** FLOP *** [Jh 9c 7h]
Mahu2021: checks 
Rob_E2211: bets 85
Mahu2021: folds 
Uncalled bet (85) returned to Rob_E2211
Rob_E2211 collected 130 from pot
*** SUMMARY ***
Total pot 130 | Rake 0 
Board [Jh 9c 7h]
Seat 1: Rob_E2211 (button) collected (130)
Seat 2: Braszinga (small blind) folded before Flop
Seat 3: Mahu2021 (big blind) folded on the Flop



PokerStars Hand #243155156663: Tournament #3578960562, $0.92+$0.08 USD Hold'em No Limit - Level I (10/20) - 2023/04/17 21:51:40 CET [2023/04/17 15:51:40 ET]
Table '3578960562 1' 3-max Seat #2 is the button
Seat 1: Rob_E2211 (540 in chips) 
Seat 2: Braszinga (615 in chips) 
Seat 3: Mahu2021 (345 in chips) 
Mahu2021: posts small blind 10
Rob_E2211: posts big blind 20
*** HOLE CARDS ***
Dealt to Mahu2021 [Ks 6s]
Braszinga: raises 595 to 615 and is all-in
Mahu2021: folds 
Rob_E2211: calls 520 and is all-in
Uncalled bet (75) returned to Braszinga
*** FLOP *** [7c Td 9s]
*** TURN *** [7c Td 9s] [9d]
*** RIVER *** [7c Td 9s 9d] [Qs]
*** SHOW DOWN ***
Rob_E2211: shows [Jc Jh] (two pair, Jacks and Nines)
Braszinga: shows [4h 4c] (two pair, Nines and Fours)
Rob_E2211 collected 1090 from pot
*** SUMMARY ***
Total pot 1090 | Rake 0 
Board [7c Td 9s 9d Qs]
Seat 1: Rob_E2211 (big blind) showed [Jc Jh] and won (1090) with two pair, Jacks and Nines
Seat 2: Braszinga (button) showed [4h 4c] and lost with two pair, Nines and Fours
Seat 3: Mahu2021 (small blind) folded before Flop



PokerStars Hand #243155163081: Tournament #3578960562, $0.92+$0.08 USD Hold'em No Limit - Level I (10/20) - 2023/04/17 21:51:56 CET [2023/04/17 15:51:56 ET]
Table '3578960562 1' 3-max Seat #3 is the button
Seat 1: Rob_E2211 (1090 in chips) 
Seat 2: Braszinga (75 in chips) 
Seat 3: Mahu2021 (335 in chips) 
Rob_E2211: posts small blind 10
Braszinga: posts big blind 20
*** HOLE CARDS ***
Dealt to Mahu2021 [Kd 9d]
Mahu2021: raises 315 to 335 and is all-in
Rob_E2211: folds 
Braszinga: calls 55 and is all-in
Uncalled bet (260) returned to Mahu2021
*** FLOP *** [8s Jd 7h]
*** TURN *** [8s Jd 7h] [5d]
*** RIVER *** [8s Jd 7h 5d] [3h]
*** SHOW DOWN ***
Braszinga: shows [9s Qh] (high card Queen)
Mahu2021: shows [Kd 9d] (high card King)
Mahu2021 collected 160 from pot
Braszinga finished the tournament in 3rd place
*** SUMMARY ***
Total pot 160 | Rake 0 
Board [8s Jd 7h 5d 3h]
Seat 1: Rob_E2211 (small blind) folded before Flop
Seat 2: Braszinga (big blind) showed [9s Qh] and lost with high card Queen
Seat 3: Mahu2021 (button) showed [Kd 9d] and won (160) with high card King



PokerStars Hand #243155170829: Tournament #3578960562, $0.92+$0.08 USD Hold'em No Limit - Level I (10/20) - 2023/04/17 21:52:14 CET [2023/04/17 15:52:14 ET]
Table '3578960562 1' 3-max Seat #1 is the button
Seat 1: Rob_E2211 (1080 in chips) 
Seat 3: Mahu2021 (420 in chips) 
Rob_E2211: posts small blind 10
Mahu2021: posts big blind 20
*** HOLE CARDS ***
Dealt to Mahu2021 [Kc Jc]
Rob_E2211: calls 10
Mahu2021: checks 
*** FLOP *** [Qd 7d 2s]
Mahu2021: checks 
Rob_E2211: checks 
*** TURN *** [Qd 7d 2s] [Jd]
Mahu2021: checks 
Rob_E2211: checks 
*** RIVER *** [Qd 7d 2s Jd] [As]
Mahu2021: checks 
Rob_E2211: checks 
*** SHOW DOWN ***
Mahu2021: shows [Kc Jc] (a pair of Jacks)
Rob_E2211: mucks hand 
Mahu2021 collected 40 from pot
*** SUMMARY ***
Total pot 40 | Rake 0 
Board [Qd 7d 2s Jd As]
Seat 1: Rob_E2211 (button) (small blind) mucked [4s Kd]
Seat 3: Mahu2021 (big blind) showed [Kc Jc] and won (40) with a pair of Jacks



PokerStars Hand #243155178533: Tournament #3578960562, $0.92+$0.08 USD Hold'em No Limit - Level II (15/30) - 2023/04/17 21:52:33 CET [2023/04/17 15:52:33 ET]
Table '3578960562 1' 3-max Seat #3 is the button
Seat 1: Rob_E2211 (1060 in chips) 
Seat 3: Mahu2021 (440 in chips) 
Mahu2021: posts small blind 15
Rob_E2211: posts big blind 30
*** HOLE CARDS ***
Dealt to Mahu2021 [Kh 2s]
Mahu2021: calls 15
Rob_E2211: raises 30 to 60
Mahu2021: calls 30
*** FLOP *** [2d Ac 6d]
Rob_E2211: checks 
Mahu2021: checks 
*** TURN *** [2d Ac 6d] [3c]
Rob_E2211: bets 60
Mahu2021: calls 60
*** RIVER *** [2d Ac 6d 3c] [9c]
Rob_E2211: bets 240
Mahu2021: folds 
Uncalled bet (240) returned to Rob_E2211
Rob_E2211 collected 240 from pot
*** SUMMARY ***
Total pot 240 | Rake 0 
Board [2d Ac 6d 3c 9c]
Seat 1: Rob_E2211 (big blind) collected (240)
Seat 3: Mahu2021 (button) (small blind) folded on the River



PokerStars Hand #243155189164: Tournament #3578960562, $0.92+$0.08 USD Hold'em No Limit - Level II (15/30) - 2023/04/17 21:52:59 CET [2023/04/17 15:52:59 ET]
Table '3578960562 1' 3-max Seat #1 is the button
Seat 1: Rob_E2211 (1180 in chips) 
Seat 3: Mahu2021 (320 in chips) 
Rob_E2211: posts small blind 15
Mahu2021: posts big blind 30
*** HOLE CARDS ***
Dealt to Mahu2021 [Th 9h]
Rob_E2211: folds 
Uncalled bet (15) returned to Mahu2021
Mahu2021 collected 30 from pot
Mahu2021: doesn't show hand 
*** SUMMARY ***
Total pot 30 | Rake 0 
Seat 1: Rob_E2211 (button) (small blind) folded before Flop
Seat 3: Mahu2021 (big blind) collected (30)



PokerStars Hand #243155190853: Tournament #3578960562, $0.92+$0.08 USD Hold'em No Limit - Level II (15/30) - 2023/04/17 21:53:03 CET [2023/04/17 15:53:03 ET]
Table '3578960562 1' 3-max Seat #3 is the button
Seat 1: Rob_E2211 (1165 in chips) 
Seat 3: Mahu2021 (335 in chips) 
Mahu2021: posts small blind 15
Rob_E2211: posts big blind 30
*** HOLE CARDS ***
Dealt to Mahu2021 [8c Ac]
Mahu2021: raises 300 to 330
Rob_E2211: raises 330 to 660
Mahu2021: calls 5 and is all-in
Uncalled bet (325) returned to Rob_E2211
*** FLOP *** [6c Ah Js]
*** TURN *** [6c Ah Js] [7d]
*** RIVER *** [6c Ah Js 7d] [5c]
*** SHOW DOWN ***
Rob_E2211: shows [Kh 3h] (high card Ace)
Mahu2021: shows [8c Ac] (a pair of Aces)
Mahu2021 collected 670 from pot
*** SUMMARY ***
Total pot 670 | Rake 0 
Board [6c Ah Js 7d 5c]
Seat 1: Rob_E2211 (big blind) showed [Kh 3h] and lost with high card Ace
Seat 3: Mahu2021 (button) (small blind) showed [8c Ac] and won (670) with a pair of Aces



