PokerStars Hand #248565426965: Tournament #3708397106, $1.84+$0.16 USD Hold'em No Limit - Level I (10/20) - 2024/01/29 16:31:35 CET [2024/01/29 10:31:35 ET]
Table '3708397106 1' 3-max Seat #1 is the button
Seat 1: Mahu2021 (500 in chips) 
Seat 2: Elenita753 (500 in chips) 
Seat 3: SkarzPoker (500 in chips) 
Elenita753: posts small blind 10
SkarzPoker: posts big blind 20
*** HOLE CARDS ***
Dealt to Mahu2021 [Th 9h]
Mahu2021: raises 20 to 40
Elenita753: folds 
SkarzPoker: calls 20
*** FLOP *** [2s 5h 6c]
SkarzPoker: bets 45
Mahu2021: folds 
Uncalled bet (45) returned to SkarzPoker
SkarzPoker collected 90 from pot
SkarzPoker: doesn't show hand 
*** SUMMARY ***
Total pot 90 | Rake 0 
Board [2s 5h 6c]
Seat 1: Mahu2021 (button) folded on the Flop
Seat 2: Elenita753 (small blind) folded before Flop
Seat 3: SkarzPoker (big blind) collected (90)



PokerStars Hand #248565435604: Tournament #3708397106, $1.84+$0.16 USD Hold'em No Limit - Level I (10/20) - 2024/01/29 16:32:11 CET [2024/01/29 10:32:11 ET]
Table '3708397106 1' 3-max Seat #2 is the button
Seat 1: Mahu2021 (460 in chips) 
Seat 2: Elenita753 (490 in chips) 
Seat 3: SkarzPoker (550 in chips) 
SkarzPoker: posts small blind 10
Mahu2021: posts big blind 20
*** HOLE CARDS ***
Dealt to Mahu2021 [Ah Kc]
Elenita753: raises 20 to 40
SkarzPoker: calls 30
Mahu2021: calls 20
*** FLOP *** [Ks Ac 3s]
SkarzPoker: checks 
Mahu2021: bets 40
Elenita753: calls 40
SkarzPoker: calls 40
*** TURN *** [Ks Ac 3s] [Qs]
SkarzPoker: checks 
Mahu2021: bets 40
Elenita753: calls 40
SkarzPoker: calls 40
*** RIVER *** [Ks Ac 3s Qs] [6s]
SkarzPoker: checks 
Mahu2021: checks 
Elenita753: checks 
*** SHOW DOWN ***
SkarzPoker: shows [Jh Kd] (a pair of Kings)
Mahu2021: shows [Ah Kc] (two pair, Aces and Kings)
Elenita753: shows [5s 5d] (a flush, King high)
Elenita753 collected 360 from pot
*** SUMMARY ***
Total pot 360 | Rake 0 
Board [Ks Ac 3s Qs 6s]
Seat 1: Mahu2021 (big blind) showed [Ah Kc] and lost with two pair, Aces and Kings
Seat 2: Elenita753 (button) showed [5s 5d] and won (360) with a flush, King high
Seat 3: SkarzPoker (small blind) showed [Jh Kd] and lost with a pair of Kings



PokerStars Hand #248565446963: Tournament #3708397106, $1.84+$0.16 USD Hold'em No Limit - Level I (10/20) - 2024/01/29 16:32:58 CET [2024/01/29 10:32:58 ET]
Table '3708397106 1' 3-max Seat #3 is the button
Seat 1: Mahu2021 (340 in chips) 
Seat 2: Elenita753 (730 in chips) 
Seat 3: SkarzPoker (430 in chips) 
Mahu2021: posts small blind 10
Elenita753: posts big blind 20
*** HOLE CARDS ***
Dealt to Mahu2021 [3d 5h]
SkarzPoker: raises 20 to 40
Mahu2021: folds 
Elenita753: folds 
Uncalled bet (20) returned to SkarzPoker
SkarzPoker collected 50 from pot
SkarzPoker: doesn't show hand 
*** SUMMARY ***
Total pot 50 | Rake 0 
Seat 1: Mahu2021 (small blind) folded before Flop
Seat 2: Elenita753 (big blind) folded before Flop
Seat 3: SkarzPoker (button) collected (50)



PokerStars Hand #248565449017: Tournament #3708397106, $1.84+$0.16 USD Hold'em No Limit - Level I (10/20) - 2024/01/29 16:33:06 CET [2024/01/29 10:33:06 ET]
Table '3708397106 1' 3-max Seat #1 is the button
Seat 1: Mahu2021 (330 in chips) 
Seat 2: Elenita753 (710 in chips) 
Seat 3: SkarzPoker (460 in chips) 
Elenita753: posts small blind 10
SkarzPoker: posts big blind 20
*** HOLE CARDS ***
Dealt to Mahu2021 [7c Ah]
Mahu2021: raises 20 to 40
Elenita753: calls 30
SkarzPoker: calls 20
*** FLOP *** [8d Ks 2c]
Elenita753: checks 
SkarzPoker: bets 60
Mahu2021: folds 
Elenita753: folds 
Uncalled bet (60) returned to SkarzPoker
SkarzPoker collected 120 from pot
SkarzPoker: doesn't show hand 
*** SUMMARY ***
Total pot 120 | Rake 0 
Board [8d Ks 2c]
Seat 1: Mahu2021 (button) folded on the Flop
Seat 2: Elenita753 (small blind) folded on the Flop
Seat 3: SkarzPoker (big blind) collected (120)



PokerStars Hand #248565452374: Tournament #3708397106, $1.84+$0.16 USD Hold'em No Limit - Level I (10/20) - 2024/01/29 16:33:20 CET [2024/01/29 10:33:20 ET]
Table '3708397106 1' 3-max Seat #2 is the button
Seat 1: Mahu2021 (290 in chips) 
Seat 2: Elenita753 (670 in chips) 
Seat 3: SkarzPoker (540 in chips) 
SkarzPoker: posts small blind 10
Mahu2021: posts big blind 20
*** HOLE CARDS ***
Dealt to Mahu2021 [Js Qh]
Elenita753: folds 
SkarzPoker: raises 520 to 540 and is all-in
Mahu2021: calls 270 and is all-in
Uncalled bet (250) returned to SkarzPoker
*** FLOP *** [2h 6c Th]
*** TURN *** [2h 6c Th] [Kc]
*** RIVER *** [2h 6c Th Kc] [6s]
*** SHOW DOWN ***
SkarzPoker: shows [2d 2s] (a full house, Deuces full of Sixes)
Mahu2021: shows [Js Qh] (a pair of Sixes)
SkarzPoker collected 580 from pot
Mahu2021 finished the tournament in 3rd place
*** SUMMARY ***
Total pot 580 | Rake 0 
Board [2h 6c Th Kc 6s]
Seat 1: Mahu2021 (big blind) showed [Js Qh] and lost with a pair of Sixes
Seat 2: Elenita753 (button) folded before Flop (didn't bet)
Seat 3: SkarzPoker (small blind) showed [2d 2s] and won (580) with a full house, Deuces full of Sixes



