PokerStars Hand #243223783968: Tournament #3580544142, $0.92+$0.08 USD Hold'em No Limit - Level I (10/20) - 2023/04/21 11:47:55 CET [2023/04/21 5:47:55 ET]
Table '3580544142 1' 3-max Seat #1 is the button
Seat 1: Giwrgos1959 (500 in chips) 
Seat 2: Mahu2021 (500 in chips) 
Seat 3: popmaho (500 in chips) 
Mahu2021: posts small blind 10
popmaho: posts big blind 20
*** HOLE CARDS ***
Dealt to Mahu2021 [2c Jc]
Giwrgos1959: raises 480 to 500 and is all-in
Mahu2021: folds 
popmaho: folds 
Uncalled bet (480) returned to Giwrgos1959
Giwrgos1959 collected 50 from pot
Giwrgos1959: doesn't show hand 
*** SUMMARY ***
Total pot 50 | Rake 0 
Seat 1: Giwrgos1959 (button) collected (50)
Seat 2: Mahu2021 (small blind) folded before Flop
Seat 3: popmaho (big blind) folded before Flop



PokerStars Hand #243223785977: Tournament #3580544142, $0.92+$0.08 USD Hold'em No Limit - Level I (10/20) - 2023/04/21 11:48:09 CET [2023/04/21 5:48:09 ET]
Table '3580544142 1' 3-max Seat #2 is the button
Seat 1: Giwrgos1959 (530 in chips) 
Seat 2: Mahu2021 (490 in chips) 
Seat 3: popmaho (480 in chips) 
popmaho: posts small blind 10
Giwrgos1959: posts big blind 20
*** HOLE CARDS ***
Dealt to Mahu2021 [3h 6c]
Mahu2021: folds 
popmaho: raises 30 to 50
Giwrgos1959: raises 480 to 530 and is all-in
popmaho: folds 
Uncalled bet (480) returned to Giwrgos1959
Giwrgos1959 collected 100 from pot
Giwrgos1959: doesn't show hand 
*** SUMMARY ***
Total pot 100 | Rake 0 
Seat 1: Giwrgos1959 (big blind) collected (100)
Seat 2: Mahu2021 (button) folded before Flop (didn't bet)
Seat 3: popmaho (small blind) folded before Flop



PokerStars Hand #243223787823: Tournament #3580544142, $0.92+$0.08 USD Hold'em No Limit - Level I (10/20) - 2023/04/21 11:48:23 CET [2023/04/21 5:48:23 ET]
Table '3580544142 1' 3-max Seat #3 is the button
Seat 1: Giwrgos1959 (580 in chips) 
Seat 2: Mahu2021 (490 in chips) 
Seat 3: popmaho (430 in chips) 
Giwrgos1959: posts small blind 10
Mahu2021: posts big blind 20
*** HOLE CARDS ***
Dealt to Mahu2021 [Ks 9c]
popmaho: folds 
Giwrgos1959: raises 560 to 580 and is all-in
Mahu2021: calls 470 and is all-in
Uncalled bet (90) returned to Giwrgos1959
*** FLOP *** [8s Tc Qc]
*** TURN *** [8s Tc Qc] [Td]
*** RIVER *** [8s Tc Qc Td] [3s]
*** SHOW DOWN ***
Giwrgos1959: shows [3d Ac] (two pair, Tens and Threes)
Mahu2021: shows [Ks 9c] (a pair of Tens)
Giwrgos1959 collected 980 from pot
Mahu2021 finished the tournament in 3rd place
*** SUMMARY ***
Total pot 980 | Rake 0 
Board [8s Tc Qc Td 3s]
Seat 1: Giwrgos1959 (small blind) showed [3d Ac] and won (980) with two pair, Tens and Threes
Seat 2: Mahu2021 (big blind) showed [Ks 9c] and lost with a pair of Tens
Seat 3: popmaho (button) folded before Flop (didn't bet)



