PokerStars Hand #243276326902: Tournament #3581701975, $0.92+$0.08 USD Hold'em No Limit - Level I (10/20) - 2023/04/23 21:59:18 CET [2023/04/23 15:59:18 ET]
Table '3581701975 1' 3-max Seat #1 is the button
Seat 1: Mahu2021 (500 in chips) 
Seat 2: Mayels2013 (500 in chips) 
Seat 3: RonySeyes (500 in chips) 
Mayels2013: posts small blind 10
RonySeyes: posts big blind 20
*** HOLE CARDS ***
Dealt to Mahu2021 [9s Js]
Mahu2021: calls 20
Mayels2013: raises 60 to 80
RonySeyes: calls 60
Mahu2021: calls 60
*** FLOP *** [5c Th 7s]
Mayels2013: checks 
RonySeyes: checks 
Mahu2021: checks 
*** TURN *** [5c Th 7s] [Ah]
Mayels2013: bets 120
RonySeyes: folds 
Mahu2021: folds 
Uncalled bet (120) returned to Mayels2013
Mayels2013 collected 240 from pot
*** SUMMARY ***
Total pot 240 | Rake 0 
Board [5c Th 7s Ah]
Seat 1: Mahu2021 (button) folded on the Turn
Seat 2: Mayels2013 (small blind) collected (240)
Seat 3: RonySeyes (big blind) folded on the Turn



PokerStars Hand #243276334984: Tournament #3581701975, $0.92+$0.08 USD Hold'em No Limit - Level I (10/20) - 2023/04/23 21:59:48 CET [2023/04/23 15:59:48 ET]
Table '3581701975 1' 3-max Seat #2 is the button
Seat 1: Mahu2021 (420 in chips) 
Seat 2: Mayels2013 (660 in chips) 
Seat 3: RonySeyes (420 in chips) 
RonySeyes: posts small blind 10
Mahu2021: posts big blind 20
*** HOLE CARDS ***
Dealt to Mahu2021 [7c Kh]
Mayels2013: folds 
RonySeyes: calls 10
Mahu2021: checks 
*** FLOP *** [2s 5c 8s]
RonySeyes: checks 
Mahu2021: checks 
*** TURN *** [2s 5c 8s] [Qs]
RonySeyes: checks 
Mahu2021: checks 
*** RIVER *** [2s 5c 8s Qs] [Ad]
RonySeyes: bets 20
Mahu2021: folds 
Uncalled bet (20) returned to RonySeyes
RonySeyes collected 40 from pot
*** SUMMARY ***
Total pot 40 | Rake 0 
Board [2s 5c 8s Qs Ad]
Seat 1: Mahu2021 (big blind) folded on the River
Seat 2: Mayels2013 (button) folded before Flop (didn't bet)
Seat 3: RonySeyes (small blind) collected (40)



PokerStars Hand #243276339646: Tournament #3581701975, $0.92+$0.08 USD Hold'em No Limit - Level I (10/20) - 2023/04/23 22:00:05 CET [2023/04/23 16:00:05 ET]
Table '3581701975 1' 3-max Seat #3 is the button
Seat 1: Mahu2021 (400 in chips) 
Seat 2: Mayels2013 (660 in chips) 
Seat 3: RonySeyes (440 in chips) 
Mahu2021: posts small blind 10
Mayels2013: posts big blind 20
*** HOLE CARDS ***
Dealt to Mahu2021 [4s Tc]
RonySeyes: calls 20
Mahu2021: folds 
Mayels2013: checks 
*** FLOP *** [9c Kc Ah]
Mayels2013: checks 
RonySeyes: checks 
*** TURN *** [9c Kc Ah] [Th]
Mayels2013: checks 
RonySeyes: checks 
*** RIVER *** [9c Kc Ah Th] [Js]
Mayels2013: bets 50
RonySeyes: raises 50 to 100
Mayels2013: raises 540 to 640 and is all-in
RonySeyes: calls 320 and is all-in
Uncalled bet (220) returned to Mayels2013
*** SHOW DOWN ***
Mayels2013: shows [Qc 2c] (a straight, Ten to Ace)
RonySeyes: shows [Ks Kh] (three of a kind, Kings)
Mayels2013 collected 890 from pot
RonySeyes finished the tournament in 3rd place
*** SUMMARY ***
Total pot 890 | Rake 0 
Board [9c Kc Ah Th Js]
Seat 1: Mahu2021 (small blind) folded before Flop
Seat 2: Mayels2013 (big blind) showed [Qc 2c] and won (890) with a straight, Ten to Ace
Seat 3: RonySeyes (button) showed [Ks Kh] and lost with three of a kind, Kings



PokerStars Hand #243276348892: Tournament #3581701975, $0.92+$0.08 USD Hold'em No Limit - Level I (10/20) - 2023/04/23 22:00:36 CET [2023/04/23 16:00:36 ET]
Table '3581701975 1' 3-max Seat #2 is the button
Seat 1: Mahu2021 (390 in chips) 
Seat 2: Mayels2013 (1110 in chips) 
Mayels2013: posts small blind 10
Mahu2021: posts big blind 20
*** HOLE CARDS ***
Dealt to Mahu2021 [2h 7h]
Mayels2013: folds 
Uncalled bet (10) returned to Mahu2021
Mahu2021 collected 20 from pot
Mahu2021: doesn't show hand 
*** SUMMARY ***
Total pot 20 | Rake 0 
Seat 1: Mahu2021 (big blind) collected (20)
Seat 2: Mayels2013 (button) (small blind) folded before Flop



PokerStars Hand #243276350516: Tournament #3581701975, $0.92+$0.08 USD Hold'em No Limit - Level I (10/20) - 2023/04/23 22:00:42 CET [2023/04/23 16:00:42 ET]
Table '3581701975 1' 3-max Seat #1 is the button
Seat 1: Mahu2021 (400 in chips) 
Seat 2: Mayels2013 (1100 in chips) 
Mahu2021: posts small blind 10
Mayels2013: posts big blind 20
*** HOLE CARDS ***
Dealt to Mahu2021 [8h Qs]
Mahu2021: calls 10
Mayels2013: checks 
*** FLOP *** [7h Qd 9c]
Mayels2013: checks 
Mahu2021: bets 40
Mayels2013: folds 
Uncalled bet (40) returned to Mahu2021
Mahu2021 collected 40 from pot
Mahu2021: doesn't show hand 
*** SUMMARY ***
Total pot 40 | Rake 0 
Board [7h Qd 9c]
Seat 1: Mahu2021 (button) (small blind) collected (40)
Seat 2: Mayels2013 (big blind) folded on the Flop



PokerStars Hand #243276354733: Tournament #3581701975, $0.92+$0.08 USD Hold'em No Limit - Level I (10/20) - 2023/04/23 22:00:55 CET [2023/04/23 16:00:55 ET]
Table '3581701975 1' 3-max Seat #2 is the button
Seat 1: Mahu2021 (420 in chips) 
Seat 2: Mayels2013 (1080 in chips) 
Mayels2013: posts small blind 10
Mahu2021: posts big blind 20
*** HOLE CARDS ***
Dealt to Mahu2021 [6s 5h]
Mayels2013: calls 10
Mahu2021: checks 
*** FLOP *** [Qs As 9s]
Mahu2021: checks 
Mayels2013: checks 
*** TURN *** [Qs As 9s] [Kh]
Mahu2021: checks 
Mayels2013: checks 
*** RIVER *** [Qs As 9s Kh] [7h]
Mahu2021: checks 
Mayels2013: checks 
*** SHOW DOWN ***
Mahu2021: shows [6s 5h] (high card Ace)
Mayels2013: shows [5c Qh] (a pair of Queens)
Mayels2013 collected 40 from pot
*** SUMMARY ***
Total pot 40 | Rake 0 
Board [Qs As 9s Kh 7h]
Seat 1: Mahu2021 (big blind) showed [6s 5h] and lost with high card Ace
Seat 2: Mayels2013 (button) (small blind) showed [5c Qh] and won (40) with a pair of Queens



PokerStars Hand #243276359293: Tournament #3581701975, $0.92+$0.08 USD Hold'em No Limit - Level I (10/20) - 2023/04/23 22:01:09 CET [2023/04/23 16:01:09 ET]
Table '3581701975 1' 3-max Seat #1 is the button
Seat 1: Mahu2021 (400 in chips) 
Seat 2: Mayels2013 (1100 in chips) 
Mahu2021: posts small blind 10
Mayels2013: posts big blind 20
*** HOLE CARDS ***
Dealt to Mahu2021 [Ac Qc]
Mahu2021: raises 40 to 60
Mayels2013: folds 
Uncalled bet (40) returned to Mahu2021
Mahu2021 collected 40 from pot
Mahu2021: doesn't show hand 
*** SUMMARY ***
Total pot 40 | Rake 0 
Seat 1: Mahu2021 (button) (small blind) collected (40)
Seat 2: Mayels2013 (big blind) folded before Flop



PokerStars Hand #243276361877: Tournament #3581701975, $0.92+$0.08 USD Hold'em No Limit - Level I (10/20) - 2023/04/23 22:01:17 CET [2023/04/23 16:01:17 ET]
Table '3581701975 1' 3-max Seat #2 is the button
Seat 1: Mahu2021 (420 in chips) 
Seat 2: Mayels2013 (1080 in chips) 
Mayels2013: posts small blind 10
Mahu2021: posts big blind 20
*** HOLE CARDS ***
Dealt to Mahu2021 [5c 3h]
Mayels2013: raises 20 to 40
Mahu2021: calls 20
*** FLOP *** [Qs 8s 9c]
Mahu2021: checks 
Mayels2013: bets 40
Mahu2021: folds 
Uncalled bet (40) returned to Mayels2013
Mayels2013 collected 80 from pot
*** SUMMARY ***
Total pot 80 | Rake 0 
Board [Qs 8s 9c]
Seat 1: Mahu2021 (big blind) folded on the Flop
Seat 2: Mayels2013 (button) (small blind) collected (80)



PokerStars Hand #243276366835: Tournament #3581701975, $0.92+$0.08 USD Hold'em No Limit - Level II (15/30) - 2023/04/23 22:01:33 CET [2023/04/23 16:01:33 ET]
Table '3581701975 1' 3-max Seat #1 is the button
Seat 1: Mahu2021 (380 in chips) 
Seat 2: Mayels2013 (1120 in chips) 
Mahu2021: posts small blind 15
Mayels2013: posts big blind 30
*** HOLE CARDS ***
Dealt to Mahu2021 [3h As]
Mahu2021: raises 30 to 60
Mayels2013: calls 30
*** FLOP *** [8h 2d 5s]
Mayels2013: checks 
Mahu2021: bets 120
Mayels2013: folds 
Uncalled bet (120) returned to Mahu2021
Mahu2021 collected 120 from pot
Mahu2021: doesn't show hand 
*** SUMMARY ***
Total pot 120 | Rake 0 
Board [8h 2d 5s]
Seat 1: Mahu2021 (button) (small blind) collected (120)
Seat 2: Mayels2013 (big blind) folded on the Flop



PokerStars Hand #243276370917: Tournament #3581701975, $0.92+$0.08 USD Hold'em No Limit - Level II (15/30) - 2023/04/23 22:01:44 CET [2023/04/23 16:01:44 ET]
Table '3581701975 1' 3-max Seat #2 is the button
Seat 1: Mahu2021 (440 in chips) 
Seat 2: Mayels2013 (1060 in chips) 
Mayels2013: posts small blind 15
Mahu2021: posts big blind 30
*** HOLE CARDS ***
Dealt to Mahu2021 [Ad Td]
Mayels2013: calls 15
Mahu2021: raises 60 to 90
Mayels2013: calls 60
*** FLOP *** [6c 8s 3d]
Mahu2021: checks 
Mayels2013: checks 
*** TURN *** [6c 8s 3d] [4s]
Mahu2021: checks 
Mayels2013: bets 90
Mahu2021: calls 90
*** RIVER *** [6c 8s 3d 4s] [As]
Mahu2021: bets 260 and is all-in
Mayels2013: folds 
Uncalled bet (260) returned to Mahu2021
Mahu2021 collected 360 from pot
Mahu2021: doesn't show hand 
*** SUMMARY ***
Total pot 360 | Rake 0 
Board [6c 8s 3d 4s As]
Seat 1: Mahu2021 (big blind) collected (360)
Seat 2: Mayels2013 (button) (small blind) folded on the River



PokerStars Hand #243276381193: Tournament #3581701975, $0.92+$0.08 USD Hold'em No Limit - Level II (15/30) - 2023/04/23 22:02:10 CET [2023/04/23 16:02:10 ET]
Table '3581701975 1' 3-max Seat #1 is the button
Seat 1: Mahu2021 (620 in chips) 
Seat 2: Mayels2013 (880 in chips) 
Mahu2021: posts small blind 15
Mayels2013: posts big blind 30
*** HOLE CARDS ***
Dealt to Mahu2021 [Jh 2c]
Mahu2021: folds 
Uncalled bet (15) returned to Mayels2013
Mayels2013 collected 30 from pot
*** SUMMARY ***
Total pot 30 | Rake 0 
Seat 1: Mahu2021 (button) (small blind) folded before Flop
Seat 2: Mayels2013 (big blind) collected (30)



PokerStars Hand #243276383602: Tournament #3581701975, $0.92+$0.08 USD Hold'em No Limit - Level II (15/30) - 2023/04/23 22:02:15 CET [2023/04/23 16:02:15 ET]
Table '3581701975 1' 3-max Seat #2 is the button
Seat 1: Mahu2021 (605 in chips) 
Seat 2: Mayels2013 (895 in chips) 
Mayels2013: posts small blind 15
Mahu2021: posts big blind 30
*** HOLE CARDS ***
Dealt to Mahu2021 [Ks 4d]
Mayels2013: raises 30 to 60
Mahu2021: calls 30
*** FLOP *** [4c 4s Qs]
Mahu2021: checks 
Mayels2013: bets 40
Mahu2021: raises 140 to 180
Mayels2013: folds 
Uncalled bet (140) returned to Mahu2021
Mahu2021 collected 200 from pot
Mahu2021: doesn't show hand 
*** SUMMARY ***
Total pot 200 | Rake 0 
Board [4c 4s Qs]
Seat 1: Mahu2021 (big blind) collected (200)
Seat 2: Mayels2013 (button) (small blind) folded on the Flop



PokerStars Hand #243276391687: Tournament #3581701975, $0.92+$0.08 USD Hold'em No Limit - Level II (15/30) - 2023/04/23 22:02:34 CET [2023/04/23 16:02:34 ET]
Table '3581701975 1' 3-max Seat #1 is the button
Seat 1: Mahu2021 (705 in chips) 
Seat 2: Mayels2013 (795 in chips) 
Mahu2021: posts small blind 15
Mayels2013: posts big blind 30
*** HOLE CARDS ***
Dealt to Mahu2021 [7d Qs]
Mahu2021: calls 15
Mayels2013: raises 60 to 90
Mahu2021: calls 60
*** FLOP *** [Td 6s 6c]
Mayels2013: checks 
Mahu2021: checks 
*** TURN *** [Td 6s 6c] [2h]
Mayels2013: checks 
Mahu2021: checks 
*** RIVER *** [Td 6s 6c 2h] [3s]
Mayels2013: bets 120
Mahu2021: folds 
Uncalled bet (120) returned to Mayels2013
Mayels2013 collected 180 from pot
*** SUMMARY ***
Total pot 180 | Rake 0 
Board [Td 6s 6c 2h 3s]
Seat 1: Mahu2021 (button) (small blind) folded on the River
Seat 2: Mayels2013 (big blind) collected (180)



PokerStars Hand #243276401359: Tournament #3581701975, $0.92+$0.08 USD Hold'em No Limit - Level II (15/30) - 2023/04/23 22:02:55 CET [2023/04/23 16:02:55 ET]
Table '3581701975 1' 3-max Seat #2 is the button
Seat 1: Mahu2021 (615 in chips) 
Seat 2: Mayels2013 (885 in chips) 
Mayels2013: posts small blind 15
Mahu2021: posts big blind 30
*** HOLE CARDS ***
Dealt to Mahu2021 [Kd 8h]
Mayels2013: raises 30 to 60
Mahu2021: calls 30
*** FLOP *** [9c Qs Qc]
Mahu2021: checks 
Mayels2013: checks 
*** TURN *** [9c Qs Qc] [Ac]
Mahu2021: bets 60
Mayels2013 has timed out
Mayels2013: folds 
Mayels2013 is sitting out
Uncalled bet (60) returned to Mahu2021
Mahu2021 collected 120 from pot
Mahu2021: doesn't show hand 
*** SUMMARY ***
Total pot 120 | Rake 0 
Board [9c Qs Qc Ac]
Seat 1: Mahu2021 (big blind) collected (120)
Seat 2: Mayels2013 (button) (small blind) folded on the Turn



PokerStars Hand #243276421507: Tournament #3581701975, $0.92+$0.08 USD Hold'em No Limit - Level III (20/40) - 2023/04/23 22:03:38 CET [2023/04/23 16:03:38 ET]
Table '3581701975 1' 3-max Seat #1 is the button
Seat 1: Mahu2021 (675 in chips) 
Seat 2: Mayels2013 (825 in chips) 
Mahu2021: posts small blind 20
Mayels2013: posts big blind 40
*** HOLE CARDS ***
Dealt to Mahu2021 [3s Ad]
Mahu2021: calls 20
Mayels2013: checks 
*** FLOP *** [2s 2h As]
Mayels2013: checks 
Mahu2021: bets 40
Mayels2013: folds 
Uncalled bet (40) returned to Mahu2021
Mahu2021 collected 80 from pot
Mahu2021: doesn't show hand 
*** SUMMARY ***
Total pot 80 | Rake 0 
Board [2s 2h As]
Seat 1: Mahu2021 (button) (small blind) collected (80)
Seat 2: Mayels2013 (big blind) folded on the Flop



PokerStars Hand #243276427352: Tournament #3581701975, $0.92+$0.08 USD Hold'em No Limit - Level III (20/40) - 2023/04/23 22:03:51 CET [2023/04/23 16:03:51 ET]
Table '3581701975 1' 3-max Seat #2 is the button
Seat 1: Mahu2021 (715 in chips) 
Seat 2: Mayels2013 (785 in chips) 
Mayels2013: posts small blind 20
Mahu2021: posts big blind 40
*** HOLE CARDS ***
Dealt to Mahu2021 [5c Kh]
Mayels2013: calls 20
Mahu2021: checks 
*** FLOP *** [8h Jh 2c]
Mahu2021: checks 
Mayels2013: checks 
*** TURN *** [8h Jh 2c] [8s]
Mahu2021: checks 
Mayels2013: checks 
*** RIVER *** [8h Jh 2c 8s] [8d]
Mahu2021: checks 
Mayels2013: bets 40
Mahu2021: calls 40
*** SHOW DOWN ***
Mayels2013: shows [4h 9d] (three of a kind, Eights)
Mahu2021: shows [5c Kh] (three of a kind, Eights - King kicker)
Mahu2021 collected 160 from pot
*** SUMMARY ***
Total pot 160 | Rake 0 
Board [8h Jh 2c 8s 8d]
Seat 1: Mahu2021 (big blind) showed [5c Kh] and won (160) with three of a kind, Eights
Seat 2: Mayels2013 (button) (small blind) showed [4h 9d] and lost with three of a kind, Eights



PokerStars Hand #243276435455: Tournament #3581701975, $0.92+$0.08 USD Hold'em No Limit - Level III (20/40) - 2023/04/23 22:04:07 CET [2023/04/23 16:04:07 ET]
Table '3581701975 1' 3-max Seat #1 is the button
Seat 1: Mahu2021 (795 in chips) 
Seat 2: Mayels2013 (705 in chips) 
Mahu2021: posts small blind 20
Mayels2013: posts big blind 40
*** HOLE CARDS ***
Dealt to Mahu2021 [Td 3h]
Mahu2021: folds 
Uncalled bet (20) returned to Mayels2013
Mayels2013 collected 40 from pot
*** SUMMARY ***
Total pot 40 | Rake 0 
Seat 1: Mahu2021 (button) (small blind) folded before Flop
Seat 2: Mayels2013 (big blind) collected (40)



PokerStars Hand #243276437602: Tournament #3581701975, $0.92+$0.08 USD Hold'em No Limit - Level III (20/40) - 2023/04/23 22:04:12 CET [2023/04/23 16:04:12 ET]
Table '3581701975 1' 3-max Seat #2 is the button
Seat 1: Mahu2021 (775 in chips) 
Seat 2: Mayels2013 (725 in chips) 
Mayels2013: posts small blind 20
Mahu2021: posts big blind 40
*** HOLE CARDS ***
Dealt to Mahu2021 [2h As]
Mayels2013: calls 20
Mahu2021: checks 
*** FLOP *** [2c 7d 8c]
Mahu2021: bets 40
Mayels2013: folds 
Uncalled bet (40) returned to Mahu2021
Mahu2021 collected 80 from pot
Mahu2021: doesn't show hand 
*** SUMMARY ***
Total pot 80 | Rake 0 
Board [2c 7d 8c]
Seat 1: Mahu2021 (big blind) collected (80)
Seat 2: Mayels2013 (button) (small blind) folded on the Flop



PokerStars Hand #243276442051: Tournament #3581701975, $0.92+$0.08 USD Hold'em No Limit - Level III (20/40) - 2023/04/23 22:04:21 CET [2023/04/23 16:04:21 ET]
Table '3581701975 1' 3-max Seat #1 is the button
Seat 1: Mahu2021 (815 in chips) 
Seat 2: Mayels2013 (685 in chips) 
Mahu2021: posts small blind 20
Mayels2013: posts big blind 40
*** HOLE CARDS ***
Dealt to Mahu2021 [9d 6d]
Mahu2021: calls 20
Mayels2013: checks 
*** FLOP *** [Ah 9h Jh]
Mayels2013: checks 
Mahu2021: bets 40
Mayels2013: calls 40
*** TURN *** [Ah 9h Jh] [5s]
Mayels2013: checks 
Mahu2021: checks 
*** RIVER *** [Ah 9h Jh 5s] [3h]
Mayels2013: bets 160
Mahu2021: folds 
Uncalled bet (160) returned to Mayels2013
Mayels2013 collected 160 from pot
*** SUMMARY ***
Total pot 160 | Rake 0 
Board [Ah 9h Jh 5s 3h]
Seat 1: Mahu2021 (button) (small blind) folded on the River
Seat 2: Mayels2013 (big blind) collected (160)



PokerStars Hand #243276451417: Tournament #3581701975, $0.92+$0.08 USD Hold'em No Limit - Level III (20/40) - 2023/04/23 22:04:41 CET [2023/04/23 16:04:41 ET]
Table '3581701975 1' 3-max Seat #2 is the button
Seat 1: Mahu2021 (735 in chips) 
Seat 2: Mayels2013 (765 in chips) 
Mayels2013: posts small blind 20
Mahu2021: posts big blind 40
*** HOLE CARDS ***
Dealt to Mahu2021 [Qs 4h]
Mayels2013: calls 20
Mahu2021: checks 
*** FLOP *** [Jd 3d 4c]
Mahu2021: bets 40
Mayels2013: folds 
Uncalled bet (40) returned to Mahu2021
Mahu2021 collected 80 from pot
Mahu2021: doesn't show hand 
*** SUMMARY ***
Total pot 80 | Rake 0 
Board [Jd 3d 4c]
Seat 1: Mahu2021 (big blind) collected (80)
Seat 2: Mayels2013 (button) (small blind) folded on the Flop



PokerStars Hand #243276456830: Tournament #3581701975, $0.92+$0.08 USD Hold'em No Limit - Level III (20/40) - 2023/04/23 22:04:52 CET [2023/04/23 16:04:52 ET]
Table '3581701975 1' 3-max Seat #1 is the button
Seat 1: Mahu2021 (775 in chips) 
Seat 2: Mayels2013 (725 in chips) 
Mahu2021: posts small blind 20
Mayels2013: posts big blind 40
*** HOLE CARDS ***
Dealt to Mahu2021 [Jh Ts]
Mahu2021: raises 40 to 80
Mayels2013: folds 
Uncalled bet (40) returned to Mahu2021
Mahu2021 collected 80 from pot
Mahu2021: doesn't show hand 
*** SUMMARY ***
Total pot 80 | Rake 0 
Seat 1: Mahu2021 (button) (small blind) collected (80)
Seat 2: Mayels2013 (big blind) folded before Flop



PokerStars Hand #243276460685: Tournament #3581701975, $0.92+$0.08 USD Hold'em No Limit - Level III (20/40) - 2023/04/23 22:05:00 CET [2023/04/23 16:05:00 ET]
Table '3581701975 1' 3-max Seat #2 is the button
Seat 1: Mahu2021 (815 in chips) 
Seat 2: Mayels2013 (685 in chips) 
Mayels2013: posts small blind 20
Mahu2021: posts big blind 40
*** HOLE CARDS ***
Dealt to Mahu2021 [Qs 5h]
Mayels2013: raises 645 to 685 and is all-in
Mahu2021: folds 
Uncalled bet (645) returned to Mayels2013
Mayels2013 collected 80 from pot
*** SUMMARY ***
Total pot 80 | Rake 0 
Seat 1: Mahu2021 (big blind) folded before Flop
Seat 2: Mayels2013 (button) (small blind) collected (80)



PokerStars Hand #243276465473: Tournament #3581701975, $0.92+$0.08 USD Hold'em No Limit - Level III (20/40) - 2023/04/23 22:05:10 CET [2023/04/23 16:05:10 ET]
Table '3581701975 1' 3-max Seat #1 is the button
Seat 1: Mahu2021 (775 in chips) 
Seat 2: Mayels2013 (725 in chips) 
Mahu2021: posts small blind 20
Mayels2013: posts big blind 40
*** HOLE CARDS ***
Dealt to Mahu2021 [2c 8c]
Mahu2021: folds 
Uncalled bet (20) returned to Mayels2013
Mayels2013 collected 40 from pot
*** SUMMARY ***
Total pot 40 | Rake 0 
Seat 1: Mahu2021 (button) (small blind) folded before Flop
Seat 2: Mayels2013 (big blind) collected (40)



PokerStars Hand #243276467700: Tournament #3581701975, $0.92+$0.08 USD Hold'em No Limit - Level III (20/40) - 2023/04/23 22:05:15 CET [2023/04/23 16:05:15 ET]
Table '3581701975 1' 3-max Seat #2 is the button
Seat 1: Mahu2021 (755 in chips) 
Seat 2: Mayels2013 (745 in chips) 
Mayels2013: posts small blind 20
Mahu2021: posts big blind 40
*** HOLE CARDS ***
Dealt to Mahu2021 [6c 4s]
Mayels2013: calls 20
Mahu2021: checks 
*** FLOP *** [Qd 4d Qs]
Mahu2021: bets 80
Mayels2013: folds 
Uncalled bet (80) returned to Mahu2021
Mahu2021 collected 80 from pot
Mahu2021: doesn't show hand 
*** SUMMARY ***
Total pot 80 | Rake 0 
Board [Qd 4d Qs]
Seat 1: Mahu2021 (big blind) collected (80)
Seat 2: Mayels2013 (button) (small blind) folded on the Flop



PokerStars Hand #243276474968: Tournament #3581701975, $0.92+$0.08 USD Hold'em No Limit - Level IV (30/60) - 2023/04/23 22:05:30 CET [2023/04/23 16:05:30 ET]
Table '3581701975 1' 3-max Seat #1 is the button
Seat 1: Mahu2021 (795 in chips) 
Seat 2: Mayels2013 (705 in chips) 
Mahu2021: posts small blind 30
Mayels2013: posts big blind 60
*** HOLE CARDS ***
Dealt to Mahu2021 [9s 6h]
Mahu2021: calls 30
Mayels2013: raises 645 to 705 and is all-in
Mahu2021: folds 
Uncalled bet (645) returned to Mayels2013
Mayels2013 collected 120 from pot
*** SUMMARY ***
Total pot 120 | Rake 0 
Seat 1: Mahu2021 (button) (small blind) folded before Flop
Seat 2: Mayels2013 (big blind) collected (120)



PokerStars Hand #243276479417: Tournament #3581701975, $0.92+$0.08 USD Hold'em No Limit - Level IV (30/60) - 2023/04/23 22:05:39 CET [2023/04/23 16:05:39 ET]
Table '3581701975 1' 3-max Seat #2 is the button
Seat 1: Mahu2021 (735 in chips) 
Seat 2: Mayels2013 (765 in chips) 
Mayels2013: posts small blind 30
Mahu2021: posts big blind 60
*** HOLE CARDS ***
Dealt to Mahu2021 [Td 7d]
Mayels2013: raises 705 to 765 and is all-in
Mahu2021: folds 
Uncalled bet (705) returned to Mayels2013
Mayels2013 collected 120 from pot
*** SUMMARY ***
Total pot 120 | Rake 0 
Seat 1: Mahu2021 (big blind) folded before Flop
Seat 2: Mayels2013 (button) (small blind) collected (120)



PokerStars Hand #243276482325: Tournament #3581701975, $0.92+$0.08 USD Hold'em No Limit - Level IV (30/60) - 2023/04/23 22:05:45 CET [2023/04/23 16:05:45 ET]
Table '3581701975 1' 3-max Seat #1 is the button
Seat 1: Mahu2021 (675 in chips) 
Seat 2: Mayels2013 (825 in chips) 
Mahu2021: posts small blind 30
Mayels2013: posts big blind 60
*** HOLE CARDS ***
Dealt to Mahu2021 [8c Ah]
Mahu2021: calls 30
Mayels2013: raises 765 to 825 and is all-in
Mahu2021: calls 615 and is all-in
Uncalled bet (150) returned to Mayels2013
*** FLOP *** [Kc Kh Tc]
*** TURN *** [Kc Kh Tc] [3d]
*** RIVER *** [Kc Kh Tc 3d] [6d]
*** SHOW DOWN ***
Mayels2013: shows [As Jh] (a pair of Kings)
Mahu2021: shows [8c Ah] (a pair of Kings - lower kicker)
Mayels2013 collected 1350 from pot
Mahu2021 finished the tournament in 2nd place
Mayels2013 wins the tournament and receives $2.00 - congratulations!
*** SUMMARY ***
Total pot 1350 | Rake 0 
Board [Kc Kh Tc 3d 6d]
Seat 1: Mahu2021 (button) (small blind) showed [8c Ah] and lost with a pair of Kings
Seat 2: Mayels2013 (big blind) showed [As Jh] and won (1350) with a pair of Kings



