PokerStars Hand #253233296732: Tournament #3819589076, $1.84+$0.16 USD Hold'em No Limit - Level I (10/20) - 2024/11/03 15:35:52 CET [2024/11/03 9:35:52 ET]
Table '3819589076 1' 3-max Seat #1 is the button
Seat 1: murata21 (500 in chips) 
Seat 2: Mahu2021 (500 in chips) 
Seat 3: Praenomen S (500 in chips) 
Mahu2021: posts small blind 10
Praenomen S: posts big blind 20
*** HOLE CARDS ***
Dealt to Mahu2021 [Td 2d]
murata21: calls 20
Mahu2021: calls 10
Praenomen S: checks 
*** FLOP *** [Kd 5c Jd]
Mahu2021: checks 
Praenomen S: checks 
murata21: bets 60
Mahu2021: calls 60
Praenomen S: folds 
*** TURN *** [Kd 5c Jd] [Ah]
Mahu2021: checks 
murata21: checks 
*** RIVER *** [Kd 5c Jd Ah] [8h]
Mahu2021: checks 
murata21: bets 90
Mahu2021: folds 
Uncalled bet (90) returned to murata21
murata21 collected 180 from pot
*** SUMMARY ***
Total pot 180 | Rake 0 
Board [Kd 5c Jd Ah 8h]
Seat 1: murata21 (button) collected (180)
Seat 2: Mahu2021 (small blind) folded on the River
Seat 3: Praenomen S (big blind) folded on the Flop



PokerStars Hand #253233303468: Tournament #3819589076, $1.84+$0.16 USD Hold'em No Limit - Level I (10/20) - 2024/11/03 15:36:23 CET [2024/11/03 9:36:23 ET]
Table '3819589076 1' 3-max Seat #2 is the button
Seat 1: murata21 (600 in chips) 
Seat 2: Mahu2021 (420 in chips) 
Seat 3: Praenomen S (480 in chips) 
Praenomen S: posts small blind 10
murata21: posts big blind 20
*** HOLE CARDS ***
Dealt to Mahu2021 [8h 9c]
Mahu2021: folds 
Praenomen S: raises 20 to 40
murata21: raises 560 to 600 and is all-in
Praenomen S: folds 
Uncalled bet (560) returned to murata21
murata21 collected 80 from pot
*** SUMMARY ***
Total pot 80 | Rake 0 
Seat 1: murata21 (big blind) collected (80)
Seat 2: Mahu2021 (button) folded before Flop (didn't bet)
Seat 3: Praenomen S (small blind) folded before Flop



PokerStars Hand #253233305683: Tournament #3819589076, $1.84+$0.16 USD Hold'em No Limit - Level I (10/20) - 2024/11/03 15:36:33 CET [2024/11/03 9:36:33 ET]
Table '3819589076 1' 3-max Seat #3 is the button
Seat 1: murata21 (640 in chips) 
Seat 2: Mahu2021 (420 in chips) 
Seat 3: Praenomen S (440 in chips) 
murata21: posts small blind 10
Mahu2021: posts big blind 20
*** HOLE CARDS ***
Dealt to Mahu2021 [7d Qc]
Praenomen S: folds 
murata21: calls 10
Mahu2021: checks 
*** FLOP *** [Qd Jc 4d]
murata21: checks 
Mahu2021: bets 40
murata21: calls 40
*** TURN *** [Qd Jc 4d] [8h]
murata21: checks 
Mahu2021: bets 40
murata21: calls 40
*** RIVER *** [Qd Jc 4d 8h] [Js]
murata21: checks 
Mahu2021: checks 
*** SHOW DOWN ***
murata21: shows [5s 4s] (two pair, Jacks and Fours)
Mahu2021: shows [7d Qc] (two pair, Queens and Jacks)
Mahu2021 collected 200 from pot
*** SUMMARY ***
Total pot 200 | Rake 0 
Board [Qd Jc 4d 8h Js]
Seat 1: murata21 (small blind) showed [5s 4s] and lost with two pair, Jacks and Fours
Seat 2: Mahu2021 (big blind) showed [7d Qc] and won (200) with two pair, Queens and Jacks
Seat 3: Praenomen S (button) folded before Flop (didn't bet)



PokerStars Hand #253233310100: Tournament #3819589076, $1.84+$0.16 USD Hold'em No Limit - Level I (10/20) - 2024/11/03 15:36:53 CET [2024/11/03 9:36:53 ET]
Table '3819589076 1' 3-max Seat #1 is the button
Seat 1: murata21 (540 in chips) 
Seat 2: Mahu2021 (520 in chips) 
Seat 3: Praenomen S (440 in chips) 
Mahu2021: posts small blind 10
Praenomen S: posts big blind 20
*** HOLE CARDS ***
Dealt to Mahu2021 [Td Kd]
murata21: calls 20
Mahu2021: calls 10
Praenomen S: checks 
*** FLOP *** [3h 7h 8s]
Mahu2021: checks 
Praenomen S: checks 
murata21: checks 
*** TURN *** [3h 7h 8s] [4c]
Mahu2021: checks 
Praenomen S: checks 
murata21: bets 60
Mahu2021: folds 
Praenomen S: folds 
Uncalled bet (60) returned to murata21
murata21 collected 60 from pot
*** SUMMARY ***
Total pot 60 | Rake 0 
Board [3h 7h 8s 4c]
Seat 1: murata21 (button) collected (60)
Seat 2: Mahu2021 (small blind) folded on the Turn
Seat 3: Praenomen S (big blind) folded on the Turn



PokerStars Hand #253233318090: Tournament #3819589076, $1.84+$0.16 USD Hold'em No Limit - Level I (10/20) - 2024/11/03 15:37:31 CET [2024/11/03 9:37:31 ET]
Table '3819589076 1' 3-max Seat #2 is the button
Seat 1: murata21 (580 in chips) 
Seat 2: Mahu2021 (500 in chips) 
Seat 3: Praenomen S (420 in chips) 
Praenomen S: posts small blind 10
murata21: posts big blind 20
*** HOLE CARDS ***
Dealt to Mahu2021 [Qc Td]
Mahu2021: raises 20 to 40
Praenomen S: folds 
murata21: calls 20
*** FLOP *** [5h Kc Ad]
murata21: checks 
Mahu2021: bets 40
murata21: folds 
Uncalled bet (40) returned to Mahu2021
Mahu2021 collected 90 from pot
Mahu2021: doesn't show hand 
*** SUMMARY ***
Total pot 90 | Rake 0 
Board [5h Kc Ad]
Seat 1: murata21 (big blind) folded on the Flop
Seat 2: Mahu2021 (button) collected (90)
Seat 3: Praenomen S (small blind) folded before Flop



PokerStars Hand #253233321687: Tournament #3819589076, $1.84+$0.16 USD Hold'em No Limit - Level I (10/20) - 2024/11/03 15:37:48 CET [2024/11/03 9:37:48 ET]
Table '3819589076 1' 3-max Seat #3 is the button
Seat 1: murata21 (540 in chips) 
Seat 2: Mahu2021 (550 in chips) 
Seat 3: Praenomen S (410 in chips) 
murata21: posts small blind 10
Mahu2021: posts big blind 20
*** HOLE CARDS ***
Dealt to Mahu2021 [Ts Qs]
Praenomen S: raises 20 to 40
murata21: calls 30
Mahu2021: calls 20
*** FLOP *** [4c 8h Ks]
murata21: checks 
Mahu2021: checks 
Praenomen S: bets 30
murata21: calls 30
Mahu2021: folds 
*** TURN *** [4c 8h Ks] [5c]
murata21: checks 
Praenomen S: checks 
*** RIVER *** [4c 8h Ks 5c] [4d]
murata21: checks 
Praenomen S: bets 90
murata21: folds 
Uncalled bet (90) returned to Praenomen S
Praenomen S collected 180 from pot
Praenomen S: doesn't show hand 
*** SUMMARY ***
Total pot 180 | Rake 0 
Board [4c 8h Ks 5c 4d]
Seat 1: murata21 (small blind) folded on the River
Seat 2: Mahu2021 (big blind) folded on the Flop
Seat 3: Praenomen S (button) collected (180)



PokerStars Hand #253233328722: Tournament #3819589076, $1.84+$0.16 USD Hold'em No Limit - Level I (10/20) - 2024/11/03 15:38:21 CET [2024/11/03 9:38:21 ET]
Table '3819589076 1' 3-max Seat #1 is the button
Seat 1: murata21 (470 in chips) 
Seat 2: Mahu2021 (510 in chips) 
Seat 3: Praenomen S (520 in chips) 
Mahu2021: posts small blind 10
Praenomen S: posts big blind 20
*** HOLE CARDS ***
Dealt to Mahu2021 [5c 9h]
murata21: raises 20 to 40
Mahu2021: folds 
Praenomen S: folds 
Uncalled bet (20) returned to murata21
murata21 collected 50 from pot
*** SUMMARY ***
Total pot 50 | Rake 0 
Seat 1: murata21 (button) collected (50)
Seat 2: Mahu2021 (small blind) folded before Flop
Seat 3: Praenomen S (big blind) folded before Flop



PokerStars Hand #253233330885: Tournament #3819589076, $1.84+$0.16 USD Hold'em No Limit - Level I (10/20) - 2024/11/03 15:38:30 CET [2024/11/03 9:38:30 ET]
Table '3819589076 1' 3-max Seat #2 is the button
Seat 1: murata21 (500 in chips) 
Seat 2: Mahu2021 (500 in chips) 
Seat 3: Praenomen S (500 in chips) 
Praenomen S: posts small blind 10
murata21: posts big blind 20
*** HOLE CARDS ***
Dealt to Mahu2021 [2d 2s]
Mahu2021: calls 20
Praenomen S: raises 480 to 500 and is all-in
murata21: folds 
Mahu2021: folds 
Uncalled bet (480) returned to Praenomen S
Praenomen S collected 60 from pot
Praenomen S: doesn't show hand 
*** SUMMARY ***
Total pot 60 | Rake 0 
Seat 1: murata21 (big blind) folded before Flop
Seat 2: Mahu2021 (button) folded before Flop
Seat 3: Praenomen S (small blind) collected (60)



PokerStars Hand #253233332763: Tournament #3819589076, $1.84+$0.16 USD Hold'em No Limit - Level I (10/20) - 2024/11/03 15:38:39 CET [2024/11/03 9:38:39 ET]
Table '3819589076 1' 3-max Seat #3 is the button
Seat 1: murata21 (480 in chips) 
Seat 2: Mahu2021 (480 in chips) 
Seat 3: Praenomen S (540 in chips) 
murata21: posts small blind 10
Mahu2021: posts big blind 20
*** HOLE CARDS ***
Dealt to Mahu2021 [3c 4h]
Praenomen S: folds 
murata21: calls 10
Mahu2021: checks 
*** FLOP *** [3d 6c 9s]
murata21: bets 20
Mahu2021: calls 20
*** TURN *** [3d 6c 9s] [7s]
murata21: bets 60
Mahu2021: folds 
Uncalled bet (60) returned to murata21
murata21 collected 80 from pot
*** SUMMARY ***
Total pot 80 | Rake 0 
Board [3d 6c 9s 7s]
Seat 1: murata21 (small blind) collected (80)
Seat 2: Mahu2021 (big blind) folded on the Turn
Seat 3: Praenomen S (button) folded before Flop (didn't bet)



PokerStars Hand #253233339793: Tournament #3819589076, $1.84+$0.16 USD Hold'em No Limit - Level II (15/30) - 2024/11/03 15:39:12 CET [2024/11/03 9:39:12 ET]
Table '3819589076 1' 3-max Seat #1 is the button
Seat 1: murata21 (520 in chips) 
Seat 2: Mahu2021 (440 in chips) 
Seat 3: Praenomen S (540 in chips) 
Mahu2021: posts small blind 15
Praenomen S: posts big blind 30
*** HOLE CARDS ***
Dealt to Mahu2021 [2c 3h]
murata21: calls 30
Mahu2021: folds 
Praenomen S: checks 
*** FLOP *** [9c Ah 2h]
Praenomen S: checks 
murata21: bets 30
Praenomen S: folds 
Uncalled bet (30) returned to murata21
murata21 collected 75 from pot
*** SUMMARY ***
Total pot 75 | Rake 0 
Board [9c Ah 2h]
Seat 1: murata21 (button) collected (75)
Seat 2: Mahu2021 (small blind) folded before Flop
Seat 3: Praenomen S (big blind) folded on the Flop



PokerStars Hand #253233342195: Tournament #3819589076, $1.84+$0.16 USD Hold'em No Limit - Level II (15/30) - 2024/11/03 15:39:23 CET [2024/11/03 9:39:23 ET]
Table '3819589076 1' 3-max Seat #2 is the button
Seat 1: murata21 (565 in chips) 
Seat 2: Mahu2021 (425 in chips) 
Seat 3: Praenomen S (510 in chips) 
Praenomen S: posts small blind 15
murata21: posts big blind 30
*** HOLE CARDS ***
Dealt to Mahu2021 [Qs 9s]
Mahu2021 has timed out
Mahu2021: folds 
Mahu2021 is sitting out
Mahu2021 has returned
Praenomen S: raises 45 to 75
murata21: folds 
Uncalled bet (45) returned to Praenomen S
Praenomen S collected 60 from pot
Praenomen S: doesn't show hand 
*** SUMMARY ***
Total pot 60 | Rake 0 
Seat 1: murata21 (big blind) folded before Flop
Seat 2: Mahu2021 (button) folded before Flop (didn't bet)
Seat 3: Praenomen S (small blind) collected (60)



PokerStars Hand #253233346655: Tournament #3819589076, $1.84+$0.16 USD Hold'em No Limit - Level II (15/30) - 2024/11/03 15:39:45 CET [2024/11/03 9:39:45 ET]
Table '3819589076 1' 3-max Seat #3 is the button
Seat 1: murata21 (535 in chips) 
Seat 2: Mahu2021 (425 in chips) 
Seat 3: Praenomen S (540 in chips) 
murata21: posts small blind 15
Mahu2021: posts big blind 30
*** HOLE CARDS ***
Dealt to Mahu2021 [2d Qh]
Praenomen S: raises 30 to 60
murata21: calls 45
Mahu2021: folds 
*** FLOP *** [5s 4d 2c]
murata21: checks 
Praenomen S: bets 113
murata21: calls 113
*** TURN *** [5s 4d 2c] [7c]
murata21: checks 
Praenomen S: bets 282
murata21: folds 
Uncalled bet (282) returned to Praenomen S
Praenomen S collected 376 from pot
Praenomen S: doesn't show hand 
*** SUMMARY ***
Total pot 376 | Rake 0 
Board [5s 4d 2c 7c]
Seat 1: murata21 (small blind) folded on the Turn
Seat 2: Mahu2021 (big blind) folded before Flop
Seat 3: Praenomen S (button) collected (376)



PokerStars Hand #253233351879: Tournament #3819589076, $1.84+$0.16 USD Hold'em No Limit - Level II (15/30) - 2024/11/03 15:40:10 CET [2024/11/03 9:40:10 ET]
Table '3819589076 1' 3-max Seat #1 is the button
Seat 1: murata21 (362 in chips) 
Seat 2: Mahu2021 (395 in chips) 
Seat 3: Praenomen S (743 in chips) 
Mahu2021: posts small blind 15
Praenomen S: posts big blind 30
*** HOLE CARDS ***
Dealt to Mahu2021 [2h Kc]
murata21: folds 
Mahu2021: folds 
Uncalled bet (15) returned to Praenomen S
Praenomen S collected 30 from pot
Praenomen S: doesn't show hand 
*** SUMMARY ***
Total pot 30 | Rake 0 
Seat 1: murata21 (button) folded before Flop (didn't bet)
Seat 2: Mahu2021 (small blind) folded before Flop
Seat 3: Praenomen S (big blind) collected (30)



PokerStars Hand #253233353098: Tournament #3819589076, $1.84+$0.16 USD Hold'em No Limit - Level II (15/30) - 2024/11/03 15:40:15 CET [2024/11/03 9:40:15 ET]
Table '3819589076 1' 3-max Seat #2 is the button
Seat 1: murata21 (362 in chips) 
Seat 2: Mahu2021 (380 in chips) 
Seat 3: Praenomen S (758 in chips) 
Praenomen S: posts small blind 15
murata21: posts big blind 30
*** HOLE CARDS ***
Dealt to Mahu2021 [Qd Ks]
Mahu2021: raises 30 to 60
Praenomen S: raises 698 to 758 and is all-in
murata21: folds 
Mahu2021: folds 
Uncalled bet (698) returned to Praenomen S
Praenomen S collected 150 from pot
Praenomen S: doesn't show hand 
*** SUMMARY ***
Total pot 150 | Rake 0 
Seat 1: murata21 (big blind) folded before Flop
Seat 2: Mahu2021 (button) folded before Flop
Seat 3: Praenomen S (small blind) collected (150)



PokerStars Hand #253233356016: Tournament #3819589076, $1.84+$0.16 USD Hold'em No Limit - Level II (15/30) - 2024/11/03 15:40:29 CET [2024/11/03 9:40:29 ET]
Table '3819589076 1' 3-max Seat #3 is the button
Seat 1: murata21 (332 in chips) 
Seat 2: Mahu2021 (320 in chips) 
Seat 3: Praenomen S (848 in chips) 
murata21: posts small blind 15
Mahu2021: posts big blind 30
*** HOLE CARDS ***
Dealt to Mahu2021 [Kd 5h]
Praenomen S: folds 
murata21: raises 60 to 90
Mahu2021: folds 
Uncalled bet (60) returned to murata21
murata21 collected 60 from pot
*** SUMMARY ***
Total pot 60 | Rake 0 
Seat 1: murata21 (small blind) collected (60)
Seat 2: Mahu2021 (big blind) folded before Flop
Seat 3: Praenomen S (button) folded before Flop (didn't bet)



PokerStars Hand #253233357462: Tournament #3819589076, $1.84+$0.16 USD Hold'em No Limit - Level II (15/30) - 2024/11/03 15:40:36 CET [2024/11/03 9:40:36 ET]
Table '3819589076 1' 3-max Seat #1 is the button
Seat 1: murata21 (362 in chips) 
Seat 2: Mahu2021 (290 in chips) 
Seat 3: Praenomen S (848 in chips) 
Mahu2021: posts small blind 15
Praenomen S: posts big blind 30
*** HOLE CARDS ***
Dealt to Mahu2021 [Jh Kh]
murata21: raises 75 to 105
Mahu2021: calls 90
Praenomen S: folds 
*** FLOP *** [3c 6d 9c]
Mahu2021: checks 
murata21: bets 257 and is all-in
Mahu2021: folds 
Uncalled bet (257) returned to murata21
murata21 collected 240 from pot
*** SUMMARY ***
Total pot 240 | Rake 0 
Board [3c 6d 9c]
Seat 1: murata21 (button) collected (240)
Seat 2: Mahu2021 (small blind) folded on the Flop
Seat 3: Praenomen S (big blind) folded before Flop



PokerStars Hand #253233360948: Tournament #3819589076, $1.84+$0.16 USD Hold'em No Limit - Level II (15/30) - 2024/11/03 15:40:52 CET [2024/11/03 9:40:52 ET]
Table '3819589076 1' 3-max Seat #2 is the button
Seat 1: murata21 (497 in chips) 
Seat 2: Mahu2021 (185 in chips) 
Seat 3: Praenomen S (818 in chips) 
Praenomen S: posts small blind 15
murata21: posts big blind 30
*** HOLE CARDS ***
Dealt to Mahu2021 [Qh 7c]
Mahu2021: folds 
Praenomen S: folds 
Uncalled bet (15) returned to murata21
murata21 collected 30 from pot
*** SUMMARY ***
Total pot 30 | Rake 0 
Seat 1: murata21 (big blind) collected (30)
Seat 2: Mahu2021 (button) folded before Flop (didn't bet)
Seat 3: Praenomen S (small blind) folded before Flop



PokerStars Hand #253233362268: Tournament #3819589076, $1.84+$0.16 USD Hold'em No Limit - Level II (15/30) - 2024/11/03 15:40:59 CET [2024/11/03 9:40:59 ET]
Table '3819589076 1' 3-max Seat #3 is the button
Seat 1: murata21 (512 in chips) 
Seat 2: Mahu2021 (185 in chips) 
Seat 3: Praenomen S (803 in chips) 
murata21: posts small blind 15
Mahu2021: posts big blind 30
*** HOLE CARDS ***
Dealt to Mahu2021 [4d 4c]
Praenomen S: folds 
murata21: calls 15
Mahu2021: raises 155 to 185 and is all-in
murata21: calls 155
*** FLOP *** [Kc 5c 6h]
*** TURN *** [Kc 5c 6h] [9c]
*** RIVER *** [Kc 5c 6h 9c] [Jh]
*** SHOW DOWN ***
murata21: shows [Kh 9h] (two pair, Kings and Nines)
Mahu2021: shows [4d 4c] (a pair of Fours)
murata21 collected 370 from pot
Mahu2021 finished the tournament in 3rd place
*** SUMMARY ***
Total pot 370 | Rake 0 
Board [Kc 5c 6h 9c Jh]
Seat 1: murata21 (small blind) showed [Kh 9h] and won (370) with two pair, Kings and Nines
Seat 2: Mahu2021 (big blind) showed [4d 4c] and lost with a pair of Fours
Seat 3: Praenomen S (button) folded before Flop (didn't bet)



