PokerStars Hand #253175755810: Tournament #3818204942, $1.84+$0.16 USD Hold'em No Limit - Level I (10/20) - 2024/10/30 20:46:35 CET [2024/10/30 15:46:35 ET]
Table '3818204942 1' 3-max Seat #1 is the button
Seat 1: Mahu2021 (500 in chips) 
Seat 2: golemeca7 (500 in chips) 
Seat 3: ange377400 (500 in chips) 
golemeca7: posts small blind 10
ange377400: posts big blind 20
*** HOLE CARDS ***
Dealt to Mahu2021 [Ks 3d]
Mahu2021: folds 
golemeca7: raises 480 to 500 and is all-in
ange377400: calls 480 and is all-in
*** FLOP *** [9s 2c 6s]
*** TURN *** [9s 2c 6s] [Ts]
*** RIVER *** [9s 2c 6s Ts] [As]
*** SHOW DOWN ***
golemeca7: shows [Ac 4d] (a pair of Aces)
ange377400: shows [Kh Jh] (high card Ace)
golemeca7 collected 1000 from pot
ange377400 finished the tournament in 3rd place
*** SUMMARY ***
Total pot 1000 | Rake 0 
Board [9s 2c 6s Ts As]
Seat 1: Mahu2021 (button) folded before Flop (didn't bet)
Seat 2: golemeca7 (small blind) showed [Ac 4d] and won (1000) with a pair of Aces
Seat 3: ange377400 (big blind) showed [Kh Jh] and lost with high card Ace



PokerStars Hand #253175761544: Tournament #3818204942, $1.84+$0.16 USD Hold'em No Limit - Level I (10/20) - 2024/10/30 20:46:56 CET [2024/10/30 15:46:56 ET]
Table '3818204942 1' 3-max Seat #2 is the button
Seat 1: Mahu2021 (500 in chips) 
Seat 2: golemeca7 (1000 in chips) 
golemeca7: posts small blind 10
Mahu2021: posts big blind 20
*** HOLE CARDS ***
Dealt to Mahu2021 [4d 3s]
golemeca7: raises 40 to 60
Mahu2021: folds 
Uncalled bet (40) returned to golemeca7
golemeca7 collected 40 from pot
*** SUMMARY ***
Total pot 40 | Rake 0 
Seat 1: Mahu2021 (big blind) folded before Flop
Seat 2: golemeca7 (button) (small blind) collected (40)



PokerStars Hand #253175763352: Tournament #3818204942, $1.84+$0.16 USD Hold'em No Limit - Level I (10/20) - 2024/10/30 20:47:03 CET [2024/10/30 15:47:03 ET]
Table '3818204942 1' 3-max Seat #1 is the button
Seat 1: Mahu2021 (480 in chips) 
Seat 2: golemeca7 (1020 in chips) 
Mahu2021: posts small blind 10
golemeca7: posts big blind 20
*** HOLE CARDS ***
Dealt to Mahu2021 [6s Ac]
Mahu2021: raises 20 to 40
golemeca7: folds 
Uncalled bet (20) returned to Mahu2021
Mahu2021 collected 40 from pot
Mahu2021: doesn't show hand 
*** SUMMARY ***
Total pot 40 | Rake 0 
Seat 1: Mahu2021 (button) (small blind) collected (40)
Seat 2: golemeca7 (big blind) folded before Flop



PokerStars Hand #253175765207: Tournament #3818204942, $1.84+$0.16 USD Hold'em No Limit - Level I (10/20) - 2024/10/30 20:47:10 CET [2024/10/30 15:47:10 ET]
Table '3818204942 1' 3-max Seat #2 is the button
Seat 1: Mahu2021 (500 in chips) 
Seat 2: golemeca7 (1000 in chips) 
golemeca7: posts small blind 10
Mahu2021: posts big blind 20
*** HOLE CARDS ***
Dealt to Mahu2021 [4c Kd]
golemeca7: raises 60 to 80
Mahu2021: calls 60
*** FLOP *** [9h 6h Td]
Mahu2021: checks 
golemeca7: checks 
*** TURN *** [9h 6h Td] [Jh]
Mahu2021: checks 
golemeca7: checks 
*** RIVER *** [9h 6h Td Jh] [Ah]
Mahu2021: checks 
golemeca7: bets 60
Mahu2021: folds 
Uncalled bet (60) returned to golemeca7
golemeca7 collected 160 from pot
*** SUMMARY ***
Total pot 160 | Rake 0 
Board [9h 6h Td Jh Ah]
Seat 1: Mahu2021 (big blind) folded on the River
Seat 2: golemeca7 (button) (small blind) collected (160)



PokerStars Hand #253175769617: Tournament #3818204942, $1.84+$0.16 USD Hold'em No Limit - Level I (10/20) - 2024/10/30 20:47:26 CET [2024/10/30 15:47:26 ET]
Table '3818204942 1' 3-max Seat #1 is the button
Seat 1: Mahu2021 (420 in chips) 
Seat 2: golemeca7 (1080 in chips) 
Mahu2021: posts small blind 10
golemeca7: posts big blind 20
*** HOLE CARDS ***
Dealt to Mahu2021 [Qd Js]
Mahu2021: raises 20 to 40
golemeca7: folds 
Uncalled bet (20) returned to Mahu2021
Mahu2021 collected 40 from pot
Mahu2021: doesn't show hand 
*** SUMMARY ***
Total pot 40 | Rake 0 
Seat 1: Mahu2021 (button) (small blind) collected (40)
Seat 2: golemeca7 (big blind) folded before Flop



PokerStars Hand #253175771172: Tournament #3818204942, $1.84+$0.16 USD Hold'em No Limit - Level I (10/20) - 2024/10/30 20:47:32 CET [2024/10/30 15:47:32 ET]
Table '3818204942 1' 3-max Seat #2 is the button
Seat 1: Mahu2021 (440 in chips) 
Seat 2: golemeca7 (1060 in chips) 
golemeca7: posts small blind 10
Mahu2021: posts big blind 20
*** HOLE CARDS ***
Dealt to Mahu2021 [Qs Th]
golemeca7: raises 80 to 100
Mahu2021: calls 80
*** FLOP *** [2s Tc Td]
Mahu2021: checks 
golemeca7: bets 960 and is all-in
Mahu2021: calls 340 and is all-in
Uncalled bet (620) returned to golemeca7
*** TURN *** [2s Tc Td] [4d]
*** RIVER *** [2s Tc Td 4d] [5d]
*** SHOW DOWN ***
Mahu2021: shows [Qs Th] (three of a kind, Tens)
golemeca7: shows [9s 9d] (two pair, Tens and Nines)
Mahu2021 collected 880 from pot
*** SUMMARY ***
Total pot 880 | Rake 0 
Board [2s Tc Td 4d 5d]
Seat 1: Mahu2021 (big blind) showed [Qs Th] and won (880) with three of a kind, Tens
Seat 2: golemeca7 (button) (small blind) showed [9s 9d] and lost with two pair, Tens and Nines



PokerStars Hand #253175775452: Tournament #3818204942, $1.84+$0.16 USD Hold'em No Limit - Level I (10/20) - 2024/10/30 20:47:47 CET [2024/10/30 15:47:47 ET]
Table '3818204942 1' 3-max Seat #1 is the button
Seat 1: Mahu2021 (880 in chips) 
Seat 2: golemeca7 (620 in chips) 
Mahu2021: posts small blind 10
golemeca7: posts big blind 20
*** HOLE CARDS ***
Dealt to Mahu2021 [3s Jc]
Mahu2021: raises 20 to 40
golemeca7: raises 40 to 80
Mahu2021: calls 40
*** FLOP *** [Ad Qc 2d]
golemeca7: bets 80
Mahu2021: folds 
Uncalled bet (80) returned to golemeca7
golemeca7 collected 160 from pot
*** SUMMARY ***
Total pot 160 | Rake 0 
Board [Ad Qc 2d]
Seat 1: Mahu2021 (button) (small blind) folded on the Flop
Seat 2: golemeca7 (big blind) collected (160)



PokerStars Hand #253175779462: Tournament #3818204942, $1.84+$0.16 USD Hold'em No Limit - Level I (10/20) - 2024/10/30 20:48:02 CET [2024/10/30 15:48:02 ET]
Table '3818204942 1' 3-max Seat #2 is the button
Seat 1: Mahu2021 (800 in chips) 
Seat 2: golemeca7 (700 in chips) 
golemeca7: posts small blind 10
Mahu2021: posts big blind 20
*** HOLE CARDS ***
Dealt to Mahu2021 [2c Th]
golemeca7: raises 680 to 700 and is all-in
Mahu2021: folds 
Uncalled bet (680) returned to golemeca7
golemeca7 collected 40 from pot
*** SUMMARY ***
Total pot 40 | Rake 0 
Seat 1: Mahu2021 (big blind) folded before Flop
Seat 2: golemeca7 (button) (small blind) collected (40)



PokerStars Hand #253175781387: Tournament #3818204942, $1.84+$0.16 USD Hold'em No Limit - Level I (10/20) - 2024/10/30 20:48:09 CET [2024/10/30 15:48:09 ET]
Table '3818204942 1' 3-max Seat #1 is the button
Seat 1: Mahu2021 (780 in chips) 
Seat 2: golemeca7 (720 in chips) 
Mahu2021: posts small blind 10
golemeca7: posts big blind 20
*** HOLE CARDS ***
Dealt to Mahu2021 [2c Ad]
Mahu2021: raises 20 to 40
golemeca7: folds 
Uncalled bet (20) returned to Mahu2021
Mahu2021 collected 40 from pot
Mahu2021: doesn't show hand 
*** SUMMARY ***
Total pot 40 | Rake 0 
Seat 1: Mahu2021 (button) (small blind) collected (40)
Seat 2: golemeca7 (big blind) folded before Flop



PokerStars Hand #253175783094: Tournament #3818204942, $1.84+$0.16 USD Hold'em No Limit - Level I (10/20) - 2024/10/30 20:48:15 CET [2024/10/30 15:48:15 ET]
Table '3818204942 1' 3-max Seat #2 is the button
Seat 1: Mahu2021 (800 in chips) 
Seat 2: golemeca7 (700 in chips) 
golemeca7: posts small blind 10
Mahu2021: posts big blind 20
*** HOLE CARDS ***
Dealt to Mahu2021 [9s 4h]
golemeca7: raises 680 to 700 and is all-in
Mahu2021: folds 
Uncalled bet (680) returned to golemeca7
golemeca7 collected 40 from pot
*** SUMMARY ***
Total pot 40 | Rake 0 
Seat 1: Mahu2021 (big blind) folded before Flop
Seat 2: golemeca7 (button) (small blind) collected (40)



PokerStars Hand #253175785473: Tournament #3818204942, $1.84+$0.16 USD Hold'em No Limit - Level I (10/20) - 2024/10/30 20:48:23 CET [2024/10/30 15:48:23 ET]
Table '3818204942 1' 3-max Seat #1 is the button
Seat 1: Mahu2021 (780 in chips) 
Seat 2: golemeca7 (720 in chips) 
Mahu2021: posts small blind 10
golemeca7: posts big blind 20
*** HOLE CARDS ***
Dealt to Mahu2021 [9d 5s]
Mahu2021: folds 
Uncalled bet (10) returned to golemeca7
golemeca7 collected 20 from pot
*** SUMMARY ***
Total pot 20 | Rake 0 
Seat 1: Mahu2021 (button) (small blind) folded before Flop
Seat 2: golemeca7 (big blind) collected (20)



PokerStars Hand #253175786675: Tournament #3818204942, $1.84+$0.16 USD Hold'em No Limit - Level I (10/20) - 2024/10/30 20:48:28 CET [2024/10/30 15:48:28 ET]
Table '3818204942 1' 3-max Seat #2 is the button
Seat 1: Mahu2021 (770 in chips) 
Seat 2: golemeca7 (730 in chips) 
golemeca7: posts small blind 10
Mahu2021: posts big blind 20
*** HOLE CARDS ***
Dealt to Mahu2021 [3h Qh]
golemeca7: folds 
Uncalled bet (10) returned to Mahu2021
Mahu2021 collected 20 from pot
Mahu2021: doesn't show hand 
*** SUMMARY ***
Total pot 20 | Rake 0 
Seat 1: Mahu2021 (big blind) collected (20)
Seat 2: golemeca7 (button) (small blind) folded before Flop



PokerStars Hand #253175787979: Tournament #3818204942, $1.84+$0.16 USD Hold'em No Limit - Level I (10/20) - 2024/10/30 20:48:33 CET [2024/10/30 15:48:33 ET]
Table '3818204942 1' 3-max Seat #1 is the button
Seat 1: Mahu2021 (780 in chips) 
Seat 2: golemeca7 (720 in chips) 
Mahu2021: posts small blind 10
golemeca7: posts big blind 20
*** HOLE CARDS ***
Dealt to Mahu2021 [8d 3d]
Mahu2021: raises 20 to 40
golemeca7: raises 680 to 720 and is all-in
Mahu2021: folds 
Uncalled bet (680) returned to golemeca7
golemeca7 collected 80 from pot
*** SUMMARY ***
Total pot 80 | Rake 0 
Seat 1: Mahu2021 (button) (small blind) folded before Flop
Seat 2: golemeca7 (big blind) collected (80)



PokerStars Hand #253175791903: Tournament #3818204942, $1.84+$0.16 USD Hold'em No Limit - Level II (15/30) - 2024/10/30 20:48:47 CET [2024/10/30 15:48:47 ET]
Table '3818204942 1' 3-max Seat #2 is the button
Seat 1: Mahu2021 (740 in chips) 
Seat 2: golemeca7 (760 in chips) 
golemeca7: posts small blind 15
Mahu2021: posts big blind 30
*** HOLE CARDS ***
Dealt to Mahu2021 [4d Jh]
golemeca7: folds 
Uncalled bet (15) returned to Mahu2021
Mahu2021 collected 30 from pot
Mahu2021: doesn't show hand 
*** SUMMARY ***
Total pot 30 | Rake 0 
Seat 1: Mahu2021 (big blind) collected (30)
Seat 2: golemeca7 (button) (small blind) folded before Flop



PokerStars Hand #253175792878: Tournament #3818204942, $1.84+$0.16 USD Hold'em No Limit - Level II (15/30) - 2024/10/30 20:48:51 CET [2024/10/30 15:48:51 ET]
Table '3818204942 1' 3-max Seat #1 is the button
Seat 1: Mahu2021 (755 in chips) 
Seat 2: golemeca7 (745 in chips) 
Mahu2021: posts small blind 15
golemeca7: posts big blind 30
*** HOLE CARDS ***
Dealt to Mahu2021 [Ah 4h]
Mahu2021: raises 30 to 60
golemeca7: folds 
Uncalled bet (30) returned to Mahu2021
Mahu2021 collected 60 from pot
Mahu2021: doesn't show hand 
*** SUMMARY ***
Total pot 60 | Rake 0 
Seat 1: Mahu2021 (button) (small blind) collected (60)
Seat 2: golemeca7 (big blind) folded before Flop



PokerStars Hand #253175794415: Tournament #3818204942, $1.84+$0.16 USD Hold'em No Limit - Level II (15/30) - 2024/10/30 20:48:56 CET [2024/10/30 15:48:56 ET]
Table '3818204942 1' 3-max Seat #2 is the button
Seat 1: Mahu2021 (785 in chips) 
Seat 2: golemeca7 (715 in chips) 
golemeca7: posts small blind 15
Mahu2021: posts big blind 30
*** HOLE CARDS ***
Dealt to Mahu2021 [6s 7d]
golemeca7: raises 685 to 715 and is all-in
Mahu2021: folds 
Uncalled bet (685) returned to golemeca7
golemeca7 collected 60 from pot
*** SUMMARY ***
Total pot 60 | Rake 0 
Seat 1: Mahu2021 (big blind) folded before Flop
Seat 2: golemeca7 (button) (small blind) collected (60)



PokerStars Hand #253175796365: Tournament #3818204942, $1.84+$0.16 USD Hold'em No Limit - Level II (15/30) - 2024/10/30 20:49:04 CET [2024/10/30 15:49:04 ET]
Table '3818204942 1' 3-max Seat #1 is the button
Seat 1: Mahu2021 (755 in chips) 
Seat 2: golemeca7 (745 in chips) 
Mahu2021: posts small blind 15
golemeca7: posts big blind 30
*** HOLE CARDS ***
Dealt to Mahu2021 [8s Ah]
Mahu2021: raises 30 to 60
golemeca7: raises 685 to 745 and is all-in
Mahu2021: calls 685
*** FLOP *** [8d Ac As]
*** TURN *** [8d Ac As] [7d]
*** RIVER *** [8d Ac As 7d] [Jd]
*** SHOW DOWN ***
golemeca7: shows [Qd 3d] (a flush, Queen high)
Mahu2021: shows [8s Ah] (a full house, Aces full of Eights)
Mahu2021 collected 1490 from pot
golemeca7 finished the tournament in 2nd place
Mahu2021 wins the tournament and receives $4.00 - congratulations!
*** SUMMARY ***
Total pot 1490 | Rake 0 
Board [8d Ac As 7d Jd]
Seat 1: Mahu2021 (button) (small blind) showed [8s Ah] and won (1490) with a full house, Aces full of Eights
Seat 2: golemeca7 (big blind) showed [Qd 3d] and lost with a flush, Queen high



