PokerStars Hand #253431167820: Tournament #3824184300, $1.84+$0.16 USD Hold'em No Limit - Level I (10/20) - 2024/11/16 18:31:43 CET [2024/11/16 12:31:43 ET]
Table '3824184300 1' 3-max Seat #1 is the button
Seat 1: YanSDC (500 in chips) 
Seat 2: CalP123 (500 in chips) 
Seat 3: Mahu2021 (500 in chips) 
CalP123: posts small blind 10
Mahu2021: posts big blind 20
*** HOLE CARDS ***
Dealt to Mahu2021 [Kh 7s]
YanSDC: folds 
CalP123: raises 20 to 40
Mahu2021: calls 20
*** FLOP *** [5s 2h 5c]
CalP123: checks 
Mahu2021: checks 
*** TURN *** [5s 2h 5c] [5d]
CalP123: bets 40
Mahu2021: calls 40
*** RIVER *** [5s 2h 5c 5d] [3h]
CalP123: checks 
Mahu2021: bets 80
CalP123: calls 80
*** SHOW DOWN ***
Mahu2021: shows [Kh 7s] (three of a kind, Fives)
CalP123: shows [Ac Td] (three of a kind, Fives - Ace kicker)
CalP123 collected 320 from pot
*** SUMMARY ***
Total pot 320 | Rake 0 
Board [5s 2h 5c 5d 3h]
Seat 1: YanSDC (button) folded before Flop (didn't bet)
Seat 2: CalP123 (small blind) showed [Ac Td] and won (320) with three of a kind, Fives
Seat 3: Mahu2021 (big blind) showed [Kh 7s] and lost with three of a kind, Fives



PokerStars Hand #253431174153: Tournament #3824184300, $1.84+$0.16 USD Hold'em No Limit - Level I (10/20) - 2024/11/16 18:32:07 CET [2024/11/16 12:32:07 ET]
Table '3824184300 1' 3-max Seat #2 is the button
Seat 1: YanSDC (500 in chips) 
Seat 2: CalP123 (660 in chips) 
Seat 3: Mahu2021 (340 in chips) 
Mahu2021: posts small blind 10
YanSDC: posts big blind 20
*** HOLE CARDS ***
Dealt to Mahu2021 [Kd Jd]
CalP123: folds 
Mahu2021: raises 40 to 60
YanSDC: folds 
Uncalled bet (40) returned to Mahu2021
Mahu2021 collected 40 from pot
Mahu2021: doesn't show hand 
*** SUMMARY ***
Total pot 40 | Rake 0 
Seat 1: YanSDC (big blind) folded before Flop
Seat 2: CalP123 (button) folded before Flop (didn't bet)
Seat 3: Mahu2021 (small blind) collected (40)



PokerStars Hand #253431176783: Tournament #3824184300, $1.84+$0.16 USD Hold'em No Limit - Level I (10/20) - 2024/11/16 18:32:18 CET [2024/11/16 12:32:18 ET]
Table '3824184300 1' 3-max Seat #3 is the button
Seat 1: YanSDC (480 in chips) 
Seat 2: CalP123 (660 in chips) 
Seat 3: Mahu2021 (360 in chips) 
YanSDC: posts small blind 10
CalP123: posts big blind 20
*** HOLE CARDS ***
Dealt to Mahu2021 [Qc 3h]
Mahu2021: raises 40 to 60
YanSDC: raises 420 to 480 and is all-in
CalP123: folds 
Mahu2021: folds 
Uncalled bet (420) returned to YanSDC
YanSDC collected 140 from pot
YanSDC: doesn't show hand 
*** SUMMARY ***
Total pot 140 | Rake 0 
Seat 1: YanSDC (small blind) collected (140)
Seat 2: CalP123 (big blind) folded before Flop
Seat 3: Mahu2021 (button) folded before Flop



PokerStars Hand #253431180432: Tournament #3824184300, $1.84+$0.16 USD Hold'em No Limit - Level I (10/20) - 2024/11/16 18:32:31 CET [2024/11/16 12:32:31 ET]
Table '3824184300 1' 3-max Seat #1 is the button
Seat 1: YanSDC (560 in chips) 
Seat 2: CalP123 (640 in chips) 
Seat 3: Mahu2021 (300 in chips) 
CalP123: posts small blind 10
Mahu2021: posts big blind 20
*** HOLE CARDS ***
Dealt to Mahu2021 [8c 4h]
YanSDC: folds 
CalP123: calls 10
Mahu2021: checks 
*** FLOP *** [8s 6d 5c]
CalP123: bets 20
Mahu2021: raises 260 to 280 and is all-in
CalP123: folds 
Uncalled bet (260) returned to Mahu2021
Mahu2021 collected 80 from pot
Mahu2021: doesn't show hand 
*** SUMMARY ***
Total pot 80 | Rake 0 
Board [8s 6d 5c]
Seat 1: YanSDC (button) folded before Flop (didn't bet)
Seat 2: CalP123 (small blind) folded on the Flop
Seat 3: Mahu2021 (big blind) collected (80)



PokerStars Hand #253431184846: Tournament #3824184300, $1.84+$0.16 USD Hold'em No Limit - Level I (10/20) - 2024/11/16 18:32:49 CET [2024/11/16 12:32:49 ET]
Table '3824184300 1' 3-max Seat #2 is the button
Seat 1: YanSDC (560 in chips) 
Seat 2: CalP123 (600 in chips) 
Seat 3: Mahu2021 (340 in chips) 
Mahu2021: posts small blind 10
YanSDC: posts big blind 20
*** HOLE CARDS ***
Dealt to Mahu2021 [Qc 4c]
CalP123: folds 
Mahu2021: raises 20 to 40
YanSDC: calls 20
*** FLOP *** [9d 8d As]
Mahu2021: checks 
YanSDC: checks 
*** TURN *** [9d 8d As] [Ad]
Mahu2021: checks 
YanSDC: bets 40
Mahu2021: folds 
Uncalled bet (40) returned to YanSDC
YanSDC collected 80 from pot
YanSDC: doesn't show hand 
*** SUMMARY ***
Total pot 80 | Rake 0 
Board [9d 8d As Ad]
Seat 1: YanSDC (big blind) collected (80)
Seat 2: CalP123 (button) folded before Flop (didn't bet)
Seat 3: Mahu2021 (small blind) folded on the Turn



PokerStars Hand #253431190094: Tournament #3824184300, $1.84+$0.16 USD Hold'em No Limit - Level I (10/20) - 2024/11/16 18:33:09 CET [2024/11/16 12:33:09 ET]
Table '3824184300 1' 3-max Seat #3 is the button
Seat 1: YanSDC (600 in chips) 
Seat 2: CalP123 (600 in chips) 
Seat 3: Mahu2021 (300 in chips) 
YanSDC: posts small blind 10
CalP123: posts big blind 20
*** HOLE CARDS ***
Dealt to Mahu2021 [4d Qd]
Mahu2021: calls 20
YanSDC: raises 580 to 600 and is all-in
CalP123: folds 
Mahu2021: folds 
Uncalled bet (580) returned to YanSDC
YanSDC collected 60 from pot
YanSDC: doesn't show hand 
*** SUMMARY ***
Total pot 60 | Rake 0 
Seat 1: YanSDC (small blind) collected (60)
Seat 2: CalP123 (big blind) folded before Flop
Seat 3: Mahu2021 (button) folded before Flop



PokerStars Hand #253431192360: Tournament #3824184300, $1.84+$0.16 USD Hold'em No Limit - Level I (10/20) - 2024/11/16 18:33:18 CET [2024/11/16 12:33:18 ET]
Table '3824184300 1' 3-max Seat #1 is the button
Seat 1: YanSDC (640 in chips) 
Seat 2: CalP123 (580 in chips) 
Seat 3: Mahu2021 (280 in chips) 
CalP123: posts small blind 10
Mahu2021: posts big blind 20
*** HOLE CARDS ***
Dealt to Mahu2021 [7s 5c]
YanSDC: raises 20 to 40
CalP123: folds 
Mahu2021: folds 
Uncalled bet (20) returned to YanSDC
YanSDC collected 50 from pot
YanSDC: doesn't show hand 
*** SUMMARY ***
Total pot 50 | Rake 0 
Seat 1: YanSDC (button) collected (50)
Seat 2: CalP123 (small blind) folded before Flop
Seat 3: Mahu2021 (big blind) folded before Flop



PokerStars Hand #253431194524: Tournament #3824184300, $1.84+$0.16 USD Hold'em No Limit - Level I (10/20) - 2024/11/16 18:33:27 CET [2024/11/16 12:33:27 ET]
Table '3824184300 1' 3-max Seat #2 is the button
Seat 1: YanSDC (670 in chips) 
Seat 2: CalP123 (570 in chips) 
Seat 3: Mahu2021 (260 in chips) 
Mahu2021: posts small blind 10
YanSDC: posts big blind 20
*** HOLE CARDS ***
Dealt to Mahu2021 [Jd 9c]
CalP123: raises 20 to 40
Mahu2021: calls 30
YanSDC: calls 20
*** FLOP *** [2d 7c Qd]
Mahu2021: checks 
YanSDC: checks 
CalP123: checks 
*** TURN *** [2d 7c Qd] [Qs]
Mahu2021: checks 
YanSDC: bets 60
CalP123: calls 60
Mahu2021: folds 
*** RIVER *** [2d 7c Qd Qs] [5s]
YanSDC: bets 120
CalP123: calls 120
*** SHOW DOWN ***
YanSDC: shows [Qc 5c] (a full house, Queens full of Fives)
CalP123: mucks hand 
YanSDC collected 480 from pot
*** SUMMARY ***
Total pot 480 | Rake 0 
Board [2d 7c Qd Qs 5s]
Seat 1: YanSDC (big blind) showed [Qc 5c] and won (480) with a full house, Queens full of Fives
Seat 2: CalP123 (button) mucked [Ac 4d]
Seat 3: Mahu2021 (small blind) folded on the Turn



PokerStars Hand #253431203007: Tournament #3824184300, $1.84+$0.16 USD Hold'em No Limit - Level I (10/20) - 2024/11/16 18:33:59 CET [2024/11/16 12:33:59 ET]
Table '3824184300 1' 3-max Seat #3 is the button
Seat 1: YanSDC (930 in chips) 
Seat 2: CalP123 (350 in chips) 
Seat 3: Mahu2021 (220 in chips) 
YanSDC: posts small blind 10
CalP123: posts big blind 20
*** HOLE CARDS ***
Dealt to Mahu2021 [8s 3h]
Mahu2021: folds 
YanSDC: folds 
Uncalled bet (10) returned to CalP123
CalP123 collected 20 from pot
*** SUMMARY ***
Total pot 20 | Rake 0 
Seat 1: YanSDC (small blind) folded before Flop
Seat 2: CalP123 (big blind) collected (20)
Seat 3: Mahu2021 (button) folded before Flop (didn't bet)



PokerStars Hand #253431204453: Tournament #3824184300, $1.84+$0.16 USD Hold'em No Limit - Level I (10/20) - 2024/11/16 18:34:04 CET [2024/11/16 12:34:04 ET]
Table '3824184300 1' 3-max Seat #1 is the button
Seat 1: YanSDC (920 in chips) 
Seat 2: CalP123 (360 in chips) 
Seat 3: Mahu2021 (220 in chips) 
CalP123: posts small blind 10
Mahu2021: posts big blind 20
*** HOLE CARDS ***
Dealt to Mahu2021 [Ah 3s]
YanSDC: raises 20 to 40
CalP123: calls 30
Mahu2021: raises 180 to 220 and is all-in
YanSDC: raises 700 to 920 and is all-in
CalP123: folds 
Uncalled bet (700) returned to YanSDC
*** FLOP *** [Jd 8s Ac]
*** TURN *** [Jd 8s Ac] [Kc]
*** RIVER *** [Jd 8s Ac Kc] [Ad]
*** SHOW DOWN ***
Mahu2021: shows [Ah 3s] (three of a kind, Aces)
YanSDC: shows [Js As] (a full house, Aces full of Jacks)
YanSDC collected 480 from pot
Mahu2021 finished the tournament in 3rd place
*** SUMMARY ***
Total pot 480 | Rake 0 
Board [Jd 8s Ac Kc Ad]
Seat 1: YanSDC (button) showed [Js As] and won (480) with a full house, Aces full of Jacks
Seat 2: CalP123 (small blind) folded before Flop
Seat 3: Mahu2021 (big blind) showed [Ah 3s] and lost with three of a kind, Aces



