PokerStars Hand #243154926539: Tournament #3578955912, $0.92+$0.08 USD Hold'em No Limit - Level I (10/20) - 2023/04/17 21:42:26 CET [2023/04/17 15:42:26 ET]
Table '3578955912 1' 3-max Seat #1 is the button
Seat 1: Mahu2021 (500 in chips) 
Seat 2: vov4iK24 (500 in chips) 
Seat 3: Patrick Dash (500 in chips) 
vov4iK24: posts small blind 10
Patrick Dash: posts big blind 20
*** HOLE CARDS ***
Dealt to Mahu2021 [Kd 3s]
Mahu2021: folds 
vov4iK24: calls 10
Patrick Dash: checks 
*** FLOP *** [Ac 2h As]
vov4iK24: checks 
Patrick Dash: checks 
*** TURN *** [Ac 2h As] [Qd]
vov4iK24: checks 
Patrick Dash: bets 20
vov4iK24: folds 
Uncalled bet (20) returned to Patrick Dash
Patrick Dash collected 40 from pot
Patrick Dash: doesn't show hand 
*** SUMMARY ***
Total pot 40 | Rake 0 
Board [Ac 2h As Qd]
Seat 1: Mahu2021 (button) folded before Flop (didn't bet)
Seat 2: vov4iK24 (small blind) folded on the Turn
Seat 3: Patrick Dash (big blind) collected (40)



PokerStars Hand #243154938904: Tournament #3578955912, $0.92+$0.08 USD Hold'em No Limit - Level I (10/20) - 2023/04/17 21:42:56 CET [2023/04/17 15:42:56 ET]
Table '3578955912 1' 3-max Seat #2 is the button
Seat 1: Mahu2021 (500 in chips) 
Seat 2: vov4iK24 (480 in chips) 
Seat 3: Patrick Dash (520 in chips) 
Patrick Dash: posts small blind 10
Mahu2021: posts big blind 20
*** HOLE CARDS ***
Dealt to Mahu2021 [Kd 8s]
vov4iK24: folds 
Patrick Dash: folds 
Uncalled bet (10) returned to Mahu2021
Mahu2021 collected 20 from pot
Mahu2021: doesn't show hand 
*** SUMMARY ***
Total pot 20 | Rake 0 
Seat 1: Mahu2021 (big blind) collected (20)
Seat 2: vov4iK24 (button) folded before Flop (didn't bet)
Seat 3: Patrick Dash (small blind) folded before Flop



PokerStars Hand #243154941171: Tournament #3578955912, $0.92+$0.08 USD Hold'em No Limit - Level I (10/20) - 2023/04/17 21:43:01 CET [2023/04/17 15:43:01 ET]
Table '3578955912 1' 3-max Seat #3 is the button
Seat 1: Mahu2021 (510 in chips) 
Seat 2: vov4iK24 (480 in chips) 
Seat 3: Patrick Dash (510 in chips) 
Mahu2021: posts small blind 10
vov4iK24: posts big blind 20
*** HOLE CARDS ***
Dealt to Mahu2021 [Jh Jc]
Patrick Dash: raises 20 to 40
Mahu2021: raises 470 to 510 and is all-in
vov4iK24: folds 
Patrick Dash: folds 
Uncalled bet (470) returned to Mahu2021
Mahu2021 collected 100 from pot
Mahu2021: doesn't show hand 
*** SUMMARY ***
Total pot 100 | Rake 0 
Seat 1: Mahu2021 (small blind) collected (100)
Seat 2: vov4iK24 (big blind) folded before Flop
Seat 3: Patrick Dash (button) folded before Flop



PokerStars Hand #243154945558: Tournament #3578955912, $0.92+$0.08 USD Hold'em No Limit - Level I (10/20) - 2023/04/17 21:43:12 CET [2023/04/17 15:43:12 ET]
Table '3578955912 1' 3-max Seat #1 is the button
Seat 1: Mahu2021 (570 in chips) 
Seat 2: vov4iK24 (460 in chips) 
Seat 3: Patrick Dash (470 in chips) 
vov4iK24: posts small blind 10
Patrick Dash: posts big blind 20
*** HOLE CARDS ***
Dealt to Mahu2021 [8c Qs]
Mahu2021: folds 
vov4iK24: calls 10
Patrick Dash: checks 
*** FLOP *** [4h 5h 3s]
vov4iK24: bets 20
Patrick Dash: calls 20
*** TURN *** [4h 5h 3s] [Tc]
vov4iK24: bets 40
Patrick Dash: folds 
Uncalled bet (40) returned to vov4iK24
vov4iK24 collected 80 from pot
vov4iK24: doesn't show hand 
*** SUMMARY ***
Total pot 80 | Rake 0 
Board [4h 5h 3s Tc]
Seat 1: Mahu2021 (button) folded before Flop (didn't bet)
Seat 2: vov4iK24 (small blind) collected (80)
Seat 3: Patrick Dash (big blind) folded on the Turn



PokerStars Hand #243154952722: Tournament #3578955912, $0.92+$0.08 USD Hold'em No Limit - Level I (10/20) - 2023/04/17 21:43:29 CET [2023/04/17 15:43:29 ET]
Table '3578955912 1' 3-max Seat #2 is the button
Seat 1: Mahu2021 (570 in chips) 
Seat 2: vov4iK24 (500 in chips) 
Seat 3: Patrick Dash (430 in chips) 
Patrick Dash: posts small blind 10
Mahu2021: posts big blind 20
*** HOLE CARDS ***
Dealt to Mahu2021 [3c 4s]
vov4iK24: folds 
Patrick Dash: calls 10
Mahu2021: checks 
*** FLOP *** [Jh 9h 3d]
Patrick Dash: checks 
Mahu2021: bets 20
Patrick Dash: folds 
Uncalled bet (20) returned to Mahu2021
Mahu2021 collected 40 from pot
Mahu2021: doesn't show hand 
*** SUMMARY ***
Total pot 40 | Rake 0 
Board [Jh 9h 3d]
Seat 1: Mahu2021 (big blind) collected (40)
Seat 2: vov4iK24 (button) folded before Flop (didn't bet)
Seat 3: Patrick Dash (small blind) folded on the Flop



PokerStars Hand #243154959691: Tournament #3578955912, $0.92+$0.08 USD Hold'em No Limit - Level I (10/20) - 2023/04/17 21:43:45 CET [2023/04/17 15:43:45 ET]
Table '3578955912 1' 3-max Seat #3 is the button
Seat 1: Mahu2021 (590 in chips) 
Seat 2: vov4iK24 (500 in chips) 
Seat 3: Patrick Dash (410 in chips) 
Mahu2021: posts small blind 10
vov4iK24: posts big blind 20
*** HOLE CARDS ***
Dealt to Mahu2021 [Th Jc]
Patrick Dash: raises 20 to 40
Mahu2021: calls 30
vov4iK24: folds 
*** FLOP *** [Js 9s 6c]
Mahu2021: checks 
Patrick Dash: checks 
*** TURN *** [Js 9s 6c] [6h]
Mahu2021: bets 40
Patrick Dash: calls 40
*** RIVER *** [Js 9s 6c 6h] [5h]
Mahu2021: bets 40
Patrick Dash: folds 
Uncalled bet (40) returned to Mahu2021
Mahu2021 collected 180 from pot
Mahu2021: doesn't show hand 
*** SUMMARY ***
Total pot 180 | Rake 0 
Board [Js 9s 6c 6h 5h]
Seat 1: Mahu2021 (small blind) collected (180)
Seat 2: vov4iK24 (big blind) folded before Flop
Seat 3: Patrick Dash (button) folded on the River



PokerStars Hand #243154968286: Tournament #3578955912, $0.92+$0.08 USD Hold'em No Limit - Level I (10/20) - 2023/04/17 21:44:06 CET [2023/04/17 15:44:06 ET]
Table '3578955912 1' 3-max Seat #1 is the button
Seat 1: Mahu2021 (690 in chips) 
Seat 2: vov4iK24 (480 in chips) 
Seat 3: Patrick Dash (330 in chips) 
vov4iK24: posts small blind 10
Patrick Dash: posts big blind 20
*** HOLE CARDS ***
Dealt to Mahu2021 [Kd 4s]
Mahu2021: folds 
vov4iK24: folds 
Uncalled bet (10) returned to Patrick Dash
Patrick Dash collected 20 from pot
Patrick Dash: doesn't show hand 
*** SUMMARY ***
Total pot 20 | Rake 0 
Seat 1: Mahu2021 (button) folded before Flop (didn't bet)
Seat 2: vov4iK24 (small blind) folded before Flop
Seat 3: Patrick Dash (big blind) collected (20)



PokerStars Hand #243154970924: Tournament #3578955912, $0.92+$0.08 USD Hold'em No Limit - Level I (10/20) - 2023/04/17 21:44:12 CET [2023/04/17 15:44:12 ET]
Table '3578955912 1' 3-max Seat #2 is the button
Seat 1: Mahu2021 (690 in chips) 
Seat 2: vov4iK24 (470 in chips) 
Seat 3: Patrick Dash (340 in chips) 
Patrick Dash: posts small blind 10
Mahu2021: posts big blind 20
*** HOLE CARDS ***
Dealt to Mahu2021 [5c Ac]
vov4iK24: folds 
Patrick Dash: raises 40 to 60
Mahu2021: calls 40
*** FLOP *** [3d Kc Qs]
Patrick Dash: bets 60
Mahu2021: folds 
Uncalled bet (60) returned to Patrick Dash
Patrick Dash collected 120 from pot
Patrick Dash: doesn't show hand 
*** SUMMARY ***
Total pot 120 | Rake 0 
Board [3d Kc Qs]
Seat 1: Mahu2021 (big blind) folded on the Flop
Seat 2: vov4iK24 (button) folded before Flop (didn't bet)
Seat 3: Patrick Dash (small blind) collected (120)



PokerStars Hand #243154975826: Tournament #3578955912, $0.92+$0.08 USD Hold'em No Limit - Level I (10/20) - 2023/04/17 21:44:24 CET [2023/04/17 15:44:24 ET]
Table '3578955912 1' 3-max Seat #3 is the button
Seat 1: Mahu2021 (630 in chips) 
Seat 2: vov4iK24 (470 in chips) 
Seat 3: Patrick Dash (400 in chips) 
Mahu2021: posts small blind 10
vov4iK24: posts big blind 20
*** HOLE CARDS ***
Dealt to Mahu2021 [4c Tc]
Patrick Dash: folds 
Mahu2021: calls 10
vov4iK24: checks 
*** FLOP *** [3h 6s 3d]
Mahu2021: bets 20
vov4iK24: folds 
Uncalled bet (20) returned to Mahu2021
Mahu2021 collected 40 from pot
Mahu2021: doesn't show hand 
*** SUMMARY ***
Total pot 40 | Rake 0 
Board [3h 6s 3d]
Seat 1: Mahu2021 (small blind) collected (40)
Seat 2: vov4iK24 (big blind) folded on the Flop
Seat 3: Patrick Dash (button) folded before Flop (didn't bet)



PokerStars Hand #243154979925: Tournament #3578955912, $0.92+$0.08 USD Hold'em No Limit - Level I (10/20) - 2023/04/17 21:44:34 CET [2023/04/17 15:44:34 ET]
Table '3578955912 1' 3-max Seat #1 is the button
Seat 1: Mahu2021 (650 in chips) 
Seat 2: vov4iK24 (450 in chips) 
Seat 3: Patrick Dash (400 in chips) 
vov4iK24: posts small blind 10
Patrick Dash: posts big blind 20
*** HOLE CARDS ***
Dealt to Mahu2021 [3d 6h]
Mahu2021: folds 
vov4iK24: raises 20 to 40
Patrick Dash: raises 360 to 400 and is all-in
vov4iK24: calls 360
*** FLOP *** [Qs 3c Ad]
*** TURN *** [Qs 3c Ad] [Jc]
*** RIVER *** [Qs 3c Ad Jc] [3h]
*** SHOW DOWN ***
vov4iK24: shows [Jd Qc] (two pair, Queens and Jacks)
Patrick Dash: shows [5d 5s] (two pair, Fives and Threes)
vov4iK24 collected 800 from pot
Patrick Dash finished the tournament in 3rd place
*** SUMMARY ***
Total pot 800 | Rake 0 
Board [Qs 3c Ad Jc 3h]
Seat 1: Mahu2021 (button) folded before Flop (didn't bet)
Seat 2: vov4iK24 (small blind) showed [Jd Qc] and won (800) with two pair, Queens and Jacks
Seat 3: Patrick Dash (big blind) showed [5d 5s] and lost with two pair, Fives and Threes



PokerStars Hand #243154989653: Tournament #3578955912, $0.92+$0.08 USD Hold'em No Limit - Level I (10/20) - 2023/04/17 21:44:57 CET [2023/04/17 15:44:57 ET]
Table '3578955912 1' 3-max Seat #2 is the button
Seat 1: Mahu2021 (650 in chips) 
Seat 2: vov4iK24 (850 in chips) 
vov4iK24: posts small blind 10
Mahu2021: posts big blind 20
*** HOLE CARDS ***
Dealt to Mahu2021 [4h 5d]
vov4iK24: folds 
Uncalled bet (10) returned to Mahu2021
Mahu2021 collected 20 from pot
Mahu2021: doesn't show hand 
*** SUMMARY ***
Total pot 20 | Rake 0 
Seat 1: Mahu2021 (big blind) collected (20)
Seat 2: vov4iK24 (button) (small blind) folded before Flop



PokerStars Hand #243154991182: Tournament #3578955912, $0.92+$0.08 USD Hold'em No Limit - Level I (10/20) - 2023/04/17 21:45:01 CET [2023/04/17 15:45:01 ET]
Table '3578955912 1' 3-max Seat #1 is the button
Seat 1: Mahu2021 (660 in chips) 
Seat 2: vov4iK24 (840 in chips) 
Mahu2021: posts small blind 10
vov4iK24: posts big blind 20
*** HOLE CARDS ***
Dealt to Mahu2021 [9s Ts]
Mahu2021: raises 20 to 40
vov4iK24: calls 20
*** FLOP *** [5c 2d 7h]
vov4iK24: checks 
Mahu2021: bets 40
vov4iK24: folds 
Uncalled bet (40) returned to Mahu2021
Mahu2021 collected 80 from pot
Mahu2021: doesn't show hand 
*** SUMMARY ***
Total pot 80 | Rake 0 
Board [5c 2d 7h]
Seat 1: Mahu2021 (button) (small blind) collected (80)
Seat 2: vov4iK24 (big blind) folded on the Flop



PokerStars Hand #243154997210: Tournament #3578955912, $0.92+$0.08 USD Hold'em No Limit - Level I (10/20) - 2023/04/17 21:45:15 CET [2023/04/17 15:45:15 ET]
Table '3578955912 1' 3-max Seat #2 is the button
Seat 1: Mahu2021 (700 in chips) 
Seat 2: vov4iK24 (800 in chips) 
vov4iK24: posts small blind 10
Mahu2021: posts big blind 20
*** HOLE CARDS ***
Dealt to Mahu2021 [Tc Th]
vov4iK24: folds 
Uncalled bet (10) returned to Mahu2021
Mahu2021 collected 20 from pot
Mahu2021: doesn't show hand 
*** SUMMARY ***
Total pot 20 | Rake 0 
Seat 1: Mahu2021 (big blind) collected (20)
Seat 2: vov4iK24 (button) (small blind) folded before Flop



PokerStars Hand #243154999126: Tournament #3578955912, $0.92+$0.08 USD Hold'em No Limit - Level I (10/20) - 2023/04/17 21:45:20 CET [2023/04/17 15:45:20 ET]
Table '3578955912 1' 3-max Seat #1 is the button
Seat 1: Mahu2021 (710 in chips) 
Seat 2: vov4iK24 (790 in chips) 
Mahu2021: posts small blind 10
vov4iK24: posts big blind 20
*** HOLE CARDS ***
Dealt to Mahu2021 [Jc 6c]
Mahu2021: raises 20 to 40
vov4iK24: calls 20
*** FLOP *** [Ac Ah 9s]
vov4iK24: checks 
Mahu2021: bets 40
vov4iK24: calls 40
*** TURN *** [Ac Ah 9s] [4d]
vov4iK24: checks 
Mahu2021: checks 
*** RIVER *** [Ac Ah 9s 4d] [2d]
vov4iK24: bets 40
Mahu2021: folds 
Uncalled bet (40) returned to vov4iK24
vov4iK24 collected 160 from pot
vov4iK24: doesn't show hand 
*** SUMMARY ***
Total pot 160 | Rake 0 
Board [Ac Ah 9s 4d 2d]
Seat 1: Mahu2021 (button) (small blind) folded on the River
Seat 2: vov4iK24 (big blind) collected (160)



PokerStars Hand #243155008138: Tournament #3578955912, $0.92+$0.08 USD Hold'em No Limit - Level II (15/30) - 2023/04/17 21:45:42 CET [2023/04/17 15:45:42 ET]
Table '3578955912 1' 3-max Seat #2 is the button
Seat 1: Mahu2021 (630 in chips) 
Seat 2: vov4iK24 (870 in chips) 
vov4iK24: posts small blind 15
Mahu2021: posts big blind 30
*** HOLE CARDS ***
Dealt to Mahu2021 [Ah 2d]
vov4iK24: raises 30 to 60
Mahu2021: calls 30
*** FLOP *** [8d 2c 3d]
Mahu2021: checks 
vov4iK24: checks 
*** TURN *** [8d 2c 3d] [2s]
Mahu2021: checks 
vov4iK24: bets 48
Mahu2021: calls 48
*** RIVER *** [8d 2c 3d 2s] [Qc]
Mahu2021: bets 60
vov4iK24: calls 60
*** SHOW DOWN ***
Mahu2021: shows [Ah 2d] (three of a kind, Deuces)
vov4iK24: mucks hand 
Mahu2021 collected 336 from pot
*** SUMMARY ***
Total pot 336 | Rake 0 
Board [8d 2c 3d 2s Qc]
Seat 1: Mahu2021 (big blind) showed [Ah 2d] and won (336) with three of a kind, Deuces
Seat 2: vov4iK24 (button) (small blind) mucked [As Jd]



PokerStars Hand #243155015298: Tournament #3578955912, $0.92+$0.08 USD Hold'em No Limit - Level II (15/30) - 2023/04/17 21:45:59 CET [2023/04/17 15:45:59 ET]
Table '3578955912 1' 3-max Seat #1 is the button
Seat 1: Mahu2021 (798 in chips) 
Seat 2: vov4iK24 (702 in chips) 
Mahu2021: posts small blind 15
vov4iK24: posts big blind 30
*** HOLE CARDS ***
Dealt to Mahu2021 [6h 4s]
Mahu2021: calls 15
vov4iK24: checks 
*** FLOP *** [Kh 5h 3s]
vov4iK24: bets 30
Mahu2021: calls 30
*** TURN *** [Kh 5h 3s] [6s]
vov4iK24: checks 
Mahu2021: checks 
*** RIVER *** [Kh 5h 3s 6s] [2d]
vov4iK24: checks 
Mahu2021: bets 120
vov4iK24: folds 
Uncalled bet (120) returned to Mahu2021
Mahu2021 collected 120 from pot
Mahu2021: doesn't show hand 
*** SUMMARY ***
Total pot 120 | Rake 0 
Board [Kh 5h 3s 6s 2d]
Seat 1: Mahu2021 (button) (small blind) collected (120)
Seat 2: vov4iK24 (big blind) folded on the River



PokerStars Hand #243155022140: Tournament #3578955912, $0.92+$0.08 USD Hold'em No Limit - Level II (15/30) - 2023/04/17 21:46:16 CET [2023/04/17 15:46:16 ET]
Table '3578955912 1' 3-max Seat #2 is the button
Seat 1: Mahu2021 (858 in chips) 
Seat 2: vov4iK24 (642 in chips) 
vov4iK24: posts small blind 15
Mahu2021: posts big blind 30
*** HOLE CARDS ***
Dealt to Mahu2021 [9d 5d]
vov4iK24: calls 15
Mahu2021: checks 
*** FLOP *** [Tc Jh 3d]
Mahu2021: checks 
vov4iK24: checks 
*** TURN *** [Tc Jh 3d] [As]
Mahu2021: checks 
vov4iK24: checks 
*** RIVER *** [Tc Jh 3d As] [6h]
Mahu2021: bets 30
vov4iK24: folds 
Uncalled bet (30) returned to Mahu2021
Mahu2021 collected 60 from pot
Mahu2021: doesn't show hand 
*** SUMMARY ***
Total pot 60 | Rake 0 
Board [Tc Jh 3d As 6h]
Seat 1: Mahu2021 (big blind) collected (60)
Seat 2: vov4iK24 (button) (small blind) folded on the River



PokerStars Hand #243155031450: Tournament #3578955912, $0.92+$0.08 USD Hold'em No Limit - Level II (15/30) - 2023/04/17 21:46:38 CET [2023/04/17 15:46:38 ET]
Table '3578955912 1' 3-max Seat #1 is the button
Seat 1: Mahu2021 (888 in chips) 
Seat 2: vov4iK24 (612 in chips) 
Mahu2021: posts small blind 15
vov4iK24: posts big blind 30
*** HOLE CARDS ***
Dealt to Mahu2021 [Qc 9d]
Mahu2021: raises 30 to 60
vov4iK24: calls 30
*** FLOP *** [6c 2c 4s]
vov4iK24: bets 60
Mahu2021: folds 
Uncalled bet (60) returned to vov4iK24
vov4iK24 collected 120 from pot
vov4iK24: doesn't show hand 
*** SUMMARY ***
Total pot 120 | Rake 0 
Board [6c 2c 4s]
Seat 1: Mahu2021 (button) (small blind) folded on the Flop
Seat 2: vov4iK24 (big blind) collected (120)



PokerStars Hand #243155036047: Tournament #3578955912, $0.92+$0.08 USD Hold'em No Limit - Level II (15/30) - 2023/04/17 21:46:49 CET [2023/04/17 15:46:49 ET]
Table '3578955912 1' 3-max Seat #2 is the button
Seat 1: Mahu2021 (828 in chips) 
Seat 2: vov4iK24 (672 in chips) 
vov4iK24: posts small blind 15
Mahu2021: posts big blind 30
*** HOLE CARDS ***
Dealt to Mahu2021 [2s 8s]
vov4iK24: raises 30 to 60
Mahu2021: folds 
Uncalled bet (30) returned to vov4iK24
vov4iK24 collected 60 from pot
vov4iK24: doesn't show hand 
*** SUMMARY ***
Total pot 60 | Rake 0 
Seat 1: Mahu2021 (big blind) folded before Flop
Seat 2: vov4iK24 (button) (small blind) collected (60)



PokerStars Hand #243155038183: Tournament #3578955912, $0.92+$0.08 USD Hold'em No Limit - Level II (15/30) - 2023/04/17 21:46:54 CET [2023/04/17 15:46:54 ET]
Table '3578955912 1' 3-max Seat #1 is the button
Seat 1: Mahu2021 (798 in chips) 
Seat 2: vov4iK24 (702 in chips) 
Mahu2021: posts small blind 15
vov4iK24: posts big blind 30
*** HOLE CARDS ***
Dealt to Mahu2021 [5s 9h]
Mahu2021: folds 
Uncalled bet (15) returned to vov4iK24
vov4iK24 collected 30 from pot
vov4iK24: doesn't show hand 
*** SUMMARY ***
Total pot 30 | Rake 0 
Seat 1: Mahu2021 (button) (small blind) folded before Flop
Seat 2: vov4iK24 (big blind) collected (30)



PokerStars Hand #243155040074: Tournament #3578955912, $0.92+$0.08 USD Hold'em No Limit - Level II (15/30) - 2023/04/17 21:46:59 CET [2023/04/17 15:46:59 ET]
Table '3578955912 1' 3-max Seat #2 is the button
Seat 1: Mahu2021 (783 in chips) 
Seat 2: vov4iK24 (717 in chips) 
vov4iK24: posts small blind 15
Mahu2021: posts big blind 30
*** HOLE CARDS ***
Dealt to Mahu2021 [4c Kh]
vov4iK24: folds 
Uncalled bet (15) returned to Mahu2021
Mahu2021 collected 30 from pot
Mahu2021: doesn't show hand 
*** SUMMARY ***
Total pot 30 | Rake 0 
Seat 1: Mahu2021 (big blind) collected (30)
Seat 2: vov4iK24 (button) (small blind) folded before Flop



PokerStars Hand #243155041628: Tournament #3578955912, $0.92+$0.08 USD Hold'em No Limit - Level II (15/30) - 2023/04/17 21:47:03 CET [2023/04/17 15:47:03 ET]
Table '3578955912 1' 3-max Seat #1 is the button
Seat 1: Mahu2021 (798 in chips) 
Seat 2: vov4iK24 (702 in chips) 
Mahu2021: posts small blind 15
vov4iK24: posts big blind 30
*** HOLE CARDS ***
Dealt to Mahu2021 [Ad Qd]
Mahu2021: raises 30 to 60
vov4iK24: calls 30
*** FLOP *** [Kc 3h Kd]
vov4iK24: checks 
Mahu2021: bets 60
vov4iK24: folds 
Uncalled bet (60) returned to Mahu2021
Mahu2021 collected 120 from pot
Mahu2021: doesn't show hand 
*** SUMMARY ***
Total pot 120 | Rake 0 
Board [Kc 3h Kd]
Seat 1: Mahu2021 (button) (small blind) collected (120)
Seat 2: vov4iK24 (big blind) folded on the Flop



PokerStars Hand #243155046123: Tournament #3578955912, $0.92+$0.08 USD Hold'em No Limit - Level II (15/30) - 2023/04/17 21:47:13 CET [2023/04/17 15:47:13 ET]
Table '3578955912 1' 3-max Seat #2 is the button
Seat 1: Mahu2021 (858 in chips) 
Seat 2: vov4iK24 (642 in chips) 
vov4iK24: posts small blind 15
Mahu2021: posts big blind 30
*** HOLE CARDS ***
Dealt to Mahu2021 [4d 4c]
vov4iK24: raises 45 to 75
Mahu2021: raises 783 to 858 and is all-in
vov4iK24: calls 567 and is all-in
Uncalled bet (216) returned to Mahu2021
*** FLOP *** [2s 6d 3c]
*** TURN *** [2s 6d 3c] [9h]
*** RIVER *** [2s 6d 3c 9h] [Ks]
*** SHOW DOWN ***
Mahu2021: shows [4d 4c] (a pair of Fours)
vov4iK24: shows [Kc Ad] (a pair of Kings)
vov4iK24 collected 1284 from pot
*** SUMMARY ***
Total pot 1284 | Rake 0 
Board [2s 6d 3c 9h Ks]
Seat 1: Mahu2021 (big blind) showed [4d 4c] and lost with a pair of Fours
Seat 2: vov4iK24 (button) (small blind) showed [Kc Ad] and won (1284) with a pair of Kings



PokerStars Hand #243155052819: Tournament #3578955912, $0.92+$0.08 USD Hold'em No Limit - Level II (15/30) - 2023/04/17 21:47:30 CET [2023/04/17 15:47:30 ET]
Table '3578955912 1' 3-max Seat #1 is the button
Seat 1: Mahu2021 (216 in chips) 
Seat 2: vov4iK24 (1284 in chips) 
Mahu2021: posts small blind 15
vov4iK24: posts big blind 30
*** HOLE CARDS ***
Dealt to Mahu2021 [Qs Ac]
Mahu2021: raises 186 to 216 and is all-in
vov4iK24: calls 186
*** FLOP *** [Jd 8c 7d]
*** TURN *** [Jd 8c 7d] [As]
*** RIVER *** [Jd 8c 7d As] [7c]
*** SHOW DOWN ***
vov4iK24: shows [Kd 9c] (a pair of Sevens)
Mahu2021: shows [Qs Ac] (two pair, Aces and Sevens)
Mahu2021 collected 432 from pot
*** SUMMARY ***
Total pot 432 | Rake 0 
Board [Jd 8c 7d As 7c]
Seat 1: Mahu2021 (button) (small blind) showed [Qs Ac] and won (432) with two pair, Aces and Sevens
Seat 2: vov4iK24 (big blind) showed [Kd 9c] and lost with a pair of Sevens



PokerStars Hand #243155058355: Tournament #3578955912, $0.92+$0.08 USD Hold'em No Limit - Level II (15/30) - 2023/04/17 21:47:43 CET [2023/04/17 15:47:43 ET]
Table '3578955912 1' 3-max Seat #2 is the button
Seat 1: Mahu2021 (432 in chips) 
Seat 2: vov4iK24 (1068 in chips) 
vov4iK24: posts small blind 15
Mahu2021: posts big blind 30
*** HOLE CARDS ***
Dealt to Mahu2021 [7s 9h]
vov4iK24: folds 
Uncalled bet (15) returned to Mahu2021
Mahu2021 collected 30 from pot
Mahu2021: doesn't show hand 
*** SUMMARY ***
Total pot 30 | Rake 0 
Seat 1: Mahu2021 (big blind) collected (30)
Seat 2: vov4iK24 (button) (small blind) folded before Flop



PokerStars Hand #243155059914: Tournament #3578955912, $0.92+$0.08 USD Hold'em No Limit - Level II (15/30) - 2023/04/17 21:47:46 CET [2023/04/17 15:47:46 ET]
Table '3578955912 1' 3-max Seat #1 is the button
Seat 1: Mahu2021 (447 in chips) 
Seat 2: vov4iK24 (1053 in chips) 
Mahu2021: posts small blind 15
vov4iK24: posts big blind 30
*** HOLE CARDS ***
Dealt to Mahu2021 [6h Qh]
Mahu2021: calls 15
vov4iK24: checks 
*** FLOP *** [5h Jd 2c]
vov4iK24: checks 
Mahu2021: bets 30
vov4iK24: calls 30
*** TURN *** [5h Jd 2c] [9c]
vov4iK24: checks 
Mahu2021: checks 
*** RIVER *** [5h Jd 2c 9c] [4h]
vov4iK24: bets 30
Mahu2021: folds 
Uncalled bet (30) returned to vov4iK24
vov4iK24 collected 120 from pot
vov4iK24: doesn't show hand 
*** SUMMARY ***
Total pot 120 | Rake 0 
Board [5h Jd 2c 9c 4h]
Seat 1: Mahu2021 (button) (small blind) folded on the River
Seat 2: vov4iK24 (big blind) collected (120)



PokerStars Hand #243155066557: Tournament #3578955912, $0.92+$0.08 USD Hold'em No Limit - Level II (15/30) - 2023/04/17 21:48:03 CET [2023/04/17 15:48:03 ET]
Table '3578955912 1' 3-max Seat #2 is the button
Seat 1: Mahu2021 (387 in chips) 
Seat 2: vov4iK24 (1113 in chips) 
vov4iK24: posts small blind 15
Mahu2021: posts big blind 30
*** HOLE CARDS ***
Dealt to Mahu2021 [9c 3c]
vov4iK24: calls 15
Mahu2021: checks 
*** FLOP *** [Qd Kh 2c]
Mahu2021: checks 
vov4iK24: checks 
*** TURN *** [Qd Kh 2c] [As]
Mahu2021: checks 
vov4iK24: bets 30
Mahu2021: folds 
Uncalled bet (30) returned to vov4iK24
vov4iK24 collected 60 from pot
vov4iK24: doesn't show hand 
*** SUMMARY ***
Total pot 60 | Rake 0 
Board [Qd Kh 2c As]
Seat 1: Mahu2021 (big blind) folded on the Turn
Seat 2: vov4iK24 (button) (small blind) collected (60)



PokerStars Hand #243155072927: Tournament #3578955912, $0.92+$0.08 USD Hold'em No Limit - Level II (15/30) - 2023/04/17 21:48:18 CET [2023/04/17 15:48:18 ET]
Table '3578955912 1' 3-max Seat #1 is the button
Seat 1: Mahu2021 (357 in chips) 
Seat 2: vov4iK24 (1143 in chips) 
Mahu2021: posts small blind 15
vov4iK24: posts big blind 30
*** HOLE CARDS ***
Dealt to Mahu2021 [9h 2c]
Mahu2021: folds 
Uncalled bet (15) returned to vov4iK24
vov4iK24 collected 30 from pot
vov4iK24: doesn't show hand 
*** SUMMARY ***
Total pot 30 | Rake 0 
Seat 1: Mahu2021 (button) (small blind) folded before Flop
Seat 2: vov4iK24 (big blind) collected (30)



PokerStars Hand #243155074900: Tournament #3578955912, $0.92+$0.08 USD Hold'em No Limit - Level II (15/30) - 2023/04/17 21:48:23 CET [2023/04/17 15:48:23 ET]
Table '3578955912 1' 3-max Seat #2 is the button
Seat 1: Mahu2021 (342 in chips) 
Seat 2: vov4iK24 (1158 in chips) 
vov4iK24: posts small blind 15
Mahu2021: posts big blind 30
*** HOLE CARDS ***
Dealt to Mahu2021 [2s 4s]
vov4iK24: folds 
Uncalled bet (15) returned to Mahu2021
Mahu2021 collected 30 from pot
Mahu2021: doesn't show hand 
*** SUMMARY ***
Total pot 30 | Rake 0 
Seat 1: Mahu2021 (big blind) collected (30)
Seat 2: vov4iK24 (button) (small blind) folded before Flop



PokerStars Hand #243155078341: Tournament #3578955912, $0.92+$0.08 USD Hold'em No Limit - Level III (20/40) - 2023/04/17 21:48:31 CET [2023/04/17 15:48:31 ET]
Table '3578955912 1' 3-max Seat #1 is the button
Seat 1: Mahu2021 (357 in chips) 
Seat 2: vov4iK24 (1143 in chips) 
Mahu2021: posts small blind 20
vov4iK24: posts big blind 40
*** HOLE CARDS ***
Dealt to Mahu2021 [Tc Qh]
Mahu2021: raises 317 to 357 and is all-in
vov4iK24: folds 
Uncalled bet (317) returned to Mahu2021
Mahu2021 collected 80 from pot
Mahu2021: doesn't show hand 
*** SUMMARY ***
Total pot 80 | Rake 0 
Seat 1: Mahu2021 (button) (small blind) collected (80)
Seat 2: vov4iK24 (big blind) folded before Flop



PokerStars Hand #243155080897: Tournament #3578955912, $0.92+$0.08 USD Hold'em No Limit - Level III (20/40) - 2023/04/17 21:48:37 CET [2023/04/17 15:48:37 ET]
Table '3578955912 1' 3-max Seat #2 is the button
Seat 1: Mahu2021 (397 in chips) 
Seat 2: vov4iK24 (1103 in chips) 
vov4iK24: posts small blind 20
Mahu2021: posts big blind 40
*** HOLE CARDS ***
Dealt to Mahu2021 [Kd 6c]
vov4iK24: calls 20
Mahu2021: raises 357 to 397 and is all-in
vov4iK24: folds 
Uncalled bet (357) returned to Mahu2021
Mahu2021 collected 80 from pot
Mahu2021: doesn't show hand 
*** SUMMARY ***
Total pot 80 | Rake 0 
Seat 1: Mahu2021 (big blind) collected (80)
Seat 2: vov4iK24 (button) (small blind) folded before Flop



PokerStars Hand #243155083700: Tournament #3578955912, $0.92+$0.08 USD Hold'em No Limit - Level III (20/40) - 2023/04/17 21:48:44 CET [2023/04/17 15:48:44 ET]
Table '3578955912 1' 3-max Seat #1 is the button
Seat 1: Mahu2021 (437 in chips) 
Seat 2: vov4iK24 (1063 in chips) 
Mahu2021: posts small blind 20
vov4iK24: posts big blind 40
*** HOLE CARDS ***
Dealt to Mahu2021 [3h 7h]
Mahu2021: calls 20
vov4iK24: checks 
*** FLOP *** [Qh 6d Qs]
vov4iK24: checks 
Mahu2021: bets 40
vov4iK24: folds 
Uncalled bet (40) returned to Mahu2021
Mahu2021 collected 80 from pot
Mahu2021: doesn't show hand 
*** SUMMARY ***
Total pot 80 | Rake 0 
Board [Qh 6d Qs]
Seat 1: Mahu2021 (button) (small blind) collected (80)
Seat 2: vov4iK24 (big blind) folded on the Flop



PokerStars Hand #243155088028: Tournament #3578955912, $0.92+$0.08 USD Hold'em No Limit - Level III (20/40) - 2023/04/17 21:48:54 CET [2023/04/17 15:48:54 ET]
Table '3578955912 1' 3-max Seat #2 is the button
Seat 1: Mahu2021 (477 in chips) 
Seat 2: vov4iK24 (1023 in chips) 
vov4iK24: posts small blind 20
Mahu2021: posts big blind 40
*** HOLE CARDS ***
Dealt to Mahu2021 [5d 4d]
vov4iK24: folds 
Uncalled bet (20) returned to Mahu2021
Mahu2021 collected 40 from pot
Mahu2021: doesn't show hand 
*** SUMMARY ***
Total pot 40 | Rake 0 
Seat 1: Mahu2021 (big blind) collected (40)
Seat 2: vov4iK24 (button) (small blind) folded before Flop



PokerStars Hand #243155089315: Tournament #3578955912, $0.92+$0.08 USD Hold'em No Limit - Level III (20/40) - 2023/04/17 21:48:57 CET [2023/04/17 15:48:57 ET]
Table '3578955912 1' 3-max Seat #1 is the button
Seat 1: Mahu2021 (497 in chips) 
Seat 2: vov4iK24 (1003 in chips) 
Mahu2021: posts small blind 20
vov4iK24: posts big blind 40
*** HOLE CARDS ***
Dealt to Mahu2021 [5s 3c]
Mahu2021: folds 
Uncalled bet (20) returned to vov4iK24
vov4iK24 collected 40 from pot
vov4iK24: doesn't show hand 
*** SUMMARY ***
Total pot 40 | Rake 0 
Seat 1: Mahu2021 (button) (small blind) folded before Flop
Seat 2: vov4iK24 (big blind) collected (40)



PokerStars Hand #243155091300: Tournament #3578955912, $0.92+$0.08 USD Hold'em No Limit - Level III (20/40) - 2023/04/17 21:49:02 CET [2023/04/17 15:49:02 ET]
Table '3578955912 1' 3-max Seat #2 is the button
Seat 1: Mahu2021 (477 in chips) 
Seat 2: vov4iK24 (1023 in chips) 
vov4iK24: posts small blind 20
Mahu2021: posts big blind 40
*** HOLE CARDS ***
Dealt to Mahu2021 [As 7d]
vov4iK24: folds 
Uncalled bet (20) returned to Mahu2021
Mahu2021 collected 40 from pot
Mahu2021: doesn't show hand 
*** SUMMARY ***
Total pot 40 | Rake 0 
Seat 1: Mahu2021 (big blind) collected (40)
Seat 2: vov4iK24 (button) (small blind) folded before Flop



PokerStars Hand #243155092748: Tournament #3578955912, $0.92+$0.08 USD Hold'em No Limit - Level III (20/40) - 2023/04/17 21:49:05 CET [2023/04/17 15:49:05 ET]
Table '3578955912 1' 3-max Seat #1 is the button
Seat 1: Mahu2021 (497 in chips) 
Seat 2: vov4iK24 (1003 in chips) 
Mahu2021: posts small blind 20
vov4iK24: posts big blind 40
*** HOLE CARDS ***
Dealt to Mahu2021 [4h Kd]
Mahu2021: raises 457 to 497 and is all-in
vov4iK24: folds 
Uncalled bet (457) returned to Mahu2021
Mahu2021 collected 80 from pot
Mahu2021: doesn't show hand 
*** SUMMARY ***
Total pot 80 | Rake 0 
Seat 1: Mahu2021 (button) (small blind) collected (80)
Seat 2: vov4iK24 (big blind) folded before Flop



PokerStars Hand #243155095399: Tournament #3578955912, $0.92+$0.08 USD Hold'em No Limit - Level III (20/40) - 2023/04/17 21:49:12 CET [2023/04/17 15:49:12 ET]
Table '3578955912 1' 3-max Seat #2 is the button
Seat 1: Mahu2021 (537 in chips) 
Seat 2: vov4iK24 (963 in chips) 
vov4iK24: posts small blind 20
Mahu2021: posts big blind 40
*** HOLE CARDS ***
Dealt to Mahu2021 [3d 9c]
vov4iK24: raises 40 to 80
Mahu2021: folds 
Uncalled bet (40) returned to vov4iK24
vov4iK24 collected 80 from pot
vov4iK24: doesn't show hand 
*** SUMMARY ***
Total pot 80 | Rake 0 
Seat 1: Mahu2021 (big blind) folded before Flop
Seat 2: vov4iK24 (button) (small blind) collected (80)



PokerStars Hand #243155098425: Tournament #3578955912, $0.92+$0.08 USD Hold'em No Limit - Level III (20/40) - 2023/04/17 21:49:19 CET [2023/04/17 15:49:19 ET]
Table '3578955912 1' 3-max Seat #1 is the button
Seat 1: Mahu2021 (497 in chips) 
Seat 2: vov4iK24 (1003 in chips) 
Mahu2021: posts small blind 20
vov4iK24: posts big blind 40
*** HOLE CARDS ***
Dealt to Mahu2021 [9s 5s]
Mahu2021: calls 20
vov4iK24: checks 
*** FLOP *** [7d 2c 5c]
vov4iK24: checks 
Mahu2021: bets 457 and is all-in
vov4iK24: calls 457
*** TURN *** [7d 2c 5c] [6c]
*** RIVER *** [7d 2c 5c 6c] [Jc]
*** SHOW DOWN ***
vov4iK24: shows [8d 6d] (a pair of Sixes)
Mahu2021: shows [9s 5s] (a pair of Fives)
vov4iK24 collected 994 from pot
Mahu2021 finished the tournament in 2nd place
vov4iK24 wins the tournament and receives $3.00 - congratulations!
*** SUMMARY ***
Total pot 994 | Rake 0 
Board [7d 2c 5c 6c Jc]
Seat 1: Mahu2021 (button) (small blind) showed [9s 5s] and lost with a pair of Fives
Seat 2: vov4iK24 (big blind) showed [8d 6d] and won (994) with a pair of Sixes



