PokerStars Hand #251252220865: Tournament #3772398295, $1.84+$0.16 USD Hold'em No Limit - Level I (10/20) - 2024/06/29 20:59:16 CET [2024/06/29 14:59:16 ET]
Table '3772398295 1' 3-max Seat #1 is the button
Seat 1: gingi2 (500 in chips) 
Seat 2: bacardi544 (500 in chips) 
Seat 3: Mahu2021 (500 in chips) 
bacardi544: posts small blind 10
Mahu2021: posts big blind 20
*** HOLE CARDS ***
Dealt to Mahu2021 [As Ac]
gingi2: folds 
bacardi544: raises 40 to 60
Mahu2021: raises 440 to 500 and is all-in
bacardi544: calls 440 and is all-in
*** FLOP *** [Kc 2h 2d]
*** TURN *** [Kc 2h 2d] [6d]
*** RIVER *** [Kc 2h 2d 6d] [4s]
*** SHOW DOWN ***
bacardi544: shows [Ah Ad] (two pair, Aces and Deuces)
Mahu2021: shows [As Ac] (two pair, Aces and Deuces)
bacardi544 collected 500 from pot
Mahu2021 collected 500 from pot
*** SUMMARY ***
Total pot 1000 | Rake 0 
Board [Kc 2h 2d 6d 4s]
Seat 1: gingi2 (button) folded before Flop (didn't bet)
Seat 2: bacardi544 (small blind) showed [Ah Ad] and won (500) with two pair, Aces and Deuces
Seat 3: Mahu2021 (big blind) showed [As Ac] and won (500) with two pair, Aces and Deuces



PokerStars Hand #251252224734: Tournament #3772398295, $1.84+$0.16 USD Hold'em No Limit - Level I (10/20) - 2024/06/29 20:59:38 CET [2024/06/29 14:59:38 ET]
Table '3772398295 1' 3-max Seat #2 is the button
Seat 1: gingi2 (500 in chips) 
Seat 2: bacardi544 (500 in chips) 
Seat 3: Mahu2021 (500 in chips) 
Mahu2021: posts small blind 10
gingi2: posts big blind 20
*** HOLE CARDS ***
Dealt to Mahu2021 [8d Kd]
bacardi544: raises 20 to 40
Mahu2021: calls 30
gingi2: calls 20
*** FLOP *** [8c 9d 2c]
Mahu2021: checks 
gingi2: bets 140
bacardi544: folds 
Mahu2021: folds 
Uncalled bet (140) returned to gingi2
gingi2 collected 120 from pot
*** SUMMARY ***
Total pot 120 | Rake 0 
Board [8c 9d 2c]
Seat 1: gingi2 (big blind) collected (120)
Seat 2: bacardi544 (button) folded on the Flop
Seat 3: Mahu2021 (small blind) folded on the Flop



PokerStars Hand #251252228259: Tournament #3772398295, $1.84+$0.16 USD Hold'em No Limit - Level I (10/20) - 2024/06/29 20:59:58 CET [2024/06/29 14:59:58 ET]
Table '3772398295 1' 3-max Seat #3 is the button
Seat 1: gingi2 (580 in chips) 
Seat 2: bacardi544 (460 in chips) 
Seat 3: Mahu2021 (460 in chips) 
gingi2: posts small blind 10
bacardi544: posts big blind 20
*** HOLE CARDS ***
Dealt to Mahu2021 [2s Ac]
Mahu2021: calls 20
gingi2: folds 
bacardi544: checks 
*** FLOP *** [Ks Qc 8h]
bacardi544: checks 
Mahu2021: bets 20
bacardi544: folds 
Uncalled bet (20) returned to Mahu2021
Mahu2021 collected 50 from pot
Mahu2021: doesn't show hand 
*** SUMMARY ***
Total pot 50 | Rake 0 
Board [Ks Qc 8h]
Seat 1: gingi2 (small blind) folded before Flop
Seat 2: bacardi544 (big blind) folded on the Flop
Seat 3: Mahu2021 (button) collected (50)



PokerStars Hand #251252231990: Tournament #3772398295, $1.84+$0.16 USD Hold'em No Limit - Level I (10/20) - 2024/06/29 21:00:19 CET [2024/06/29 15:00:19 ET]
Table '3772398295 1' 3-max Seat #1 is the button
Seat 1: gingi2 (570 in chips) 
Seat 2: bacardi544 (440 in chips) 
Seat 3: Mahu2021 (490 in chips) 
bacardi544: posts small blind 10
Mahu2021: posts big blind 20
*** HOLE CARDS ***
Dealt to Mahu2021 [7h 2c]
gingi2: raises 20 to 40
bacardi544: folds 
Mahu2021: folds 
Uncalled bet (20) returned to gingi2
gingi2 collected 50 from pot
*** SUMMARY ***
Total pot 50 | Rake 0 
Seat 1: gingi2 (button) collected (50)
Seat 2: bacardi544 (small blind) folded before Flop
Seat 3: Mahu2021 (big blind) folded before Flop



PokerStars Hand #251252233560: Tournament #3772398295, $1.84+$0.16 USD Hold'em No Limit - Level I (10/20) - 2024/06/29 21:00:28 CET [2024/06/29 15:00:28 ET]
Table '3772398295 1' 3-max Seat #2 is the button
Seat 1: gingi2 (600 in chips) 
Seat 2: bacardi544 (430 in chips) 
Seat 3: Mahu2021 (470 in chips) 
Mahu2021: posts small blind 10
gingi2: posts big blind 20
*** HOLE CARDS ***
Dealt to Mahu2021 [6c 3d]
bacardi544: raises 20 to 40
Mahu2021: folds 
gingi2: calls 20
*** FLOP *** [3h Ts 2h]
gingi2: checks 
bacardi544: checks 
*** TURN *** [3h Ts 2h] [7d]
gingi2: bets 60
bacardi544: calls 60
*** RIVER *** [3h Ts 2h 7d] [3c]
gingi2: checks 
bacardi544: bets 80
gingi2: folds 
Uncalled bet (80) returned to bacardi544
bacardi544 collected 210 from pot
bacardi544: doesn't show hand 
*** SUMMARY ***
Total pot 210 | Rake 0 
Board [3h Ts 2h 7d 3c]
Seat 1: gingi2 (big blind) folded on the River
Seat 2: bacardi544 (button) collected (210)
Seat 3: Mahu2021 (small blind) folded before Flop



PokerStars Hand #251252239789: Tournament #3772398295, $1.84+$0.16 USD Hold'em No Limit - Level I (10/20) - 2024/06/29 21:01:00 CET [2024/06/29 15:01:00 ET]
Table '3772398295 1' 3-max Seat #3 is the button
Seat 1: gingi2 (500 in chips) 
Seat 2: bacardi544 (540 in chips) 
Seat 3: Mahu2021 (460 in chips) 
gingi2: posts small blind 10
bacardi544: posts big blind 20
*** HOLE CARDS ***
Dealt to Mahu2021 [Ad Tc]
Mahu2021: raises 20 to 40
gingi2: calls 30
bacardi544: calls 20
*** FLOP *** [2s 5s 6s]
gingi2: checks 
bacardi544: checks 
Mahu2021: checks 
*** TURN *** [2s 5s 6s] [6d]
gingi2: bets 120
bacardi544: folds 
Mahu2021: folds 
Uncalled bet (120) returned to gingi2
gingi2 collected 120 from pot
*** SUMMARY ***
Total pot 120 | Rake 0 
Board [2s 5s 6s 6d]
Seat 1: gingi2 (small blind) collected (120)
Seat 2: bacardi544 (big blind) folded on the Turn
Seat 3: Mahu2021 (button) folded on the Turn



PokerStars Hand #251252246904: Tournament #3772398295, $1.84+$0.16 USD Hold'em No Limit - Level I (10/20) - 2024/06/29 21:01:34 CET [2024/06/29 15:01:34 ET]
Table '3772398295 1' 3-max Seat #1 is the button
Seat 1: gingi2 (580 in chips) 
Seat 2: bacardi544 (500 in chips) 
Seat 3: Mahu2021 (420 in chips) 
bacardi544: posts small blind 10
Mahu2021: posts big blind 20
*** HOLE CARDS ***
Dealt to Mahu2021 [4c 5c]
gingi2: calls 20
bacardi544: raises 60 to 80
Mahu2021: folds 
gingi2: calls 60
*** FLOP *** [4d 2h 3h]
bacardi544: bets 100
gingi2: folds 
Uncalled bet (100) returned to bacardi544
bacardi544 collected 180 from pot
bacardi544: doesn't show hand 
*** SUMMARY ***
Total pot 180 | Rake 0 
Board [4d 2h 3h]
Seat 1: gingi2 (button) folded on the Flop
Seat 2: bacardi544 (small blind) collected (180)
Seat 3: Mahu2021 (big blind) folded before Flop



PokerStars Hand #251252252074: Tournament #3772398295, $1.84+$0.16 USD Hold'em No Limit - Level I (10/20) - 2024/06/29 21:01:56 CET [2024/06/29 15:01:56 ET]
Table '3772398295 1' 3-max Seat #2 is the button
Seat 1: gingi2 (500 in chips) 
Seat 2: bacardi544 (600 in chips) 
Seat 3: Mahu2021 (400 in chips) 
Mahu2021: posts small blind 10
gingi2: posts big blind 20
*** HOLE CARDS ***
Dealt to Mahu2021 [Qd Td]
bacardi544: raises 20 to 40
Mahu2021: calls 30
gingi2: calls 20
*** FLOP *** [7d 6d Js]
Mahu2021: checks 
gingi2: checks 
bacardi544: checks 
*** TURN *** [7d 6d Js] [Ad]
Mahu2021: checks 
gingi2: checks 
bacardi544: bets 80
Mahu2021: raises 100 to 180
gingi2: folds 
bacardi544: calls 100
*** RIVER *** [7d 6d Js Ad] [7c]
Mahu2021: bets 180 and is all-in
bacardi544: folds 
Uncalled bet (180) returned to Mahu2021
Mahu2021 collected 480 from pot
Mahu2021: doesn't show hand 
*** SUMMARY ***
Total pot 480 | Rake 0 
Board [7d 6d Js Ad 7c]
Seat 1: gingi2 (big blind) folded on the Turn
Seat 2: bacardi544 (button) folded on the River
Seat 3: Mahu2021 (small blind) collected (480)



PokerStars Hand #251252265342: Tournament #3772398295, $1.84+$0.16 USD Hold'em No Limit - Level II (15/30) - 2024/06/29 21:02:53 CET [2024/06/29 15:02:53 ET]
Table '3772398295 1' 3-max Seat #3 is the button
Seat 1: gingi2 (460 in chips) 
Seat 2: bacardi544 (380 in chips) 
Seat 3: Mahu2021 (660 in chips) 
gingi2: posts small blind 15
bacardi544: posts big blind 30
*** HOLE CARDS ***
Dealt to Mahu2021 [5h 9h]
Mahu2021: folds 
gingi2: calls 15
bacardi544: checks 
*** FLOP *** [3h Kd 8d]
gingi2: bets 90
bacardi544: folds 
Uncalled bet (90) returned to gingi2
gingi2 collected 60 from pot
*** SUMMARY ***
Total pot 60 | Rake 0 
Board [3h Kd 8d]
Seat 1: gingi2 (small blind) collected (60)
Seat 2: bacardi544 (big blind) folded on the Flop
Seat 3: Mahu2021 (button) folded before Flop (didn't bet)



PokerStars Hand #251252269091: Tournament #3772398295, $1.84+$0.16 USD Hold'em No Limit - Level II (15/30) - 2024/06/29 21:03:08 CET [2024/06/29 15:03:08 ET]
Table '3772398295 1' 3-max Seat #1 is the button
Seat 1: gingi2 (490 in chips) 
Seat 2: bacardi544 (350 in chips) 
Seat 3: Mahu2021 (660 in chips) 
bacardi544: posts small blind 15
Mahu2021: posts big blind 30
*** HOLE CARDS ***
Dealt to Mahu2021 [Jc 6d]
gingi2: folds 
bacardi544: calls 15
Mahu2021: checks 
*** FLOP *** [Kd 4h 4d]
bacardi544: checks 
Mahu2021: bets 30
bacardi544: folds 
Uncalled bet (30) returned to Mahu2021
Mahu2021 collected 60 from pot
Mahu2021: doesn't show hand 
*** SUMMARY ***
Total pot 60 | Rake 0 
Board [Kd 4h 4d]
Seat 1: gingi2 (button) folded before Flop (didn't bet)
Seat 2: bacardi544 (small blind) folded on the Flop
Seat 3: Mahu2021 (big blind) collected (60)



PokerStars Hand #251252273402: Tournament #3772398295, $1.84+$0.16 USD Hold'em No Limit - Level II (15/30) - 2024/06/29 21:03:26 CET [2024/06/29 15:03:26 ET]
Table '3772398295 1' 3-max Seat #2 is the button
Seat 1: gingi2 (490 in chips) 
Seat 2: bacardi544 (320 in chips) 
Seat 3: Mahu2021 (690 in chips) 
Mahu2021: posts small blind 15
gingi2: posts big blind 30
*** HOLE CARDS ***
Dealt to Mahu2021 [9h Jh]
bacardi544: folds 
Mahu2021: raises 30 to 60
gingi2: calls 30
*** FLOP *** [Kh Ks 5d]
Mahu2021: checks 
gingi2: bets 120
Mahu2021: folds 
Uncalled bet (120) returned to gingi2
gingi2 collected 120 from pot
*** SUMMARY ***
Total pot 120 | Rake 0 
Board [Kh Ks 5d]
Seat 1: gingi2 (big blind) collected (120)
Seat 2: bacardi544 (button) folded before Flop (didn't bet)
Seat 3: Mahu2021 (small blind) folded on the Flop



PokerStars Hand #251252278201: Tournament #3772398295, $1.84+$0.16 USD Hold'em No Limit - Level II (15/30) - 2024/06/29 21:03:46 CET [2024/06/29 15:03:46 ET]
Table '3772398295 1' 3-max Seat #3 is the button
Seat 1: gingi2 (550 in chips) 
Seat 2: bacardi544 (320 in chips) 
Seat 3: Mahu2021 (630 in chips) 
gingi2: posts small blind 15
bacardi544: posts big blind 30
*** HOLE CARDS ***
Dealt to Mahu2021 [Tc Ac]
Mahu2021: raises 30 to 60
gingi2: folds 
bacardi544: folds 
Uncalled bet (30) returned to Mahu2021
Mahu2021 collected 75 from pot
Mahu2021: doesn't show hand 
*** SUMMARY ***
Total pot 75 | Rake 0 
Seat 1: gingi2 (small blind) folded before Flop
Seat 2: bacardi544 (big blind) folded before Flop
Seat 3: Mahu2021 (button) collected (75)



PokerStars Hand #251252280162: Tournament #3772398295, $1.84+$0.16 USD Hold'em No Limit - Level II (15/30) - 2024/06/29 21:03:54 CET [2024/06/29 15:03:54 ET]
Table '3772398295 1' 3-max Seat #1 is the button
Seat 1: gingi2 (535 in chips) 
Seat 2: bacardi544 (290 in chips) 
Seat 3: Mahu2021 (675 in chips) 
bacardi544: posts small blind 15
Mahu2021: posts big blind 30
*** HOLE CARDS ***
Dealt to Mahu2021 [Ah 2h]
gingi2: calls 30
bacardi544: calls 15
Mahu2021: checks 
*** FLOP *** [Qh Ts 9c]
bacardi544: checks 
Mahu2021: checks 
gingi2: bets 120
bacardi544: raises 140 to 260 and is all-in
Mahu2021: folds 
gingi2: calls 140
*** TURN *** [Qh Ts 9c] [5h]
*** RIVER *** [Qh Ts 9c 5h] [Tc]
*** SHOW DOWN ***
bacardi544: shows [5d Qd] (two pair, Queens and Tens)
gingi2: shows [Js Qs] (two pair, Queens and Tens - Jack kicker)
gingi2 collected 610 from pot
bacardi544 finished the tournament in 3rd place
*** SUMMARY ***
Total pot 610 | Rake 0 
Board [Qh Ts 9c 5h Tc]
Seat 1: gingi2 (button) showed [Js Qs] and won (610) with two pair, Queens and Tens
Seat 2: bacardi544 (small blind) showed [5d Qd] and lost with two pair, Queens and Tens
Seat 3: Mahu2021 (big blind) folded on the Flop



PokerStars Hand #251252287828: Tournament #3772398295, $1.84+$0.16 USD Hold'em No Limit - Level II (15/30) - 2024/06/29 21:04:27 CET [2024/06/29 15:04:27 ET]
Table '3772398295 1' 3-max Seat #3 is the button
Seat 1: gingi2 (855 in chips) 
Seat 3: Mahu2021 (645 in chips) 
Mahu2021: posts small blind 15
gingi2: posts big blind 30
*** HOLE CARDS ***
Dealt to Mahu2021 [8s 9c]
Mahu2021: calls 15
gingi2: raises 60 to 90
Mahu2021: calls 60
*** FLOP *** [Qh 4d 3h]
gingi2: bets 90
Mahu2021: folds 
Uncalled bet (90) returned to gingi2
gingi2 collected 180 from pot
*** SUMMARY ***
Total pot 180 | Rake 0 
Board [Qh 4d 3h]
Seat 1: gingi2 (big blind) collected (180)
Seat 3: Mahu2021 (button) (small blind) folded on the Flop



PokerStars Hand #251252290686: Tournament #3772398295, $1.84+$0.16 USD Hold'em No Limit - Level II (15/30) - 2024/06/29 21:04:39 CET [2024/06/29 15:04:39 ET]
Table '3772398295 1' 3-max Seat #1 is the button
Seat 1: gingi2 (945 in chips) 
Seat 3: Mahu2021 (555 in chips) 
gingi2: posts small blind 15
Mahu2021: posts big blind 30
*** HOLE CARDS ***
Dealt to Mahu2021 [Ad 9c]
gingi2: folds 
Uncalled bet (15) returned to Mahu2021
Mahu2021 collected 30 from pot
Mahu2021: doesn't show hand 
*** SUMMARY ***
Total pot 30 | Rake 0 
Seat 1: gingi2 (button) (small blind) folded before Flop
Seat 3: Mahu2021 (big blind) collected (30)



PokerStars Hand #251252291931: Tournament #3772398295, $1.84+$0.16 USD Hold'em No Limit - Level II (15/30) - 2024/06/29 21:04:45 CET [2024/06/29 15:04:45 ET]
Table '3772398295 1' 3-max Seat #3 is the button
Seat 1: gingi2 (930 in chips) 
Seat 3: Mahu2021 (570 in chips) 
Mahu2021: posts small blind 15
gingi2: posts big blind 30
*** HOLE CARDS ***
Dealt to Mahu2021 [7s Kc]
Mahu2021: raises 30 to 60
gingi2: calls 30
*** FLOP *** [8c Ah 7d]
gingi2: bets 90
Mahu2021: raises 120 to 210
gingi2: calls 120
*** TURN *** [8c Ah 7d] [6s]
gingi2: bets 150
Mahu2021: raises 150 to 300 and is all-in
gingi2: calls 150
*** RIVER *** [8c Ah 7d 6s] [Qs]
*** SHOW DOWN ***
gingi2: shows [Ad 6d] (two pair, Aces and Sixes)
Mahu2021: shows [7s Kc] (a pair of Sevens)
gingi2 collected 1140 from pot
Mahu2021 finished the tournament in 2nd place
gingi2 wins the tournament and receives $8.00 - congratulations!
*** SUMMARY ***
Total pot 1140 | Rake 0 
Board [8c Ah 7d 6s Qs]
Seat 1: gingi2 (big blind) showed [Ad 6d] and won (1140) with two pair, Aces and Sixes
Seat 3: Mahu2021 (button) (small blind) showed [7s Kc] and lost with a pair of Sevens



