PokerStars Hand #252936937313: Tournament #3812157395, $1.84+$0.16 USD Hold'em No Limit - Level I (10/20) - 2024/10/15 11:41:30 CET [2024/10/15 5:41:30 ET]
Table '3812157395 1' 3-max Seat #1 is the button
Seat 1: Mahu2021 (500 in chips) 
Seat 2: Pokersaces (500 in chips) 
Seat 3: lil_4utism (500 in chips) 
Pokersaces: posts small blind 10
lil_4utism: posts big blind 20
*** HOLE CARDS ***
Dealt to Mahu2021 [As 4s]
Mahu2021: raises 20 to 40
Pokersaces: calls 30
lil_4utism: raises 460 to 500 and is all-in
Mahu2021: folds 
Pokersaces: calls 460 and is all-in
*** FLOP *** [7s 5h 6c]
*** TURN *** [7s 5h 6c] [Qs]
*** RIVER *** [7s 5h 6c Qs] [Kd]
*** SHOW DOWN ***
Pokersaces: shows [Ks 2d] (a pair of Kings)
lil_4utism: shows [2c 2s] (a pair of Deuces)
Pokersaces collected 1040 from pot
lil_4utism finished the tournament in 3rd place
*** SUMMARY ***
Total pot 1040 | Rake 0 
Board [7s 5h 6c Qs Kd]
Seat 1: Mahu2021 (button) folded before Flop
Seat 2: Pokersaces (small blind) showed [Ks 2d] and won (1040) with a pair of Kings
Seat 3: lil_4utism (big blind) showed [2c 2s] and lost with a pair of Deuces



PokerStars Hand #252936939559: Tournament #3812157395, $1.84+$0.16 USD Hold'em No Limit - Level I (10/20) - 2024/10/15 11:41:51 CET [2024/10/15 5:41:51 ET]
Table '3812157395 1' 3-max Seat #2 is the button
Seat 1: Mahu2021 (460 in chips) 
Seat 2: Pokersaces (1040 in chips) 
Pokersaces: posts small blind 10
Mahu2021: posts big blind 20
*** HOLE CARDS ***
Dealt to Mahu2021 [2c Qs]
Pokersaces: raises 20 to 40
Mahu2021: calls 20
*** FLOP *** [5d 3s Js]
Mahu2021: checks 
Pokersaces: checks 
*** TURN *** [5d 3s Js] [Kd]
Mahu2021: checks 
Pokersaces: checks 
*** RIVER *** [5d 3s Js Kd] [3d]
Mahu2021: checks 
Pokersaces: checks 
*** SHOW DOWN ***
Mahu2021: shows [2c Qs] (a pair of Threes)
Pokersaces: shows [6s Qc] (a pair of Threes)
Mahu2021 collected 40 from pot
Pokersaces collected 40 from pot
*** SUMMARY ***
Total pot 80 | Rake 0 
Board [5d 3s Js Kd 3d]
Seat 1: Mahu2021 (big blind) showed [2c Qs] and won (40) with a pair of Threes
Seat 2: Pokersaces (button) (small blind) showed [6s Qc] and won (40) with a pair of Threes



PokerStars Hand #252936941149: Tournament #3812157395, $1.84+$0.16 USD Hold'em No Limit - Level I (10/20) - 2024/10/15 11:42:05 CET [2024/10/15 5:42:05 ET]
Table '3812157395 1' 3-max Seat #1 is the button
Seat 1: Mahu2021 (460 in chips) 
Seat 2: Pokersaces (1040 in chips) 
Mahu2021: posts small blind 10
Pokersaces: posts big blind 20
*** HOLE CARDS ***
Dealt to Mahu2021 [Ah 5h]
Mahu2021: raises 20 to 40
Pokersaces: folds 
Uncalled bet (20) returned to Mahu2021
Mahu2021 collected 40 from pot
Mahu2021: doesn't show hand 
*** SUMMARY ***
Total pot 40 | Rake 0 
Seat 1: Mahu2021 (button) (small blind) collected (40)
Seat 2: Pokersaces (big blind) folded before Flop



PokerStars Hand #252936941735: Tournament #3812157395, $1.84+$0.16 USD Hold'em No Limit - Level I (10/20) - 2024/10/15 11:42:10 CET [2024/10/15 5:42:10 ET]
Table '3812157395 1' 3-max Seat #2 is the button
Seat 1: Mahu2021 (480 in chips) 
Seat 2: Pokersaces (1020 in chips) 
Pokersaces: posts small blind 10
Mahu2021: posts big blind 20
*** HOLE CARDS ***
Dealt to Mahu2021 [Jh 7c]
Pokersaces: calls 10
Mahu2021: checks 
*** FLOP *** [Kc Kh 5d]
Mahu2021: checks 
Pokersaces: bets 20
Mahu2021: folds 
Uncalled bet (20) returned to Pokersaces
Pokersaces collected 40 from pot
*** SUMMARY ***
Total pot 40 | Rake 0 
Board [Kc Kh 5d]
Seat 1: Mahu2021 (big blind) folded on the Flop
Seat 2: Pokersaces (button) (small blind) collected (40)



PokerStars Hand #252936942982: Tournament #3812157395, $1.84+$0.16 USD Hold'em No Limit - Level I (10/20) - 2024/10/15 11:42:21 CET [2024/10/15 5:42:21 ET]
Table '3812157395 1' 3-max Seat #1 is the button
Seat 1: Mahu2021 (460 in chips) 
Seat 2: Pokersaces (1040 in chips) 
Mahu2021: posts small blind 10
Pokersaces: posts big blind 20
*** HOLE CARDS ***
Dealt to Mahu2021 [Qd 8h]
Mahu2021: raises 20 to 40
Pokersaces: raises 80 to 120
Mahu2021: calls 80
*** FLOP *** [Jc 5h Jd]
Pokersaces: bets 920 and is all-in
Mahu2021: folds 
Uncalled bet (920) returned to Pokersaces
Pokersaces collected 240 from pot
*** SUMMARY ***
Total pot 240 | Rake 0 
Board [Jc 5h Jd]
Seat 1: Mahu2021 (button) (small blind) folded on the Flop
Seat 2: Pokersaces (big blind) collected (240)



PokerStars Hand #252936944608: Tournament #3812157395, $1.84+$0.16 USD Hold'em No Limit - Level I (10/20) - 2024/10/15 11:42:36 CET [2024/10/15 5:42:36 ET]
Table '3812157395 1' 3-max Seat #2 is the button
Seat 1: Mahu2021 (340 in chips) 
Seat 2: Pokersaces (1160 in chips) 
Pokersaces: posts small blind 10
Mahu2021: posts big blind 20
*** HOLE CARDS ***
Dealt to Mahu2021 [9s Ts]
Pokersaces: raises 60 to 80
Mahu2021: folds 
Uncalled bet (60) returned to Pokersaces
Pokersaces collected 40 from pot
*** SUMMARY ***
Total pot 40 | Rake 0 
Seat 1: Mahu2021 (big blind) folded before Flop
Seat 2: Pokersaces (button) (small blind) collected (40)



PokerStars Hand #252936945419: Tournament #3812157395, $1.84+$0.16 USD Hold'em No Limit - Level I (10/20) - 2024/10/15 11:42:43 CET [2024/10/15 5:42:43 ET]
Table '3812157395 1' 3-max Seat #1 is the button
Seat 1: Mahu2021 (320 in chips) 
Seat 2: Pokersaces (1180 in chips) 
Mahu2021: posts small blind 10
Pokersaces: posts big blind 20
*** HOLE CARDS ***
Dealt to Mahu2021 [9d Td]
Mahu2021: raises 20 to 40
Pokersaces: raises 60 to 100
Mahu2021: raises 220 to 320 and is all-in
Pokersaces: calls 220
*** FLOP *** [3h Ac 7h]
*** TURN *** [3h Ac 7h] [As]
*** RIVER *** [3h Ac 7h As] [Qh]
*** SHOW DOWN ***
Pokersaces: shows [9h Js] (a pair of Aces)
Mahu2021: shows [9d Td] (a pair of Aces - lower kicker)
Pokersaces collected 640 from pot
Mahu2021 finished the tournament in 2nd place
Pokersaces wins the tournament and receives $6.00 - congratulations!
*** SUMMARY ***
Total pot 640 | Rake 0 
Board [3h Ac 7h As Qh]
Seat 1: Mahu2021 (button) (small blind) showed [9d Td] and lost with a pair of Aces
Seat 2: Pokersaces (big blind) showed [9h Js] and won (640) with a pair of Aces



