PokerStars Hand #249740886482: Tournament #3736354143, $1.84+$0.16 USD Hold'em No Limit - Level I (10/20) - 2024/04/01 16:45:24 CET [2024/04/01 10:45:24 ET]
Table '3736354143 1' 3-max Seat #1 is the button
Seat 1: Stopukas (500 in chips) 
Seat 2: szamoca68 (500 in chips) 
Seat 3: Mahu2021 (500 in chips) 
szamoca68: posts small blind 10
Mahu2021: posts big blind 20
*** HOLE CARDS ***
Dealt to Mahu2021 [8d 8s]
Stopukas: raises 40 to 60
szamoca68: calls 50
Mahu2021: calls 40
*** FLOP *** [7c 4d 3h]
szamoca68: checks 
Mahu2021: bets 440 and is all-in
Stopukas: calls 440 and is all-in
szamoca68: folds 
*** TURN *** [7c 4d 3h] [3c]
*** RIVER *** [7c 4d 3h 3c] [Jc]
*** SHOW DOWN ***
Mahu2021: shows [8d 8s] (two pair, Eights and Threes)
Stopukas: shows [Ks Kh] (two pair, Kings and Threes)
Stopukas collected 1060 from pot
Mahu2021 finished the tournament in 3rd place
*** SUMMARY ***
Total pot 1060 | Rake 0 
Board [7c 4d 3h 3c Jc]
Seat 1: Stopukas (button) showed [Ks Kh] and won (1060) with two pair, Kings and Threes
Seat 2: szamoca68 (small blind) folded on the Flop
Seat 3: Mahu2021 (big blind) showed [8d 8s] and lost with two pair, Eights and Threes



