PokerStars Hand #247128047615: Tournament #3673676789, $9.30+$0.70 USD Hold'em No Limit - Level I (10/20) - 2023/11/15 21:36:54 CET [2023/11/15 15:36:54 ET]
Table '3673676789 1' 3-max Seat #1 is the button
Seat 1: csabadeak (500 in chips) 
Seat 2: Mahu2021 (500 in chips) 
Seat 3: Nils8878 (500 in chips) 
Mahu2021: posts small blind 10
Nils8878: posts big blind 20
*** HOLE CARDS ***
Dealt to Mahu2021 [Jc 7s]
csabadeak: folds 
Mahu2021: calls 10
Nils8878: checks 
*** FLOP *** [8d Kc Ts]
Mahu2021: checks 
Nils8878: checks 
*** TURN *** [8d Kc Ts] [Ac]
Mahu2021: bets 40
Nils8878: folds 
Uncalled bet (40) returned to Mahu2021
Mahu2021 collected 40 from pot
Mahu2021: doesn't show hand 
*** SUMMARY ***
Total pot 40 | Rake 0 
Board [8d Kc Ts Ac]
Seat 1: csabadeak (button) folded before Flop (didn't bet)
Seat 2: Mahu2021 (small blind) collected (40)
Seat 3: Nils8878 (big blind) folded on the Turn



PokerStars Hand #247128057526: Tournament #3673676789, $9.30+$0.70 USD Hold'em No Limit - Level I (10/20) - 2023/11/15 21:37:21 CET [2023/11/15 15:37:21 ET]
Table '3673676789 1' 3-max Seat #2 is the button
Seat 1: csabadeak (500 in chips) 
Seat 2: Mahu2021 (520 in chips) 
Seat 3: Nils8878 (480 in chips) 
Nils8878: posts small blind 10
csabadeak: posts big blind 20
*** HOLE CARDS ***
Dealt to Mahu2021 [Js 7h]
Mahu2021: folds 
Nils8878: calls 10
csabadeak: checks 
*** FLOP *** [9d Td 6h]
Nils8878: checks 
csabadeak: checks 
*** TURN *** [9d Td 6h] [Kd]
Nils8878: checks 
csabadeak: bets 20
Nils8878: raises 20 to 40
csabadeak: calls 20
*** RIVER *** [9d Td 6h Kd] [Ah]
Nils8878: bets 40
csabadeak: folds 
Uncalled bet (40) returned to Nils8878
Nils8878 collected 120 from pot
*** SUMMARY ***
Total pot 120 | Rake 0 
Board [9d Td 6h Kd Ah]
Seat 1: csabadeak (big blind) folded on the River
Seat 2: Mahu2021 (button) folded before Flop (didn't bet)
Seat 3: Nils8878 (small blind) collected (120)



PokerStars Hand #247128079954: Tournament #3673676789, $9.30+$0.70 USD Hold'em No Limit - Level I (10/20) - 2023/11/15 21:38:24 CET [2023/11/15 15:38:24 ET]
Table '3673676789 1' 3-max Seat #3 is the button
Seat 1: csabadeak (440 in chips) 
Seat 2: Mahu2021 (520 in chips) 
Seat 3: Nils8878 (540 in chips) 
csabadeak: posts small blind 10
Mahu2021: posts big blind 20
*** HOLE CARDS ***
Dealt to Mahu2021 [3d 2d]
Nils8878: folds 
csabadeak: folds 
Uncalled bet (10) returned to Mahu2021
Mahu2021 collected 20 from pot
Mahu2021: doesn't show hand 
*** SUMMARY ***
Total pot 20 | Rake 0 
Seat 1: csabadeak (small blind) folded before Flop
Seat 2: Mahu2021 (big blind) collected (20)
Seat 3: Nils8878 (button) folded before Flop (didn't bet)



PokerStars Hand #247128081968: Tournament #3673676789, $9.30+$0.70 USD Hold'em No Limit - Level I (10/20) - 2023/11/15 21:38:29 CET [2023/11/15 15:38:29 ET]
Table '3673676789 1' 3-max Seat #1 is the button
Seat 1: csabadeak (430 in chips) 
Seat 2: Mahu2021 (530 in chips) 
Seat 3: Nils8878 (540 in chips) 
Mahu2021: posts small blind 10
Nils8878: posts big blind 20
*** HOLE CARDS ***
Dealt to Mahu2021 [4s Qc]
csabadeak: folds 
Mahu2021: folds 
Uncalled bet (10) returned to Nils8878
Nils8878 collected 20 from pot
*** SUMMARY ***
Total pot 20 | Rake 0 
Seat 1: csabadeak (button) folded before Flop (didn't bet)
Seat 2: Mahu2021 (small blind) folded before Flop
Seat 3: Nils8878 (big blind) collected (20)



PokerStars Hand #247128084331: Tournament #3673676789, $9.30+$0.70 USD Hold'em No Limit - Level I (10/20) - 2023/11/15 21:38:35 CET [2023/11/15 15:38:35 ET]
Table '3673676789 1' 3-max Seat #2 is the button
Seat 1: csabadeak (430 in chips) 
Seat 2: Mahu2021 (520 in chips) 
Seat 3: Nils8878 (550 in chips) 
Nils8878: posts small blind 10
csabadeak: posts big blind 20
*** HOLE CARDS ***
Dealt to Mahu2021 [As 3h]
Mahu2021: folds 
Nils8878: calls 10
csabadeak: raises 410 to 430 and is all-in
Nils8878: calls 410
*** FLOP *** [3c 5c 2d]
*** TURN *** [3c 5c 2d] [Th]
*** RIVER *** [3c 5c 2d Th] [Jd]
*** SHOW DOWN ***
Nils8878: shows [Qs Kc] (high card King)
csabadeak: shows [8d 8h] (a pair of Eights)
csabadeak collected 860 from pot
*** SUMMARY ***
Total pot 860 | Rake 0 
Board [3c 5c 2d Th Jd]
Seat 1: csabadeak (big blind) showed [8d 8h] and won (860) with a pair of Eights
Seat 2: Mahu2021 (button) folded before Flop (didn't bet)
Seat 3: Nils8878 (small blind) showed [Qs Kc] and lost with high card King



PokerStars Hand #247128090200: Tournament #3673676789, $9.30+$0.70 USD Hold'em No Limit - Level I (10/20) - 2023/11/15 21:38:52 CET [2023/11/15 15:38:52 ET]
Table '3673676789 1' 3-max Seat #3 is the button
Seat 1: csabadeak (860 in chips) 
Seat 2: Mahu2021 (520 in chips) 
Seat 3: Nils8878 (120 in chips) 
csabadeak: posts small blind 10
Mahu2021: posts big blind 20
*** HOLE CARDS ***
Dealt to Mahu2021 [Jc 5c]
Nils8878: raises 100 to 120 and is all-in
csabadeak: folds 
Mahu2021: calls 100
*** FLOP *** [4c 3h 4d]
*** TURN *** [4c 3h 4d] [Jh]
*** RIVER *** [4c 3h 4d Jh] [9s]
*** SHOW DOWN ***
Mahu2021: shows [Jc 5c] (two pair, Jacks and Fours)
Nils8878: shows [Kd 2c] (a pair of Fours)
Mahu2021 collected 250 from pot
Nils8878 finished the tournament in 3rd place
*** SUMMARY ***
Total pot 250 | Rake 0 
Board [4c 3h 4d Jh 9s]
Seat 1: csabadeak (small blind) folded before Flop
Seat 2: Mahu2021 (big blind) showed [Jc 5c] and won (250) with two pair, Jacks and Fours
Seat 3: Nils8878 (button) showed [Kd 2c] and lost with a pair of Fours



PokerStars Hand #247128097145: Tournament #3673676789, $9.30+$0.70 USD Hold'em No Limit - Level I (10/20) - 2023/11/15 21:39:11 CET [2023/11/15 15:39:11 ET]
Table '3673676789 1' 3-max Seat #2 is the button
Seat 1: csabadeak (850 in chips) 
Seat 2: Mahu2021 (650 in chips) 
Mahu2021: posts small blind 10
csabadeak: posts big blind 20
*** HOLE CARDS ***
Dealt to Mahu2021 [8s Ah]
Mahu2021: calls 10
csabadeak: raises 40 to 60
Mahu2021: calls 40
*** FLOP *** [6d 3s 9d]
csabadeak: checks 
Mahu2021: checks 
*** TURN *** [6d 3s 9d] [8c]
csabadeak: checks 
Mahu2021: checks 
*** RIVER *** [6d 3s 9d 8c] [4s]
csabadeak: checks 
Mahu2021: bets 60
csabadeak: calls 60
*** SHOW DOWN ***
Mahu2021: shows [8s Ah] (a pair of Eights)
csabadeak: mucks hand 
Mahu2021 collected 240 from pot
*** SUMMARY ***
Total pot 240 | Rake 0 
Board [6d 3s 9d 8c 4s]
Seat 1: csabadeak (big blind) mucked [Js Kd]
Seat 2: Mahu2021 (button) (small blind) showed [8s Ah] and won (240) with a pair of Eights



PokerStars Hand #247128106516: Tournament #3673676789, $9.30+$0.70 USD Hold'em No Limit - Level I (10/20) - 2023/11/15 21:39:37 CET [2023/11/15 15:39:37 ET]
Table '3673676789 1' 3-max Seat #1 is the button
Seat 1: csabadeak (730 in chips) 
Seat 2: Mahu2021 (770 in chips) 
csabadeak: posts small blind 10
Mahu2021: posts big blind 20
*** HOLE CARDS ***
Dealt to Mahu2021 [3d 4c]
csabadeak: calls 10
Mahu2021: checks 
*** FLOP *** [6h 6s 7c]
Mahu2021: checks 
csabadeak: checks 
*** TURN *** [6h 6s 7c] [2s]
Mahu2021: checks 
csabadeak: checks 
*** RIVER *** [6h 6s 7c 2s] [5d]
Mahu2021: bets 750 and is all-in
csabadeak: folds 
Uncalled bet (750) returned to Mahu2021
Mahu2021 collected 40 from pot
Mahu2021: doesn't show hand 
*** SUMMARY ***
Total pot 40 | Rake 0 
Board [6h 6s 7c 2s 5d]
Seat 1: csabadeak (button) (small blind) folded on the River
Seat 2: Mahu2021 (big blind) collected (40)



PokerStars Hand #247128113097: Tournament #3673676789, $9.30+$0.70 USD Hold'em No Limit - Level I (10/20) - 2023/11/15 21:39:55 CET [2023/11/15 15:39:55 ET]
Table '3673676789 1' 3-max Seat #2 is the button
Seat 1: csabadeak (710 in chips) 
Seat 2: Mahu2021 (790 in chips) 
Mahu2021: posts small blind 10
csabadeak: posts big blind 20
*** HOLE CARDS ***
Dealt to Mahu2021 [8h 6s]
Mahu2021: calls 10
csabadeak: checks 
*** FLOP *** [9c 4s Jh]
csabadeak: checks 
Mahu2021: checks 
*** TURN *** [9c 4s Jh] [Kh]
csabadeak: checks 
Mahu2021: checks 
*** RIVER *** [9c 4s Jh Kh] [5c]
csabadeak: checks 
Mahu2021: bets 20
csabadeak: folds 
Uncalled bet (20) returned to Mahu2021
Mahu2021 collected 40 from pot
Mahu2021: doesn't show hand 
*** SUMMARY ***
Total pot 40 | Rake 0 
Board [9c 4s Jh Kh 5c]
Seat 1: csabadeak (big blind) folded on the River
Seat 2: Mahu2021 (button) (small blind) collected (40)



PokerStars Hand #247128120386: Tournament #3673676789, $9.30+$0.70 USD Hold'em No Limit - Level II (15/30) - 2023/11/15 21:40:16 CET [2023/11/15 15:40:16 ET]
Table '3673676789 1' 3-max Seat #1 is the button
Seat 1: csabadeak (690 in chips) 
Seat 2: Mahu2021 (810 in chips) 
csabadeak: posts small blind 15
Mahu2021: posts big blind 30
*** HOLE CARDS ***
Dealt to Mahu2021 [6h 9d]
csabadeak: calls 15
Mahu2021: checks 
*** FLOP *** [5h 4s Ac]
Mahu2021: checks 
csabadeak: bets 30
Mahu2021: folds 
Uncalled bet (30) returned to csabadeak
csabadeak collected 60 from pot
csabadeak: doesn't show hand 
*** SUMMARY ***
Total pot 60 | Rake 0 
Board [5h 4s Ac]
Seat 1: csabadeak (button) (small blind) collected (60)
Seat 2: Mahu2021 (big blind) folded on the Flop



PokerStars Hand #247128123807: Tournament #3673676789, $9.30+$0.70 USD Hold'em No Limit - Level II (15/30) - 2023/11/15 21:40:25 CET [2023/11/15 15:40:25 ET]
Table '3673676789 1' 3-max Seat #2 is the button
Seat 1: csabadeak (720 in chips) 
Seat 2: Mahu2021 (780 in chips) 
Mahu2021: posts small blind 15
csabadeak: posts big blind 30
*** HOLE CARDS ***
Dealt to Mahu2021 [9d Kh]
Mahu2021: raises 30 to 60
csabadeak: folds 
Uncalled bet (30) returned to Mahu2021
Mahu2021 collected 60 from pot
Mahu2021: doesn't show hand 
*** SUMMARY ***
Total pot 60 | Rake 0 
Seat 1: csabadeak (big blind) folded before Flop
Seat 2: Mahu2021 (button) (small blind) collected (60)



PokerStars Hand #247128125941: Tournament #3673676789, $9.30+$0.70 USD Hold'em No Limit - Level II (15/30) - 2023/11/15 21:40:31 CET [2023/11/15 15:40:31 ET]
Table '3673676789 1' 3-max Seat #1 is the button
Seat 1: csabadeak (690 in chips) 
Seat 2: Mahu2021 (810 in chips) 
csabadeak: posts small blind 15
Mahu2021: posts big blind 30
*** HOLE CARDS ***
Dealt to Mahu2021 [7s Qh]
csabadeak: calls 15
Mahu2021: checks 
*** FLOP *** [2d 3h As]
Mahu2021: checks 
csabadeak: bets 30
Mahu2021: calls 30
*** TURN *** [2d 3h As] [Th]
Mahu2021: checks 
csabadeak: checks 
*** RIVER *** [2d 3h As Th] [8c]
Mahu2021: checks 
csabadeak: checks 
*** SHOW DOWN ***
Mahu2021: shows [7s Qh] (high card Ace)
csabadeak: shows [Ks 5s] (high card Ace - King kicker)
csabadeak collected 120 from pot
*** SUMMARY ***
Total pot 120 | Rake 0 
Board [2d 3h As Th 8c]
Seat 1: csabadeak (button) (small blind) showed [Ks 5s] and won (120) with high card Ace
Seat 2: Mahu2021 (big blind) showed [7s Qh] and lost with high card Ace



PokerStars Hand #247128133341: Tournament #3673676789, $9.30+$0.70 USD Hold'em No Limit - Level II (15/30) - 2023/11/15 21:40:51 CET [2023/11/15 15:40:51 ET]
Table '3673676789 1' 3-max Seat #2 is the button
Seat 1: csabadeak (750 in chips) 
Seat 2: Mahu2021 (750 in chips) 
Mahu2021: posts small blind 15
csabadeak: posts big blind 30
*** HOLE CARDS ***
Dealt to Mahu2021 [3d Ac]
Mahu2021: calls 15
csabadeak: checks 
*** FLOP *** [8d 4s 7s]
csabadeak: checks 
Mahu2021: checks 
*** TURN *** [8d 4s 7s] [2h]
csabadeak: checks 
Mahu2021: checks 
*** RIVER *** [8d 4s 7s 2h] [8h]
csabadeak: bets 45
Mahu2021: folds 
Uncalled bet (45) returned to csabadeak
csabadeak collected 60 from pot
csabadeak: doesn't show hand 
*** SUMMARY ***
Total pot 60 | Rake 0 
Board [8d 4s 7s 2h 8h]
Seat 1: csabadeak (big blind) collected (60)
Seat 2: Mahu2021 (button) (small blind) folded on the River



PokerStars Hand #247128138103: Tournament #3673676789, $9.30+$0.70 USD Hold'em No Limit - Level II (15/30) - 2023/11/15 21:41:05 CET [2023/11/15 15:41:05 ET]
Table '3673676789 1' 3-max Seat #1 is the button
Seat 1: csabadeak (780 in chips) 
Seat 2: Mahu2021 (720 in chips) 
csabadeak: posts small blind 15
Mahu2021: posts big blind 30
*** HOLE CARDS ***
Dealt to Mahu2021 [9d 7d]
csabadeak: calls 15
Mahu2021: checks 
*** FLOP *** [Js 2h 8c]
Mahu2021: checks 
csabadeak: checks 
*** TURN *** [Js 2h 8c] [Qc]
Mahu2021: checks 
csabadeak: bets 30
Mahu2021: calls 30
*** RIVER *** [Js 2h 8c Qc] [6d]
Mahu2021: checks 
csabadeak: checks 
*** SHOW DOWN ***
Mahu2021: shows [9d 7d] (high card Queen)
csabadeak: shows [2c 4c] (a pair of Deuces)
csabadeak collected 120 from pot
*** SUMMARY ***
Total pot 120 | Rake 0 
Board [Js 2h 8c Qc 6d]
Seat 1: csabadeak (button) (small blind) showed [2c 4c] and won (120) with a pair of Deuces
Seat 2: Mahu2021 (big blind) showed [9d 7d] and lost with high card Queen



PokerStars Hand #247128149093: Tournament #3673676789, $9.30+$0.70 USD Hold'em No Limit - Level II (15/30) - 2023/11/15 21:41:35 CET [2023/11/15 15:41:35 ET]
Table '3673676789 1' 3-max Seat #2 is the button
Seat 1: csabadeak (840 in chips) 
Seat 2: Mahu2021 (660 in chips) 
Mahu2021: posts small blind 15
csabadeak: posts big blind 30
*** HOLE CARDS ***
Dealt to Mahu2021 [7s Ad]
Mahu2021: raises 30 to 60
csabadeak: folds 
Uncalled bet (30) returned to Mahu2021
Mahu2021 collected 60 from pot
Mahu2021: doesn't show hand 
*** SUMMARY ***
Total pot 60 | Rake 0 
Seat 1: csabadeak (big blind) folded before Flop
Seat 2: Mahu2021 (button) (small blind) collected (60)



PokerStars Hand #247128151505: Tournament #3673676789, $9.30+$0.70 USD Hold'em No Limit - Level II (15/30) - 2023/11/15 21:41:42 CET [2023/11/15 15:41:42 ET]
Table '3673676789 1' 3-max Seat #1 is the button
Seat 1: csabadeak (810 in chips) 
Seat 2: Mahu2021 (690 in chips) 
csabadeak: posts small blind 15
Mahu2021: posts big blind 30
*** HOLE CARDS ***
Dealt to Mahu2021 [3s Qs]
csabadeak: raises 30 to 60
Mahu2021: calls 30
*** FLOP *** [9c Qc Th]
Mahu2021: checks 
csabadeak: checks 
*** TURN *** [9c Qc Th] [3d]
Mahu2021: bets 60
csabadeak: calls 60
*** RIVER *** [9c Qc Th 3d] [7d]
Mahu2021: bets 240
csabadeak: folds 
Uncalled bet (240) returned to Mahu2021
Mahu2021 collected 240 from pot
Mahu2021: doesn't show hand 
*** SUMMARY ***
Total pot 240 | Rake 0 
Board [9c Qc Th 3d 7d]
Seat 1: csabadeak (button) (small blind) folded on the River
Seat 2: Mahu2021 (big blind) collected (240)



PokerStars Hand #247128158991: Tournament #3673676789, $9.30+$0.70 USD Hold'em No Limit - Level II (15/30) - 2023/11/15 21:42:03 CET [2023/11/15 15:42:03 ET]
Table '3673676789 1' 3-max Seat #2 is the button
Seat 1: csabadeak (690 in chips) 
Seat 2: Mahu2021 (810 in chips) 
Mahu2021: posts small blind 15
csabadeak: posts big blind 30
*** HOLE CARDS ***
Dealt to Mahu2021 [9d 3c]
Mahu2021: folds 
Uncalled bet (15) returned to csabadeak
csabadeak collected 30 from pot
csabadeak: doesn't show hand 
*** SUMMARY ***
Total pot 30 | Rake 0 
Seat 1: csabadeak (big blind) collected (30)
Seat 2: Mahu2021 (button) (small blind) folded before Flop



PokerStars Hand #247128160595: Tournament #3673676789, $9.30+$0.70 USD Hold'em No Limit - Level II (15/30) - 2023/11/15 21:42:07 CET [2023/11/15 15:42:07 ET]
Table '3673676789 1' 3-max Seat #1 is the button
Seat 1: csabadeak (705 in chips) 
Seat 2: Mahu2021 (795 in chips) 
csabadeak: posts small blind 15
Mahu2021: posts big blind 30
*** HOLE CARDS ***
Dealt to Mahu2021 [5d Td]
csabadeak: calls 15
Mahu2021: checks 
*** FLOP *** [2h 7h 2d]
Mahu2021: checks 
csabadeak: checks 
*** TURN *** [2h 7h 2d] [6s]
Mahu2021: checks 
csabadeak: bets 30
Mahu2021: folds 
Uncalled bet (30) returned to csabadeak
csabadeak collected 60 from pot
csabadeak: doesn't show hand 
*** SUMMARY ***
Total pot 60 | Rake 0 
Board [2h 7h 2d 6s]
Seat 1: csabadeak (button) (small blind) collected (60)
Seat 2: Mahu2021 (big blind) folded on the Turn



PokerStars Hand #247128168423: Tournament #3673676789, $9.30+$0.70 USD Hold'em No Limit - Level II (15/30) - 2023/11/15 21:42:29 CET [2023/11/15 15:42:29 ET]
Table '3673676789 1' 3-max Seat #2 is the button
Seat 1: csabadeak (735 in chips) 
Seat 2: Mahu2021 (765 in chips) 
Mahu2021: posts small blind 15
csabadeak: posts big blind 30
*** HOLE CARDS ***
Dealt to Mahu2021 [7c Td]
Mahu2021: calls 15
csabadeak: raises 705 to 735 and is all-in
Mahu2021: folds 
Uncalled bet (705) returned to csabadeak
csabadeak collected 60 from pot
csabadeak: doesn't show hand 
*** SUMMARY ***
Total pot 60 | Rake 0 
Seat 1: csabadeak (big blind) collected (60)
Seat 2: Mahu2021 (button) (small blind) folded before Flop



PokerStars Hand #247128171307: Tournament #3673676789, $9.30+$0.70 USD Hold'em No Limit - Level II (15/30) - 2023/11/15 21:42:37 CET [2023/11/15 15:42:37 ET]
Table '3673676789 1' 3-max Seat #1 is the button
Seat 1: csabadeak (765 in chips) 
Seat 2: Mahu2021 (735 in chips) 
csabadeak: posts small blind 15
Mahu2021: posts big blind 30
*** HOLE CARDS ***
Dealt to Mahu2021 [Td 5d]
csabadeak: calls 15
Mahu2021: checks 
*** FLOP *** [5h Kc Qs]
Mahu2021: checks 
csabadeak: checks 
*** TURN *** [5h Kc Qs] [5s]
Mahu2021: checks 
csabadeak: bets 30
Mahu2021: raises 60 to 90
csabadeak: folds 
Uncalled bet (60) returned to Mahu2021
Mahu2021 collected 120 from pot
Mahu2021: doesn't show hand 
*** SUMMARY ***
Total pot 120 | Rake 0 
Board [5h Kc Qs 5s]
Seat 1: csabadeak (button) (small blind) folded on the Turn
Seat 2: Mahu2021 (big blind) collected (120)



PokerStars Hand #247128176610: Tournament #3673676789, $9.30+$0.70 USD Hold'em No Limit - Level II (15/30) - 2023/11/15 21:42:52 CET [2023/11/15 15:42:52 ET]
Table '3673676789 1' 3-max Seat #2 is the button
Seat 1: csabadeak (705 in chips) 
Seat 2: Mahu2021 (795 in chips) 
Mahu2021: posts small blind 15
csabadeak: posts big blind 30
*** HOLE CARDS ***
Dealt to Mahu2021 [6h Ad]
Mahu2021: raises 30 to 60
csabadeak: calls 30
*** FLOP *** [As Qc 2s]
csabadeak: checks 
Mahu2021: bets 60
csabadeak: folds 
Uncalled bet (60) returned to Mahu2021
Mahu2021 collected 120 from pot
Mahu2021: doesn't show hand 
*** SUMMARY ***
Total pot 120 | Rake 0 
Board [As Qc 2s]
Seat 1: csabadeak (big blind) folded on the Flop
Seat 2: Mahu2021 (button) (small blind) collected (120)



PokerStars Hand #247128181871: Tournament #3673676789, $9.30+$0.70 USD Hold'em No Limit - Level III (20/40) - 2023/11/15 21:43:07 CET [2023/11/15 15:43:07 ET]
Table '3673676789 1' 3-max Seat #1 is the button
Seat 1: csabadeak (645 in chips) 
Seat 2: Mahu2021 (855 in chips) 
csabadeak: posts small blind 20
Mahu2021: posts big blind 40
*** HOLE CARDS ***
Dealt to Mahu2021 [7h 8s]
csabadeak: calls 20
Mahu2021: checks 
*** FLOP *** [2d Jd 4d]
Mahu2021: checks 
csabadeak: bets 40
Mahu2021: folds 
Uncalled bet (40) returned to csabadeak
csabadeak collected 80 from pot
csabadeak: doesn't show hand 
*** SUMMARY ***
Total pot 80 | Rake 0 
Board [2d Jd 4d]
Seat 1: csabadeak (button) (small blind) collected (80)
Seat 2: Mahu2021 (big blind) folded on the Flop



PokerStars Hand #247128185635: Tournament #3673676789, $9.30+$0.70 USD Hold'em No Limit - Level III (20/40) - 2023/11/15 21:43:17 CET [2023/11/15 15:43:17 ET]
Table '3673676789 1' 3-max Seat #2 is the button
Seat 1: csabadeak (685 in chips) 
Seat 2: Mahu2021 (815 in chips) 
Mahu2021: posts small blind 20
csabadeak: posts big blind 40
*** HOLE CARDS ***
Dealt to Mahu2021 [8c 9s]
Mahu2021: calls 20
csabadeak: checks 
*** FLOP *** [Qd 4d 6d]
csabadeak: checks 
Mahu2021: bets 40
csabadeak: folds 
Uncalled bet (40) returned to Mahu2021
Mahu2021 collected 80 from pot
Mahu2021: doesn't show hand 
*** SUMMARY ***
Total pot 80 | Rake 0 
Board [Qd 4d 6d]
Seat 1: csabadeak (big blind) folded on the Flop
Seat 2: Mahu2021 (button) (small blind) collected (80)



PokerStars Hand #247128189222: Tournament #3673676789, $9.30+$0.70 USD Hold'em No Limit - Level III (20/40) - 2023/11/15 21:43:27 CET [2023/11/15 15:43:27 ET]
Table '3673676789 1' 3-max Seat #1 is the button
Seat 1: csabadeak (645 in chips) 
Seat 2: Mahu2021 (855 in chips) 
csabadeak: posts small blind 20
Mahu2021: posts big blind 40
*** HOLE CARDS ***
Dealt to Mahu2021 [Th Ts]
csabadeak: calls 20
Mahu2021: raises 815 to 855 and is all-in
csabadeak: folds 
Uncalled bet (815) returned to Mahu2021
Mahu2021 collected 80 from pot
Mahu2021: doesn't show hand 
*** SUMMARY ***
Total pot 80 | Rake 0 
Seat 1: csabadeak (button) (small blind) folded before Flop
Seat 2: Mahu2021 (big blind) collected (80)



PokerStars Hand #247128192121: Tournament #3673676789, $9.30+$0.70 USD Hold'em No Limit - Level III (20/40) - 2023/11/15 21:43:35 CET [2023/11/15 15:43:35 ET]
Table '3673676789 1' 3-max Seat #2 is the button
Seat 1: csabadeak (605 in chips) 
Seat 2: Mahu2021 (895 in chips) 
Mahu2021: posts small blind 20
csabadeak: posts big blind 40
*** HOLE CARDS ***
Dealt to Mahu2021 [3h Tc]
Mahu2021: folds 
Uncalled bet (20) returned to csabadeak
csabadeak collected 40 from pot
csabadeak: doesn't show hand 
*** SUMMARY ***
Total pot 40 | Rake 0 
Seat 1: csabadeak (big blind) collected (40)
Seat 2: Mahu2021 (button) (small blind) folded before Flop



PokerStars Hand #247128193726: Tournament #3673676789, $9.30+$0.70 USD Hold'em No Limit - Level III (20/40) - 2023/11/15 21:43:39 CET [2023/11/15 15:43:39 ET]
Table '3673676789 1' 3-max Seat #1 is the button
Seat 1: csabadeak (625 in chips) 
Seat 2: Mahu2021 (875 in chips) 
csabadeak: posts small blind 20
Mahu2021: posts big blind 40
*** HOLE CARDS ***
Dealt to Mahu2021 [Kh 4d]
csabadeak: calls 20
Mahu2021: checks 
*** FLOP *** [Kd 3h 2h]
Mahu2021: checks 
csabadeak: bets 40
Mahu2021: calls 40
*** TURN *** [Kd 3h 2h] [7s]
Mahu2021: checks 
csabadeak: checks 
*** RIVER *** [Kd 3h 2h 7s] [6s]
Mahu2021: checks 
csabadeak: bets 60
Mahu2021: calls 60
*** SHOW DOWN ***
csabadeak: shows [4h 9d] (high card King)
Mahu2021: shows [Kh 4d] (a pair of Kings)
Mahu2021 collected 280 from pot
*** SUMMARY ***
Total pot 280 | Rake 0 
Board [Kd 3h 2h 7s 6s]
Seat 1: csabadeak (button) (small blind) showed [4h 9d] and lost with high card King
Seat 2: Mahu2021 (big blind) showed [Kh 4d] and won (280) with a pair of Kings



PokerStars Hand #247128199707: Tournament #3673676789, $9.30+$0.70 USD Hold'em No Limit - Level III (20/40) - 2023/11/15 21:43:56 CET [2023/11/15 15:43:56 ET]
Table '3673676789 1' 3-max Seat #2 is the button
Seat 1: csabadeak (485 in chips) 
Seat 2: Mahu2021 (1015 in chips) 
Mahu2021: posts small blind 20
csabadeak: posts big blind 40
*** HOLE CARDS ***
Dealt to Mahu2021 [6s 5d]
Mahu2021: calls 20
csabadeak: checks 
*** FLOP *** [Tc 3h 3s]
csabadeak: checks 
Mahu2021: checks 
*** TURN *** [Tc 3h 3s] [8d]
csabadeak: checks 
Mahu2021: bets 40
csabadeak: folds 
Uncalled bet (40) returned to Mahu2021
Mahu2021 collected 80 from pot
Mahu2021: doesn't show hand 
*** SUMMARY ***
Total pot 80 | Rake 0 
Board [Tc 3h 3s 8d]
Seat 1: csabadeak (big blind) folded on the Turn
Seat 2: Mahu2021 (button) (small blind) collected (80)



PokerStars Hand #247128205980: Tournament #3673676789, $9.30+$0.70 USD Hold'em No Limit - Level III (20/40) - 2023/11/15 21:44:13 CET [2023/11/15 15:44:13 ET]
Table '3673676789 1' 3-max Seat #1 is the button
Seat 1: csabadeak (445 in chips) 
Seat 2: Mahu2021 (1055 in chips) 
csabadeak: posts small blind 20
Mahu2021: posts big blind 40
*** HOLE CARDS ***
Dealt to Mahu2021 [4h 6h]
csabadeak: calls 20
Mahu2021: checks 
*** FLOP *** [Ad 5c 3d]
Mahu2021: checks 
csabadeak: checks 
*** TURN *** [Ad 5c 3d] [4c]
Mahu2021: checks 
csabadeak: bets 60
Mahu2021: calls 60
*** RIVER *** [Ad 5c 3d 4c] [7d]
Mahu2021: bets 120
csabadeak: raises 225 to 345 and is all-in
Mahu2021: calls 225
*** SHOW DOWN ***
csabadeak: shows [6s 7c] (a straight, Three to Seven)
Mahu2021: shows [4h 6h] (a straight, Three to Seven)
Mahu2021 collected 445 from pot
csabadeak collected 445 from pot
*** SUMMARY ***
Total pot 890 | Rake 0 
Board [Ad 5c 3d 4c 7d]
Seat 1: csabadeak (button) (small blind) showed [6s 7c] and won (445) with a straight, Three to Seven
Seat 2: Mahu2021 (big blind) showed [4h 6h] and won (445) with a straight, Three to Seven



PokerStars Hand #247128219235: Tournament #3673676789, $9.30+$0.70 USD Hold'em No Limit - Level III (20/40) - 2023/11/15 21:44:51 CET [2023/11/15 15:44:51 ET]
Table '3673676789 1' 3-max Seat #2 is the button
Seat 1: csabadeak (445 in chips) 
Seat 2: Mahu2021 (1055 in chips) 
Mahu2021: posts small blind 20
csabadeak: posts big blind 40
*** HOLE CARDS ***
Dealt to Mahu2021 [7d Qh]
Mahu2021: calls 20
csabadeak: raises 405 to 445 and is all-in
Mahu2021: folds 
Uncalled bet (405) returned to csabadeak
csabadeak collected 80 from pot
csabadeak: doesn't show hand 
*** SUMMARY ***
Total pot 80 | Rake 0 
Seat 1: csabadeak (big blind) collected (80)
Seat 2: Mahu2021 (button) (small blind) folded before Flop



PokerStars Hand #247128222091: Tournament #3673676789, $9.30+$0.70 USD Hold'em No Limit - Level III (20/40) - 2023/11/15 21:44:58 CET [2023/11/15 15:44:58 ET]
Table '3673676789 1' 3-max Seat #1 is the button
Seat 1: csabadeak (485 in chips) 
Seat 2: Mahu2021 (1015 in chips) 
csabadeak: posts small blind 20
Mahu2021: posts big blind 40
*** HOLE CARDS ***
Dealt to Mahu2021 [7c 2s]
csabadeak: calls 20
Mahu2021: checks 
*** FLOP *** [2c 5h Ks]
Mahu2021: checks 
csabadeak: checks 
*** TURN *** [2c 5h Ks] [8d]
Mahu2021: bets 40
csabadeak: folds 
Uncalled bet (40) returned to Mahu2021
Mahu2021 collected 80 from pot
Mahu2021: doesn't show hand 
*** SUMMARY ***
Total pot 80 | Rake 0 
Board [2c 5h Ks 8d]
Seat 1: csabadeak (button) (small blind) folded on the Turn
Seat 2: Mahu2021 (big blind) collected (80)



PokerStars Hand #247128228722: Tournament #3673676789, $9.30+$0.70 USD Hold'em No Limit - Level III (20/40) - 2023/11/15 21:45:16 CET [2023/11/15 15:45:16 ET]
Table '3673676789 1' 3-max Seat #2 is the button
Seat 1: csabadeak (445 in chips) 
Seat 2: Mahu2021 (1055 in chips) 
Mahu2021: posts small blind 20
csabadeak: posts big blind 40
*** HOLE CARDS ***
Dealt to Mahu2021 [8c As]
Mahu2021: raises 40 to 80
csabadeak: raises 365 to 445 and is all-in
Mahu2021: calls 365
*** FLOP *** [3c Td 7s]
*** TURN *** [3c Td 7s] [4d]
*** RIVER *** [3c Td 7s 4d] [3h]
*** SHOW DOWN ***
csabadeak: shows [Jh Ks] (a pair of Threes)
Mahu2021: shows [8c As] (a pair of Threes - Ace kicker)
Mahu2021 collected 890 from pot
csabadeak finished the tournament in 2nd place
Mahu2021 wins the tournament and receives $30.00 - congratulations!
*** SUMMARY ***
Total pot 890 | Rake 0 
Board [3c Td 7s 4d 3h]
Seat 1: csabadeak (big blind) showed [Jh Ks] and lost with a pair of Threes
Seat 2: Mahu2021 (button) (small blind) showed [8c As] and won (890) with a pair of Threes



