PokerStars Zoom Hand #254692244516:  Hold'em No Limit ($0.05/$0.10) - 2025/02/03 21:28:36 CET [2025/02/03 15:28:36 ET]
Table 'Aludra' 6-max Seat #1 is the button
Seat 1: Patey088 ($14.64 in chips) 
Seat 2: ProjectPokerPro ($10 in chips) 
Seat 3: Mahu2021 ($10 in chips) 
Seat 4: Jamie_McPartlin ($10.48 in chips) 
Seat 5: Gizza13 ($12.27 in chips) 
Seat 6: Tangros ($11.63 in chips) 
ProjectPokerPro: posts small blind $0.05
Mahu2021: posts big blind $0.10
*** HOLE CARDS ***
Dealt to Mahu2021 [Qs 3c]
Jamie_McPartlin: folds 
Gizza13: folds 
Tangros: folds 
Patey088: raises $0.15 to $0.25
ProjectPokerPro: folds 
Mahu2021: folds 
Uncalled bet ($0.15) returned to Patey088
Patey088 collected $0.25 from pot
Patey088: doesn't show hand 
*** SUMMARY ***
Total pot $0.25 | Rake $0 
Seat 1: Patey088 (button) collected ($0.25)
Seat 2: ProjectPokerPro (small blind) folded before Flop
Seat 3: Mahu2021 (big blind) folded before Flop
Seat 4: Jamie_McPartlin folded before Flop (didn't bet)
Seat 5: Gizza13 folded before Flop (didn't bet)
Seat 6: Tangros folded before Flop (didn't bet)



PokerStars Zoom Hand #254692251430:  Hold'em No Limit ($0.05/$0.10) - 2025/02/03 21:28:57 CET [2025/02/03 15:28:57 ET]
Table 'Aludra' 6-max Seat #1 is the button
Seat 1: Mahu2021 ($9.90 in chips) 
Seat 2: Malwo1 ($10.31 in chips) 
Seat 3: Cle0patr4 ($12.73 in chips) 
Seat 4: Viktor Ivanov75 ($10 in chips) 
Seat 5: MastBlast187 ($14.28 in chips) 
Seat 6: anderetsu ($10.51 in chips) 
Malwo1: posts small blind $0.05
Cle0patr4: posts big blind $0.10
*** HOLE CARDS ***
Dealt to Mahu2021 [Td 8s]
Viktor Ivanov75: folds 
MastBlast187: raises $0.15 to $0.25
anderetsu: folds 
Mahu2021: folds 
Malwo1: folds 
Cle0patr4: folds 
Uncalled bet ($0.15) returned to MastBlast187
MastBlast187 collected $0.25 from pot
MastBlast187: doesn't show hand 
*** SUMMARY ***
Total pot $0.25 | Rake $0 
Seat 1: Mahu2021 (button) folded before Flop (didn't bet)
Seat 2: Malwo1 (small blind) folded before Flop
Seat 3: Cle0patr4 (big blind) folded before Flop
Seat 4: Viktor Ivanov75 folded before Flop (didn't bet)
Seat 5: MastBlast187 collected ($0.25)
Seat 6: anderetsu folded before Flop (didn't bet)



PokerStars Zoom Hand #254692252818:  Hold'em No Limit ($0.05/$0.10) - 2025/02/03 21:29:01 CET [2025/02/03 15:29:01 ET]
Table 'Aludra' 6-max Seat #1 is the button
Seat 1: jan rj-br ($35.66 in chips) 
Seat 2: Mahu2021 ($9.90 in chips) 
Seat 3: Patey088 ($14.79 in chips) 
Seat 4: chessismorefun ($13.99 in chips) 
Seat 5: TheLonelyGuy ($10.65 in chips) 
Seat 6: Dziokinas ($10.23 in chips) 
Mahu2021: posts small blind $0.05
Patey088: posts big blind $0.10
*** HOLE CARDS ***
Dealt to Mahu2021 [Qd 8s]
chessismorefun: folds 
TheLonelyGuy: folds 
Dziokinas: raises $0.15 to $0.25
jan rj-br: folds 
Mahu2021: folds 
Patey088: folds 
Uncalled bet ($0.15) returned to Dziokinas
Dziokinas collected $0.25 from pot
Dziokinas: doesn't show hand 
*** SUMMARY ***
Total pot $0.25 | Rake $0 
Seat 1: jan rj-br (button) folded before Flop (didn't bet)
Seat 2: Mahu2021 (small blind) folded before Flop
Seat 3: Patey088 (big blind) folded before Flop
Seat 4: chessismorefun folded before Flop (didn't bet)
Seat 5: TheLonelyGuy folded before Flop (didn't bet)
Seat 6: Dziokinas collected ($0.25)



PokerStars Zoom Hand #254692257891:  Hold'em No Limit ($0.05/$0.10) - 2025/02/03 21:29:17 CET [2025/02/03 15:29:17 ET]
Table 'Aludra' 6-max Seat #1 is the button
Seat 1: bvb999 ($15.47 in chips) 
Seat 2: FrogDoc13 ($25.90 in chips) 
Seat 3: grant8064 ($10 in chips) 
Seat 4: Mahu2021 ($9.85 in chips) 
Seat 5: alexwrtz ($24.48 in chips) 
Seat 6: Einherjer91 ($11.33 in chips) 
FrogDoc13: posts small blind $0.05
grant8064: posts big blind $0.10
*** HOLE CARDS ***
Dealt to Mahu2021 [Tc 3s]
Mahu2021: folds 
alexwrtz: folds 
Einherjer91: raises $0.13 to $0.23
bvb999: raises $0.57 to $0.80
FrogDoc13: raises $0.57 to $1.37
grant8064: folds 
Einherjer91: folds 
bvb999: folds 
Uncalled bet ($0.57) returned to FrogDoc13
FrogDoc13 collected $1.93 from pot
FrogDoc13: doesn't show hand 
*** SUMMARY ***
Total pot $1.93 | Rake $0 
Seat 1: bvb999 (button) folded before Flop
Seat 2: FrogDoc13 (small blind) collected ($1.93)
Seat 3: grant8064 (big blind) folded before Flop
Seat 4: Mahu2021 folded before Flop (didn't bet)
Seat 5: alexwrtz folded before Flop (didn't bet)
Seat 6: Einherjer91 folded before Flop



PokerStars Zoom Hand #254692259278:  Hold'em No Limit ($0.05/$0.10) - 2025/02/03 21:29:21 CET [2025/02/03 15:29:21 ET]
Table 'Aludra' 6-max Seat #1 is the button
Seat 1: TIM4TA ($26.21 in chips) 
Seat 2: Julian125 ($47.79 in chips) 
Seat 3: Mahu2021 ($9.85 in chips) 
Seat 4: ionutz111ro ($10.24 in chips) 
Seat 5: Gregory.M23 ($23.59 in chips) 
Seat 6: alexwrtz ($24.48 in chips) 
Julian125: posts small blind $0.05
Mahu2021: posts big blind $0.10
*** HOLE CARDS ***
Dealt to Mahu2021 [9s 3c]
ionutz111ro: calls $0.10
Gregory.M23: folds 
alexwrtz: folds 
TIM4TA: folds 
Julian125: calls $0.05
Mahu2021: checks 
*** FLOP *** [Ah Qs 8c]
Julian125: checks 
Mahu2021: checks 
ionutz111ro: checks 
*** TURN *** [Ah Qs 8c] [Qc]
Julian125: bets $0.20
Mahu2021: folds 
ionutz111ro: folds 
Uncalled bet ($0.20) returned to Julian125
Julian125 collected $0.29 from pot
Julian125: doesn't show hand 
*** SUMMARY ***
Total pot $0.30 | Rake $0.01 
Board [Ah Qs 8c Qc]
Seat 1: TIM4TA (button) folded before Flop (didn't bet)
Seat 2: Julian125 (small blind) collected ($0.29)
Seat 3: Mahu2021 (big blind) folded on the Turn
Seat 4: ionutz111ro folded on the Turn
Seat 5: Gregory.M23 folded before Flop (didn't bet)
Seat 6: alexwrtz folded before Flop (didn't bet)



PokerStars Zoom Hand #254692256755:  Hold'em No Limit ($0.05/$0.10) - 2025/02/03 21:29:13 CET [2025/02/03 15:29:13 ET]
Table 'Aludra' 6-max Seat #1 is the button
Seat 1: im570rm ($19.17 in chips) 
Seat 2: jan rj-br ($35.56 in chips) 
Seat 3: anderetsu ($59.79 in chips) 
Seat 4: youngmin5034 ($15.32 in chips) 
Seat 5: grant8064 ($10 in chips) 
Seat 6: Mahu2021 ($9.85 in chips) 
jan rj-br: posts small blind $0.05
anderetsu: posts big blind $0.10
*** HOLE CARDS ***
Dealt to Mahu2021 [3h Td]
youngmin5034: folds 
grant8064: folds 
Mahu2021: folds 
im570rm: raises $0.12 to $0.22
jan rj-br: raises $0.77 to $0.99
anderetsu: folds 
im570rm: raises $0.77 to $1.76
jan rj-br: calls $0.77
*** FLOP *** [5s Th 3c]
jan rj-br: checks 
im570rm: bets $0.70
jan rj-br: calls $0.70
*** TURN *** [5s Th 3c] [3d]
jan rj-br: checks 
im570rm: bets $3.85
jan rj-br: folds 
Uncalled bet ($3.85) returned to im570rm
im570rm collected $4.79 from pot
im570rm: doesn't show hand 
*** SUMMARY ***
Total pot $5.02 | Rake $0.23 
Board [5s Th 3c 3d]
Seat 1: im570rm (button) collected ($4.79)
Seat 2: jan rj-br (small blind) folded on the Turn
Seat 3: anderetsu (big blind) folded before Flop
Seat 4: youngmin5034 folded before Flop (didn't bet)
Seat 5: grant8064 folded before Flop (didn't bet)
Seat 6: Mahu2021 folded before Flop (didn't bet)



PokerStars Zoom Hand #254692274288:  Hold'em No Limit ($0.05/$0.10) - 2025/02/03 21:30:06 CET [2025/02/03 15:30:06 ET]
Table 'Aludra' 6-max Seat #1 is the button
Seat 1: BxxgieBonus ($8.58 in chips) 
Seat 2: Mahu2021 ($9.75 in chips) 
Seat 3: Mark_Noble16 ($11.33 in chips) 
Seat 4: thorindorf ($9.70 in chips) 
Seat 5: MissusMac ($4.55 in chips) 
Seat 6: AlvinoD ($15.17 in chips) 
Mahu2021: posts small blind $0.05
Mark_Noble16: posts big blind $0.10
*** HOLE CARDS ***
Dealt to Mahu2021 [As Qh]
thorindorf: folds 
MissusMac: calls $0.10
AlvinoD: folds 
BxxgieBonus: folds 
Mahu2021: calls $0.05
Mark_Noble16: checks 
*** FLOP *** [2d Jc Ks]
Mahu2021: checks 
Mark_Noble16: checks 
MissusMac: bets $0.10
Mahu2021: calls $0.10
Mark_Noble16: folds 
*** TURN *** [2d Jc Ks] [5h]
Mahu2021: checks 
MissusMac: bets $0.10
Mahu2021: calls $0.10
*** RIVER *** [2d Jc Ks 5h] [Td]
Mahu2021: bets $9.45 and is all-in
MissusMac: folds 
Uncalled bet ($9.45) returned to Mahu2021
Mahu2021 collected $0.67 from pot
Mahu2021: doesn't show hand 
*** SUMMARY ***
Total pot $0.70 | Rake $0.03 
Board [2d Jc Ks 5h Td]
Seat 1: BxxgieBonus (button) folded before Flop (didn't bet)
Seat 2: Mahu2021 (small blind) collected ($0.67)
Seat 3: Mark_Noble16 (big blind) folded on the Flop
Seat 4: thorindorf folded before Flop (didn't bet)
Seat 5: MissusMac folded on the River
Seat 6: AlvinoD folded before Flop (didn't bet)



PokerStars Zoom Hand #254692288032:  Hold'em No Limit ($0.05/$0.10) - 2025/02/03 21:30:47 CET [2025/02/03 15:30:47 ET]
Table 'Aludra' 6-max Seat #1 is the button
Seat 1: Mark_Noble16 ($33 in chips) 
Seat 2: Aldo1482 ($3.99 in chips) 
Seat 3: Danielitoosk ($12.24 in chips) 
Seat 4: alydzi ($10.28 in chips) 
Seat 5: Mahu2021 ($10.12 in chips) 
Seat 6: TIM4TA ($26.76 in chips) 
Aldo1482: posts small blind $0.05
Danielitoosk: posts big blind $0.10
*** HOLE CARDS ***
Dealt to Mahu2021 [6s Qc]
alydzi: folds 
Mahu2021: folds 
TIM4TA: folds 
Mark_Noble16: folds 
Aldo1482: folds 
Uncalled bet ($0.05) returned to Danielitoosk
Danielitoosk collected $0.10 from pot
Danielitoosk: doesn't show hand 
*** SUMMARY ***
Total pot $0.10 | Rake $0 
Seat 1: Mark_Noble16 (button) folded before Flop (didn't bet)
Seat 2: Aldo1482 (small blind) folded before Flop
Seat 3: Danielitoosk (big blind) collected ($0.10)
Seat 4: alydzi folded before Flop (didn't bet)
Seat 5: Mahu2021 folded before Flop (didn't bet)
Seat 6: TIM4TA folded before Flop (didn't bet)



PokerStars Zoom Hand #254692273069:  Hold'em No Limit ($0.05/$0.10) - 2025/02/03 21:30:02 CET [2025/02/03 15:30:02 ET]
Table 'Aludra' 6-max Seat #1 is the button
Seat 1: sn4p_b4ck ($14.43 in chips) 
Seat 2: 42Oedipius ($19.73 in chips) 
Seat 3: ValenFer777 ($7.90 in chips) 
Seat 4: JonKing75 ($17.95 in chips) 
Seat 5: Mahu2021 ($9.75 in chips) 
Seat 6: MaeBolada ($15.03 in chips) 
42Oedipius: posts small blind $0.05
ValenFer777: posts big blind $0.10
*** HOLE CARDS ***
Dealt to Mahu2021 [7h Qc]
JonKing75: folds 
Mahu2021: folds 
MaeBolada: folds 
sn4p_b4ck: raises $0.15 to $0.25
42Oedipius: raises $0.65 to $0.90
ValenFer777: folds 
sn4p_b4ck: calls $0.65
*** FLOP *** [Jd 3d 5c]
42Oedipius: checks 
sn4p_b4ck: bets $1.81
42Oedipius: folds 
Uncalled bet ($1.81) returned to sn4p_b4ck
sn4p_b4ck collected $1.81 from pot
sn4p_b4ck: doesn't show hand 
*** SUMMARY ***
Total pot $1.90 | Rake $0.09 
Board [Jd 3d 5c]
Seat 1: sn4p_b4ck (button) collected ($1.81)
Seat 2: 42Oedipius (small blind) folded on the Flop
Seat 3: ValenFer777 (big blind) folded before Flop
Seat 4: JonKing75 folded before Flop (didn't bet)
Seat 5: Mahu2021 folded before Flop (didn't bet)
Seat 6: MaeBolada folded before Flop (didn't bet)



PokerStars Zoom Hand #254692289332:  Hold'em No Limit ($0.05/$0.10) - 2025/02/03 21:30:51 CET [2025/02/03 15:30:51 ET]
Table 'Aludra' 6-max Seat #1 is the button
Seat 1: XR7C ($5.14 in chips) 
Seat 2: dolcevita42 ($7.97 in chips) 
Seat 3: Mahu2021 ($10.12 in chips) 
Seat 4: m0nster1989_ ($11.43 in chips) 
Seat 5: VAJACKO ($10 in chips) 
Seat 6: bvb999 ($14.47 in chips) 
dolcevita42: posts small blind $0.05
Mahu2021: posts big blind $0.10
*** HOLE CARDS ***
Dealt to Mahu2021 [3d 2s]
m0nster1989_: folds 
VAJACKO: folds 
bvb999: folds 
XR7C: raises $0.20 to $0.30
dolcevita42: folds 
Mahu2021: folds 
Uncalled bet ($0.20) returned to XR7C
XR7C collected $0.25 from pot
XR7C: doesn't show hand 
*** SUMMARY ***
Total pot $0.25 | Rake $0 
Seat 1: XR7C (button) collected ($0.25)
Seat 2: dolcevita42 (small blind) folded before Flop
Seat 3: Mahu2021 (big blind) folded before Flop
Seat 4: m0nster1989_ folded before Flop (didn't bet)
Seat 5: VAJACKO folded before Flop (didn't bet)
Seat 6: bvb999 folded before Flop (didn't bet)



PokerStars Zoom Hand #254692286379:  Hold'em No Limit ($0.05/$0.10) - 2025/02/03 21:30:42 CET [2025/02/03 15:30:42 ET]
Table 'Aludra' 6-max Seat #1 is the button
Seat 1: ValenFer777 ($8.03 in chips) 
Seat 2: MMRCM ($5.28 in chips) 
Seat 3: anto&cristi ($5.02 in chips) 
Seat 4: ProjectPokerPro ($10.75 in chips) 
Seat 5: Einherjer91 ($10 in chips) 
Seat 6: Mahu2021 ($10.12 in chips) 
MMRCM: posts small blind $0.05
anto&cristi: posts big blind $0.10
*** HOLE CARDS ***
Dealt to Mahu2021 [Kh 9s]
ProjectPokerPro: raises $0.10 to $0.20
Einherjer91: folds 
Mahu2021: folds 
ValenFer777: calls $0.20
MMRCM: folds 
anto&cristi: calls $0.10
*** FLOP *** [4h 5c 8c]
anto&cristi: checks 
ProjectPokerPro: checks 
ValenFer777: checks 
*** TURN *** [4h 5c 8c] [9d]
anto&cristi: bets $0.31
ProjectPokerPro: folds 
ValenFer777: calls $0.31
*** RIVER *** [4h 5c 8c 9d] [Kd]
anto&cristi: bets $0.61
ValenFer777: folds 
Uncalled bet ($0.61) returned to anto&cristi
anto&cristi collected $1.21 from pot
anto&cristi: doesn't show hand 
*** SUMMARY ***
Total pot $1.27 | Rake $0.06 
Board [4h 5c 8c 9d Kd]
Seat 1: ValenFer777 (button) folded on the River
Seat 2: MMRCM (small blind) folded before Flop
Seat 3: anto&cristi (big blind) collected ($1.21)
Seat 4: ProjectPokerPro folded on the Turn
Seat 5: Einherjer91 folded before Flop (didn't bet)
Seat 6: Mahu2021 folded before Flop (didn't bet)



PokerStars Zoom Hand #254692271765:  Hold'em No Limit ($0.05/$0.10) - 2025/02/03 21:29:58 CET [2025/02/03 15:29:58 ET]
Table 'Aludra' 6-max Seat #1 is the button
Seat 1: Mahu2021 ($9.75 in chips) 
Seat 2: getaddicted ($10.26 in chips) 
Seat 3: cochina266 ($10.15 in chips) 
Seat 4: ptitpanda22 ($15.21 in chips) 
Seat 5: alexwrtz ($24.48 in chips) 
Seat 6: sn4p_b4ck ($8.45 in chips) 
getaddicted: posts small blind $0.05
cochina266: posts big blind $0.10
*** HOLE CARDS ***
Dealt to Mahu2021 [3c Ks]
ptitpanda22: folds 
alexwrtz: folds 
sn4p_b4ck: folds 
Mahu2021: folds 
getaddicted: raises $0.20 to $0.30
cochina266: calls $0.20
*** FLOP *** [4s Kh Qh]
getaddicted: checks 
cochina266: bets $0.19
getaddicted: calls $0.19
*** TURN *** [4s Kh Qh] [Jd]
getaddicted: checks 
cochina266: checks 
*** RIVER *** [4s Kh Qh Jd] [2h]
getaddicted: bets $0.31
cochina266: folds 
Uncalled bet ($0.31) returned to getaddicted
getaddicted collected $0.93 from pot
getaddicted: doesn't show hand 
*** SUMMARY ***
Total pot $0.98 | Rake $0.05 
Board [4s Kh Qh Jd 2h]
Seat 1: Mahu2021 (button) folded before Flop (didn't bet)
Seat 2: getaddicted (small blind) collected ($0.93)
Seat 3: cochina266 (big blind) folded on the River
Seat 4: ptitpanda22 folded before Flop (didn't bet)
Seat 5: alexwrtz folded before Flop (didn't bet)
Seat 6: sn4p_b4ck folded before Flop (didn't bet)



PokerStars Zoom Hand #254692294349:  Hold'em No Limit ($0.05/$0.10) - 2025/02/03 21:31:06 CET [2025/02/03 15:31:06 ET]
Table 'Aludra' 6-max Seat #1 is the button
Seat 1: StoTheV11 ($10.53 in chips) 
Seat 2: jan rj-br ($33.30 in chips) 
Seat 3: Danielitoosk ($11.49 in chips) 
Seat 4: catastrevas ($10.37 in chips) 
Seat 5: TheLonelyGuy ($11.22 in chips) 
Seat 6: Mahu2021 ($10.02 in chips) 
jan rj-br: posts small blind $0.05
Danielitoosk: posts big blind $0.10
*** HOLE CARDS ***
Dealt to Mahu2021 [Ah Kc]
catastrevas: folds 
TheLonelyGuy: raises $0.10 to $0.20
Mahu2021: calls $0.20
StoTheV11: folds 
jan rj-br: folds 
Danielitoosk: calls $0.10
*** FLOP *** [Ad 5d 3h]
Danielitoosk: checks 
TheLonelyGuy: checks 
Mahu2021: checks 
*** TURN *** [Ad 5d 3h] [6h]
Danielitoosk: checks 
TheLonelyGuy: checks 
Mahu2021: bets $0.62
Danielitoosk: folds 
TheLonelyGuy: folds 
Uncalled bet ($0.62) returned to Mahu2021
Mahu2021 collected $0.62 from pot
Mahu2021: doesn't show hand 
*** SUMMARY ***
Total pot $0.65 | Rake $0.03 
Board [Ad 5d 3h 6h]
Seat 1: StoTheV11 (button) folded before Flop (didn't bet)
Seat 2: jan rj-br (small blind) folded before Flop
Seat 3: Danielitoosk (big blind) folded on the Turn
Seat 4: catastrevas folded before Flop (didn't bet)
Seat 5: TheLonelyGuy folded on the Turn
Seat 6: Mahu2021 collected ($0.62)



PokerStars Zoom Hand #254692304718:  Hold'em No Limit ($0.05/$0.10) - 2025/02/03 21:31:37 CET [2025/02/03 15:31:37 ET]
Table 'Aludra' 6-max Seat #1 is the button
Seat 1: jan rj-br ($33.10 in chips) 
Seat 2: TOBI 1992 ($12.56 in chips) 
Seat 3: Dryk_2914 ($22.64 in chips) 
Seat 4: Mahu2021 ($10.44 in chips) 
Seat 5: Danielitoosk ($11.29 in chips) 
Seat 6: ValenFer777 ($7.42 in chips) 
TOBI 1992: posts small blind $0.05
Dryk_2914: posts big blind $0.10
*** HOLE CARDS ***
Dealt to Mahu2021 [2c 6d]
Mahu2021: folds 
Danielitoosk: raises $0.10 to $0.20
ValenFer777: raises $0.40 to $0.60
jan rj-br: folds 
TOBI 1992: folds 
Dryk_2914: folds 
Danielitoosk: calls $0.40
*** FLOP *** [6h 2d 6s]
Danielitoosk: checks 
ValenFer777: bets $0.65
Danielitoosk: folds 
Uncalled bet ($0.65) returned to ValenFer777
ValenFer777 collected $1.29 from pot
ValenFer777: doesn't show hand 
*** SUMMARY ***
Total pot $1.35 | Rake $0.06 
Board [6h 2d 6s]
Seat 1: jan rj-br (button) folded before Flop (didn't bet)
Seat 2: TOBI 1992 (small blind) folded before Flop
Seat 3: Dryk_2914 (big blind) folded before Flop
Seat 4: Mahu2021 folded before Flop (didn't bet)
Seat 5: Danielitoosk folded on the Flop
Seat 6: ValenFer777 collected ($1.29)



PokerStars Zoom Hand #254692306337:  Hold'em No Limit ($0.05/$0.10) - 2025/02/03 21:31:42 CET [2025/02/03 15:31:42 ET]
Table 'Aludra' 6-max Seat #1 is the button
Seat 1: bvb999 ($10 in chips) 
Seat 2: Mahu2021 ($10.44 in chips) 
Seat 3: apicius2 ($18.43 in chips) 
Seat 4: Gregory.M23 ($15.72 in chips) 
Seat 5: Aldo1482 ($8.04 in chips) 
Seat 6: Gimme63 ($10.21 in chips) 
Mahu2021: posts small blind $0.05
apicius2: posts big blind $0.10
*** HOLE CARDS ***
Dealt to Mahu2021 [Td 8h]
Gregory.M23: folds 
Aldo1482: calls $0.10
Gimme63: folds 
bvb999: raises $0.30 to $0.40
Mahu2021: folds 
apicius2: folds 
Aldo1482: calls $0.30
*** FLOP *** [8d 2h 3s]
Aldo1482: checks 
bvb999: bets $0.30
Aldo1482: folds 
Uncalled bet ($0.30) returned to bvb999
bvb999 collected $0.91 from pot
bvb999: doesn't show hand 
*** SUMMARY ***
Total pot $0.95 | Rake $0.04 
Board [8d 2h 3s]
Seat 1: bvb999 (button) collected ($0.91)
Seat 2: Mahu2021 (small blind) folded before Flop
Seat 3: apicius2 (big blind) folded before Flop
Seat 4: Gregory.M23 folded before Flop (didn't bet)
Seat 5: Aldo1482 folded on the Flop
Seat 6: Gimme63 folded before Flop (didn't bet)



PokerStars Zoom Hand #254692310724:  Hold'em No Limit ($0.05/$0.10) - 2025/02/03 21:31:55 CET [2025/02/03 15:31:55 ET]
Table 'Aludra' 6-max Seat #1 is the button
Seat 1: Karmatbet ($9.82 in chips) 
Seat 2: Schwaelmer40 ($7.01 in chips) 
Seat 3: Mahu2021 ($10.39 in chips) 
Seat 4: justfold1992 ($17.37 in chips) 
Seat 5: Jedson70 ($8.82 in chips) 
Seat 6: JonKing75 ($17.26 in chips) 
Schwaelmer40: posts small blind $0.05
Mahu2021: posts big blind $0.10
*** HOLE CARDS ***
Dealt to Mahu2021 [Jh 9d]
justfold1992: raises $0.12 to $0.22
Jedson70: folds 
JonKing75: raises $0.58 to $0.80
Karmatbet: folds 
Schwaelmer40: folds 
Mahu2021: folds 
justfold1992: raises $1.60 to $2.40
JonKing75: folds 
Uncalled bet ($1.60) returned to justfold1992
justfold1992 collected $1.75 from pot
justfold1992: doesn't show hand 
*** SUMMARY ***
Total pot $1.75 | Rake $0 
Seat 1: Karmatbet (button) folded before Flop (didn't bet)
Seat 2: Schwaelmer40 (small blind) folded before Flop
Seat 3: Mahu2021 (big blind) folded before Flop
Seat 4: justfold1992 collected ($1.75)
Seat 5: Jedson70 folded before Flop (didn't bet)
Seat 6: JonKing75 folded before Flop



PokerStars Zoom Hand #254692309333:  Hold'em No Limit ($0.05/$0.10) - 2025/02/03 21:31:51 CET [2025/02/03 15:31:51 ET]
Table 'Aludra' 6-max Seat #1 is the button
Seat 1: Mahu2021 ($10.39 in chips) 
Seat 2: Jamie_McPartlin ($10.73 in chips) 
Seat 3: Cristi/Arg ($10 in chips) 
Seat 4: anderetsu ($16.82 in chips) 
Seat 5: youngmin5034 ($64.27 in chips) 
Seat 6: barryedmunds ($14.24 in chips) 
Jamie_McPartlin: posts small blind $0.05
Cristi/Arg: posts big blind $0.10
*** HOLE CARDS ***
Dealt to Mahu2021 [Jd 6s]
anderetsu: raises $0.10 to $0.20
youngmin5034: folds 
barryedmunds: folds 
Mahu2021: folds 
Jamie_McPartlin: folds 
Cristi/Arg: calls $0.10
*** FLOP *** [9d Kc Jc]
Cristi/Arg: checks 
anderetsu: bets $0.14
Cristi/Arg: raises $0.53 to $0.67
anderetsu: calls $0.53
*** TURN *** [9d Kc Jc] [8h]
Cristi/Arg: bets $1.71
anderetsu: folds 
Uncalled bet ($1.71) returned to Cristi/Arg
Cristi/Arg collected $1.71 from pot
Cristi/Arg: doesn't show hand 
*** SUMMARY ***
Total pot $1.79 | Rake $0.08 
Board [9d Kc Jc 8h]
Seat 1: Mahu2021 (button) folded before Flop (didn't bet)
Seat 2: Jamie_McPartlin (small blind) folded before Flop
Seat 3: Cristi/Arg (big blind) collected ($1.71)
Seat 4: anderetsu folded on the Turn
Seat 5: youngmin5034 folded before Flop (didn't bet)
Seat 6: barryedmunds folded before Flop (didn't bet)



PokerStars Zoom Hand #254692321320:  Hold'em No Limit ($0.05/$0.10) - 2025/02/03 21:32:28 CET [2025/02/03 15:32:28 ET]
Table 'Aludra' 6-max Seat #1 is the button
Seat 1: Gregory.M23 ($25.23 in chips) 
Seat 2: DOGYU ($26.81 in chips) 
Seat 3: pougia777 ($11.78 in chips) 
Seat 4: nathanjones12 ($10 in chips) 
Seat 5: Mahu2021 ($10.09 in chips) 
Seat 6: Karmatbet ($9.82 in chips) 
DOGYU: posts small blind $0.05
pougia777: posts big blind $0.10
*** HOLE CARDS ***
Dealt to Mahu2021 [2s Ts]
nathanjones12: raises $0.12 to $0.22
Mahu2021: folds 
Karmatbet: folds 
Gregory.M23: folds 
DOGYU: folds 
pougia777: raises $0.72 to $0.94
nathanjones12: folds 
Uncalled bet ($0.72) returned to pougia777
pougia777 collected $0.49 from pot
pougia777: doesn't show hand 
*** SUMMARY ***
Total pot $0.49 | Rake $0 
Seat 1: Gregory.M23 (button) folded before Flop (didn't bet)
Seat 2: DOGYU (small blind) folded before Flop
Seat 3: pougia777 (big blind) collected ($0.49)
Seat 4: nathanjones12 folded before Flop
Seat 5: Mahu2021 folded before Flop (didn't bet)
Seat 6: Karmatbet folded before Flop (didn't bet)



PokerStars Zoom Hand #254692323899:  Hold'em No Limit ($0.05/$0.10) - 2025/02/03 21:32:36 CET [2025/02/03 15:32:36 ET]
Table 'Aludra' 6-max Seat #1 is the button
Seat 1: Einherjer91 ($10.25 in chips) 
Seat 2: Gregory.M23 ($24.45 in chips) 
Seat 3: orca2025 ($14.57 in chips) 
Seat 4: im570rm ($24.70 in chips) 
Seat 5: Guzm0Nc ($10 in chips) 
Seat 6: Mahu2021 ($10.04 in chips) 
Gregory.M23: posts small blind $0.05
orca2025: posts big blind $0.10
*** HOLE CARDS ***
Dealt to Mahu2021 [7d 7c]
im570rm: raises $0.12 to $0.22
Guzm0Nc: folds 
Mahu2021: calls $0.22
Einherjer91: folds 
Gregory.M23: calls $0.17
orca2025: folds 
*** FLOP *** [Td Qc 9s]
Gregory.M23: checks 
im570rm: bets $0.24
Mahu2021: folds 
Gregory.M23: folds 
Uncalled bet ($0.24) returned to im570rm
im570rm collected $0.73 from pot
im570rm: doesn't show hand 
*** SUMMARY ***
Total pot $0.76 | Rake $0.03 
Board [Td Qc 9s]
Seat 1: Einherjer91 (button) folded before Flop (didn't bet)
Seat 2: Gregory.M23 (small blind) folded on the Flop
Seat 3: orca2025 (big blind) folded before Flop
Seat 4: im570rm collected ($0.73)
Seat 5: Guzm0Nc folded before Flop (didn't bet)
Seat 6: Mahu2021 folded on the Flop



PokerStars Zoom Hand #254692322564:  Hold'em No Limit ($0.05/$0.10) - 2025/02/03 21:32:31 CET [2025/02/03 15:32:31 ET]
Table 'Aludra' 6-max Seat #1 is the button
Seat 1: kmnfst ($26.02 in chips) 
Seat 2: Mahu2021 ($10.09 in chips) 
Seat 3: Cle0patr4 ($23.40 in chips) 
Seat 4: Einherjer91 ($10.25 in chips) 
Seat 5: StoTheV11 ($10.28 in chips) 
Seat 6: epejoo ($25.81 in chips) 
Mahu2021: posts small blind $0.05
Cle0patr4: posts big blind $0.10
*** HOLE CARDS ***
Dealt to Mahu2021 [6d Kc]
Einherjer91: folds 
StoTheV11: raises $0.20 to $0.30
epejoo: folds 
kmnfst: raises $0.60 to $0.90
Mahu2021: folds 
Cle0patr4: folds 
StoTheV11: calls $0.60
*** FLOP *** [Jc Qd Kd]
StoTheV11: checks 
kmnfst: bets $1.02
StoTheV11: calls $1.02
*** TURN *** [Jc Qd Kd] [3d]
StoTheV11: bets $1.26
kmnfst: calls $1.26
*** RIVER *** [Jc Qd Kd 3d] [Qc]
StoTheV11: bets $1.90
kmnfst: calls $1.90
*** SHOW DOWN ***
StoTheV11: shows [Ad Jh] (two pair, Queens and Jacks)
kmnfst: shows [Qs Td] (three of a kind, Queens)
kmnfst collected $9.85 from pot
*** SUMMARY ***
Total pot $10.31 | Rake $0.46 
Board [Jc Qd Kd 3d Qc]
Seat 1: kmnfst (button) showed [Qs Td] and won ($9.85) with three of a kind, Queens
Seat 2: Mahu2021 (small blind) folded before Flop
Seat 3: Cle0patr4 (big blind) folded before Flop
Seat 4: Einherjer91 folded before Flop (didn't bet)
Seat 5: StoTheV11 showed [Ad Jh] and lost with two pair, Queens and Jacks
Seat 6: epejoo folded before Flop (didn't bet)



PokerStars Zoom Hand #254692315385:  Hold'em No Limit ($0.05/$0.10) - 2025/02/03 21:32:09 CET [2025/02/03 15:32:09 ET]
Table 'Aludra' 6-max Seat #1 is the button
Seat 1: Mahu2021 ($10.29 in chips) 
Seat 2: ionutz111ro ($10.27 in chips) 
Seat 3: kmnfst ($21.05 in chips) 
Seat 4: epejoo ($49.28 in chips) 
Seat 5: MaeBolada ($14.63 in chips) 
Seat 6: VAJACKO ($11.53 in chips) 
ionutz111ro: posts small blind $0.05
kmnfst: posts big blind $0.10
*** HOLE CARDS ***
Dealt to Mahu2021 [Kh Jd]
epejoo: raises $0.10 to $0.20
MaeBolada: folds 
VAJACKO: folds 
Mahu2021: calls $0.20
ionutz111ro: folds 
kmnfst: raises $0.80 to $1
epejoo: calls $0.80
Mahu2021: folds 
*** FLOP *** [7s 2c Qc]
kmnfst: bets $1.18
epejoo: calls $1.18
*** TURN *** [7s 2c Qc] [Qd]
kmnfst: bets $2.20
epejoo: folds 
Uncalled bet ($2.20) returned to kmnfst
kmnfst collected $4.40 from pot
kmnfst: doesn't show hand 
*** SUMMARY ***
Total pot $4.61 | Rake $0.21 
Board [7s 2c Qc Qd]
Seat 1: Mahu2021 (button) folded before Flop
Seat 2: ionutz111ro (small blind) folded before Flop
Seat 3: kmnfst (big blind) collected ($4.40)
Seat 4: epejoo folded on the Turn
Seat 5: MaeBolada folded before Flop (didn't bet)
Seat 6: VAJACKO folded before Flop (didn't bet)



PokerStars Zoom Hand #254692333160:  Hold'em No Limit ($0.05/$0.10) - 2025/02/03 21:33:04 CET [2025/02/03 15:33:04 ET]
Table 'Aludra' 6-max Seat #1 is the button
Seat 1: Karmatbet ($10.11 in chips) 
Seat 2: JonKing75 ($10.15 in chips) 
Seat 3: qhtjd0303 ($58.43 in chips) 
Seat 4: Mahu2021 ($9.82 in chips) 
Seat 5: alexwrtz ($25.14 in chips) 
Seat 6: AlvinoD ($11.26 in chips) 
JonKing75: posts small blind $0.05
qhtjd0303: posts big blind $0.10
*** HOLE CARDS ***
Dealt to Mahu2021 [Kh As]
Mahu2021: raises $0.14 to $0.24
alexwrtz: folds 
AlvinoD: folds 
Karmatbet: folds 
JonKing75: folds 
qhtjd0303: calls $0.14
*** FLOP *** [8d Tc 3c]
qhtjd0303: checks 
Mahu2021: checks 
*** TURN *** [8d Tc 3c] [2h]
qhtjd0303: checks 
Mahu2021: checks 
*** RIVER *** [8d Tc 3c 2h] [Kd]
qhtjd0303: checks 
Mahu2021: bets $0.51
qhtjd0303: calls $0.51
*** SHOW DOWN ***
Mahu2021: shows [Kh As] (a pair of Kings)
qhtjd0303: mucks hand 
Mahu2021 collected $1.48 from pot
*** SUMMARY ***
Total pot $1.55 | Rake $0.07 
Board [8d Tc 3c 2h Kd]
Seat 1: Karmatbet (button) folded before Flop (didn't bet)
Seat 2: JonKing75 (small blind) folded before Flop
Seat 3: qhtjd0303 (big blind) mucked [Ac 7c]
Seat 4: Mahu2021 showed [Kh As] and won ($1.48) with a pair of Kings
Seat 5: alexwrtz folded before Flop (didn't bet)
Seat 6: AlvinoD folded before Flop (didn't bet)



PokerStars Zoom Hand #254692344135:  Hold'em No Limit ($0.05/$0.10) - 2025/02/03 21:33:37 CET [2025/02/03 15:33:37 ET]
Table 'Aludra' 6-max Seat #1 is the button
Seat 1: MaeBolada ($14.56 in chips) 
Seat 2: thanson17 ($5 in chips) 
Seat 3: Mahu2021 ($10.55 in chips) 
Seat 4: Viktor Ivanov75 ($10.20 in chips) 
Seat 5: im570rm ($17.97 in chips) 
Seat 6: hiding.by ($10.66 in chips) 
thanson17: posts small blind $0.05
Mahu2021: posts big blind $0.10
*** HOLE CARDS ***
Dealt to Mahu2021 [7s 6s]
Viktor Ivanov75: folds 
im570rm: folds 
hiding.by: folds 
MaeBolada: raises $0.20 to $0.30
thanson17: folds 
Mahu2021: calls $0.20
*** FLOP *** [2s 5h Jh]
Mahu2021: checks 
MaeBolada: bets $0.20
Mahu2021: folds 
Uncalled bet ($0.20) returned to MaeBolada
MaeBolada collected $0.62 from pot
MaeBolada: doesn't show hand 
*** SUMMARY ***
Total pot $0.65 | Rake $0.03 
Board [2s 5h Jh]
Seat 1: MaeBolada (button) collected ($0.62)
Seat 2: thanson17 (small blind) folded before Flop
Seat 3: Mahu2021 (big blind) folded on the Flop
Seat 4: Viktor Ivanov75 folded before Flop (didn't bet)
Seat 5: im570rm folded before Flop (didn't bet)
Seat 6: hiding.by folded before Flop (didn't bet)



PokerStars Zoom Hand #254692352907:  Hold'em No Limit ($0.05/$0.10) - 2025/02/03 21:34:03 CET [2025/02/03 15:34:03 ET]
Table 'Aludra' 6-max Seat #1 is the button
Seat 1: janeka62 ($6.56 in chips) 
Seat 2: wheresdaluck ($10.30 in chips) 
Seat 3: sharman5 ($8.16 in chips) 
Seat 4: Mahu2021 ($10.25 in chips) 
Seat 5: StoTheV11 ($10.22 in chips) 
Seat 6: BxxgieBonus ($6.07 in chips) 
wheresdaluck: posts small blind $0.05
sharman5: posts big blind $0.10
*** HOLE CARDS ***
Dealt to Mahu2021 [6s 5s]
Mahu2021: raises $0.14 to $0.24
StoTheV11: folds 
BxxgieBonus: folds 
janeka62: folds 
wheresdaluck: folds 
sharman5: raises $0.26 to $0.50
Mahu2021: calls $0.26
*** FLOP *** [7s Kd 8s]
sharman5: bets $0.40
Mahu2021: calls $0.40
*** TURN *** [7s Kd 8s] [Kh]
sharman5: bets $0.50
Mahu2021: calls $0.50
*** RIVER *** [7s Kd 8s Kh] [9d]
sharman5: checks 
Mahu2021: bets $2.72
sharman5: calls $2.72
*** SHOW DOWN ***
Mahu2021: shows [6s 5s] (a straight, Five to Nine)
sharman5: mucks hand 
Mahu2021 collected $7.92 from pot
*** SUMMARY ***
Total pot $8.29 | Rake $0.37 
Board [7s Kd 8s Kh 9d]
Seat 1: janeka62 (button) folded before Flop (didn't bet)
Seat 2: wheresdaluck (small blind) folded before Flop
Seat 3: sharman5 (big blind) mucked [Td Ts]
Seat 4: Mahu2021 showed [6s 5s] and won ($7.92) with a straight, Five to Nine
Seat 5: StoTheV11 folded before Flop (didn't bet)
Seat 6: BxxgieBonus folded before Flop (didn't bet)



