PokerStars Hand #251596020956: Tournament #3780305655, $1.84+$0.16 USD Hold'em No Limit - Level I (10/20) - 2024/07/21 17:10:02 CET [2024/07/21 11:10:02 ET]
Table '3780305655 1' 3-max Seat #1 is the button
Seat 1: Mahu2021 (500 in chips) 
Seat 2: moacirsapelli (500 in chips) 
Seat 3: Justfleisch (500 in chips) 
moacirsapelli: posts small blind 10
Justfleisch: posts big blind 20
*** HOLE CARDS ***
Dealt to Mahu2021 [Ks 8h]
Mahu2021: calls 20
moacirsapelli: calls 10
Justfleisch: checks 
*** FLOP *** [9c 2h 9d]
moacirsapelli: checks 
Justfleisch: checks 
Mahu2021: checks 
*** TURN *** [9c 2h 9d] [Kh]
moacirsapelli: bets 20
Justfleisch: folds 
Mahu2021: calls 20
*** RIVER *** [9c 2h 9d Kh] [Tc]
moacirsapelli: bets 100
Mahu2021: calls 100
*** SHOW DOWN ***
moacirsapelli: shows [2d Ts] (two pair, Tens and Nines)
Mahu2021: shows [Ks 8h] (two pair, Kings and Nines)
Mahu2021 collected 300 from pot
*** SUMMARY ***
Total pot 300 | Rake 0 
Board [9c 2h 9d Kh Tc]
Seat 1: Mahu2021 (button) showed [Ks 8h] and won (300) with two pair, Kings and Nines
Seat 2: moacirsapelli (small blind) showed [2d Ts] and lost with two pair, Tens and Nines
Seat 3: Justfleisch (big blind) folded on the Turn



PokerStars Hand #251596028237: Tournament #3780305655, $1.84+$0.16 USD Hold'em No Limit - Level I (10/20) - 2024/07/21 17:10:31 CET [2024/07/21 11:10:31 ET]
Table '3780305655 1' 3-max Seat #2 is the button
Seat 1: Mahu2021 (660 in chips) 
Seat 2: moacirsapelli (360 in chips) 
Seat 3: Justfleisch (480 in chips) 
Justfleisch: posts small blind 10
Mahu2021: posts big blind 20
*** HOLE CARDS ***
Dealt to Mahu2021 [Th As]
moacirsapelli: calls 20
Justfleisch: folds 
Mahu2021: checks 
*** FLOP *** [5h Ks Td]
Mahu2021: checks 
moacirsapelli: checks 
*** TURN *** [5h Ks Td] [2c]
Mahu2021: checks 
moacirsapelli: checks 
*** RIVER *** [5h Ks Td 2c] [Ac]
Mahu2021: bets 50
moacirsapelli has timed out
moacirsapelli: folds 
moacirsapelli is sitting out
Uncalled bet (50) returned to Mahu2021
Mahu2021 collected 50 from pot
Mahu2021: doesn't show hand 
moacirsapelli has returned
*** SUMMARY ***
Total pot 50 | Rake 0 
Board [5h Ks Td 2c Ac]
Seat 1: Mahu2021 (big blind) collected (50)
Seat 2: moacirsapelli (button) folded on the River
Seat 3: Justfleisch (small blind) folded before Flop



PokerStars Hand #251596041651: Tournament #3780305655, $1.84+$0.16 USD Hold'em No Limit - Level I (10/20) - 2024/07/21 17:11:24 CET [2024/07/21 11:11:24 ET]
Table '3780305655 1' 3-max Seat #3 is the button
Seat 1: Mahu2021 (690 in chips) 
Seat 2: moacirsapelli (340 in chips) 
Seat 3: Justfleisch (470 in chips) 
Mahu2021: posts small blind 10
moacirsapelli: posts big blind 20
*** HOLE CARDS ***
Dealt to Mahu2021 [7s Tc]
Justfleisch: calls 20
Mahu2021: folds 
moacirsapelli has timed out
moacirsapelli: checks 
*** FLOP *** [Ad 6c 9c]
moacirsapelli: checks 
Justfleisch: bets 20
moacirsapelli has timed out
moacirsapelli: folds 
moacirsapelli is sitting out
Uncalled bet (20) returned to Justfleisch
Justfleisch collected 50 from pot
moacirsapelli has returned
*** SUMMARY ***
Total pot 50 | Rake 0 
Board [Ad 6c 9c]
Seat 1: Mahu2021 (small blind) folded before Flop
Seat 2: moacirsapelli (big blind) folded on the Flop
Seat 3: Justfleisch (button) collected (50)



PokerStars Hand #251596052832: Tournament #3780305655, $1.84+$0.16 USD Hold'em No Limit - Level I (10/20) - 2024/07/21 17:12:08 CET [2024/07/21 11:12:08 ET]
Table '3780305655 1' 3-max Seat #1 is the button
Seat 1: Mahu2021 (680 in chips) 
Seat 2: moacirsapelli (320 in chips) 
Seat 3: Justfleisch (500 in chips) 
moacirsapelli: posts small blind 10
Justfleisch: posts big blind 20
*** HOLE CARDS ***
Dealt to Mahu2021 [5h 8d]
Mahu2021: folds 
moacirsapelli: calls 10
Justfleisch: raises 20 to 40
moacirsapelli: calls 20
*** FLOP *** [7h 4d 5c]
moacirsapelli: checks 
Justfleisch: bets 20
moacirsapelli: calls 20
*** TURN *** [7h 4d 5c] [Kd]
moacirsapelli: checks 
Justfleisch: checks 
*** RIVER *** [7h 4d 5c Kd] [4s]
moacirsapelli: checks 
Justfleisch: checks 
*** SHOW DOWN ***
moacirsapelli: shows [9d 6c] (a pair of Fours)
Justfleisch: shows [As Qh] (a pair of Fours - Ace kicker)
Justfleisch collected 120 from pot
*** SUMMARY ***
Total pot 120 | Rake 0 
Board [7h 4d 5c Kd 4s]
Seat 1: Mahu2021 (button) folded before Flop (didn't bet)
Seat 2: moacirsapelli (small blind) showed [9d 6c] and lost with a pair of Fours
Seat 3: Justfleisch (big blind) showed [As Qh] and won (120) with a pair of Fours



PokerStars Hand #251596068141: Tournament #3780305655, $1.84+$0.16 USD Hold'em No Limit - Level II (15/30) - 2024/07/21 17:13:09 CET [2024/07/21 11:13:09 ET]
Table '3780305655 1' 3-max Seat #2 is the button
Seat 1: Mahu2021 (680 in chips) 
Seat 2: moacirsapelli (260 in chips) 
Seat 3: Justfleisch (560 in chips) 
Justfleisch: posts small blind 15
Mahu2021: posts big blind 30
*** HOLE CARDS ***
Dealt to Mahu2021 [4c 8h]
moacirsapelli: calls 30
Justfleisch: calls 15
Mahu2021: checks 
*** FLOP *** [6h 6d 2d]
Justfleisch: checks 
Mahu2021: checks 
moacirsapelli: checks 
*** TURN *** [6h 6d 2d] [9h]
Justfleisch: checks 
Mahu2021: checks 
moacirsapelli: checks 
*** RIVER *** [6h 6d 2d 9h] [9s]
Justfleisch: bets 30
Mahu2021: folds 
moacirsapelli: calls 30
*** SHOW DOWN ***
Justfleisch: shows [8d Kh] (two pair, Nines and Sixes)
moacirsapelli: mucks hand 
Justfleisch collected 150 from pot
*** SUMMARY ***
Total pot 150 | Rake 0 
Board [6h 6d 2d 9h 9s]
Seat 1: Mahu2021 (big blind) folded on the River
Seat 2: moacirsapelli (button) mucked [8c Qs]
Seat 3: Justfleisch (small blind) showed [8d Kh] and won (150) with two pair, Nines and Sixes



PokerStars Hand #251596076252: Tournament #3780305655, $1.84+$0.16 USD Hold'em No Limit - Level II (15/30) - 2024/07/21 17:13:41 CET [2024/07/21 11:13:41 ET]
Table '3780305655 1' 3-max Seat #3 is the button
Seat 1: Mahu2021 (650 in chips) 
Seat 2: moacirsapelli (200 in chips) 
Seat 3: Justfleisch (650 in chips) 
Mahu2021: posts small blind 15
moacirsapelli: posts big blind 30
*** HOLE CARDS ***
Dealt to Mahu2021 [Ks 3d]
Justfleisch: folds 
Mahu2021: raises 620 to 650 and is all-in
moacirsapelli: folds 
Uncalled bet (620) returned to Mahu2021
Mahu2021 collected 60 from pot
Mahu2021: doesn't show hand 
*** SUMMARY ***
Total pot 60 | Rake 0 
Seat 1: Mahu2021 (small blind) collected (60)
Seat 2: moacirsapelli (big blind) folded before Flop
Seat 3: Justfleisch (button) folded before Flop (didn't bet)



PokerStars Hand #251596078718: Tournament #3780305655, $1.84+$0.16 USD Hold'em No Limit - Level II (15/30) - 2024/07/21 17:13:50 CET [2024/07/21 11:13:50 ET]
Table '3780305655 1' 3-max Seat #1 is the button
Seat 1: Mahu2021 (680 in chips) 
Seat 2: moacirsapelli (170 in chips) 
Seat 3: Justfleisch (650 in chips) 
moacirsapelli: posts small blind 15
Justfleisch: posts big blind 30
*** HOLE CARDS ***
Dealt to Mahu2021 [Ah Kd]
Mahu2021: raises 30 to 60
moacirsapelli: calls 45
Justfleisch: folds 
*** FLOP *** [Ac Qd Ad]
moacirsapelli: checks 
Mahu2021: checks 
*** TURN *** [Ac Qd Ad] [5d]
moacirsapelli has timed out
moacirsapelli: checks 
Mahu2021: checks 
*** RIVER *** [Ac Qd Ad 5d] [Qc]
moacirsapelli: checks 
Mahu2021: bets 30
moacirsapelli: folds 
Uncalled bet (30) returned to Mahu2021
Mahu2021 collected 150 from pot
Mahu2021: doesn't show hand 
*** SUMMARY ***
Total pot 150 | Rake 0 
Board [Ac Qd Ad 5d Qc]
Seat 1: Mahu2021 (button) collected (150)
Seat 2: moacirsapelli (small blind) folded on the River
Seat 3: Justfleisch (big blind) folded before Flop



PokerStars Hand #251596095703: Tournament #3780305655, $1.84+$0.16 USD Hold'em No Limit - Level II (15/30) - 2024/07/21 17:14:57 CET [2024/07/21 11:14:57 ET]
Table '3780305655 1' 3-max Seat #2 is the button
Seat 1: Mahu2021 (770 in chips) 
Seat 2: moacirsapelli (110 in chips) 
Seat 3: Justfleisch (620 in chips) 
Justfleisch: posts small blind 15
Mahu2021: posts big blind 30
*** HOLE CARDS ***
Dealt to Mahu2021 [7d 4s]
moacirsapelli: raises 80 to 110 and is all-in
Justfleisch: folds 
Mahu2021: folds 
Uncalled bet (80) returned to moacirsapelli
moacirsapelli collected 75 from pot
moacirsapelli: doesn't show hand 
*** SUMMARY ***
Total pot 75 | Rake 0 
Seat 1: Mahu2021 (big blind) folded before Flop
Seat 2: moacirsapelli (button) collected (75)
Seat 3: Justfleisch (small blind) folded before Flop



PokerStars Hand #251596099795: Tournament #3780305655, $1.84+$0.16 USD Hold'em No Limit - Level II (15/30) - 2024/07/21 17:15:12 CET [2024/07/21 11:15:12 ET]
Table '3780305655 1' 3-max Seat #3 is the button
Seat 1: Mahu2021 (740 in chips) 
Seat 2: moacirsapelli (155 in chips) 
Seat 3: Justfleisch (605 in chips) 
Mahu2021: posts small blind 15
moacirsapelli: posts big blind 30
*** HOLE CARDS ***
Dealt to Mahu2021 [3s 8h]
Justfleisch: calls 30
Mahu2021: folds 
moacirsapelli: checks 
*** FLOP *** [Ts 5d 4c]
moacirsapelli: checks 
Justfleisch: checks 
*** TURN *** [Ts 5d 4c] [8s]
moacirsapelli: checks 
Justfleisch: checks 
*** RIVER *** [Ts 5d 4c 8s] [2s]
moacirsapelli: checks 
Justfleisch: bets 30
moacirsapelli: folds 
Uncalled bet (30) returned to Justfleisch
Justfleisch collected 75 from pot
*** SUMMARY ***
Total pot 75 | Rake 0 
Board [Ts 5d 4c 8s 2s]
Seat 1: Mahu2021 (small blind) folded before Flop
Seat 2: moacirsapelli (big blind) folded on the River
Seat 3: Justfleisch (button) collected (75)



PokerStars Hand #251596110825: Tournament #3780305655, $1.84+$0.16 USD Hold'em No Limit - Level II (15/30) - 2024/07/21 17:15:55 CET [2024/07/21 11:15:55 ET]
Table '3780305655 1' 3-max Seat #1 is the button
Seat 1: Mahu2021 (725 in chips) 
Seat 2: moacirsapelli (125 in chips) 
Seat 3: Justfleisch (650 in chips) 
moacirsapelli: posts small blind 15
Justfleisch: posts big blind 30
*** HOLE CARDS ***
Dealt to Mahu2021 [Ac 6d]
Mahu2021: raises 30 to 60
moacirsapelli: raises 65 to 125 and is all-in
Justfleisch: folds 
Mahu2021: calls 65
*** FLOP *** [6h 5h 4d]
*** TURN *** [6h 5h 4d] [9d]
*** RIVER *** [6h 5h 4d 9d] [5d]
*** SHOW DOWN ***
moacirsapelli: shows [Ad 8d] (a flush, Ace high)
Mahu2021: shows [Ac 6d] (two pair, Sixes and Fives)
moacirsapelli collected 280 from pot
*** SUMMARY ***
Total pot 280 | Rake 0 
Board [6h 5h 4d 9d 5d]
Seat 1: Mahu2021 (button) showed [Ac 6d] and lost with two pair, Sixes and Fives
Seat 2: moacirsapelli (small blind) showed [Ad 8d] and won (280) with a flush, Ace high
Seat 3: Justfleisch (big blind) folded before Flop



PokerStars Hand #251596115908: Tournament #3780305655, $1.84+$0.16 USD Hold'em No Limit - Level III (20/40) - 2024/07/21 17:16:14 CET [2024/07/21 11:16:14 ET]
Table '3780305655 1' 3-max Seat #2 is the button
Seat 1: Mahu2021 (600 in chips) 
Seat 2: moacirsapelli (280 in chips) 
Seat 3: Justfleisch (620 in chips) 
Justfleisch: posts small blind 20
Mahu2021: posts big blind 40
*** HOLE CARDS ***
Dealt to Mahu2021 [9h 3s]
moacirsapelli: raises 240 to 280 and is all-in
Justfleisch: folds 
Mahu2021: folds 
Uncalled bet (240) returned to moacirsapelli
moacirsapelli collected 100 from pot
moacirsapelli: doesn't show hand 
*** SUMMARY ***
Total pot 100 | Rake 0 
Seat 1: Mahu2021 (big blind) folded before Flop
Seat 2: moacirsapelli (button) collected (100)
Seat 3: Justfleisch (small blind) folded before Flop



PokerStars Hand #251596118446: Tournament #3780305655, $1.84+$0.16 USD Hold'em No Limit - Level III (20/40) - 2024/07/21 17:16:24 CET [2024/07/21 11:16:24 ET]
Table '3780305655 1' 3-max Seat #3 is the button
Seat 1: Mahu2021 (560 in chips) 
Seat 2: moacirsapelli (340 in chips) 
Seat 3: Justfleisch (600 in chips) 
Mahu2021: posts small blind 20
moacirsapelli: posts big blind 40
*** HOLE CARDS ***
Dealt to Mahu2021 [5c Kh]
Justfleisch: folds 
Mahu2021: calls 20
moacirsapelli: checks 
*** FLOP *** [5d 7h Qd]
Mahu2021: bets 40
moacirsapelli: folds 
Uncalled bet (40) returned to Mahu2021
Mahu2021 collected 80 from pot
Mahu2021: doesn't show hand 
*** SUMMARY ***
Total pot 80 | Rake 0 
Board [5d 7h Qd]
Seat 1: Mahu2021 (small blind) collected (80)
Seat 2: moacirsapelli (big blind) folded on the Flop
Seat 3: Justfleisch (button) folded before Flop (didn't bet)



PokerStars Hand #251596122146: Tournament #3780305655, $1.84+$0.16 USD Hold'em No Limit - Level III (20/40) - 2024/07/21 17:16:39 CET [2024/07/21 11:16:39 ET]
Table '3780305655 1' 3-max Seat #1 is the button
Seat 1: Mahu2021 (600 in chips) 
Seat 2: moacirsapelli (300 in chips) 
Seat 3: Justfleisch (600 in chips) 
moacirsapelli: posts small blind 20
Justfleisch: posts big blind 40
*** HOLE CARDS ***
Dealt to Mahu2021 [4h 5d]
Mahu2021: folds 
moacirsapelli: raises 260 to 300 and is all-in
Justfleisch: calls 260
*** FLOP *** [Ks 3h Kd]
*** TURN *** [Ks 3h Kd] [3c]
*** RIVER *** [Ks 3h Kd 3c] [8s]
*** SHOW DOWN ***
moacirsapelli: shows [Th Tc] (two pair, Kings and Tens)
Justfleisch: shows [Td Ac] (two pair, Kings and Threes)
moacirsapelli collected 600 from pot
*** SUMMARY ***
Total pot 600 | Rake 0 
Board [Ks 3h Kd 3c 8s]
Seat 1: Mahu2021 (button) folded before Flop (didn't bet)
Seat 2: moacirsapelli (small blind) showed [Th Tc] and won (600) with two pair, Kings and Tens
Seat 3: Justfleisch (big blind) showed [Td Ac] and lost with two pair, Kings and Threes



PokerStars Hand #251596126064: Tournament #3780305655, $1.84+$0.16 USD Hold'em No Limit - Level III (20/40) - 2024/07/21 17:16:54 CET [2024/07/21 11:16:54 ET]
Table '3780305655 1' 3-max Seat #2 is the button
Seat 1: Mahu2021 (600 in chips) 
Seat 2: moacirsapelli (600 in chips) 
Seat 3: Justfleisch (300 in chips) 
Justfleisch: posts small blind 20
Mahu2021: posts big blind 40
*** HOLE CARDS ***
Dealt to Mahu2021 [9h 7d]
moacirsapelli: folds 
Justfleisch: calls 20
Mahu2021: checks 
*** FLOP *** [6c 9d Qs]
Justfleisch: checks 
Mahu2021: bets 80
Justfleisch: folds 
Uncalled bet (80) returned to Mahu2021
Mahu2021 collected 80 from pot
Mahu2021: doesn't show hand 
*** SUMMARY ***
Total pot 80 | Rake 0 
Board [6c 9d Qs]
Seat 1: Mahu2021 (big blind) collected (80)
Seat 2: moacirsapelli (button) folded before Flop (didn't bet)
Seat 3: Justfleisch (small blind) folded on the Flop



PokerStars Hand #251596134725: Tournament #3780305655, $1.84+$0.16 USD Hold'em No Limit - Level III (20/40) - 2024/07/21 17:17:27 CET [2024/07/21 11:17:27 ET]
Table '3780305655 1' 3-max Seat #3 is the button
Seat 1: Mahu2021 (640 in chips) 
Seat 2: moacirsapelli (600 in chips) 
Seat 3: Justfleisch (260 in chips) 
Mahu2021: posts small blind 20
moacirsapelli: posts big blind 40
*** HOLE CARDS ***
Dealt to Mahu2021 [Qd 5s]
Justfleisch: folds 
Mahu2021: calls 20
moacirsapelli: checks 
*** FLOP *** [2d 6c Kh]
Mahu2021: checks 
moacirsapelli: checks 
*** TURN *** [2d 6c Kh] [7c]
Mahu2021: checks 
moacirsapelli: bets 40
Mahu2021: folds 
Uncalled bet (40) returned to moacirsapelli
moacirsapelli collected 80 from pot
moacirsapelli: doesn't show hand 
*** SUMMARY ***
Total pot 80 | Rake 0 
Board [2d 6c Kh 7c]
Seat 1: Mahu2021 (small blind) folded on the Turn
Seat 2: moacirsapelli (big blind) collected (80)
Seat 3: Justfleisch (button) folded before Flop (didn't bet)



PokerStars Hand #251596138747: Tournament #3780305655, $1.84+$0.16 USD Hold'em No Limit - Level III (20/40) - 2024/07/21 17:17:42 CET [2024/07/21 11:17:42 ET]
Table '3780305655 1' 3-max Seat #1 is the button
Seat 1: Mahu2021 (600 in chips) 
Seat 2: moacirsapelli (640 in chips) 
Seat 3: Justfleisch (260 in chips) 
moacirsapelli: posts small blind 20
Justfleisch: posts big blind 40
*** HOLE CARDS ***
Dealt to Mahu2021 [6d Js]
Mahu2021: folds 
moacirsapelli: raises 600 to 640 and is all-in
Justfleisch: calls 220 and is all-in
Uncalled bet (380) returned to moacirsapelli
*** FLOP *** [Tc Ad 8s]
*** TURN *** [Tc Ad 8s] [Kc]
*** RIVER *** [Tc Ad 8s Kc] [9h]
*** SHOW DOWN ***
moacirsapelli: shows [Kd Qh] (a pair of Kings)
Justfleisch: shows [8d 8h] (three of a kind, Eights)
Justfleisch collected 520 from pot
*** SUMMARY ***
Total pot 520 | Rake 0 
Board [Tc Ad 8s Kc 9h]
Seat 1: Mahu2021 (button) folded before Flop (didn't bet)
Seat 2: moacirsapelli (small blind) showed [Kd Qh] and lost with a pair of Kings
Seat 3: Justfleisch (big blind) showed [8d 8h] and won (520) with three of a kind, Eights



PokerStars Hand #251596142863: Tournament #3780305655, $1.84+$0.16 USD Hold'em No Limit - Level III (20/40) - 2024/07/21 17:17:58 CET [2024/07/21 11:17:58 ET]
Table '3780305655 1' 3-max Seat #2 is the button
Seat 1: Mahu2021 (600 in chips) 
Seat 2: moacirsapelli (380 in chips) 
Seat 3: Justfleisch (520 in chips) 
Justfleisch: posts small blind 20
Mahu2021: posts big blind 40
*** HOLE CARDS ***
Dealt to Mahu2021 [3c Qd]
moacirsapelli: folds 
Justfleisch: calls 20
Mahu2021: checks 
*** FLOP *** [As Ah 2c]
Justfleisch: checks 
Mahu2021: bets 40
Justfleisch: calls 40
*** TURN *** [As Ah 2c] [Ks]
Justfleisch: checks 
Mahu2021: checks 
*** RIVER *** [As Ah 2c Ks] [4d]
Justfleisch: checks 
Mahu2021: bets 160
Justfleisch: folds 
Uncalled bet (160) returned to Mahu2021
Mahu2021 collected 160 from pot
Mahu2021: doesn't show hand 
*** SUMMARY ***
Total pot 160 | Rake 0 
Board [As Ah 2c Ks 4d]
Seat 1: Mahu2021 (big blind) collected (160)
Seat 2: moacirsapelli (button) folded before Flop (didn't bet)
Seat 3: Justfleisch (small blind) folded on the River



PokerStars Hand #251596150301: Tournament #3780305655, $1.84+$0.16 USD Hold'em No Limit - Level III (20/40) - 2024/07/21 17:18:27 CET [2024/07/21 11:18:27 ET]
Table '3780305655 1' 3-max Seat #3 is the button
Seat 1: Mahu2021 (680 in chips) 
Seat 2: moacirsapelli (380 in chips) 
Seat 3: Justfleisch (440 in chips) 
Mahu2021: posts small blind 20
moacirsapelli: posts big blind 40
*** HOLE CARDS ***
Dealt to Mahu2021 [Jh Th]
Justfleisch: folds 
Mahu2021: raises 40 to 80
moacirsapelli: calls 40
*** FLOP *** [6h As Ah]
Mahu2021: checks 
moacirsapelli: checks 
*** TURN *** [6h As Ah] [3c]
Mahu2021: checks 
moacirsapelli: checks 
*** RIVER *** [6h As Ah 3c] [6d]
Mahu2021: checks 
moacirsapelli: checks 
*** SHOW DOWN ***
Mahu2021: shows [Jh Th] (two pair, Aces and Sixes)
moacirsapelli: shows [Jd 8c] (two pair, Aces and Sixes)
Mahu2021 collected 80 from pot
moacirsapelli collected 80 from pot
*** SUMMARY ***
Total pot 160 | Rake 0 
Board [6h As Ah 3c 6d]
Seat 1: Mahu2021 (small blind) showed [Jh Th] and won (80) with two pair, Aces and Sixes
Seat 2: moacirsapelli (big blind) showed [Jd 8c] and won (80) with two pair, Aces and Sixes
Seat 3: Justfleisch (button) folded before Flop (didn't bet)



PokerStars Hand #251596157883: Tournament #3780305655, $1.84+$0.16 USD Hold'em No Limit - Level III (20/40) - 2024/07/21 17:18:56 CET [2024/07/21 11:18:56 ET]
Table '3780305655 1' 3-max Seat #1 is the button
Seat 1: Mahu2021 (680 in chips) 
Seat 2: moacirsapelli (380 in chips) 
Seat 3: Justfleisch (440 in chips) 
moacirsapelli: posts small blind 20
Justfleisch: posts big blind 40
*** HOLE CARDS ***
Dealt to Mahu2021 [Qd 5d]
Mahu2021: calls 40
moacirsapelli: calls 20
Justfleisch: checks 
*** FLOP *** [6c As 9d]
moacirsapelli: checks 
Justfleisch: checks 
Mahu2021: checks 
*** TURN *** [6c As 9d] [Ks]
moacirsapelli: checks 
Justfleisch: checks 
Mahu2021: checks 
*** RIVER *** [6c As 9d Ks] [Th]
moacirsapelli: checks 
Justfleisch: checks 
Mahu2021: checks 
*** SHOW DOWN ***
moacirsapelli: shows [8d 4s] (high card Ace)
Justfleisch: shows [8s Qc] (high card Ace - King+Queen kicker)
Mahu2021: shows [Qd 5d] (high card Ace)
Justfleisch collected 60 from pot
Mahu2021 collected 60 from pot
*** SUMMARY ***
Total pot 120 | Rake 0 
Board [6c As 9d Ks Th]
Seat 1: Mahu2021 (button) showed [Qd 5d] and won (60) with high card Ace
Seat 2: moacirsapelli (small blind) showed [8d 4s] and lost with high card Ace
Seat 3: Justfleisch (big blind) showed [8s Qc] and won (60) with high card Ace



PokerStars Hand #251596167477: Tournament #3780305655, $1.84+$0.16 USD Hold'em No Limit - Level IV (30/60) - 2024/07/21 17:19:34 CET [2024/07/21 11:19:34 ET]
Table '3780305655 1' 3-max Seat #2 is the button
Seat 1: Mahu2021 (700 in chips) 
Seat 2: moacirsapelli (340 in chips) 
Seat 3: Justfleisch (460 in chips) 
Justfleisch: posts small blind 30
Mahu2021: posts big blind 60
*** HOLE CARDS ***
Dealt to Mahu2021 [3h 9s]
moacirsapelli: raises 280 to 340 and is all-in
Justfleisch: folds 
Mahu2021: folds 
Uncalled bet (280) returned to moacirsapelli
moacirsapelli collected 150 from pot
moacirsapelli: doesn't show hand 
*** SUMMARY ***
Total pot 150 | Rake 0 
Seat 1: Mahu2021 (big blind) folded before Flop
Seat 2: moacirsapelli (button) collected (150)
Seat 3: Justfleisch (small blind) folded before Flop



PokerStars Hand #251596170153: Tournament #3780305655, $1.84+$0.16 USD Hold'em No Limit - Level IV (30/60) - 2024/07/21 17:19:44 CET [2024/07/21 11:19:44 ET]
Table '3780305655 1' 3-max Seat #3 is the button
Seat 1: Mahu2021 (640 in chips) 
Seat 2: moacirsapelli (430 in chips) 
Seat 3: Justfleisch (430 in chips) 
Mahu2021: posts small blind 30
moacirsapelli: posts big blind 60
*** HOLE CARDS ***
Dealt to Mahu2021 [8d 9h]
Justfleisch: calls 60
Mahu2021: calls 30
moacirsapelli: checks 
*** FLOP *** [Ad Jc 6s]
Mahu2021: checks 
moacirsapelli: checks 
Justfleisch: checks 
*** TURN *** [Ad Jc 6s] [Kd]
Mahu2021: checks 
moacirsapelli: checks 
Justfleisch: checks 
*** RIVER *** [Ad Jc 6s Kd] [Ah]
Mahu2021: checks 
moacirsapelli: checks 
Justfleisch: bets 60
Mahu2021: folds 
moacirsapelli: folds 
Uncalled bet (60) returned to Justfleisch
Justfleisch collected 180 from pot
*** SUMMARY ***
Total pot 180 | Rake 0 
Board [Ad Jc 6s Kd Ah]
Seat 1: Mahu2021 (small blind) folded on the River
Seat 2: moacirsapelli (big blind) folded on the River
Seat 3: Justfleisch (button) collected (180)



PokerStars Hand #251596178045: Tournament #3780305655, $1.84+$0.16 USD Hold'em No Limit - Level IV (30/60) - 2024/07/21 17:20:14 CET [2024/07/21 11:20:14 ET]
Table '3780305655 1' 3-max Seat #1 is the button
Seat 1: Mahu2021 (580 in chips) 
Seat 2: moacirsapelli (370 in chips) 
Seat 3: Justfleisch (550 in chips) 
moacirsapelli: posts small blind 30
Justfleisch: posts big blind 60
*** HOLE CARDS ***
Dealt to Mahu2021 [3s 8d]
Mahu2021: folds 
moacirsapelli: calls 30
Justfleisch: checks 
*** FLOP *** [2h Tc Qd]
moacirsapelli: checks 
Justfleisch: checks 
*** TURN *** [2h Tc Qd] [7s]
moacirsapelli: bets 60
Justfleisch: calls 60
*** RIVER *** [2h Tc Qd 7s] [6d]
moacirsapelli: bets 240
Justfleisch: folds 
Uncalled bet (240) returned to moacirsapelli
moacirsapelli collected 240 from pot
moacirsapelli: doesn't show hand 
*** SUMMARY ***
Total pot 240 | Rake 0 
Board [2h Tc Qd 7s 6d]
Seat 1: Mahu2021 (button) folded before Flop (didn't bet)
Seat 2: moacirsapelli (small blind) collected (240)
Seat 3: Justfleisch (big blind) folded on the River



PokerStars Hand #251596187310: Tournament #3780305655, $1.84+$0.16 USD Hold'em No Limit - Level IV (30/60) - 2024/07/21 17:20:50 CET [2024/07/21 11:20:50 ET]
Table '3780305655 1' 3-max Seat #2 is the button
Seat 1: Mahu2021 (580 in chips) 
Seat 2: moacirsapelli (490 in chips) 
Seat 3: Justfleisch (430 in chips) 
Justfleisch: posts small blind 30
Mahu2021: posts big blind 60
*** HOLE CARDS ***
Dealt to Mahu2021 [Qh 3s]
moacirsapelli: raises 430 to 490 and is all-in
Justfleisch: folds 
Mahu2021: folds 
Uncalled bet (430) returned to moacirsapelli
moacirsapelli collected 150 from pot
moacirsapelli: doesn't show hand 
*** SUMMARY ***
Total pot 150 | Rake 0 
Seat 1: Mahu2021 (big blind) folded before Flop
Seat 2: moacirsapelli (button) collected (150)
Seat 3: Justfleisch (small blind) folded before Flop



PokerStars Hand #251596191291: Tournament #3780305655, $1.84+$0.16 USD Hold'em No Limit - Level IV (30/60) - 2024/07/21 17:21:05 CET [2024/07/21 11:21:05 ET]
Table '3780305655 1' 3-max Seat #3 is the button
Seat 1: Mahu2021 (520 in chips) 
Seat 2: moacirsapelli (580 in chips) 
Seat 3: Justfleisch (400 in chips) 
Mahu2021: posts small blind 30
moacirsapelli: posts big blind 60
*** HOLE CARDS ***
Dealt to Mahu2021 [8s Jd]
Justfleisch: folds 
Mahu2021: calls 30
moacirsapelli: raises 520 to 580 and is all-in
Mahu2021: folds 
Uncalled bet (520) returned to moacirsapelli
moacirsapelli collected 120 from pot
moacirsapelli: doesn't show hand 
*** SUMMARY ***
Total pot 120 | Rake 0 
Seat 1: Mahu2021 (small blind) folded before Flop
Seat 2: moacirsapelli (big blind) collected (120)
Seat 3: Justfleisch (button) folded before Flop (didn't bet)



PokerStars Hand #251596193659: Tournament #3780305655, $1.84+$0.16 USD Hold'em No Limit - Level IV (30/60) - 2024/07/21 17:21:15 CET [2024/07/21 11:21:15 ET]
Table '3780305655 1' 3-max Seat #1 is the button
Seat 1: Mahu2021 (460 in chips) 
Seat 2: moacirsapelli (640 in chips) 
Seat 3: Justfleisch (400 in chips) 
moacirsapelli: posts small blind 30
Justfleisch: posts big blind 60
*** HOLE CARDS ***
Dealt to Mahu2021 [Qc Kd]
Mahu2021: calls 60
moacirsapelli: calls 30
Justfleisch: checks 
*** FLOP *** [2s Td 2h]
moacirsapelli: checks 
Justfleisch: checks 
Mahu2021: checks 
*** TURN *** [2s Td 2h] [Js]
moacirsapelli: checks 
Justfleisch: checks 
Mahu2021: bets 120
moacirsapelli: folds 
Justfleisch: folds 
Uncalled bet (120) returned to Mahu2021
Mahu2021 collected 180 from pot
Mahu2021: doesn't show hand 
*** SUMMARY ***
Total pot 180 | Rake 0 
Board [2s Td 2h Js]
Seat 1: Mahu2021 (button) collected (180)
Seat 2: moacirsapelli (small blind) folded on the Turn
Seat 3: Justfleisch (big blind) folded on the Turn



PokerStars Hand #251596200021: Tournament #3780305655, $1.84+$0.16 USD Hold'em No Limit - Level IV (30/60) - 2024/07/21 17:21:39 CET [2024/07/21 11:21:39 ET]
Table '3780305655 1' 3-max Seat #2 is the button
Seat 1: Mahu2021 (580 in chips) 
Seat 2: moacirsapelli (580 in chips) 
Seat 3: Justfleisch (340 in chips) 
Justfleisch: posts small blind 30
Mahu2021: posts big blind 60
*** HOLE CARDS ***
Dealt to Mahu2021 [8c Qh]
moacirsapelli: calls 60
Justfleisch: calls 30
Mahu2021: checks 
*** FLOP *** [5h 7c Ac]
Justfleisch: checks 
Mahu2021: checks 
moacirsapelli: checks 
*** TURN *** [5h 7c Ac] [Qc]
Justfleisch: checks 
Mahu2021: bets 60
moacirsapelli: folds 
Justfleisch: calls 60
*** RIVER *** [5h 7c Ac Qc] [2c]
Justfleisch: checks 
Mahu2021: checks 
*** SHOW DOWN ***
Justfleisch: shows [9h Qd] (a pair of Queens)
Mahu2021: shows [8c Qh] (a flush, Ace high)
Mahu2021 collected 300 from pot
*** SUMMARY ***
Total pot 300 | Rake 0 
Board [5h 7c Ac Qc 2c]
Seat 1: Mahu2021 (big blind) showed [8c Qh] and won (300) with a flush, Ace high
Seat 2: moacirsapelli (button) folded on the Turn
Seat 3: Justfleisch (small blind) showed [9h Qd] and lost with a pair of Queens



PokerStars Hand #251596209575: Tournament #3780305655, $1.84+$0.16 USD Hold'em No Limit - Level V (40/80) - 2024/07/21 17:22:16 CET [2024/07/21 11:22:16 ET]
Table '3780305655 1' 3-max Seat #3 is the button
Seat 1: Mahu2021 (760 in chips) 
Seat 2: moacirsapelli (520 in chips) 
Seat 3: Justfleisch (220 in chips) 
Mahu2021: posts small blind 40
moacirsapelli: posts big blind 80
*** HOLE CARDS ***
Dealt to Mahu2021 [2s 8s]
Justfleisch: folds 
Mahu2021: folds 
Uncalled bet (40) returned to moacirsapelli
moacirsapelli collected 80 from pot
moacirsapelli: doesn't show hand 
*** SUMMARY ***
Total pot 80 | Rake 0 
Seat 1: Mahu2021 (small blind) folded before Flop
Seat 2: moacirsapelli (big blind) collected (80)
Seat 3: Justfleisch (button) folded before Flop (didn't bet)



PokerStars Hand #251596210981: Tournament #3780305655, $1.84+$0.16 USD Hold'em No Limit - Level V (40/80) - 2024/07/21 17:22:21 CET [2024/07/21 11:22:21 ET]
Table '3780305655 1' 3-max Seat #1 is the button
Seat 1: Mahu2021 (720 in chips) 
Seat 2: moacirsapelli (560 in chips) 
Seat 3: Justfleisch (220 in chips) 
moacirsapelli: posts small blind 40
Justfleisch: posts big blind 80
*** HOLE CARDS ***
Dealt to Mahu2021 [Ad 2c]
Mahu2021: folds 
moacirsapelli: calls 40
Justfleisch: raises 140 to 220 and is all-in
moacirsapelli: calls 140
*** FLOP *** [2s 3d Th]
*** TURN *** [2s 3d Th] [3h]
*** RIVER *** [2s 3d Th 3h] [6h]
*** SHOW DOWN ***
moacirsapelli: shows [Ts 7h] (two pair, Tens and Threes)
Justfleisch: shows [8d As] (a pair of Threes)
moacirsapelli collected 440 from pot
Justfleisch finished the tournament in 3rd place
*** SUMMARY ***
Total pot 440 | Rake 0 
Board [2s 3d Th 3h 6h]
Seat 1: Mahu2021 (button) folded before Flop (didn't bet)
Seat 2: moacirsapelli (small blind) showed [Ts 7h] and won (440) with two pair, Tens and Threes
Seat 3: Justfleisch (big blind) showed [8d As] and lost with a pair of Threes



PokerStars Hand #251596218608: Tournament #3780305655, $1.84+$0.16 USD Hold'em No Limit - Level V (40/80) - 2024/07/21 17:22:50 CET [2024/07/21 11:22:50 ET]
Table '3780305655 1' 3-max Seat #2 is the button
Seat 1: Mahu2021 (720 in chips) 
Seat 2: moacirsapelli (780 in chips) 
moacirsapelli: posts small blind 40
Mahu2021: posts big blind 80
*** HOLE CARDS ***
Dealt to Mahu2021 [Jd 7d]
moacirsapelli: raises 700 to 780 and is all-in
Mahu2021: folds 
Uncalled bet (700) returned to moacirsapelli
moacirsapelli collected 160 from pot
moacirsapelli: doesn't show hand 
*** SUMMARY ***
Total pot 160 | Rake 0 
Seat 1: Mahu2021 (big blind) folded before Flop
Seat 2: moacirsapelli (button) (small blind) collected (160)



PokerStars Hand #251596220866: Tournament #3780305655, $1.84+$0.16 USD Hold'em No Limit - Level V (40/80) - 2024/07/21 17:22:59 CET [2024/07/21 11:22:59 ET]
Table '3780305655 1' 3-max Seat #1 is the button
Seat 1: Mahu2021 (640 in chips) 
Seat 2: moacirsapelli (860 in chips) 
Mahu2021: posts small blind 40
moacirsapelli: posts big blind 80
*** HOLE CARDS ***
Dealt to Mahu2021 [Jh Tc]
Mahu2021: calls 40
moacirsapelli: checks 
*** FLOP *** [Ah 7d Td]
moacirsapelli: checks 
Mahu2021: bets 80
moacirsapelli: folds 
Uncalled bet (80) returned to Mahu2021
Mahu2021 collected 160 from pot
Mahu2021: doesn't show hand 
*** SUMMARY ***
Total pot 160 | Rake 0 
Board [Ah 7d Td]
Seat 1: Mahu2021 (button) (small blind) collected (160)
Seat 2: moacirsapelli (big blind) folded on the Flop



PokerStars Hand #251596225681: Tournament #3780305655, $1.84+$0.16 USD Hold'em No Limit - Level V (40/80) - 2024/07/21 17:23:18 CET [2024/07/21 11:23:18 ET]
Table '3780305655 1' 3-max Seat #2 is the button
Seat 1: Mahu2021 (720 in chips) 
Seat 2: moacirsapelli (780 in chips) 
moacirsapelli: posts small blind 40
Mahu2021: posts big blind 80
*** HOLE CARDS ***
Dealt to Mahu2021 [5d 8h]
moacirsapelli: calls 40
Mahu2021: checks 
*** FLOP *** [3c 9c Tc]
Mahu2021: checks 
moacirsapelli: bets 160
Mahu2021: folds 
Uncalled bet (160) returned to moacirsapelli
moacirsapelli collected 160 from pot
moacirsapelli: doesn't show hand 
*** SUMMARY ***
Total pot 160 | Rake 0 
Board [3c 9c Tc]
Seat 1: Mahu2021 (big blind) folded on the Flop
Seat 2: moacirsapelli (button) (small blind) collected (160)



PokerStars Hand #251596229664: Tournament #3780305655, $1.84+$0.16 USD Hold'em No Limit - Level V (40/80) - 2024/07/21 17:23:33 CET [2024/07/21 11:23:33 ET]
Table '3780305655 1' 3-max Seat #1 is the button
Seat 1: Mahu2021 (640 in chips) 
Seat 2: moacirsapelli (860 in chips) 
Mahu2021: posts small blind 40
moacirsapelli: posts big blind 80
*** HOLE CARDS ***
Dealt to Mahu2021 [2d 7s]
Mahu2021: folds 
Uncalled bet (40) returned to moacirsapelli
moacirsapelli collected 80 from pot
moacirsapelli: doesn't show hand 
*** SUMMARY ***
Total pot 80 | Rake 0 
Seat 1: Mahu2021 (button) (small blind) folded before Flop
Seat 2: moacirsapelli (big blind) collected (80)



PokerStars Hand #251596230786: Tournament #3780305655, $1.84+$0.16 USD Hold'em No Limit - Level V (40/80) - 2024/07/21 17:23:38 CET [2024/07/21 11:23:38 ET]
Table '3780305655 1' 3-max Seat #2 is the button
Seat 1: Mahu2021 (600 in chips) 
Seat 2: moacirsapelli (900 in chips) 
moacirsapelli: posts small blind 40
Mahu2021: posts big blind 80
*** HOLE CARDS ***
Dealt to Mahu2021 [5c 7d]
moacirsapelli: raises 820 to 900 and is all-in
Mahu2021: folds 
Uncalled bet (820) returned to moacirsapelli
moacirsapelli collected 160 from pot
moacirsapelli: doesn't show hand 
*** SUMMARY ***
Total pot 160 | Rake 0 
Seat 1: Mahu2021 (big blind) folded before Flop
Seat 2: moacirsapelli (button) (small blind) collected (160)



PokerStars Hand #251596232573: Tournament #3780305655, $1.84+$0.16 USD Hold'em No Limit - Level V (40/80) - 2024/07/21 17:23:45 CET [2024/07/21 11:23:45 ET]
Table '3780305655 1' 3-max Seat #1 is the button
Seat 1: Mahu2021 (520 in chips) 
Seat 2: moacirsapelli (980 in chips) 
Mahu2021: posts small blind 40
moacirsapelli: posts big blind 80
*** HOLE CARDS ***
Dealt to Mahu2021 [Ah 9s]
Mahu2021: raises 80 to 160
moacirsapelli: calls 80
*** FLOP *** [6c Kh 6s]
moacirsapelli: bets 80
Mahu2021: raises 280 to 360 and is all-in
moacirsapelli: calls 280
*** TURN *** [6c Kh 6s] [7d]
*** RIVER *** [6c Kh 6s 7d] [Kc]
*** SHOW DOWN ***
moacirsapelli: shows [9d Ks] (a full house, Kings full of Sixes)
Mahu2021: shows [Ah 9s] (two pair, Kings and Sixes)
moacirsapelli collected 1040 from pot
Mahu2021 finished the tournament in 2nd place
moacirsapelli wins the tournament and receives $6.00 - congratulations!
*** SUMMARY ***
Total pot 1040 | Rake 0 
Board [6c Kh 6s 7d Kc]
Seat 1: Mahu2021 (button) (small blind) showed [Ah 9s] and lost with two pair, Kings and Sixes
Seat 2: moacirsapelli (big blind) showed [9d Ks] and won (1040) with a full house, Kings full of Sixes



