PokerStars Hand #247565260047: Tournament #3684194143, $1.84+$0.16 USD Hold'em No Limit - Level I (10/20) - 2023/12/09 17:21:54 CET [2023/12/09 11:21:54 ET]
Table '3684194143 1' 3-max Seat #1 is the button
Seat 1: Adriann220 (500 in chips) 
Seat 2: jim.p.k.r.77 (500 in chips) 
Seat 3: Mahu2021 (500 in chips) 
jim.p.k.r.77: posts small blind 10
Mahu2021: posts big blind 20
*** HOLE CARDS ***
Dealt to Mahu2021 [9d Jh]
Adriann220: folds 
jim.p.k.r.77: raises 20 to 40
Mahu2021: calls 20
*** FLOP *** [Tc Ac Kd]
jim.p.k.r.77: bets 40
Mahu2021: calls 40
*** TURN *** [Tc Ac Kd] [4h]
jim.p.k.r.77: bets 80
Mahu2021: calls 80
*** RIVER *** [Tc Ac Kd 4h] [6c]
jim.p.k.r.77: checks 
Mahu2021: bets 340 and is all-in
jim.p.k.r.77: folds 
Uncalled bet (340) returned to Mahu2021
Mahu2021 collected 320 from pot
Mahu2021: doesn't show hand 
*** SUMMARY ***
Total pot 320 | Rake 0 
Board [Tc Ac Kd 4h 6c]
Seat 1: Adriann220 (button) folded before Flop (didn't bet)
Seat 2: jim.p.k.r.77 (small blind) folded on the River
Seat 3: Mahu2021 (big blind) collected (320)



PokerStars Hand #247565269490: Tournament #3684194143, $1.84+$0.16 USD Hold'em No Limit - Level I (10/20) - 2023/12/09 17:22:28 CET [2023/12/09 11:22:28 ET]
Table '3684194143 1' 3-max Seat #2 is the button
Seat 1: Adriann220 (500 in chips) 
Seat 2: jim.p.k.r.77 (340 in chips) 
Seat 3: Mahu2021 (660 in chips) 
Mahu2021: posts small blind 10
Adriann220: posts big blind 20
*** HOLE CARDS ***
Dealt to Mahu2021 [8s 9s]
jim.p.k.r.77: folds 
Mahu2021: calls 10
Adriann220: checks 
*** FLOP *** [9h Tc 6s]
Mahu2021: checks 
Adriann220: bets 20
Mahu2021: calls 20
*** TURN *** [9h Tc 6s] [Qd]
Mahu2021: checks 
Adriann220: bets 20
Mahu2021: calls 20
*** RIVER *** [9h Tc 6s Qd] [Qc]
Mahu2021: checks 
Adriann220: checks 
*** SHOW DOWN ***
Mahu2021: shows [8s 9s] (two pair, Queens and Nines)
Adriann220: shows [Td 2d] (two pair, Queens and Tens)
Adriann220 collected 120 from pot
*** SUMMARY ***
Total pot 120 | Rake 0 
Board [9h Tc 6s Qd Qc]
Seat 1: Adriann220 (big blind) showed [Td 2d] and won (120) with two pair, Queens and Tens
Seat 2: jim.p.k.r.77 (button) folded before Flop (didn't bet)
Seat 3: Mahu2021 (small blind) showed [8s 9s] and lost with two pair, Queens and Nines



PokerStars Hand #247565275222: Tournament #3684194143, $1.84+$0.16 USD Hold'em No Limit - Level I (10/20) - 2023/12/09 17:22:49 CET [2023/12/09 11:22:49 ET]
Table '3684194143 1' 3-max Seat #3 is the button
Seat 1: Adriann220 (560 in chips) 
Seat 2: jim.p.k.r.77 (340 in chips) 
Seat 3: Mahu2021 (600 in chips) 
Adriann220: posts small blind 10
jim.p.k.r.77: posts big blind 20
*** HOLE CARDS ***
Dealt to Mahu2021 [8h 4s]
Mahu2021: folds 
Adriann220: calls 10
jim.p.k.r.77: raises 20 to 40
Adriann220: calls 20
*** FLOP *** [3d Jh 7c]
Adriann220: checks 
jim.p.k.r.77: checks 
*** TURN *** [3d Jh 7c] [6d]
Adriann220: checks 
jim.p.k.r.77: bets 80
Adriann220: calls 80
*** RIVER *** [3d Jh 7c 6d] [Js]
Adriann220: checks 
jim.p.k.r.77: bets 220 and is all-in
Adriann220: folds 
Uncalled bet (220) returned to jim.p.k.r.77
jim.p.k.r.77 collected 240 from pot
*** SUMMARY ***
Total pot 240 | Rake 0 
Board [3d Jh 7c 6d Js]
Seat 1: Adriann220 (small blind) folded on the River
Seat 2: jim.p.k.r.77 (big blind) collected (240)
Seat 3: Mahu2021 (button) folded before Flop (didn't bet)



PokerStars Hand #247565284343: Tournament #3684194143, $1.84+$0.16 USD Hold'em No Limit - Level I (10/20) - 2023/12/09 17:23:22 CET [2023/12/09 11:23:22 ET]
Table '3684194143 1' 3-max Seat #1 is the button
Seat 1: Adriann220 (440 in chips) 
Seat 2: jim.p.k.r.77 (460 in chips) 
Seat 3: Mahu2021 (600 in chips) 
jim.p.k.r.77: posts small blind 10
Mahu2021: posts big blind 20
*** HOLE CARDS ***
Dealt to Mahu2021 [5c Jh]
Adriann220: raises 40 to 60
jim.p.k.r.77: folds 
Mahu2021: folds 
Uncalled bet (40) returned to Adriann220
Adriann220 collected 50 from pot
*** SUMMARY ***
Total pot 50 | Rake 0 
Seat 1: Adriann220 (button) collected (50)
Seat 2: jim.p.k.r.77 (small blind) folded before Flop
Seat 3: Mahu2021 (big blind) folded before Flop



PokerStars Hand #247565287593: Tournament #3684194143, $1.84+$0.16 USD Hold'em No Limit - Level I (10/20) - 2023/12/09 17:23:34 CET [2023/12/09 11:23:34 ET]
Table '3684194143 1' 3-max Seat #2 is the button
Seat 1: Adriann220 (470 in chips) 
Seat 2: jim.p.k.r.77 (450 in chips) 
Seat 3: Mahu2021 (580 in chips) 
Mahu2021: posts small blind 10
Adriann220: posts big blind 20
*** HOLE CARDS ***
Dealt to Mahu2021 [Qh Kd]
jim.p.k.r.77: raises 430 to 450 and is all-in
Mahu2021: folds 
Adriann220: folds 
Uncalled bet (430) returned to jim.p.k.r.77
jim.p.k.r.77 collected 50 from pot
*** SUMMARY ***
Total pot 50 | Rake 0 
Seat 1: Adriann220 (big blind) folded before Flop
Seat 2: jim.p.k.r.77 (button) collected (50)
Seat 3: Mahu2021 (small blind) folded before Flop



PokerStars Hand #247565290234: Tournament #3684194143, $1.84+$0.16 USD Hold'em No Limit - Level I (10/20) - 2023/12/09 17:23:43 CET [2023/12/09 11:23:43 ET]
Table '3684194143 1' 3-max Seat #3 is the button
Seat 1: Adriann220 (450 in chips) 
Seat 2: jim.p.k.r.77 (480 in chips) 
Seat 3: Mahu2021 (570 in chips) 
Adriann220: posts small blind 10
jim.p.k.r.77: posts big blind 20
*** HOLE CARDS ***
Dealt to Mahu2021 [4c 4h]
Mahu2021: calls 20
Adriann220: calls 10
jim.p.k.r.77: checks 
*** FLOP *** [4s Jc 5d]
Adriann220: checks 
jim.p.k.r.77: bets 60
Mahu2021: calls 60
Adriann220: folds 
*** TURN *** [4s Jc 5d] [As]
jim.p.k.r.77: bets 90
Mahu2021: calls 90
*** RIVER *** [4s Jc 5d As] [3s]
jim.p.k.r.77: checks 
Mahu2021: checks 
*** SHOW DOWN ***
jim.p.k.r.77: shows [9s Jh] (a pair of Jacks)
Mahu2021: shows [4c 4h] (three of a kind, Fours)
Mahu2021 collected 360 from pot
*** SUMMARY ***
Total pot 360 | Rake 0 
Board [4s Jc 5d As 3s]
Seat 1: Adriann220 (small blind) folded on the Flop
Seat 2: jim.p.k.r.77 (big blind) showed [9s Jh] and lost with a pair of Jacks
Seat 3: Mahu2021 (button) showed [4c 4h] and won (360) with three of a kind, Fours



PokerStars Hand #247565297341: Tournament #3684194143, $1.84+$0.16 USD Hold'em No Limit - Level I (10/20) - 2023/12/09 17:24:09 CET [2023/12/09 11:24:09 ET]
Table '3684194143 1' 3-max Seat #1 is the button
Seat 1: Adriann220 (430 in chips) 
Seat 2: jim.p.k.r.77 (310 in chips) 
Seat 3: Mahu2021 (760 in chips) 
jim.p.k.r.77: posts small blind 10
Mahu2021: posts big blind 20
*** HOLE CARDS ***
Dealt to Mahu2021 [3c 7s]
Adriann220: folds 
jim.p.k.r.77: raises 40 to 60
Mahu2021: folds 
Uncalled bet (40) returned to jim.p.k.r.77
jim.p.k.r.77 collected 40 from pot
*** SUMMARY ***
Total pot 40 | Rake 0 
Seat 1: Adriann220 (button) folded before Flop (didn't bet)
Seat 2: jim.p.k.r.77 (small blind) collected (40)
Seat 3: Mahu2021 (big blind) folded before Flop



PokerStars Hand #247565299658: Tournament #3684194143, $1.84+$0.16 USD Hold'em No Limit - Level I (10/20) - 2023/12/09 17:24:18 CET [2023/12/09 11:24:18 ET]
Table '3684194143 1' 3-max Seat #2 is the button
Seat 1: Adriann220 (430 in chips) 
Seat 2: jim.p.k.r.77 (330 in chips) 
Seat 3: Mahu2021 (740 in chips) 
Mahu2021: posts small blind 10
Adriann220: posts big blind 20
*** HOLE CARDS ***
Dealt to Mahu2021 [4s As]
jim.p.k.r.77: folds 
Mahu2021: raises 40 to 60
Adriann220: folds 
Uncalled bet (40) returned to Mahu2021
Mahu2021 collected 40 from pot
Mahu2021: doesn't show hand 
*** SUMMARY ***
Total pot 40 | Rake 0 
Seat 1: Adriann220 (big blind) folded before Flop
Seat 2: jim.p.k.r.77 (button) folded before Flop (didn't bet)
Seat 3: Mahu2021 (small blind) collected (40)



PokerStars Hand #247565303741: Tournament #3684194143, $1.84+$0.16 USD Hold'em No Limit - Level I (10/20) - 2023/12/09 17:24:32 CET [2023/12/09 11:24:32 ET]
Table '3684194143 1' 3-max Seat #3 is the button
Seat 1: Adriann220 (410 in chips) 
Seat 2: jim.p.k.r.77 (330 in chips) 
Seat 3: Mahu2021 (760 in chips) 
Adriann220: posts small blind 10
jim.p.k.r.77: posts big blind 20
*** HOLE CARDS ***
Dealt to Mahu2021 [5s 3s]
Mahu2021: calls 20
Adriann220: folds 
jim.p.k.r.77: checks 
*** FLOP *** [Td 9s 5c]
jim.p.k.r.77: checks 
Mahu2021: bets 20
jim.p.k.r.77: folds 
Uncalled bet (20) returned to Mahu2021
Mahu2021 collected 50 from pot
Mahu2021: doesn't show hand 
*** SUMMARY ***
Total pot 50 | Rake 0 
Board [Td 9s 5c]
Seat 1: Adriann220 (small blind) folded before Flop
Seat 2: jim.p.k.r.77 (big blind) folded on the Flop
Seat 3: Mahu2021 (button) collected (50)



PokerStars Hand #247565307335: Tournament #3684194143, $1.84+$0.16 USD Hold'em No Limit - Level I (10/20) - 2023/12/09 17:24:45 CET [2023/12/09 11:24:45 ET]
Table '3684194143 1' 3-max Seat #1 is the button
Seat 1: Adriann220 (400 in chips) 
Seat 2: jim.p.k.r.77 (310 in chips) 
Seat 3: Mahu2021 (790 in chips) 
jim.p.k.r.77: posts small blind 10
Mahu2021: posts big blind 20
*** HOLE CARDS ***
Dealt to Mahu2021 [2d 6s]
Adriann220: folds 
jim.p.k.r.77: calls 10
Mahu2021: checks 
*** FLOP *** [Kh 5s 4c]
jim.p.k.r.77: checks 
Mahu2021: checks 
*** TURN *** [Kh 5s 4c] [6h]
jim.p.k.r.77: checks 
Mahu2021: checks 
*** RIVER *** [Kh 5s 4c 6h] [2s]
jim.p.k.r.77: checks 
Mahu2021: bets 40
jim.p.k.r.77: calls 40
*** SHOW DOWN ***
Mahu2021: shows [2d 6s] (two pair, Sixes and Deuces)
jim.p.k.r.77: mucks hand 
Mahu2021 collected 120 from pot
*** SUMMARY ***
Total pot 120 | Rake 0 
Board [Kh 5s 4c 6h 2s]
Seat 1: Adriann220 (button) folded before Flop (didn't bet)
Seat 2: jim.p.k.r.77 (small blind) mucked [8s 6d]
Seat 3: Mahu2021 (big blind) showed [2d 6s] and won (120) with two pair, Sixes and Deuces



PokerStars Hand #247565313912: Tournament #3684194143, $1.84+$0.16 USD Hold'em No Limit - Level II (15/30) - 2023/12/09 17:25:09 CET [2023/12/09 11:25:09 ET]
Table '3684194143 1' 3-max Seat #2 is the button
Seat 1: Adriann220 (400 in chips) 
Seat 2: jim.p.k.r.77 (250 in chips) 
Seat 3: Mahu2021 (850 in chips) 
Mahu2021: posts small blind 15
Adriann220: posts big blind 30
*** HOLE CARDS ***
Dealt to Mahu2021 [Qs Ad]
jim.p.k.r.77: folds 
Mahu2021: raises 60 to 90
Adriann220: folds 
Uncalled bet (60) returned to Mahu2021
Mahu2021 collected 60 from pot
Mahu2021: doesn't show hand 
*** SUMMARY ***
Total pot 60 | Rake 0 
Seat 1: Adriann220 (big blind) folded before Flop
Seat 2: jim.p.k.r.77 (button) folded before Flop (didn't bet)
Seat 3: Mahu2021 (small blind) collected (60)



PokerStars Hand #247565316645: Tournament #3684194143, $1.84+$0.16 USD Hold'em No Limit - Level II (15/30) - 2023/12/09 17:25:19 CET [2023/12/09 11:25:19 ET]
Table '3684194143 1' 3-max Seat #3 is the button
Seat 1: Adriann220 (370 in chips) 
Seat 2: jim.p.k.r.77 (250 in chips) 
Seat 3: Mahu2021 (880 in chips) 
Adriann220: posts small blind 15
jim.p.k.r.77: posts big blind 30
*** HOLE CARDS ***
Dealt to Mahu2021 [3h 7h]
Mahu2021: folds 
Adriann220: folds 
Uncalled bet (15) returned to jim.p.k.r.77
jim.p.k.r.77 collected 30 from pot
*** SUMMARY ***
Total pot 30 | Rake 0 
Seat 1: Adriann220 (small blind) folded before Flop
Seat 2: jim.p.k.r.77 (big blind) collected (30)
Seat 3: Mahu2021 (button) folded before Flop (didn't bet)



PokerStars Hand #247565318502: Tournament #3684194143, $1.84+$0.16 USD Hold'em No Limit - Level II (15/30) - 2023/12/09 17:25:26 CET [2023/12/09 11:25:26 ET]
Table '3684194143 1' 3-max Seat #1 is the button
Seat 1: Adriann220 (355 in chips) 
Seat 2: jim.p.k.r.77 (265 in chips) 
Seat 3: Mahu2021 (880 in chips) 
jim.p.k.r.77: posts small blind 15
Mahu2021: posts big blind 30
*** HOLE CARDS ***
Dealt to Mahu2021 [2d Jd]
Adriann220: raises 325 to 355 and is all-in
jim.p.k.r.77: calls 250 and is all-in
Mahu2021: folds 
Uncalled bet (90) returned to Adriann220
*** FLOP *** [5h 2h 7d]
*** TURN *** [5h 2h 7d] [As]
*** RIVER *** [5h 2h 7d As] [Ks]
*** SHOW DOWN ***
jim.p.k.r.77: shows [Kh 3h] (a pair of Kings)
Adriann220: shows [7s 7h] (three of a kind, Sevens)
Adriann220 collected 560 from pot
jim.p.k.r.77 finished the tournament in 3rd place
*** SUMMARY ***
Total pot 560 | Rake 0 
Board [5h 2h 7d As Ks]
Seat 1: Adriann220 (button) showed [7s 7h] and won (560) with three of a kind, Sevens
Seat 2: jim.p.k.r.77 (small blind) showed [Kh 3h] and lost with a pair of Kings
Seat 3: Mahu2021 (big blind) folded before Flop



PokerStars Hand #247565324367: Tournament #3684194143, $1.84+$0.16 USD Hold'em No Limit - Level II (15/30) - 2023/12/09 17:25:47 CET [2023/12/09 11:25:47 ET]
Table '3684194143 1' 3-max Seat #3 is the button
Seat 1: Adriann220 (650 in chips) 
Seat 3: Mahu2021 (850 in chips) 
Mahu2021: posts small blind 15
Adriann220: posts big blind 30
*** HOLE CARDS ***
Dealt to Mahu2021 [7d Ah]
Mahu2021: raises 30 to 60
Adriann220: calls 30
*** FLOP *** [Td 4h Kd]
Adriann220: checks 
Mahu2021: checks 
*** TURN *** [Td 4h Kd] [Th]
Adriann220: checks 
Mahu2021: checks 
*** RIVER *** [Td 4h Kd Th] [7s]
Adriann220: bets 90
Mahu2021: calls 90
*** SHOW DOWN ***
Adriann220: shows [9c Ts] (three of a kind, Tens)
Mahu2021: mucks hand 
Adriann220 collected 300 from pot
*** SUMMARY ***
Total pot 300 | Rake 0 
Board [Td 4h Kd Th 7s]
Seat 1: Adriann220 (big blind) showed [9c Ts] and won (300) with three of a kind, Tens
Seat 3: Mahu2021 (button) (small blind) mucked [7d Ah]



PokerStars Hand #247565328481: Tournament #3684194143, $1.84+$0.16 USD Hold'em No Limit - Level II (15/30) - 2023/12/09 17:26:02 CET [2023/12/09 11:26:02 ET]
Table '3684194143 1' 3-max Seat #1 is the button
Seat 1: Adriann220 (800 in chips) 
Seat 3: Mahu2021 (700 in chips) 
Adriann220: posts small blind 15
Mahu2021: posts big blind 30
*** HOLE CARDS ***
Dealt to Mahu2021 [5c Ts]
Adriann220: raises 30 to 60
Mahu2021: folds 
Uncalled bet (30) returned to Adriann220
Adriann220 collected 60 from pot
*** SUMMARY ***
Total pot 60 | Rake 0 
Seat 1: Adriann220 (button) (small blind) collected (60)
Seat 3: Mahu2021 (big blind) folded before Flop



PokerStars Hand #247565329888: Tournament #3684194143, $1.84+$0.16 USD Hold'em No Limit - Level II (15/30) - 2023/12/09 17:26:07 CET [2023/12/09 11:26:07 ET]
Table '3684194143 1' 3-max Seat #3 is the button
Seat 1: Adriann220 (830 in chips) 
Seat 3: Mahu2021 (670 in chips) 
Mahu2021: posts small blind 15
Adriann220: posts big blind 30
*** HOLE CARDS ***
Dealt to Mahu2021 [Jc Ks]
Mahu2021: raises 60 to 90
Adriann220: folds 
Uncalled bet (60) returned to Mahu2021
Mahu2021 collected 60 from pot
Mahu2021: doesn't show hand 
*** SUMMARY ***
Total pot 60 | Rake 0 
Seat 1: Adriann220 (big blind) folded before Flop
Seat 3: Mahu2021 (button) (small blind) collected (60)



PokerStars Hand #247565331689: Tournament #3684194143, $1.84+$0.16 USD Hold'em No Limit - Level II (15/30) - 2023/12/09 17:26:13 CET [2023/12/09 11:26:13 ET]
Table '3684194143 1' 3-max Seat #1 is the button
Seat 1: Adriann220 (800 in chips) 
Seat 3: Mahu2021 (700 in chips) 
Adriann220: posts small blind 15
Mahu2021: posts big blind 30
*** HOLE CARDS ***
Dealt to Mahu2021 [6d 8s]
Adriann220: raises 30 to 60
Mahu2021: calls 30
*** FLOP *** [Ts 3c Ac]
Mahu2021: checks 
Adriann220: checks 
*** TURN *** [Ts 3c Ac] [5h]
Mahu2021: checks 
Adriann220: checks 
*** RIVER *** [Ts 3c Ac 5h] [Qh]
Mahu2021: bets 120
Adriann220: raises 210 to 330
Mahu2021: folds 
Uncalled bet (210) returned to Adriann220
Adriann220 collected 360 from pot
*** SUMMARY ***
Total pot 360 | Rake 0 
Board [Ts 3c Ac 5h Qh]
Seat 1: Adriann220 (button) (small blind) collected (360)
Seat 3: Mahu2021 (big blind) folded on the River



PokerStars Hand #247565337120: Tournament #3684194143, $1.84+$0.16 USD Hold'em No Limit - Level II (15/30) - 2023/12/09 17:26:33 CET [2023/12/09 11:26:33 ET]
Table '3684194143 1' 3-max Seat #3 is the button
Seat 1: Adriann220 (980 in chips) 
Seat 3: Mahu2021 (520 in chips) 
Mahu2021: posts small blind 15
Adriann220: posts big blind 30
*** HOLE CARDS ***
Dealt to Mahu2021 [7s Td]
Mahu2021: calls 15
Adriann220: checks 
*** FLOP *** [Tc Qc 6h]
Adriann220: checks 
Mahu2021: bets 60
Adriann220: folds 
Uncalled bet (60) returned to Mahu2021
Mahu2021 collected 60 from pot
Mahu2021: doesn't show hand 
*** SUMMARY ***
Total pot 60 | Rake 0 
Board [Tc Qc 6h]
Seat 1: Adriann220 (big blind) folded on the Flop
Seat 3: Mahu2021 (button) (small blind) collected (60)



PokerStars Hand #247565340405: Tournament #3684194143, $1.84+$0.16 USD Hold'em No Limit - Level II (15/30) - 2023/12/09 17:26:45 CET [2023/12/09 11:26:45 ET]
Table '3684194143 1' 3-max Seat #1 is the button
Seat 1: Adriann220 (950 in chips) 
Seat 3: Mahu2021 (550 in chips) 
Adriann220: posts small blind 15
Mahu2021: posts big blind 30
*** HOLE CARDS ***
Dealt to Mahu2021 [Js Jc]
Adriann220: calls 15
Mahu2021: raises 520 to 550 and is all-in
Adriann220: folds 
Uncalled bet (520) returned to Mahu2021
Mahu2021 collected 60 from pot
Mahu2021: doesn't show hand 
*** SUMMARY ***
Total pot 60 | Rake 0 
Seat 1: Adriann220 (button) (small blind) folded before Flop
Seat 3: Mahu2021 (big blind) collected (60)



PokerStars Hand #247565343117: Tournament #3684194143, $1.84+$0.16 USD Hold'em No Limit - Level II (15/30) - 2023/12/09 17:26:55 CET [2023/12/09 11:26:55 ET]
Table '3684194143 1' 3-max Seat #3 is the button
Seat 1: Adriann220 (920 in chips) 
Seat 3: Mahu2021 (580 in chips) 
Mahu2021: posts small blind 15
Adriann220: posts big blind 30
*** HOLE CARDS ***
Dealt to Mahu2021 [Qc 6s]
Mahu2021: calls 15
Adriann220: checks 
*** FLOP *** [3d 7c As]
Adriann220: checks 
Mahu2021: checks 
*** TURN *** [3d 7c As] [Td]
Adriann220: checks 
Mahu2021: checks 
*** RIVER *** [3d 7c As Td] [6d]
Adriann220: bets 30
Mahu2021: calls 30
*** SHOW DOWN ***
Adriann220: shows [Th 5h] (a pair of Tens)
Mahu2021: mucks hand 
Adriann220 collected 120 from pot
*** SUMMARY ***
Total pot 120 | Rake 0 
Board [3d 7c As Td 6d]
Seat 1: Adriann220 (big blind) showed [Th 5h] and won (120) with a pair of Tens
Seat 3: Mahu2021 (button) (small blind) mucked [Qc 6s]



PokerStars Hand #247565348072: Tournament #3684194143, $1.84+$0.16 USD Hold'em No Limit - Level II (15/30) - 2023/12/09 17:27:13 CET [2023/12/09 11:27:13 ET]
Table '3684194143 1' 3-max Seat #1 is the button
Seat 1: Adriann220 (980 in chips) 
Seat 3: Mahu2021 (520 in chips) 
Adriann220: posts small blind 15
Mahu2021: posts big blind 30
*** HOLE CARDS ***
Dealt to Mahu2021 [3d 3c]
Adriann220: raises 30 to 60
Mahu2021: raises 460 to 520 and is all-in
Adriann220: folds 
Uncalled bet (460) returned to Mahu2021
Mahu2021 collected 120 from pot
Mahu2021: doesn't show hand 
*** SUMMARY ***
Total pot 120 | Rake 0 
Seat 1: Adriann220 (button) (small blind) folded before Flop
Seat 3: Mahu2021 (big blind) collected (120)



PokerStars Hand #247565350657: Tournament #3684194143, $1.84+$0.16 USD Hold'em No Limit - Level II (15/30) - 2023/12/09 17:27:22 CET [2023/12/09 11:27:22 ET]
Table '3684194143 1' 3-max Seat #3 is the button
Seat 1: Adriann220 (920 in chips) 
Seat 3: Mahu2021 (580 in chips) 
Mahu2021: posts small blind 15
Adriann220: posts big blind 30
*** HOLE CARDS ***
Dealt to Mahu2021 [7h 8h]
Mahu2021: calls 15
Adriann220: checks 
*** FLOP *** [2c Kh 3s]
Adriann220: checks 
Mahu2021: checks 
*** TURN *** [2c Kh 3s] [Ah]
Adriann220: checks 
Mahu2021: bets 60
Adriann220: calls 60
*** RIVER *** [2c Kh 3s Ah] [7s]
Adriann220: checks 
Mahu2021: checks 
*** SHOW DOWN ***
Adriann220: shows [3c 4d] (a pair of Threes)
Mahu2021: shows [7h 8h] (a pair of Sevens)
Mahu2021 collected 180 from pot
*** SUMMARY ***
Total pot 180 | Rake 0 
Board [2c Kh 3s Ah 7s]
Seat 1: Adriann220 (big blind) showed [3c 4d] and lost with a pair of Threes
Seat 3: Mahu2021 (button) (small blind) showed [7h 8h] and won (180) with a pair of Sevens



PokerStars Hand #247565355434: Tournament #3684194143, $1.84+$0.16 USD Hold'em No Limit - Level II (15/30) - 2023/12/09 17:27:40 CET [2023/12/09 11:27:40 ET]
Table '3684194143 1' 3-max Seat #1 is the button
Seat 1: Adriann220 (830 in chips) 
Seat 3: Mahu2021 (670 in chips) 
Adriann220: posts small blind 15
Mahu2021: posts big blind 30
*** HOLE CARDS ***
Dealt to Mahu2021 [Ts 4c]
Adriann220: calls 15
Mahu2021: checks 
*** FLOP *** [8s Tc 6c]
Mahu2021: checks 
Adriann220: bets 30
Mahu2021: calls 30
*** TURN *** [8s Tc 6c] [9h]
Mahu2021: checks 
Adriann220: bets 30
Mahu2021: calls 30
*** RIVER *** [8s Tc 6c 9h] [9s]
Mahu2021: checks 
Adriann220: checks 
*** SHOW DOWN ***
Mahu2021: shows [Ts 4c] (two pair, Tens and Nines)
Adriann220: mucks hand 
Mahu2021 collected 180 from pot
*** SUMMARY ***
Total pot 180 | Rake 0 
Board [8s Tc 6c 9h 9s]
Seat 1: Adriann220 (button) (small blind) mucked [5d 6d]
Seat 3: Mahu2021 (big blind) showed [Ts 4c] and won (180) with two pair, Tens and Nines



PokerStars Hand #247565361164: Tournament #3684194143, $1.84+$0.16 USD Hold'em No Limit - Level III (20/40) - 2023/12/09 17:28:00 CET [2023/12/09 11:28:00 ET]
Table '3684194143 1' 3-max Seat #3 is the button
Seat 1: Adriann220 (740 in chips) 
Seat 3: Mahu2021 (760 in chips) 
Mahu2021: posts small blind 20
Adriann220: posts big blind 40
*** HOLE CARDS ***
Dealt to Mahu2021 [8d 6h]
Mahu2021: calls 20
Adriann220: checks 
*** FLOP *** [Ts 5d 2d]
Adriann220: checks 
Mahu2021: checks 
*** TURN *** [Ts 5d 2d] [6c]
Adriann220: checks 
Mahu2021: bets 40
Adriann220: calls 40
*** RIVER *** [Ts 5d 2d 6c] [2h]
Adriann220: checks 
Mahu2021: checks 
*** SHOW DOWN ***
Adriann220: shows [Qd 7d] (a pair of Deuces)
Mahu2021: shows [8d 6h] (two pair, Sixes and Deuces)
Mahu2021 collected 160 from pot
*** SUMMARY ***
Total pot 160 | Rake 0 
Board [Ts 5d 2d 6c 2h]
Seat 1: Adriann220 (big blind) showed [Qd 7d] and lost with a pair of Deuces
Seat 3: Mahu2021 (button) (small blind) showed [8d 6h] and won (160) with two pair, Sixes and Deuces



PokerStars Hand #247565365757: Tournament #3684194143, $1.84+$0.16 USD Hold'em No Limit - Level III (20/40) - 2023/12/09 17:28:17 CET [2023/12/09 11:28:17 ET]
Table '3684194143 1' 3-max Seat #1 is the button
Seat 1: Adriann220 (660 in chips) 
Seat 3: Mahu2021 (840 in chips) 
Adriann220: posts small blind 20
Mahu2021: posts big blind 40
*** HOLE CARDS ***
Dealt to Mahu2021 [6h Qh]
Adriann220: folds 
Uncalled bet (20) returned to Mahu2021
Mahu2021 collected 40 from pot
Mahu2021: doesn't show hand 
*** SUMMARY ***
Total pot 40 | Rake 0 
Seat 1: Adriann220 (button) (small blind) folded before Flop
Seat 3: Mahu2021 (big blind) collected (40)



PokerStars Hand #247565366836: Tournament #3684194143, $1.84+$0.16 USD Hold'em No Limit - Level III (20/40) - 2023/12/09 17:28:21 CET [2023/12/09 11:28:21 ET]
Table '3684194143 1' 3-max Seat #3 is the button
Seat 1: Adriann220 (640 in chips) 
Seat 3: Mahu2021 (860 in chips) 
Mahu2021: posts small blind 20
Adriann220: posts big blind 40
*** HOLE CARDS ***
Dealt to Mahu2021 [Kh 9s]
Mahu2021: raises 80 to 120
Adriann220: folds 
Uncalled bet (80) returned to Mahu2021
Mahu2021 collected 80 from pot
Mahu2021: doesn't show hand 
*** SUMMARY ***
Total pot 80 | Rake 0 
Seat 1: Adriann220 (big blind) folded before Flop
Seat 3: Mahu2021 (button) (small blind) collected (80)



PokerStars Hand #247565368612: Tournament #3684194143, $1.84+$0.16 USD Hold'em No Limit - Level III (20/40) - 2023/12/09 17:28:28 CET [2023/12/09 11:28:28 ET]
Table '3684194143 1' 3-max Seat #1 is the button
Seat 1: Adriann220 (600 in chips) 
Seat 3: Mahu2021 (900 in chips) 
Adriann220: posts small blind 20
Mahu2021: posts big blind 40
*** HOLE CARDS ***
Dealt to Mahu2021 [6h 7s]
Adriann220: raises 40 to 80
Mahu2021: calls 40
*** FLOP *** [Td 5s 9c]
Mahu2021: checks 
Adriann220: bets 80
Mahu2021: folds 
Uncalled bet (80) returned to Adriann220
Adriann220 collected 160 from pot
*** SUMMARY ***
Total pot 160 | Rake 0 
Board [Td 5s 9c]
Seat 1: Adriann220 (button) (small blind) collected (160)
Seat 3: Mahu2021 (big blind) folded on the Flop



PokerStars Hand #247565372186: Tournament #3684194143, $1.84+$0.16 USD Hold'em No Limit - Level III (20/40) - 2023/12/09 17:28:41 CET [2023/12/09 11:28:41 ET]
Table '3684194143 1' 3-max Seat #3 is the button
Seat 1: Adriann220 (680 in chips) 
Seat 3: Mahu2021 (820 in chips) 
Mahu2021: posts small blind 20
Adriann220: posts big blind 40
*** HOLE CARDS ***
Dealt to Mahu2021 [5s Jd]
Mahu2021: calls 20
Adriann220: checks 
*** FLOP *** [4c 8s 6d]
Adriann220: checks 
Mahu2021: bets 40
Adriann220: folds 
Uncalled bet (40) returned to Mahu2021
Mahu2021 collected 80 from pot
Mahu2021: doesn't show hand 
*** SUMMARY ***
Total pot 80 | Rake 0 
Board [4c 8s 6d]
Seat 1: Adriann220 (big blind) folded on the Flop
Seat 3: Mahu2021 (button) (small blind) collected (80)



PokerStars Hand #247565375285: Tournament #3684194143, $1.84+$0.16 USD Hold'em No Limit - Level III (20/40) - 2023/12/09 17:28:52 CET [2023/12/09 11:28:52 ET]
Table '3684194143 1' 3-max Seat #1 is the button
Seat 1: Adriann220 (640 in chips) 
Seat 3: Mahu2021 (860 in chips) 
Adriann220: posts small blind 20
Mahu2021: posts big blind 40
*** HOLE CARDS ***
Dealt to Mahu2021 [9c Kd]
Adriann220: folds 
Uncalled bet (20) returned to Mahu2021
Mahu2021 collected 40 from pot
Mahu2021: doesn't show hand 
*** SUMMARY ***
Total pot 40 | Rake 0 
Seat 1: Adriann220 (button) (small blind) folded before Flop
Seat 3: Mahu2021 (big blind) collected (40)



PokerStars Hand #247565376466: Tournament #3684194143, $1.84+$0.16 USD Hold'em No Limit - Level III (20/40) - 2023/12/09 17:28:56 CET [2023/12/09 11:28:56 ET]
Table '3684194143 1' 3-max Seat #3 is the button
Seat 1: Adriann220 (620 in chips) 
Seat 3: Mahu2021 (880 in chips) 
Mahu2021: posts small blind 20
Adriann220: posts big blind 40
*** HOLE CARDS ***
Dealt to Mahu2021 [6c 4d]
Mahu2021: calls 20
Adriann220: checks 
*** FLOP *** [Qd Qs Ts]
Adriann220: checks 
Mahu2021: checks 
*** TURN *** [Qd Qs Ts] [As]
Adriann220: checks 
Mahu2021: checks 
*** RIVER *** [Qd Qs Ts As] [8c]
Adriann220: checks 
Mahu2021: checks 
*** SHOW DOWN ***
Adriann220: shows [8s Jh] (two pair, Queens and Eights)
Mahu2021: mucks hand 
Adriann220 collected 80 from pot
*** SUMMARY ***
Total pot 80 | Rake 0 
Board [Qd Qs Ts As 8c]
Seat 1: Adriann220 (big blind) showed [8s Jh] and won (80) with two pair, Queens and Eights
Seat 3: Mahu2021 (button) (small blind) mucked [6c 4d]



PokerStars Hand #247565382822: Tournament #3684194143, $1.84+$0.16 USD Hold'em No Limit - Level III (20/40) - 2023/12/09 17:29:20 CET [2023/12/09 11:29:20 ET]
Table '3684194143 1' 3-max Seat #1 is the button
Seat 1: Adriann220 (660 in chips) 
Seat 3: Mahu2021 (840 in chips) 
Adriann220: posts small blind 20
Mahu2021: posts big blind 40
*** HOLE CARDS ***
Dealt to Mahu2021 [Jc Kh]
Adriann220: folds 
Uncalled bet (20) returned to Mahu2021
Mahu2021 collected 40 from pot
Mahu2021: doesn't show hand 
*** SUMMARY ***
Total pot 40 | Rake 0 
Seat 1: Adriann220 (button) (small blind) folded before Flop
Seat 3: Mahu2021 (big blind) collected (40)



PokerStars Hand #247565383965: Tournament #3684194143, $1.84+$0.16 USD Hold'em No Limit - Level III (20/40) - 2023/12/09 17:29:24 CET [2023/12/09 11:29:24 ET]
Table '3684194143 1' 3-max Seat #3 is the button
Seat 1: Adriann220 (640 in chips) 
Seat 3: Mahu2021 (860 in chips) 
Mahu2021: posts small blind 20
Adriann220: posts big blind 40
*** HOLE CARDS ***
Dealt to Mahu2021 [Tc 6s]
Mahu2021: calls 20
Adriann220: checks 
*** FLOP *** [8c Kd 3s]
Adriann220: checks 
Mahu2021: bets 40
Adriann220: folds 
Uncalled bet (40) returned to Mahu2021
Mahu2021 collected 80 from pot
Mahu2021: doesn't show hand 
*** SUMMARY ***
Total pot 80 | Rake 0 
Board [8c Kd 3s]
Seat 1: Adriann220 (big blind) folded on the Flop
Seat 3: Mahu2021 (button) (small blind) collected (80)



PokerStars Hand #247565386937: Tournament #3684194143, $1.84+$0.16 USD Hold'em No Limit - Level III (20/40) - 2023/12/09 17:29:35 CET [2023/12/09 11:29:35 ET]
Table '3684194143 1' 3-max Seat #1 is the button
Seat 1: Adriann220 (600 in chips) 
Seat 3: Mahu2021 (900 in chips) 
Adriann220: posts small blind 20
Mahu2021: posts big blind 40
*** HOLE CARDS ***
Dealt to Mahu2021 [Qh Kh]
Adriann220: raises 40 to 80
Mahu2021: calls 40
*** FLOP *** [Qs Kd Th]
Mahu2021: checks 
Adriann220: checks 
*** TURN *** [Qs Kd Th] [6d]
Mahu2021: checks 
Adriann220: checks 
*** RIVER *** [Qs Kd Th 6d] [8h]
Mahu2021: bets 160
Adriann220: raises 240 to 400
Mahu2021: calls 240
*** SHOW DOWN ***
Adriann220: shows [Jc Ah] (a straight, Ten to Ace)
Mahu2021: mucks hand 
Adriann220 collected 960 from pot
*** SUMMARY ***
Total pot 960 | Rake 0 
Board [Qs Kd Th 6d 8h]
Seat 1: Adriann220 (button) (small blind) showed [Jc Ah] and won (960) with a straight, Ten to Ace
Seat 3: Mahu2021 (big blind) mucked [Qh Kh]



PokerStars Hand #247565391790: Tournament #3684194143, $1.84+$0.16 USD Hold'em No Limit - Level III (20/40) - 2023/12/09 17:29:53 CET [2023/12/09 11:29:53 ET]
Table '3684194143 1' 3-max Seat #3 is the button
Seat 1: Adriann220 (1080 in chips) 
Seat 3: Mahu2021 (420 in chips) 
Mahu2021: posts small blind 20
Adriann220: posts big blind 40
*** HOLE CARDS ***
Dealt to Mahu2021 [Ah Kd]
Mahu2021: raises 40 to 80
Adriann220: folds 
Uncalled bet (40) returned to Mahu2021
Mahu2021 collected 80 from pot
Mahu2021: doesn't show hand 
*** SUMMARY ***
Total pot 80 | Rake 0 
Seat 1: Adriann220 (big blind) folded before Flop
Seat 3: Mahu2021 (button) (small blind) collected (80)



PokerStars Hand #247565393693: Tournament #3684194143, $1.84+$0.16 USD Hold'em No Limit - Level III (20/40) - 2023/12/09 17:29:59 CET [2023/12/09 11:29:59 ET]
Table '3684194143 1' 3-max Seat #1 is the button
Seat 1: Adriann220 (1040 in chips) 
Seat 3: Mahu2021 (460 in chips) 
Adriann220: posts small blind 20
Mahu2021: posts big blind 40
*** HOLE CARDS ***
Dealt to Mahu2021 [Jc 5c]
Adriann220: calls 20
Mahu2021: checks 
*** FLOP *** [Jh 8h 6d]
Mahu2021: checks 
Adriann220: bets 40
Mahu2021: calls 40
*** TURN *** [Jh 8h 6d] [2c]
Mahu2021: checks 
Adriann220: bets 40
Mahu2021: raises 320 to 360
Adriann220: folds 
Uncalled bet (320) returned to Mahu2021
Mahu2021 collected 240 from pot
Mahu2021: doesn't show hand 
*** SUMMARY ***
Total pot 240 | Rake 0 
Board [Jh 8h 6d 2c]
Seat 1: Adriann220 (button) (small blind) folded on the Turn
Seat 3: Mahu2021 (big blind) collected (240)



PokerStars Hand #247565399263: Tournament #3684194143, $1.84+$0.16 USD Hold'em No Limit - Level III (20/40) - 2023/12/09 17:30:19 CET [2023/12/09 11:30:19 ET]
Table '3684194143 1' 3-max Seat #3 is the button
Seat 1: Adriann220 (920 in chips) 
Seat 3: Mahu2021 (580 in chips) 
Mahu2021: posts small blind 20
Adriann220: posts big blind 40
*** HOLE CARDS ***
Dealt to Mahu2021 [Jd 7s]
Mahu2021: calls 20
Adriann220: checks 
*** FLOP *** [Kc 3s 7d]
Adriann220: checks 
Mahu2021: bets 40
Adriann220: folds 
Uncalled bet (40) returned to Mahu2021
Mahu2021 collected 80 from pot
Mahu2021: doesn't show hand 
*** SUMMARY ***
Total pot 80 | Rake 0 
Board [Kc 3s 7d]
Seat 1: Adriann220 (big blind) folded on the Flop
Seat 3: Mahu2021 (button) (small blind) collected (80)



PokerStars Hand #247565402251: Tournament #3684194143, $1.84+$0.16 USD Hold'em No Limit - Level III (20/40) - 2023/12/09 17:30:30 CET [2023/12/09 11:30:30 ET]
Table '3684194143 1' 3-max Seat #1 is the button
Seat 1: Adriann220 (880 in chips) 
Seat 3: Mahu2021 (620 in chips) 
Adriann220: posts small blind 20
Mahu2021: posts big blind 40
*** HOLE CARDS ***
Dealt to Mahu2021 [Jh 3d]
Adriann220: folds 
Uncalled bet (20) returned to Mahu2021
Mahu2021 collected 40 from pot
Mahu2021: doesn't show hand 
*** SUMMARY ***
Total pot 40 | Rake 0 
Seat 1: Adriann220 (button) (small blind) folded before Flop
Seat 3: Mahu2021 (big blind) collected (40)



PokerStars Hand #247565403421: Tournament #3684194143, $1.84+$0.16 USD Hold'em No Limit - Level III (20/40) - 2023/12/09 17:30:34 CET [2023/12/09 11:30:34 ET]
Table '3684194143 1' 3-max Seat #3 is the button
Seat 1: Adriann220 (860 in chips) 
Seat 3: Mahu2021 (640 in chips) 
Mahu2021: posts small blind 20
Adriann220: posts big blind 40
*** HOLE CARDS ***
Dealt to Mahu2021 [Jc 2c]
Mahu2021: calls 20
Adriann220: checks 
*** FLOP *** [Tc Js 8c]
Adriann220: checks 
Mahu2021: bets 40
Adriann220: folds 
Uncalled bet (40) returned to Mahu2021
Mahu2021 collected 80 from pot
Mahu2021: doesn't show hand 
*** SUMMARY ***
Total pot 80 | Rake 0 
Board [Tc Js 8c]
Seat 1: Adriann220 (big blind) folded on the Flop
Seat 3: Mahu2021 (button) (small blind) collected (80)



PokerStars Hand #247565406281: Tournament #3684194143, $1.84+$0.16 USD Hold'em No Limit - Level III (20/40) - 2023/12/09 17:30:44 CET [2023/12/09 11:30:44 ET]
Table '3684194143 1' 3-max Seat #1 is the button
Seat 1: Adriann220 (820 in chips) 
Seat 3: Mahu2021 (680 in chips) 
Adriann220: posts small blind 20
Mahu2021: posts big blind 40
*** HOLE CARDS ***
Dealt to Mahu2021 [8h Jd]
Adriann220: folds 
Uncalled bet (20) returned to Mahu2021
Mahu2021 collected 40 from pot
Mahu2021: doesn't show hand 
*** SUMMARY ***
Total pot 40 | Rake 0 
Seat 1: Adriann220 (button) (small blind) folded before Flop
Seat 3: Mahu2021 (big blind) collected (40)



PokerStars Hand #247565407645: Tournament #3684194143, $1.84+$0.16 USD Hold'em No Limit - Level III (20/40) - 2023/12/09 17:30:49 CET [2023/12/09 11:30:49 ET]
Table '3684194143 1' 3-max Seat #3 is the button
Seat 1: Adriann220 (800 in chips) 
Seat 3: Mahu2021 (700 in chips) 
Mahu2021: posts small blind 20
Adriann220: posts big blind 40
*** HOLE CARDS ***
Dealt to Mahu2021 [5s 2s]
Mahu2021: calls 20
Adriann220: checks 
*** FLOP *** [2h 2d Th]
Adriann220: checks 
Mahu2021: checks 
*** TURN *** [2h 2d Th] [Ac]
Adriann220: checks 
Mahu2021: checks 
*** RIVER *** [2h 2d Th Ac] [6c]
Adriann220: checks 
Mahu2021: bets 660 and is all-in
Adriann220: folds 
Uncalled bet (660) returned to Mahu2021
Mahu2021 collected 80 from pot
Mahu2021: doesn't show hand 
*** SUMMARY ***
Total pot 80 | Rake 0 
Board [2h 2d Th Ac 6c]
Seat 1: Adriann220 (big blind) folded on the River
Seat 3: Mahu2021 (button) (small blind) collected (80)



PokerStars Hand #247565413396: Tournament #3684194143, $1.84+$0.16 USD Hold'em No Limit - Level IV (30/60) - 2023/12/09 17:31:10 CET [2023/12/09 11:31:10 ET]
Table '3684194143 1' 3-max Seat #1 is the button
Seat 1: Adriann220 (760 in chips) 
Seat 3: Mahu2021 (740 in chips) 
Adriann220: posts small blind 30
Mahu2021: posts big blind 60
*** HOLE CARDS ***
Dealt to Mahu2021 [Qs 3s]
Adriann220: raises 60 to 120
Mahu2021: calls 60
*** FLOP *** [5s 6s 4c]
Mahu2021: checks 
Adriann220: bets 640 and is all-in
Mahu2021: calls 620 and is all-in
Uncalled bet (20) returned to Adriann220
*** TURN *** [5s 6s 4c] [8s]
*** RIVER *** [5s 6s 4c 8s] [9d]
*** SHOW DOWN ***
Mahu2021: shows [Qs 3s] (a flush, Queen high)
Adriann220: shows [7c Ks] (a straight, Five to Nine)
Mahu2021 collected 1480 from pot
*** SUMMARY ***
Total pot 1480 | Rake 0 
Board [5s 6s 4c 8s 9d]
Seat 1: Adriann220 (button) (small blind) showed [7c Ks] and lost with a straight, Five to Nine
Seat 3: Mahu2021 (big blind) showed [Qs 3s] and won (1480) with a flush, Queen high



PokerStars Hand #247565418037: Tournament #3684194143, $1.84+$0.16 USD Hold'em No Limit - Level IV (30/60) - 2023/12/09 17:31:27 CET [2023/12/09 11:31:27 ET]
Table '3684194143 1' 3-max Seat #3 is the button
Seat 1: Adriann220 (20 in chips) 
Seat 3: Mahu2021 (1480 in chips) 
Mahu2021: posts small blind 30
Adriann220: posts big blind 20 and is all-in
*** HOLE CARDS ***
Dealt to Mahu2021 [9d 6d]
Uncalled bet (10) returned to Mahu2021
*** FLOP *** [2d 9c 5s]
*** TURN *** [2d 9c 5s] [Qs]
*** RIVER *** [2d 9c 5s Qs] [5d]
*** SHOW DOWN ***
Adriann220: shows [Js 8h] (a pair of Fives)
Mahu2021: shows [9d 6d] (two pair, Nines and Fives)
Mahu2021 collected 40 from pot
Adriann220 finished the tournament in 2nd place
Mahu2021 wins the tournament and receives $6.00 - congratulations!
*** SUMMARY ***
Total pot 40 | Rake 0 
Board [2d 9c 5s Qs 5d]
Seat 1: Adriann220 (big blind) showed [Js 8h] and lost with a pair of Fives
Seat 3: Mahu2021 (button) (small blind) showed [9d 6d] and won (40) with two pair, Nines and Fives



