PokerStars Hand #243368589916: Tournament #3583853341, $0.92+$0.08 USD Hold'em No Limit - Level I (10/20) - 2023/04/28 19:28:16 CET [2023/04/28 13:28:16 ET]
Table '3583853341 1' 3-max Seat #1 is the button
Seat 1: lazyfull (500 in chips) 
Seat 2: co5tello (500 in chips) 
Seat 3: Mahu2021 (500 in chips) 
co5tello: posts small blind 10
Mahu2021: posts big blind 20
*** HOLE CARDS ***
Dealt to Mahu2021 [Jd Qh]
lazyfull: raises 50 to 70
co5tello: raises 430 to 500 and is all-in
Mahu2021: folds 
lazyfull: calls 430 and is all-in
*** FLOP *** [8h 2d Ac]
*** TURN *** [8h 2d Ac] [Ts]
*** RIVER *** [8h 2d Ac Ts] [Jc]
*** SHOW DOWN ***
co5tello: shows [Td Tc] (three of a kind, Tens)
lazyfull: shows [Qd Jh] (a pair of Jacks)
co5tello collected 1020 from pot
lazyfull finished the tournament in 3rd place
*** SUMMARY ***
Total pot 1020 | Rake 0 
Board [8h 2d Ac Ts Jc]
Seat 1: lazyfull (button) showed [Qd Jh] and lost with a pair of Jacks
Seat 2: co5tello (small blind) showed [Td Tc] and won (1020) with three of a kind, Tens
Seat 3: Mahu2021 (big blind) folded before Flop



PokerStars Hand #243368596825: Tournament #3583853341, $0.92+$0.08 USD Hold'em No Limit - Level I (10/20) - 2023/04/28 19:28:38 CET [2023/04/28 13:28:38 ET]
Table '3583853341 1' 3-max Seat #3 is the button
Seat 2: co5tello (1020 in chips) 
Seat 3: Mahu2021 (480 in chips) 
Mahu2021: posts small blind 10
co5tello: posts big blind 20
*** HOLE CARDS ***
Dealt to Mahu2021 [Qc 6c]
Mahu2021: calls 10
co5tello: raises 40 to 60
Mahu2021: calls 40
*** FLOP *** [8h 8s 6d]
co5tello: bets 60
Mahu2021: calls 60
*** TURN *** [8h 8s 6d] [4c]
co5tello: bets 120
Mahu2021: calls 120
*** RIVER *** [8h 8s 6d 4c] [6s]
co5tello: bets 240
Mahu2021: calls 240 and is all-in
*** SHOW DOWN ***
co5tello: shows [Jh Ts] (two pair, Eights and Sixes)
Mahu2021: shows [Qc 6c] (a full house, Sixes full of Eights)
Mahu2021 collected 960 from pot
*** SUMMARY ***
Total pot 960 | Rake 0 
Board [8h 8s 6d 4c 6s]
Seat 2: co5tello (big blind) showed [Jh Ts] and lost with two pair, Eights and Sixes
Seat 3: Mahu2021 (button) (small blind) showed [Qc 6c] and won (960) with a full house, Sixes full of Eights



PokerStars Hand #243368604375: Tournament #3583853341, $0.92+$0.08 USD Hold'em No Limit - Level I (10/20) - 2023/04/28 19:29:02 CET [2023/04/28 13:29:02 ET]
Table '3583853341 1' 3-max Seat #2 is the button
Seat 2: co5tello (540 in chips) 
Seat 3: Mahu2021 (960 in chips) 
co5tello: posts small blind 10
Mahu2021: posts big blind 20
*** HOLE CARDS ***
Dealt to Mahu2021 [Jc Qs]
co5tello: raises 40 to 60
Mahu2021: calls 40
*** FLOP *** [Kh 5s 7c]
Mahu2021: checks 
co5tello: bets 60
Mahu2021: folds 
Uncalled bet (60) returned to co5tello
co5tello collected 120 from pot
*** SUMMARY ***
Total pot 120 | Rake 0 
Board [Kh 5s 7c]
Seat 2: co5tello (button) (small blind) collected (120)
Seat 3: Mahu2021 (big blind) folded on the Flop



PokerStars Hand #243368608257: Tournament #3583853341, $0.92+$0.08 USD Hold'em No Limit - Level I (10/20) - 2023/04/28 19:29:15 CET [2023/04/28 13:29:15 ET]
Table '3583853341 1' 3-max Seat #3 is the button
Seat 2: co5tello (600 in chips) 
Seat 3: Mahu2021 (900 in chips) 
Mahu2021: posts small blind 10
co5tello: posts big blind 20
*** HOLE CARDS ***
Dealt to Mahu2021 [3c 7h]
Mahu2021: folds 
Uncalled bet (10) returned to co5tello
co5tello collected 20 from pot
*** SUMMARY ***
Total pot 20 | Rake 0 
Seat 2: co5tello (big blind) collected (20)
Seat 3: Mahu2021 (button) (small blind) folded before Flop



PokerStars Hand #243368609723: Tournament #3583853341, $0.92+$0.08 USD Hold'em No Limit - Level I (10/20) - 2023/04/28 19:29:19 CET [2023/04/28 13:29:19 ET]
Table '3583853341 1' 3-max Seat #2 is the button
Seat 2: co5tello (610 in chips) 
Seat 3: Mahu2021 (890 in chips) 
co5tello: posts small blind 10
Mahu2021: posts big blind 20
*** HOLE CARDS ***
Dealt to Mahu2021 [Qd Jh]
co5tello: raises 590 to 610 and is all-in
Mahu2021: folds 
Uncalled bet (590) returned to co5tello
co5tello collected 40 from pot
*** SUMMARY ***
Total pot 40 | Rake 0 
Seat 2: co5tello (button) (small blind) collected (40)
Seat 3: Mahu2021 (big blind) folded before Flop



PokerStars Hand #243368612132: Tournament #3583853341, $0.92+$0.08 USD Hold'em No Limit - Level I (10/20) - 2023/04/28 19:29:27 CET [2023/04/28 13:29:27 ET]
Table '3583853341 1' 3-max Seat #3 is the button
Seat 2: co5tello (630 in chips) 
Seat 3: Mahu2021 (870 in chips) 
Mahu2021: posts small blind 10
co5tello: posts big blind 20
*** HOLE CARDS ***
Dealt to Mahu2021 [3s 2h]
Mahu2021: folds 
Uncalled bet (10) returned to co5tello
co5tello collected 20 from pot
*** SUMMARY ***
Total pot 20 | Rake 0 
Seat 2: co5tello (big blind) collected (20)
Seat 3: Mahu2021 (button) (small blind) folded before Flop



PokerStars Hand #243368613466: Tournament #3583853341, $0.92+$0.08 USD Hold'em No Limit - Level I (10/20) - 2023/04/28 19:29:31 CET [2023/04/28 13:29:31 ET]
Table '3583853341 1' 3-max Seat #2 is the button
Seat 2: co5tello (640 in chips) 
Seat 3: Mahu2021 (860 in chips) 
co5tello: posts small blind 10
Mahu2021: posts big blind 20
*** HOLE CARDS ***
Dealt to Mahu2021 [Js 3c]
co5tello: raises 620 to 640 and is all-in
Mahu2021: folds 
Uncalled bet (620) returned to co5tello
co5tello collected 40 from pot
*** SUMMARY ***
Total pot 40 | Rake 0 
Seat 2: co5tello (button) (small blind) collected (40)
Seat 3: Mahu2021 (big blind) folded before Flop



PokerStars Hand #243368615697: Tournament #3583853341, $0.92+$0.08 USD Hold'em No Limit - Level I (10/20) - 2023/04/28 19:29:38 CET [2023/04/28 13:29:38 ET]
Table '3583853341 1' 3-max Seat #3 is the button
Seat 2: co5tello (660 in chips) 
Seat 3: Mahu2021 (840 in chips) 
Mahu2021: posts small blind 10
co5tello: posts big blind 20
*** HOLE CARDS ***
Dealt to Mahu2021 [6h 8h]
Mahu2021: calls 10
co5tello: checks 
*** FLOP *** [Qs 8c 5c]
co5tello: checks 
Mahu2021: bets 40
co5tello: calls 40
*** TURN *** [Qs 8c 5c] [Tc]
co5tello: checks 
Mahu2021: bets 120
co5tello: raises 180 to 300
Mahu2021: folds 
Uncalled bet (180) returned to co5tello
co5tello collected 360 from pot
*** SUMMARY ***
Total pot 360 | Rake 0 
Board [Qs 8c 5c Tc]
Seat 2: co5tello (big blind) collected (360)
Seat 3: Mahu2021 (button) (small blind) folded on the Turn



PokerStars Hand #243368622165: Tournament #3583853341, $0.92+$0.08 USD Hold'em No Limit - Level I (10/20) - 2023/04/28 19:29:59 CET [2023/04/28 13:29:59 ET]
Table '3583853341 1' 3-max Seat #2 is the button
Seat 2: co5tello (840 in chips) 
Seat 3: Mahu2021 (660 in chips) 
co5tello: posts small blind 10
Mahu2021: posts big blind 20
*** HOLE CARDS ***
Dealt to Mahu2021 [Kd 2c]
co5tello: raises 40 to 60
Mahu2021: folds 
Uncalled bet (40) returned to co5tello
co5tello collected 40 from pot
*** SUMMARY ***
Total pot 40 | Rake 0 
Seat 2: co5tello (button) (small blind) collected (40)
Seat 3: Mahu2021 (big blind) folded before Flop



PokerStars Hand #243368624410: Tournament #3583853341, $0.92+$0.08 USD Hold'em No Limit - Level I (10/20) - 2023/04/28 19:30:06 CET [2023/04/28 13:30:06 ET]
Table '3583853341 1' 3-max Seat #3 is the button
Seat 2: co5tello (860 in chips) 
Seat 3: Mahu2021 (640 in chips) 
Mahu2021: posts small blind 10
co5tello: posts big blind 20
*** HOLE CARDS ***
Dealt to Mahu2021 [Qd 2c]
Mahu2021: folds 
Uncalled bet (10) returned to co5tello
co5tello collected 20 from pot
*** SUMMARY ***
Total pot 20 | Rake 0 
Seat 2: co5tello (big blind) collected (20)
Seat 3: Mahu2021 (button) (small blind) folded before Flop



PokerStars Hand #243368625764: Tournament #3583853341, $0.92+$0.08 USD Hold'em No Limit - Level I (10/20) - 2023/04/28 19:30:11 CET [2023/04/28 13:30:11 ET]
Table '3583853341 1' 3-max Seat #2 is the button
Seat 2: co5tello (870 in chips) 
Seat 3: Mahu2021 (630 in chips) 
co5tello: posts small blind 10
Mahu2021: posts big blind 20
*** HOLE CARDS ***
Dealt to Mahu2021 [Kc Ks]
co5tello: raises 40 to 60
Mahu2021: raises 570 to 630 and is all-in
co5tello: calls 570
*** FLOP *** [8s 2s 8d]
*** TURN *** [8s 2s 8d] [4d]
*** RIVER *** [8s 2s 8d 4d] [4h]
*** SHOW DOWN ***
Mahu2021: shows [Kc Ks] (two pair, Kings and Eights)
co5tello: shows [3h 3c] (two pair, Eights and Fours)
Mahu2021 collected 1260 from pot
*** SUMMARY ***
Total pot 1260 | Rake 0 
Board [8s 2s 8d 4d 4h]
Seat 2: co5tello (button) (small blind) showed [3h 3c] and lost with two pair, Eights and Fours
Seat 3: Mahu2021 (big blind) showed [Kc Ks] and won (1260) with two pair, Kings and Eights



PokerStars Hand #243368630616: Tournament #3583853341, $0.92+$0.08 USD Hold'em No Limit - Level I (10/20) - 2023/04/28 19:30:26 CET [2023/04/28 13:30:26 ET]
Table '3583853341 1' 3-max Seat #3 is the button
Seat 2: co5tello (240 in chips) 
Seat 3: Mahu2021 (1260 in chips) 
Mahu2021: posts small blind 10
co5tello: posts big blind 20
*** HOLE CARDS ***
Dealt to Mahu2021 [Ks 8h]
Mahu2021: calls 10
co5tello: raises 220 to 240 and is all-in
Mahu2021: folds 
Uncalled bet (220) returned to co5tello
co5tello collected 40 from pot
*** SUMMARY ***
Total pot 40 | Rake 0 
Seat 2: co5tello (big blind) collected (40)
Seat 3: Mahu2021 (button) (small blind) folded before Flop



PokerStars Hand #243368633302: Tournament #3583853341, $0.92+$0.08 USD Hold'em No Limit - Level I (10/20) - 2023/04/28 19:30:34 CET [2023/04/28 13:30:34 ET]
Table '3583853341 1' 3-max Seat #2 is the button
Seat 2: co5tello (260 in chips) 
Seat 3: Mahu2021 (1240 in chips) 
co5tello: posts small blind 10
Mahu2021: posts big blind 20
*** HOLE CARDS ***
Dealt to Mahu2021 [3s 2h]
co5tello: raises 240 to 260 and is all-in
Mahu2021: folds 
Uncalled bet (240) returned to co5tello
co5tello collected 40 from pot
*** SUMMARY ***
Total pot 40 | Rake 0 
Seat 2: co5tello (button) (small blind) collected (40)
Seat 3: Mahu2021 (big blind) folded before Flop



PokerStars Hand #243368635323: Tournament #3583853341, $0.92+$0.08 USD Hold'em No Limit - Level I (10/20) - 2023/04/28 19:30:41 CET [2023/04/28 13:30:41 ET]
Table '3583853341 1' 3-max Seat #3 is the button
Seat 2: co5tello (280 in chips) 
Seat 3: Mahu2021 (1220 in chips) 
Mahu2021: posts small blind 10
co5tello: posts big blind 20
*** HOLE CARDS ***
Dealt to Mahu2021 [Js Qs]
Mahu2021: calls 10
co5tello: checks 
*** FLOP *** [3h 3c 6c]
co5tello: checks 
Mahu2021: checks 
*** TURN *** [3h 3c 6c] [Tc]
co5tello: checks 
Mahu2021: checks 
*** RIVER *** [3h 3c 6c Tc] [8s]
co5tello: checks 
Mahu2021: checks 
*** SHOW DOWN ***
co5tello: shows [9s Jh] (a pair of Threes)
Mahu2021: shows [Js Qs] (a pair of Threes - Queen kicker)
Mahu2021 collected 40 from pot
*** SUMMARY ***
Total pot 40 | Rake 0 
Board [3h 3c 6c Tc 8s]
Seat 2: co5tello (big blind) showed [9s Jh] and lost with a pair of Threes
Seat 3: Mahu2021 (button) (small blind) showed [Js Qs] and won (40) with a pair of Threes



PokerStars Hand #243368639981: Tournament #3583853341, $0.92+$0.08 USD Hold'em No Limit - Level I (10/20) - 2023/04/28 19:30:55 CET [2023/04/28 13:30:55 ET]
Table '3583853341 1' 3-max Seat #2 is the button
Seat 2: co5tello (260 in chips) 
Seat 3: Mahu2021 (1240 in chips) 
co5tello: posts small blind 10
Mahu2021: posts big blind 20
*** HOLE CARDS ***
Dealt to Mahu2021 [Kc Ah]
co5tello: raises 240 to 260 and is all-in
Mahu2021: calls 240
*** FLOP *** [5c Ts Tc]
*** TURN *** [5c Ts Tc] [Qd]
*** RIVER *** [5c Ts Tc Qd] [2h]
*** SHOW DOWN ***
Mahu2021: shows [Kc Ah] (a pair of Tens)
co5tello: shows [Qc 8h] (two pair, Queens and Tens)
co5tello collected 520 from pot
*** SUMMARY ***
Total pot 520 | Rake 0 
Board [5c Ts Tc Qd 2h]
Seat 2: co5tello (button) (small blind) showed [Qc 8h] and won (520) with two pair, Queens and Tens
Seat 3: Mahu2021 (big blind) showed [Kc Ah] and lost with a pair of Tens



PokerStars Hand #243368644262: Tournament #3583853341, $0.92+$0.08 USD Hold'em No Limit - Level I (10/20) - 2023/04/28 19:31:09 CET [2023/04/28 13:31:09 ET]
Table '3583853341 1' 3-max Seat #3 is the button
Seat 2: co5tello (520 in chips) 
Seat 3: Mahu2021 (980 in chips) 
Mahu2021: posts small blind 10
co5tello: posts big blind 20
*** HOLE CARDS ***
Dealt to Mahu2021 [7h 4h]
Mahu2021: calls 10
co5tello: raises 500 to 520 and is all-in
Mahu2021: folds 
Uncalled bet (500) returned to co5tello
co5tello collected 40 from pot
*** SUMMARY ***
Total pot 40 | Rake 0 
Seat 2: co5tello (big blind) collected (40)
Seat 3: Mahu2021 (button) (small blind) folded before Flop



PokerStars Hand #243368647798: Tournament #3583853341, $0.92+$0.08 USD Hold'em No Limit - Level II (15/30) - 2023/04/28 19:31:20 CET [2023/04/28 13:31:20 ET]
Table '3583853341 1' 3-max Seat #2 is the button
Seat 2: co5tello (540 in chips) 
Seat 3: Mahu2021 (960 in chips) 
co5tello: posts small blind 15
Mahu2021: posts big blind 30
*** HOLE CARDS ***
Dealt to Mahu2021 [Kc 6h]
co5tello: folds 
Uncalled bet (15) returned to Mahu2021
Mahu2021 collected 30 from pot
Mahu2021: doesn't show hand 
*** SUMMARY ***
Total pot 30 | Rake 0 
Seat 2: co5tello (button) (small blind) folded before Flop
Seat 3: Mahu2021 (big blind) collected (30)



PokerStars Hand #243368649190: Tournament #3583853341, $0.92+$0.08 USD Hold'em No Limit - Level II (15/30) - 2023/04/28 19:31:25 CET [2023/04/28 13:31:25 ET]
Table '3583853341 1' 3-max Seat #3 is the button
Seat 2: co5tello (525 in chips) 
Seat 3: Mahu2021 (975 in chips) 
Mahu2021: posts small blind 15
co5tello: posts big blind 30
*** HOLE CARDS ***
Dealt to Mahu2021 [2s 8d]
Mahu2021: folds 
Uncalled bet (15) returned to co5tello
co5tello collected 30 from pot
*** SUMMARY ***
Total pot 30 | Rake 0 
Seat 2: co5tello (big blind) collected (30)
Seat 3: Mahu2021 (button) (small blind) folded before Flop



PokerStars Hand #243368650662: Tournament #3583853341, $0.92+$0.08 USD Hold'em No Limit - Level II (15/30) - 2023/04/28 19:31:29 CET [2023/04/28 13:31:29 ET]
Table '3583853341 1' 3-max Seat #2 is the button
Seat 2: co5tello (540 in chips) 
Seat 3: Mahu2021 (960 in chips) 
co5tello: posts small blind 15
Mahu2021: posts big blind 30
*** HOLE CARDS ***
Dealt to Mahu2021 [9s 6d]
co5tello: raises 510 to 540 and is all-in
Mahu2021: folds 
Uncalled bet (510) returned to co5tello
co5tello collected 60 from pot
*** SUMMARY ***
Total pot 60 | Rake 0 
Seat 2: co5tello (button) (small blind) collected (60)
Seat 3: Mahu2021 (big blind) folded before Flop



PokerStars Hand #243368652732: Tournament #3583853341, $0.92+$0.08 USD Hold'em No Limit - Level II (15/30) - 2023/04/28 19:31:36 CET [2023/04/28 13:31:36 ET]
Table '3583853341 1' 3-max Seat #3 is the button
Seat 2: co5tello (570 in chips) 
Seat 3: Mahu2021 (930 in chips) 
Mahu2021: posts small blind 15
co5tello: posts big blind 30
*** HOLE CARDS ***
Dealt to Mahu2021 [6h Qd]
Mahu2021: calls 15
co5tello: raises 540 to 570 and is all-in
Mahu2021: folds 
Uncalled bet (540) returned to co5tello
co5tello collected 60 from pot
*** SUMMARY ***
Total pot 60 | Rake 0 
Seat 2: co5tello (big blind) collected (60)
Seat 3: Mahu2021 (button) (small blind) folded before Flop



PokerStars Hand #243368655318: Tournament #3583853341, $0.92+$0.08 USD Hold'em No Limit - Level II (15/30) - 2023/04/28 19:31:44 CET [2023/04/28 13:31:44 ET]
Table '3583853341 1' 3-max Seat #2 is the button
Seat 2: co5tello (600 in chips) 
Seat 3: Mahu2021 (900 in chips) 
co5tello: posts small blind 15
Mahu2021: posts big blind 30
*** HOLE CARDS ***
Dealt to Mahu2021 [7s 3s]
co5tello: raises 570 to 600 and is all-in
Mahu2021: folds 
Uncalled bet (570) returned to co5tello
co5tello collected 60 from pot
*** SUMMARY ***
Total pot 60 | Rake 0 
Seat 2: co5tello (button) (small blind) collected (60)
Seat 3: Mahu2021 (big blind) folded before Flop



PokerStars Hand #243368657905: Tournament #3583853341, $0.92+$0.08 USD Hold'em No Limit - Level II (15/30) - 2023/04/28 19:31:52 CET [2023/04/28 13:31:52 ET]
Table '3583853341 1' 3-max Seat #3 is the button
Seat 2: co5tello (630 in chips) 
Seat 3: Mahu2021 (870 in chips) 
Mahu2021: posts small blind 15
co5tello: posts big blind 30
*** HOLE CARDS ***
Dealt to Mahu2021 [9s 8d]
Mahu2021: calls 15
co5tello: checks 
*** FLOP *** [9d Jd 3d]
co5tello: checks 
Mahu2021: checks 
*** TURN *** [9d Jd 3d] [Th]
co5tello: checks 
Mahu2021: checks 
*** RIVER *** [9d Jd 3d Th] [Qh]
co5tello: bets 60
Mahu2021: calls 60
*** SHOW DOWN ***
co5tello: shows [Kd 6h] (a straight, Nine to King)
Mahu2021: mucks hand 
co5tello collected 180 from pot
*** SUMMARY ***
Total pot 180 | Rake 0 
Board [9d Jd 3d Th Qh]
Seat 2: co5tello (big blind) showed [Kd 6h] and won (180) with a straight, Nine to King
Seat 3: Mahu2021 (button) (small blind) mucked [9s 8d]



PokerStars Hand #243368662960: Tournament #3583853341, $0.92+$0.08 USD Hold'em No Limit - Level II (15/30) - 2023/04/28 19:32:08 CET [2023/04/28 13:32:08 ET]
Table '3583853341 1' 3-max Seat #2 is the button
Seat 2: co5tello (720 in chips) 
Seat 3: Mahu2021 (780 in chips) 
co5tello: posts small blind 15
Mahu2021: posts big blind 30
*** HOLE CARDS ***
Dealt to Mahu2021 [Tc 6d]
co5tello: raises 690 to 720 and is all-in
Mahu2021: folds 
Uncalled bet (690) returned to co5tello
co5tello collected 60 from pot
*** SUMMARY ***
Total pot 60 | Rake 0 
Seat 2: co5tello (button) (small blind) collected (60)
Seat 3: Mahu2021 (big blind) folded before Flop



PokerStars Hand #243368665440: Tournament #3583853341, $0.92+$0.08 USD Hold'em No Limit - Level II (15/30) - 2023/04/28 19:32:16 CET [2023/04/28 13:32:16 ET]
Table '3583853341 1' 3-max Seat #3 is the button
Seat 2: co5tello (750 in chips) 
Seat 3: Mahu2021 (750 in chips) 
Mahu2021: posts small blind 15
co5tello: posts big blind 30
*** HOLE CARDS ***
Dealt to Mahu2021 [Jd 4c]
Mahu2021: folds 
Uncalled bet (15) returned to co5tello
co5tello collected 30 from pot
*** SUMMARY ***
Total pot 30 | Rake 0 
Seat 2: co5tello (big blind) collected (30)
Seat 3: Mahu2021 (button) (small blind) folded before Flop



PokerStars Hand #243368667116: Tournament #3583853341, $0.92+$0.08 USD Hold'em No Limit - Level II (15/30) - 2023/04/28 19:32:21 CET [2023/04/28 13:32:21 ET]
Table '3583853341 1' 3-max Seat #2 is the button
Seat 2: co5tello (765 in chips) 
Seat 3: Mahu2021 (735 in chips) 
co5tello: posts small blind 15
Mahu2021: posts big blind 30
*** HOLE CARDS ***
Dealt to Mahu2021 [5c 4c]
co5tello: folds 
Uncalled bet (15) returned to Mahu2021
Mahu2021 collected 30 from pot
Mahu2021: doesn't show hand 
*** SUMMARY ***
Total pot 30 | Rake 0 
Seat 2: co5tello (button) (small blind) folded before Flop
Seat 3: Mahu2021 (big blind) collected (30)



PokerStars Hand #243368668463: Tournament #3583853341, $0.92+$0.08 USD Hold'em No Limit - Level II (15/30) - 2023/04/28 19:32:26 CET [2023/04/28 13:32:26 ET]
Table '3583853341 1' 3-max Seat #3 is the button
Seat 2: co5tello (750 in chips) 
Seat 3: Mahu2021 (750 in chips) 
Mahu2021: posts small blind 15
co5tello: posts big blind 30
*** HOLE CARDS ***
Dealt to Mahu2021 [8h 5c]
Mahu2021: folds 
Uncalled bet (15) returned to co5tello
co5tello collected 30 from pot
*** SUMMARY ***
Total pot 30 | Rake 0 
Seat 2: co5tello (big blind) collected (30)
Seat 3: Mahu2021 (button) (small blind) folded before Flop



PokerStars Hand #243368669821: Tournament #3583853341, $0.92+$0.08 USD Hold'em No Limit - Level II (15/30) - 2023/04/28 19:32:30 CET [2023/04/28 13:32:30 ET]
Table '3583853341 1' 3-max Seat #2 is the button
Seat 2: co5tello (765 in chips) 
Seat 3: Mahu2021 (735 in chips) 
co5tello: posts small blind 15
Mahu2021: posts big blind 30
*** HOLE CARDS ***
Dealt to Mahu2021 [7s 9s]
co5tello: folds 
Uncalled bet (15) returned to Mahu2021
Mahu2021 collected 30 from pot
Mahu2021: doesn't show hand 
*** SUMMARY ***
Total pot 30 | Rake 0 
Seat 2: co5tello (button) (small blind) folded before Flop
Seat 3: Mahu2021 (big blind) collected (30)



PokerStars Hand #243368671180: Tournament #3583853341, $0.92+$0.08 USD Hold'em No Limit - Level II (15/30) - 2023/04/28 19:32:34 CET [2023/04/28 13:32:34 ET]
Table '3583853341 1' 3-max Seat #3 is the button
Seat 2: co5tello (750 in chips) 
Seat 3: Mahu2021 (750 in chips) 
Mahu2021: posts small blind 15
co5tello: posts big blind 30
*** HOLE CARDS ***
Dealt to Mahu2021 [2s 6h]
Mahu2021: folds 
Uncalled bet (15) returned to co5tello
co5tello collected 30 from pot
*** SUMMARY ***
Total pot 30 | Rake 0 
Seat 2: co5tello (big blind) collected (30)
Seat 3: Mahu2021 (button) (small blind) folded before Flop



PokerStars Hand #243368672748: Tournament #3583853341, $0.92+$0.08 USD Hold'em No Limit - Level II (15/30) - 2023/04/28 19:32:39 CET [2023/04/28 13:32:39 ET]
Table '3583853341 1' 3-max Seat #2 is the button
Seat 2: co5tello (765 in chips) 
Seat 3: Mahu2021 (735 in chips) 
co5tello: posts small blind 15
Mahu2021: posts big blind 30
*** HOLE CARDS ***
Dealt to Mahu2021 [Jd As]
co5tello: folds 
Uncalled bet (15) returned to Mahu2021
Mahu2021 collected 30 from pot
Mahu2021: doesn't show hand 
*** SUMMARY ***
Total pot 30 | Rake 0 
Seat 2: co5tello (button) (small blind) folded before Flop
Seat 3: Mahu2021 (big blind) collected (30)



PokerStars Hand #243368674159: Tournament #3583853341, $0.92+$0.08 USD Hold'em No Limit - Level II (15/30) - 2023/04/28 19:32:44 CET [2023/04/28 13:32:44 ET]
Table '3583853341 1' 3-max Seat #3 is the button
Seat 2: co5tello (750 in chips) 
Seat 3: Mahu2021 (750 in chips) 
Mahu2021: posts small blind 15
co5tello: posts big blind 30
*** HOLE CARDS ***
Dealt to Mahu2021 [Kc 9d]
Mahu2021: raises 30 to 60
co5tello: calls 30
*** FLOP *** [3d Kh 3h]
co5tello: checks 
Mahu2021: bets 120
co5tello: folds 
Uncalled bet (120) returned to Mahu2021
Mahu2021 collected 120 from pot
Mahu2021: doesn't show hand 
*** SUMMARY ***
Total pot 120 | Rake 0 
Board [3d Kh 3h]
Seat 2: co5tello (big blind) folded on the Flop
Seat 3: Mahu2021 (button) (small blind) collected (120)



PokerStars Hand #243368677978: Tournament #3583853341, $0.92+$0.08 USD Hold'em No Limit - Level II (15/30) - 2023/04/28 19:32:56 CET [2023/04/28 13:32:56 ET]
Table '3583853341 1' 3-max Seat #2 is the button
Seat 2: co5tello (690 in chips) 
Seat 3: Mahu2021 (810 in chips) 
co5tello: posts small blind 15
Mahu2021: posts big blind 30
*** HOLE CARDS ***
Dealt to Mahu2021 [3h 7d]
co5tello: folds 
Uncalled bet (15) returned to Mahu2021
Mahu2021 collected 30 from pot
Mahu2021: doesn't show hand 
*** SUMMARY ***
Total pot 30 | Rake 0 
Seat 2: co5tello (button) (small blind) folded before Flop
Seat 3: Mahu2021 (big blind) collected (30)



PokerStars Hand #243368679432: Tournament #3583853341, $0.92+$0.08 USD Hold'em No Limit - Level II (15/30) - 2023/04/28 19:33:00 CET [2023/04/28 13:33:00 ET]
Table '3583853341 1' 3-max Seat #3 is the button
Seat 2: co5tello (675 in chips) 
Seat 3: Mahu2021 (825 in chips) 
Mahu2021: posts small blind 15
co5tello: posts big blind 30
*** HOLE CARDS ***
Dealt to Mahu2021 [9c 5c]
Mahu2021: calls 15
co5tello: raises 645 to 675 and is all-in
Mahu2021: folds 
Uncalled bet (645) returned to co5tello
co5tello collected 60 from pot
*** SUMMARY ***
Total pot 60 | Rake 0 
Seat 2: co5tello (big blind) collected (60)
Seat 3: Mahu2021 (button) (small blind) folded before Flop



PokerStars Hand #243368681880: Tournament #3583853341, $0.92+$0.08 USD Hold'em No Limit - Level II (15/30) - 2023/04/28 19:33:08 CET [2023/04/28 13:33:08 ET]
Table '3583853341 1' 3-max Seat #2 is the button
Seat 2: co5tello (705 in chips) 
Seat 3: Mahu2021 (795 in chips) 
co5tello: posts small blind 15
Mahu2021: posts big blind 30
*** HOLE CARDS ***
Dealt to Mahu2021 [5c Ah]
co5tello: folds 
Uncalled bet (15) returned to Mahu2021
Mahu2021 collected 30 from pot
Mahu2021: doesn't show hand 
*** SUMMARY ***
Total pot 30 | Rake 0 
Seat 2: co5tello (button) (small blind) folded before Flop
Seat 3: Mahu2021 (big blind) collected (30)



PokerStars Hand #243368683241: Tournament #3583853341, $0.92+$0.08 USD Hold'em No Limit - Level II (15/30) - 2023/04/28 19:33:13 CET [2023/04/28 13:33:13 ET]
Table '3583853341 1' 3-max Seat #3 is the button
Seat 2: co5tello (690 in chips) 
Seat 3: Mahu2021 (810 in chips) 
Mahu2021: posts small blind 15
co5tello: posts big blind 30
*** HOLE CARDS ***
Dealt to Mahu2021 [3h 8h]
Mahu2021: folds 
Uncalled bet (15) returned to co5tello
co5tello collected 30 from pot
*** SUMMARY ***
Total pot 30 | Rake 0 
Seat 2: co5tello (big blind) collected (30)
Seat 3: Mahu2021 (button) (small blind) folded before Flop



PokerStars Hand #243368684708: Tournament #3583853341, $0.92+$0.08 USD Hold'em No Limit - Level II (15/30) - 2023/04/28 19:33:17 CET [2023/04/28 13:33:17 ET]
Table '3583853341 1' 3-max Seat #2 is the button
Seat 2: co5tello (705 in chips) 
Seat 3: Mahu2021 (795 in chips) 
co5tello: posts small blind 15
Mahu2021: posts big blind 30
*** HOLE CARDS ***
Dealt to Mahu2021 [Kh Kc]
co5tello: folds 
Uncalled bet (15) returned to Mahu2021
Mahu2021 collected 30 from pot
Mahu2021: doesn't show hand 
*** SUMMARY ***
Total pot 30 | Rake 0 
Seat 2: co5tello (button) (small blind) folded before Flop
Seat 3: Mahu2021 (big blind) collected (30)



PokerStars Hand #243368686132: Tournament #3583853341, $0.92+$0.08 USD Hold'em No Limit - Level II (15/30) - 2023/04/28 19:33:22 CET [2023/04/28 13:33:22 ET]
Table '3583853341 1' 3-max Seat #3 is the button
Seat 2: co5tello (690 in chips) 
Seat 3: Mahu2021 (810 in chips) 
Mahu2021: posts small blind 15
co5tello: posts big blind 30
*** HOLE CARDS ***
Dealt to Mahu2021 [Kh Jh]
Mahu2021: raises 30 to 60
co5tello: raises 630 to 690 and is all-in
Mahu2021: calls 630
*** FLOP *** [4d Qh Tc]
*** TURN *** [4d Qh Tc] [Qs]
*** RIVER *** [4d Qh Tc Qs] [5h]
*** SHOW DOWN ***
co5tello: shows [6c 2h] (a pair of Queens)
Mahu2021: shows [Kh Jh] (a pair of Queens - King kicker)
Mahu2021 collected 1380 from pot
co5tello finished the tournament in 2nd place
Mahu2021 wins the tournament and receives $5.00 - congratulations!
*** SUMMARY ***
Total pot 1380 | Rake 0 
Board [4d Qh Tc Qs 5h]
Seat 2: co5tello (big blind) showed [6c 2h] and lost with a pair of Queens
Seat 3: Mahu2021 (button) (small blind) showed [Kh Jh] and won (1380) with a pair of Queens



