PokerStars Zoom Hand #254567159177:  Hold'em No Limit ($0.05/$0.10) - 2025/01/26 20:26:24 CET [2025/01/26 14:26:24 ET]
Table 'Aludra' 6-max Seat #1 is the button
Seat 1: DreebJSP ($11.88 in chips) 
Seat 2: Machestr ($10.95 in chips) 
Seat 3: Deea1186 ($4.78 in chips) 
Seat 4: esperanticos ($13.21 in chips) 
Seat 5: Mahu2021 ($9.90 in chips) 
Seat 6: Jezterscap ($10 in chips) 
Machestr: posts small blind $0.05
Deea1186: posts big blind $0.10
*** HOLE CARDS ***
Dealt to Mahu2021 [Qd 7c]
esperanticos: folds 
Mahu2021: folds 
Jezterscap: raises $0.15 to $0.25
DreebJSP: folds 
Machestr: folds 
Deea1186: raises $0.55 to $0.80
Jezterscap: folds 
Uncalled bet ($0.55) returned to Deea1186
Deea1186 collected $0.55 from pot
Deea1186: doesn't show hand 
*** SUMMARY ***
Total pot $0.55 | Rake $0 
Seat 1: DreebJSP (button) folded before Flop (didn't bet)
Seat 2: Machestr (small blind) folded before Flop
Seat 3: Deea1186 (big blind) collected ($0.55)
Seat 4: esperanticos folded before Flop (didn't bet)
Seat 5: Mahu2021 folded before Flop (didn't bet)
Seat 6: Jezterscap folded before Flop



PokerStars Zoom Hand #254567153515:  Hold'em No Limit ($0.05/$0.10) - 2025/01/26 20:26:08 CET [2025/01/26 14:26:08 ET]
Table 'Aludra' 6-max Seat #1 is the button
Seat 1: dodeer ($10.03 in chips) 
Seat 2: WideMonkaW ($10 in chips) 
Seat 3: Mahu2021 ($10 in chips) 
Seat 4: albatros9945 ($10.35 in chips) 
Seat 5: G.MASTER2010 ($7.14 in chips) 
Seat 6: szabarna ($11.72 in chips) 
WideMonkaW: posts small blind $0.05
Mahu2021: posts big blind $0.10
*** HOLE CARDS ***
Dealt to Mahu2021 [8c Ad]
albatros9945: folds 
G.MASTER2010: folds 
szabarna: raises $0.20 to $0.30
dodeer: folds 
WideMonkaW: raises $0.90 to $1.20
Mahu2021: folds 
szabarna: raises $1.80 to $3
WideMonkaW: folds 
Uncalled bet ($1.80) returned to szabarna
szabarna collected $2.50 from pot
szabarna: doesn't show hand 
*** SUMMARY ***
Total pot $2.50 | Rake $0 
Seat 1: dodeer (button) folded before Flop (didn't bet)
Seat 2: WideMonkaW (small blind) folded before Flop
Seat 3: Mahu2021 (big blind) folded before Flop
Seat 4: albatros9945 folded before Flop (didn't bet)
Seat 5: G.MASTER2010 folded before Flop (didn't bet)
Seat 6: szabarna collected ($2.50)



PokerStars Zoom Hand #254567160602:  Hold'em No Limit ($0.05/$0.10) - 2025/01/26 20:26:28 CET [2025/01/26 14:26:28 ET]
Table 'Aludra' 6-max Seat #1 is the button
Seat 1: Oscar__62176 ($13.27 in chips) 
Seat 2: Mahu2021 ($9.90 in chips) 
Seat 3: jts2011 ($17.17 in chips) 
Seat 4: Allvisa ($11.29 in chips) 
Seat 5: Ironhelt ($11.41 in chips) 
Seat 6: vovo4kapooh ($15.62 in chips) 
Mahu2021: posts small blind $0.05
jts2011: posts big blind $0.10
*** HOLE CARDS ***
Dealt to Mahu2021 [6h Qc]
Allvisa: folds 
Ironhelt: folds 
vovo4kapooh: folds 
Oscar__62176: raises $0.12 to $0.22
Mahu2021: folds 
jts2011: calls $0.12
*** FLOP *** [8d Kh Ks]
jts2011: checks 
Oscar__62176: bets $0.16
jts2011: calls $0.16
*** TURN *** [8d Kh Ks] [Qd]
jts2011: checks 
Oscar__62176: bets $0.42
jts2011: folds 
Uncalled bet ($0.42) returned to Oscar__62176
Oscar__62176 collected $0.77 from pot
Oscar__62176: doesn't show hand 
*** SUMMARY ***
Total pot $0.81 | Rake $0.04 
Board [8d Kh Ks Qd]
Seat 1: Oscar__62176 (button) collected ($0.77)
Seat 2: Mahu2021 (small blind) folded before Flop
Seat 3: jts2011 (big blind) folded on the Turn
Seat 4: Allvisa folded before Flop (didn't bet)
Seat 5: Ironhelt folded before Flop (didn't bet)
Seat 6: vovo4kapooh folded before Flop (didn't bet)



PokerStars Zoom Hand #254567163102:  Hold'em No Limit ($0.05/$0.10) - 2025/01/26 20:26:35 CET [2025/01/26 14:26:35 ET]
Table 'Aludra' 6-max Seat #1 is the button
Seat 1: Gatos y Rosas ($15.95 in chips) 
Seat 2: DreebJSP ($13.32 in chips) 
Seat 3: Mahu2021 ($9.85 in chips) 
Seat 4: JacDs ($8.05 in chips) 
Seat 5: Jezterscap ($30.95 in chips) 
Seat 6: Master205 ($11.17 in chips) 
DreebJSP: posts small blind $0.05
Mahu2021: posts big blind $0.10
*** HOLE CARDS ***
Dealt to Mahu2021 [9s 8h]
JacDs: folds 
Jezterscap: folds 
Master205: raises $0.13 to $0.23
Gatos y Rosas: folds 
DreebJSP: folds 
Mahu2021: calls $0.13
*** FLOP *** [Js Kc Qh]
Mahu2021: checks 
Master205: checks 
*** TURN *** [Js Kc Qh] [8s]
Mahu2021: checks 
Master205: bets $0.40
Mahu2021: folds 
Uncalled bet ($0.40) returned to Master205
Master205 collected $0.49 from pot
Master205: doesn't show hand 
*** SUMMARY ***
Total pot $0.51 | Rake $0.02 
Board [Js Kc Qh 8s]
Seat 1: Gatos y Rosas (button) folded before Flop (didn't bet)
Seat 2: DreebJSP (small blind) folded before Flop
Seat 3: Mahu2021 (big blind) folded on the Turn
Seat 4: JacDs folded before Flop (didn't bet)
Seat 5: Jezterscap folded before Flop (didn't bet)
Seat 6: Master205 collected ($0.49)



PokerStars Zoom Hand #254567161960:  Hold'em No Limit ($0.05/$0.10) - 2025/01/26 20:26:31 CET [2025/01/26 14:26:31 ET]
Table 'Aludra' 6-max Seat #1 is the button
Seat 1: Mahu2021 ($9.85 in chips) 
Seat 2: hello2123 ($10 in chips) 
Seat 3: Alejandro85s ($7.13 in chips) 
Seat 4: QKJope ($11.58 in chips) 
Seat 5: Christianjtrfc ($12.86 in chips) 
Seat 6: wdb124036 ($11.68 in chips) 
hello2123: posts small blind $0.05
Alejandro85s: posts big blind $0.10
*** HOLE CARDS ***
Dealt to Mahu2021 [5d 7d]
QKJope: folds 
Christianjtrfc: folds 
wdb124036: folds 
Mahu2021: folds 
hello2123: raises $0.20 to $0.30
Alejandro85s: calls $0.20
*** FLOP *** [7s Qh Js]
hello2123: bets $0.29
Alejandro85s: raises $0.43 to $0.72
hello2123: calls $0.43
*** TURN *** [7s Qh Js] [3s]
hello2123: checks 
Alejandro85s: bets $1.12
hello2123: folds 
Uncalled bet ($1.12) returned to Alejandro85s
Alejandro85s collected $1.95 from pot
Alejandro85s: doesn't show hand 
*** SUMMARY ***
Total pot $2.04 | Rake $0.09 
Board [7s Qh Js 3s]
Seat 1: Mahu2021 (button) folded before Flop (didn't bet)
Seat 2: hello2123 (small blind) folded on the Turn
Seat 3: Alejandro85s (big blind) collected ($1.95)
Seat 4: QKJope folded before Flop (didn't bet)
Seat 5: Christianjtrfc folded before Flop (didn't bet)
Seat 6: wdb124036 folded before Flop (didn't bet)



PokerStars Zoom Hand #254567176721:  Hold'em No Limit ($0.05/$0.10) - 2025/01/26 20:27:12 CET [2025/01/26 14:27:12 ET]
Table 'Aludra' 6-max Seat #1 is the button
Seat 1: ronny2106 ($21.68 in chips) 
Seat 2: szabarna ($10.32 in chips) 
Seat 3: QKJope ($11.58 in chips) 
Seat 4: Oscar__62176 ($12.74 in chips) 
Seat 5: Mahu2021 ($9.62 in chips) 
Seat 6: MGodziem ($4.80 in chips) 
szabarna: posts small blind $0.05
QKJope: posts big blind $0.10
*** HOLE CARDS ***
Dealt to Mahu2021 [Jh 7h]
Oscar__62176: folds 
Mahu2021: folds 
MGodziem: folds 
ronny2106: folds 
szabarna: folds 
Uncalled bet ($0.05) returned to QKJope
QKJope collected $0.10 from pot
QKJope: doesn't show hand 
*** SUMMARY ***
Total pot $0.10 | Rake $0 
Seat 1: ronny2106 (button) folded before Flop (didn't bet)
Seat 2: szabarna (small blind) folded before Flop
Seat 3: QKJope (big blind) collected ($0.10)
Seat 4: Oscar__62176 folded before Flop (didn't bet)
Seat 5: Mahu2021 folded before Flop (didn't bet)
Seat 6: MGodziem folded before Flop (didn't bet)



PokerStars Zoom Hand #254567181579:  Hold'em No Limit ($0.05/$0.10) - 2025/01/26 20:27:26 CET [2025/01/26 14:27:26 ET]
Table 'Aludra' 6-max Seat #1 is the button
Seat 1: liebhabär ($15.05 in chips) 
Seat 2: PuffyDawg ($7.20 in chips) 
Seat 3: Gatos y Rosas ($16.90 in chips) 
Seat 4: Mahu2021 ($9.57 in chips) 
Seat 5: wheresdaluck ($10 in chips) 
Seat 6: WideMonkaW ($19.68 in chips) 
PuffyDawg: posts small blind $0.05
Gatos y Rosas: posts big blind $0.10
*** HOLE CARDS ***
Dealt to Mahu2021 [Td 6s]
Mahu2021: folds 
wheresdaluck: folds 
WideMonkaW: folds 
liebhabär: folds 
PuffyDawg: folds 
Uncalled bet ($0.05) returned to Gatos y Rosas
Gatos y Rosas collected $0.10 from pot
Gatos y Rosas: doesn't show hand 
*** SUMMARY ***
Total pot $0.10 | Rake $0 
Seat 1: liebhabär (button) folded before Flop (didn't bet)
Seat 2: PuffyDawg (small blind) folded before Flop
Seat 3: Gatos y Rosas (big blind) collected ($0.10)
Seat 4: Mahu2021 folded before Flop (didn't bet)
Seat 5: wheresdaluck folded before Flop (didn't bet)
Seat 6: WideMonkaW folded before Flop (didn't bet)



PokerStars Zoom Hand #254567178769:  Hold'em No Limit ($0.05/$0.10) - 2025/01/26 20:27:18 CET [2025/01/26 14:27:18 ET]
Table 'Aludra' 6-max Seat #1 is the button
Seat 1: D.shadoww ($11.57 in chips) 
Seat 2: Bestology ($10.35 in chips) 
Seat 3: vovo4kapooh ($14.87 in chips) 
Seat 4: Master205 ($11.43 in chips) 
Seat 5: WhiteMike905 ($13.45 in chips) 
Seat 6: Mahu2021 ($9.62 in chips) 
Bestology: posts small blind $0.05
vovo4kapooh: posts big blind $0.10
*** HOLE CARDS ***
Dealt to Mahu2021 [5c Qs]
Master205: folds 
WhiteMike905: calls $0.10
Mahu2021: folds 
D.shadoww: folds 
Bestology: folds 
vovo4kapooh: checks 
*** FLOP *** [8d 7h 3c]
vovo4kapooh: checks 
WhiteMike905: bets $0.24
vovo4kapooh: folds 
Uncalled bet ($0.24) returned to WhiteMike905
WhiteMike905 collected $0.24 from pot
WhiteMike905: doesn't show hand 
*** SUMMARY ***
Total pot $0.25 | Rake $0.01 
Board [8d 7h 3c]
Seat 1: D.shadoww (button) folded before Flop (didn't bet)
Seat 2: Bestology (small blind) folded before Flop
Seat 3: vovo4kapooh (big blind) folded on the Flop
Seat 4: Master205 folded before Flop (didn't bet)
Seat 5: WhiteMike905 collected ($0.24)
Seat 6: Mahu2021 folded before Flop (didn't bet)



PokerStars Zoom Hand #254567183076:  Hold'em No Limit ($0.05/$0.10) - 2025/01/26 20:27:30 CET [2025/01/26 14:27:30 ET]
Table 'Aludra' 6-max Seat #1 is the button
Seat 1: Mahu2021 ($9.57 in chips) 
Seat 2: dimitriskous ($10.44 in chips) 
Seat 3: ppapandppap ($11.08 in chips) 
Seat 4: rnegraomf ($27.84 in chips) 
Seat 5: vovo4kapooh ($10 in chips) 
Seat 6: assuncaogu ($10 in chips) 
dimitriskous: posts small blind $0.05
ppapandppap: posts big blind $0.10
*** HOLE CARDS ***
Dealt to Mahu2021 [8d Ad]
rnegraomf: folds 
vovo4kapooh: folds 
assuncaogu: folds 
Mahu2021: raises $0.20 to $0.30
dimitriskous: calls $0.25
ppapandppap: calls $0.20
*** FLOP *** [6d 8s Jh]
dimitriskous: bets $1.50
ppapandppap: folds 
Mahu2021: folds 
Uncalled bet ($1.50) returned to dimitriskous
dimitriskous collected $0.86 from pot
dimitriskous: doesn't show hand 
*** SUMMARY ***
Total pot $0.90 | Rake $0.04 
Board [6d 8s Jh]
Seat 1: Mahu2021 (button) folded on the Flop
Seat 2: dimitriskous (small blind) collected ($0.86)
Seat 3: ppapandppap (big blind) folded on the Flop
Seat 4: rnegraomf folded before Flop (didn't bet)
Seat 5: vovo4kapooh folded before Flop (didn't bet)
Seat 6: assuncaogu folded before Flop (didn't bet)



PokerStars Zoom Hand #254567180096:  Hold'em No Limit ($0.05/$0.10) - 2025/01/26 20:27:22 CET [2025/01/26 14:27:22 ET]
Table 'Aludra' 6-max Seat #1 is the button
Seat 1: gefilltefisch ($15.92 in chips) 
Seat 2: Mahu2021 ($9.62 in chips) 
Seat 3: Master205 ($11.43 in chips) 
Seat 4: ppapandppap ($11.08 in chips) 
Seat 5: wheresdaluck ($10 in chips) 
Seat 6: szabarna ($10.27 in chips) 
Mahu2021: posts small blind $0.05
Master205: posts big blind $0.10
*** HOLE CARDS ***
Dealt to Mahu2021 [9c 8s]
ppapandppap: folds 
wheresdaluck: folds 
szabarna: folds 
gefilltefisch: raises $0.10 to $0.20
Mahu2021: folds 
Master205: calls $0.10
*** FLOP *** [8d Qs Td]
Master205: checks 
gefilltefisch: bets $0.32
Master205: calls $0.32
*** TURN *** [8d Qs Td] [9h]
Master205: checks 
gefilltefisch: bets $0.70
Master205: calls $0.70
*** RIVER *** [8d Qs Td 9h] [5h]
Master205: checks 
gefilltefisch: bets $2.38
Master205: folds 
Uncalled bet ($2.38) returned to gefilltefisch
gefilltefisch collected $2.38 from pot
gefilltefisch: doesn't show hand 
*** SUMMARY ***
Total pot $2.49 | Rake $0.11 
Board [8d Qs Td 9h 5h]
Seat 1: gefilltefisch (button) collected ($2.38)
Seat 2: Mahu2021 (small blind) folded before Flop
Seat 3: Master205 (big blind) folded on the River
Seat 4: ppapandppap folded before Flop (didn't bet)
Seat 5: wheresdaluck folded before Flop (didn't bet)
Seat 6: szabarna folded before Flop (didn't bet)



PokerStars Zoom Hand #254567193244:  Hold'em No Limit ($0.05/$0.10) - 2025/01/26 20:27:58 CET [2025/01/26 14:27:58 ET]
Table 'Aludra' 6-max Seat #1 is the button
Seat 1: Machestr ($20.10 in chips) 
Seat 2: Ironhelt ($15.07 in chips) 
Seat 3: PuffyDawg ($10.54 in chips) 
Seat 4: Mahu2021 ($9.27 in chips) 
Seat 5: Ripper121 ($10.98 in chips) 
Seat 6: Jezterscap ($10.37 in chips) 
Ironhelt: posts small blind $0.05
PuffyDawg: posts big blind $0.10
*** HOLE CARDS ***
Dealt to Mahu2021 [Jd Jh]
Mahu2021: raises $0.20 to $0.30
Ripper121: folds 
Jezterscap: folds 
Machestr: folds 
Ironhelt: folds 
PuffyDawg: folds 
Uncalled bet ($0.20) returned to Mahu2021
Mahu2021 collected $0.25 from pot
Mahu2021: doesn't show hand 
*** SUMMARY ***
Total pot $0.25 | Rake $0 
Seat 1: Machestr (button) folded before Flop (didn't bet)
Seat 2: Ironhelt (small blind) folded before Flop
Seat 3: PuffyDawg (big blind) folded before Flop
Seat 4: Mahu2021 collected ($0.25)
Seat 5: Ripper121 folded before Flop (didn't bet)
Seat 6: Jezterscap folded before Flop (didn't bet)



PokerStars Zoom Hand #254567198273:  Hold'em No Limit ($0.05/$0.10) - 2025/01/26 20:28:12 CET [2025/01/26 14:28:12 ET]
Table 'Aludra' 6-max Seat #1 is the button
Seat 1: vovo4kapooh ($17.43 in chips) 
Seat 2: 00O-2Z ($16.01 in chips) 
Seat 3: gefilltefisch ($17.03 in chips) 
Seat 4: jksgoodgz ($10 in chips) 
Seat 5: VêPeres ($9.04 in chips) 
Seat 6: Mahu2021 ($9.42 in chips) 
00O-2Z: posts small blind $0.05
gefilltefisch: posts big blind $0.10
*** HOLE CARDS ***
Dealt to Mahu2021 [9h Qs]
jksgoodgz: raises $0.10 to $0.20
VêPeres: folds 
Mahu2021: folds 
vovo4kapooh: folds 
00O-2Z: folds 
gefilltefisch: folds 
Uncalled bet ($0.10) returned to jksgoodgz
jksgoodgz collected $0.25 from pot
jksgoodgz: doesn't show hand 
*** SUMMARY ***
Total pot $0.25 | Rake $0 
Seat 1: vovo4kapooh (button) folded before Flop (didn't bet)
Seat 2: 00O-2Z (small blind) folded before Flop
Seat 3: gefilltefisch (big blind) folded before Flop
Seat 4: jksgoodgz collected ($0.25)
Seat 5: VêPeres folded before Flop (didn't bet)
Seat 6: Mahu2021 folded before Flop (didn't bet)



PokerStars Zoom Hand #254567200060:  Hold'em No Limit ($0.05/$0.10) - 2025/01/26 20:28:17 CET [2025/01/26 14:28:17 ET]
Table 'Aludra' 6-max Seat #1 is the button
Seat 1: liebhabär ($14.05 in chips) 
Seat 2: D.shadoww ($10 in chips) 
Seat 3: Mahu2021 ($9.42 in chips) 
Seat 4: ronny2106 ($21.53 in chips) 
Seat 5: ppapandppap ($10.73 in chips) 
Seat 6: DreebJSP ($14.40 in chips) 
D.shadoww: posts small blind $0.05
Mahu2021: posts big blind $0.10
*** HOLE CARDS ***
Dealt to Mahu2021 [Tc 5d]
ronny2106: folds 
ppapandppap: folds 
DreebJSP: folds 
liebhabär has timed out
liebhabär: folds 
D.shadoww: folds 
Uncalled bet ($0.05) returned to Mahu2021
Mahu2021 collected $0.10 from pot
Mahu2021: doesn't show hand 
*** SUMMARY ***
Total pot $0.10 | Rake $0 
Seat 1: liebhabär (button) folded before Flop (didn't bet)
Seat 2: D.shadoww (small blind) folded before Flop
Seat 3: Mahu2021 (big blind) collected ($0.10)
Seat 4: ronny2106 folded before Flop (didn't bet)
Seat 5: ppapandppap folded before Flop (didn't bet)
Seat 6: DreebJSP folded before Flop (didn't bet)



PokerStars Zoom Hand #254567208493:  Hold'em No Limit ($0.05/$0.10) - 2025/01/26 20:28:40 CET [2025/01/26 14:28:40 ET]
Table 'Aludra' 6-max Seat #1 is the button
Seat 1: jksgoodgz ($10 in chips) 
Seat 2: Call me Alex97 ($41.76 in chips) 
Seat 3: Tutzinger83 ($12.36 in chips) 
Seat 4: Mahu2021 ($9.47 in chips) 
Seat 5: D.shadoww ($10.77 in chips) 
Seat 6: LittleBigWil ($22.33 in chips) 
Call me Alex97: posts small blind $0.05
Tutzinger83: posts big blind $0.10
*** HOLE CARDS ***
Dealt to Mahu2021 [Ah Jd]
Mahu2021: raises $0.14 to $0.24
D.shadoww: folds 
LittleBigWil: folds 
jksgoodgz: folds 
Call me Alex97: folds 
Tutzinger83: folds 
Uncalled bet ($0.14) returned to Mahu2021
Mahu2021 collected $0.25 from pot
Mahu2021: doesn't show hand 
*** SUMMARY ***
Total pot $0.25 | Rake $0 
Seat 1: jksgoodgz (button) folded before Flop (didn't bet)
Seat 2: Call me Alex97 (small blind) folded before Flop
Seat 3: Tutzinger83 (big blind) folded before Flop
Seat 4: Mahu2021 collected ($0.25)
Seat 5: D.shadoww folded before Flop (didn't bet)
Seat 6: LittleBigWil folded before Flop (didn't bet)



PokerStars Zoom Hand #254567213873:  Hold'em No Limit ($0.05/$0.10) - 2025/01/26 20:28:55 CET [2025/01/26 14:28:55 ET]
Table 'Aludra' 6-max Seat #1 is the button
Seat 1: MGodziem ($5.31 in chips) 
Seat 2: Calvis_lol ($16.29 in chips) 
Seat 3: Mahu2021 ($9.62 in chips) 
Seat 4: VêPeres ($9.27 in chips) 
Seat 5: PuffyDawg ($10.44 in chips) 
Seat 6: khrisanfov ($10 in chips) 
Calvis_lol: posts small blind $0.05
Mahu2021: posts big blind $0.10
*** HOLE CARDS ***
Dealt to Mahu2021 [3s Qd]
VêPeres: folds 
PuffyDawg: folds 
khrisanfov: folds 
MGodziem: raises $0.10 to $0.20
Calvis_lol: folds 
Mahu2021: calls $0.10
*** FLOP *** [9s Th 6d]
Mahu2021: checks 
MGodziem: bets $0.20
Mahu2021: folds 
Uncalled bet ($0.20) returned to MGodziem
MGodziem collected $0.43 from pot
MGodziem: doesn't show hand 
*** SUMMARY ***
Total pot $0.45 | Rake $0.02 
Board [9s Th 6d]
Seat 1: MGodziem (button) collected ($0.43)
Seat 2: Calvis_lol (small blind) folded before Flop
Seat 3: Mahu2021 (big blind) folded on the Flop
Seat 4: VêPeres folded before Flop (didn't bet)
Seat 5: PuffyDawg folded before Flop (didn't bet)
Seat 6: khrisanfov folded before Flop (didn't bet)



PokerStars Zoom Hand #254567219577:  Hold'em No Limit ($0.05/$0.10) - 2025/01/26 20:29:11 CET [2025/01/26 14:29:11 ET]
Table 'Aludra' 6-max Seat #1 is the button
Seat 1: pericotete ($10 in chips) 
Seat 2: Mahu2021 ($9.42 in chips) 
Seat 3: Siul0619 ($21.05 in chips) 
Seat 4: VoltaireReplica ($19.43 in chips) 
Seat 5: Bumbulbee_G ($11.23 in chips) 
Seat 6: edy1991 ($10.25 in chips) 
Mahu2021: posts small blind $0.05
Siul0619: posts big blind $0.10
*** HOLE CARDS ***
Dealt to Mahu2021 [6s 8h]
VoltaireReplica: folds 
Bumbulbee_G: folds 
edy1991: folds 
pericotete: raises $0.20 to $0.30
Mahu2021: folds 
Siul0619: folds 
Uncalled bet ($0.20) returned to pericotete
pericotete collected $0.25 from pot
pericotete: doesn't show hand 
*** SUMMARY ***
Total pot $0.25 | Rake $0 
Seat 1: pericotete (button) collected ($0.25)
Seat 2: Mahu2021 (small blind) folded before Flop
Seat 3: Siul0619 (big blind) folded before Flop
Seat 4: VoltaireReplica folded before Flop (didn't bet)
Seat 5: Bumbulbee_G folded before Flop (didn't bet)
Seat 6: edy1991 folded before Flop (didn't bet)



PokerStars Zoom Hand #254567222494:  Hold'em No Limit ($0.05/$0.10) - 2025/01/26 20:29:19 CET [2025/01/26 14:29:19 ET]
Table 'Aludra' 6-max Seat #1 is the button
Seat 1: PuffyDawg ($11.22 in chips) 
Seat 2: WideMonkaW ($14.58 in chips) 
Seat 3: nikcat7 ($10 in chips) 
Seat 4: thanson17 ($5.32 in chips) 
Seat 5: ppapandppap ($13.48 in chips) 
Seat 6: Mahu2021 ($9.37 in chips) 
WideMonkaW: posts small blind $0.05
nikcat7: posts big blind $0.10
*** HOLE CARDS ***
Dealt to Mahu2021 [Jh Jc]
thanson17: folds 
ppapandppap: folds 
Mahu2021: raises $0.20 to $0.30
PuffyDawg: folds 
WideMonkaW: folds 
nikcat7: folds 
Uncalled bet ($0.20) returned to Mahu2021
Mahu2021 collected $0.25 from pot
Mahu2021: doesn't show hand 
*** SUMMARY ***
Total pot $0.25 | Rake $0 
Seat 1: PuffyDawg (button) folded before Flop (didn't bet)
Seat 2: WideMonkaW (small blind) folded before Flop
Seat 3: nikcat7 (big blind) folded before Flop
Seat 4: thanson17 folded before Flop (didn't bet)
Seat 5: ppapandppap folded before Flop (didn't bet)
Seat 6: Mahu2021 collected ($0.25)



PokerStars Zoom Hand #254567229994:  Hold'em No Limit ($0.05/$0.10) - 2025/01/26 20:29:40 CET [2025/01/26 14:29:40 ET]
Table 'Aludra' 6-max Seat #1 is the button
Seat 1: bruehler ($8.48 in chips) 
Seat 2: miquins ($7.19 in chips) 
Seat 3: Master205 ($11.52 in chips) 
Seat 4: D.shadoww ($10.15 in chips) 
Seat 5: Mahu2021 ($9.47 in chips) 
Seat 6: PuffyDawg ($11.17 in chips) 
miquins: posts small blind $0.05
Master205: posts big blind $0.10
*** HOLE CARDS ***
Dealt to Mahu2021 [Qh 2d]
D.shadoww: folds 
Mahu2021: folds 
PuffyDawg: folds 
bruehler: folds 
miquins: folds 
Uncalled bet ($0.05) returned to Master205
Master205 collected $0.10 from pot
Master205: doesn't show hand 
*** SUMMARY ***
Total pot $0.10 | Rake $0 
Seat 1: bruehler (button) folded before Flop (didn't bet)
Seat 2: miquins (small blind) folded before Flop
Seat 3: Master205 (big blind) collected ($0.10)
Seat 4: D.shadoww folded before Flop (didn't bet)
Seat 5: Mahu2021 folded before Flop (didn't bet)
Seat 6: PuffyDawg folded before Flop (didn't bet)



PokerStars Zoom Hand #254567228586:  Hold'em No Limit ($0.05/$0.10) - 2025/01/26 20:29:36 CET [2025/01/26 14:29:36 ET]
Table 'Aludra' 6-max Seat #1 is the button
Seat 1: lichistoria ($26.92 in chips) 
Seat 2: Mahu2021 ($9.52 in chips) 
Seat 3: EL.PILLAMASO ($10.28 in chips) 
Seat 4: Ironhelt ($10.49 in chips) 
Seat 5: DreebJSP ($14.38 in chips) 
Seat 6: Gatos y Rosas ($30.53 in chips) 
Mahu2021: posts small blind $0.05
EL.PILLAMASO: posts big blind $0.10
*** HOLE CARDS ***
Dealt to Mahu2021 [4h 8s]
Ironhelt: folds 
DreebJSP: raises $0.15 to $0.25
Gatos y Rosas: folds 
lichistoria: folds 
Mahu2021: folds 
EL.PILLAMASO: folds 
Uncalled bet ($0.15) returned to DreebJSP
DreebJSP collected $0.25 from pot
DreebJSP: doesn't show hand 
*** SUMMARY ***
Total pot $0.25 | Rake $0 
Seat 1: lichistoria (button) folded before Flop (didn't bet)
Seat 2: Mahu2021 (small blind) folded before Flop
Seat 3: EL.PILLAMASO (big blind) folded before Flop
Seat 4: Ironhelt folded before Flop (didn't bet)
Seat 5: DreebJSP collected ($0.25)
Seat 6: Gatos y Rosas folded before Flop (didn't bet)



PokerStars Zoom Hand #254567231304:  Hold'em No Limit ($0.05/$0.10) - 2025/01/26 20:29:44 CET [2025/01/26 14:29:44 ET]
Table 'Aludra' 6-max Seat #1 is the button
Seat 1: wheresdaluck ($10 in chips) 
Seat 2: FACCHETADE$ ($10.46 in chips) 
Seat 3: pro888888 ($12.51 in chips) 
Seat 4: vovo4kapooh ($10 in chips) 
Seat 5: Mahu2021 ($9.47 in chips) 
Seat 6: bruehler ($8.48 in chips) 
FACCHETADE$: posts small blind $0.05
pro888888: posts big blind $0.10
*** HOLE CARDS ***
Dealt to Mahu2021 [5c Jh]
vovo4kapooh: raises $0.15 to $0.25
Mahu2021: folds 
bruehler: folds 
wheresdaluck: folds 
FACCHETADE$: folds 
pro888888: folds 
Uncalled bet ($0.15) returned to vovo4kapooh
vovo4kapooh collected $0.25 from pot
vovo4kapooh: doesn't show hand 
*** SUMMARY ***
Total pot $0.25 | Rake $0 
Seat 1: wheresdaluck (button) folded before Flop (didn't bet)
Seat 2: FACCHETADE$ (small blind) folded before Flop
Seat 3: pro888888 (big blind) folded before Flop
Seat 4: vovo4kapooh collected ($0.25)
Seat 5: Mahu2021 folded before Flop (didn't bet)
Seat 6: bruehler folded before Flop (didn't bet)



PokerStars Zoom Hand #254567220979:  Hold'em No Limit ($0.05/$0.10) - 2025/01/26 20:29:15 CET [2025/01/26 14:29:15 ET]
Table 'Aludra' 6-max Seat #1 is the button
Seat 1: Mahu2021 ($9.37 in chips) 
Seat 2: WhiteMike905 ($13.04 in chips) 
Seat 3: bald2boy ($6.16 in chips) 
Seat 4: paul pattinson ($13.41 in chips) 
Seat 5: D.shadoww ($10 in chips) 
Seat 6: bebasket066 ($10.48 in chips) 
WhiteMike905: posts small blind $0.05
bald2boy: posts big blind $0.10
*** HOLE CARDS ***
Dealt to Mahu2021 [Jc 6s]
paul pattinson: folds 
D.shadoww: folds 
bebasket066: raises $0.10 to $0.20
Mahu2021: folds 
WhiteMike905: raises $0.20 to $0.40
bald2boy: calls $0.30
bebasket066: calls $0.20
*** FLOP *** [6c 6d 8h]
WhiteMike905: bets $0.58
bald2boy: calls $0.58
bebasket066: folds 
*** TURN *** [6c 6d 8h] [Tc]
WhiteMike905: checks 
bald2boy: bets $1.13
WhiteMike905: folds 
Uncalled bet ($1.13) returned to bald2boy
bald2boy collected $2.25 from pot
bald2boy: doesn't show hand 
*** SUMMARY ***
Total pot $2.36 | Rake $0.11 
Board [6c 6d 8h Tc]
Seat 1: Mahu2021 (button) folded before Flop (didn't bet)
Seat 2: WhiteMike905 (small blind) folded on the Turn
Seat 3: bald2boy (big blind) collected ($2.25)
Seat 4: paul pattinson folded before Flop (didn't bet)
Seat 5: D.shadoww folded before Flop (didn't bet)
Seat 6: bebasket066 folded on the Flop



PokerStars Zoom Hand #254567232704:  Hold'em No Limit ($0.05/$0.10) - 2025/01/26 20:29:47 CET [2025/01/26 14:29:47 ET]
Table 'Aludra' 6-max Seat #1 is the button
Seat 1: Mahu2021 ($9.47 in chips) 
Seat 2: Maxim_Otto13 ($21.22 in chips) 
Seat 3: WideMonkaW ($20.44 in chips) 
Seat 4: baddyby ($26.06 in chips) 
Seat 5: DreebJSP ($10.91 in chips) 
Seat 6: Oscar__62176 ($13.12 in chips) 
Maxim_Otto13: posts small blind $0.05
WideMonkaW: posts big blind $0.10
*** HOLE CARDS ***
Dealt to Mahu2021 [Kd 7d]
baddyby: folds 
DreebJSP: raises $0.15 to $0.25
Oscar__62176: raises $0.55 to $0.80
Mahu2021: folds 
Maxim_Otto13: folds 
WideMonkaW: folds 
DreebJSP: folds 
Uncalled bet ($0.55) returned to Oscar__62176
Oscar__62176 collected $0.65 from pot
Oscar__62176: doesn't show hand 
*** SUMMARY ***
Total pot $0.65 | Rake $0 
Seat 1: Mahu2021 (button) folded before Flop (didn't bet)
Seat 2: Maxim_Otto13 (small blind) folded before Flop
Seat 3: WideMonkaW (big blind) folded before Flop
Seat 4: baddyby folded before Flop (didn't bet)
Seat 5: DreebJSP folded before Flop
Seat 6: Oscar__62176 collected ($0.65)



PokerStars Zoom Hand #254567238091:  Hold'em No Limit ($0.05/$0.10) - 2025/01/26 20:30:01 CET [2025/01/26 14:30:01 ET]
Table 'Aludra' 6-max Seat #1 is the button
Seat 1: szabarna ($10.38 in chips) 
Seat 2: WideMonkaW ($14.43 in chips) 
Seat 3: Gxzd ($3.98 in chips) 
Seat 4: Mahu2021 ($9.47 in chips) 
Seat 5: MGodziem ($5.39 in chips) 
Seat 6: OeTen101 ($10.84 in chips) 
WideMonkaW: posts small blind $0.05
Gxzd: posts big blind $0.10
*** HOLE CARDS ***
Dealt to Mahu2021 [2d Qc]
Mahu2021: folds 
MGodziem: folds 
OeTen101: raises $0.13 to $0.23
szabarna: folds 
WideMonkaW: folds 
Gxzd: folds 
Uncalled bet ($0.13) returned to OeTen101
OeTen101 collected $0.25 from pot
OeTen101: doesn't show hand 
*** SUMMARY ***
Total pot $0.25 | Rake $0 
Seat 1: szabarna (button) folded before Flop (didn't bet)
Seat 2: WideMonkaW (small blind) folded before Flop
Seat 3: Gxzd (big blind) folded before Flop
Seat 4: Mahu2021 folded before Flop (didn't bet)
Seat 5: MGodziem folded before Flop (didn't bet)
Seat 6: OeTen101 collected ($0.25)



PokerStars Zoom Hand #254567239360:  Hold'em No Limit ($0.05/$0.10) - 2025/01/26 20:30:05 CET [2025/01/26 14:30:05 ET]
Table 'Aludra' 6-max Seat #1 is the button
Seat 1: jksgoodgz ($10 in chips) 
Seat 2: bortoluzzo01 ($9.75 in chips) 
Seat 3: im570rm ($33.91 in chips) 
Seat 4: nikcat7 ($10.28 in chips) 
Seat 5: khrisanfov ($10.32 in chips) 
Seat 6: Mahu2021 ($9.47 in chips) 
bortoluzzo01: posts small blind $0.05
im570rm: posts big blind $0.10
*** HOLE CARDS ***
Dealt to Mahu2021 [9s 7c]
nikcat7: raises $0.15 to $0.25
khrisanfov: folds 
Mahu2021: folds 
jksgoodgz: folds 
bortoluzzo01: folds 
im570rm: folds 
Uncalled bet ($0.15) returned to nikcat7
nikcat7 collected $0.25 from pot
nikcat7: doesn't show hand 
*** SUMMARY ***
Total pot $0.25 | Rake $0 
Seat 1: jksgoodgz (button) folded before Flop (didn't bet)
Seat 2: bortoluzzo01 (small blind) folded before Flop
Seat 3: im570rm (big blind) folded before Flop
Seat 4: nikcat7 collected ($0.25)
Seat 5: khrisanfov folded before Flop (didn't bet)
Seat 6: Mahu2021 folded before Flop (didn't bet)



PokerStars Zoom Hand #254567240826:  Hold'em No Limit ($0.05/$0.10) - 2025/01/26 20:30:09 CET [2025/01/26 14:30:09 ET]
Table 'Aludra' 6-max Seat #1 is the button
Seat 1: chevins ($21.42 in chips) 
Seat 2: Calvis_lol ($16.81 in chips) 
Seat 3: Mahu2021 ($9.47 in chips) 
Seat 4: lichistoria ($26.82 in chips) 
Seat 5: Bonditten ($9.70 in chips) 
Seat 6: khrisanfov ($10.10 in chips) 
Calvis_lol: posts small blind $0.05
Mahu2021: posts big blind $0.10
*** HOLE CARDS ***
Dealt to Mahu2021 [Ad 9s]
lichistoria: folds 
Bonditten: folds 
khrisanfov: folds 
chevins: folds 
Calvis_lol: folds 
Uncalled bet ($0.05) returned to Mahu2021
Mahu2021 collected $0.10 from pot
Mahu2021: doesn't show hand 
*** SUMMARY ***
Total pot $0.10 | Rake $0 
Seat 1: chevins (button) folded before Flop (didn't bet)
Seat 2: Calvis_lol (small blind) folded before Flop
Seat 3: Mahu2021 (big blind) collected ($0.10)
Seat 4: lichistoria folded before Flop (didn't bet)
Seat 5: Bonditten folded before Flop (didn't bet)
Seat 6: khrisanfov folded before Flop (didn't bet)



PokerStars Zoom Hand #254567247324:  Hold'em No Limit ($0.05/$0.10) - 2025/01/26 20:30:27 CET [2025/01/26 14:30:27 ET]
Table 'Aludra' 6-max Seat #1 is the button
Seat 1: Christianjtrfc ($11.86 in chips) 
Seat 2: Alejandro85s ($7.44 in chips) 
Seat 3: DreebJSP ($16.20 in chips) 
Seat 4: Jezterscap ($10.41 in chips) 
Seat 5: bortoluzzo01 ($9.70 in chips) 
Seat 6: Mahu2021 ($9.52 in chips) 
Alejandro85s: posts small blind $0.05
DreebJSP: posts big blind $0.10
*** HOLE CARDS ***
Dealt to Mahu2021 [2h 9d]
Jezterscap: folds 
bortoluzzo01: folds 
Mahu2021: folds 
Christianjtrfc: folds 
Alejandro85s: folds 
Uncalled bet ($0.05) returned to DreebJSP
DreebJSP collected $0.10 from pot
DreebJSP: doesn't show hand 
*** SUMMARY ***
Total pot $0.10 | Rake $0 
Seat 1: Christianjtrfc (button) folded before Flop (didn't bet)
Seat 2: Alejandro85s (small blind) folded before Flop
Seat 3: DreebJSP (big blind) collected ($0.10)
Seat 4: Jezterscap folded before Flop (didn't bet)
Seat 5: bortoluzzo01 folded before Flop (didn't bet)
Seat 6: Mahu2021 folded before Flop (didn't bet)



PokerStars Zoom Hand #254567248722:  Hold'em No Limit ($0.05/$0.10) - 2025/01/26 20:30:31 CET [2025/01/26 14:30:31 ET]
Table 'Aludra' 6-max Seat #1 is the button
Seat 1: Luffy V ($14.66 in chips) 
Seat 2: edy1991 ($10 in chips) 
Seat 3: PuffyDawg ($10.69 in chips) 
Seat 4: Alejandro85s ($7.39 in chips) 
Seat 5: Mahu2021 ($9.52 in chips) 
Seat 6: im570rm ($12.68 in chips) 
edy1991: posts small blind $0.05
PuffyDawg: posts big blind $0.10
*** HOLE CARDS ***
Dealt to Mahu2021 [Tc Qh]
Alejandro85s: folds 
Mahu2021: folds 
im570rm: raises $0.15 to $0.25
Luffy V: folds 
edy1991: folds 
PuffyDawg: folds 
Uncalled bet ($0.15) returned to im570rm
im570rm collected $0.25 from pot
im570rm: doesn't show hand 
*** SUMMARY ***
Total pot $0.25 | Rake $0 
Seat 1: Luffy V (button) folded before Flop (didn't bet)
Seat 2: edy1991 (small blind) folded before Flop
Seat 3: PuffyDawg (big blind) folded before Flop
Seat 4: Alejandro85s folded before Flop (didn't bet)
Seat 5: Mahu2021 folded before Flop (didn't bet)
Seat 6: im570rm collected ($0.25)



PokerStars Zoom Hand #254567250331:  Hold'em No Limit ($0.05/$0.10) - 2025/01/26 20:30:35 CET [2025/01/26 14:30:35 ET]
Table 'Aludra' 6-max Seat #1 is the button
Seat 1: ProjectPokerPro ($18.22 in chips) 
Seat 2: MrFibstar ($24.26 in chips) 
Seat 3: Mahu2021 ($9.52 in chips) 
Seat 4: bruehler ($8.23 in chips) 
Seat 5: Luffy V ($18.56 in chips) 
Seat 6: lokomotywa80 ($10.71 in chips) 
MrFibstar: posts small blind $0.05
Mahu2021: posts big blind $0.10
*** HOLE CARDS ***
Dealt to Mahu2021 [Js 3h]
bruehler: folds 
Luffy V: folds 
lokomotywa80: raises $0.10 to $0.20
ProjectPokerPro: folds 
MrFibstar: folds 
Mahu2021: folds 
Uncalled bet ($0.10) returned to lokomotywa80
lokomotywa80 collected $0.25 from pot
lokomotywa80: doesn't show hand 
*** SUMMARY ***
Total pot $0.25 | Rake $0 
Seat 1: ProjectPokerPro (button) folded before Flop (didn't bet)
Seat 2: MrFibstar (small blind) folded before Flop
Seat 3: Mahu2021 (big blind) folded before Flop
Seat 4: bruehler folded before Flop (didn't bet)
Seat 5: Luffy V folded before Flop (didn't bet)
Seat 6: lokomotywa80 collected ($0.25)



PokerStars Zoom Hand #254567255507:  Hold'em No Limit ($0.05/$0.10) - 2025/01/26 20:30:49 CET [2025/01/26 14:30:49 ET]
Table 'Aludra' 6-max Seat #1 is the button
Seat 1: Mahu2021 ($9.37 in chips) 
Seat 2: lokomotywa80 ($10.86 in chips) 
Seat 3: paul pattinson ($15.73 in chips) 
Seat 4: Gatos y Rosas ($17.38 in chips) 
Seat 5: putzkedudu ($11.04 in chips) 
Seat 6: Braghinn ($20.30 in chips) 
lokomotywa80: posts small blind $0.05
paul pattinson: posts big blind $0.10
*** HOLE CARDS ***
Dealt to Mahu2021 [6h 8h]
Gatos y Rosas: folds 
putzkedudu: folds 
Braghinn: folds 
Mahu2021: folds 
lokomotywa80: raises $0.15 to $0.25
paul pattinson: folds 
Uncalled bet ($0.15) returned to lokomotywa80
lokomotywa80 collected $0.20 from pot
lokomotywa80: doesn't show hand 
*** SUMMARY ***
Total pot $0.20 | Rake $0 
Seat 1: Mahu2021 (button) folded before Flop (didn't bet)
Seat 2: lokomotywa80 (small blind) collected ($0.20)
Seat 3: paul pattinson (big blind) folded before Flop
Seat 4: Gatos y Rosas folded before Flop (didn't bet)
Seat 5: putzkedudu folded before Flop (didn't bet)
Seat 6: Braghinn folded before Flop (didn't bet)



PokerStars Zoom Hand #254567256844:  Hold'em No Limit ($0.05/$0.10) - 2025/01/26 20:30:53 CET [2025/01/26 14:30:53 ET]
Table 'Aludra' 6-max Seat #1 is the button
Seat 1: DreebJSP ($13.98 in chips) 
Seat 2: bebasket066 ($9.83 in chips) 
Seat 3: Bestology ($17.29 in chips) 
Seat 4: Mahu2021 ($9.37 in chips) 
Seat 5: PuffyDawg ($11.42 in chips) 
Seat 6: bmh9310 ($3.53 in chips) 
bebasket066: posts small blind $0.05
Bestology: posts big blind $0.10
*** HOLE CARDS ***
Dealt to Mahu2021 [Ah Qc]
Mahu2021: raises $0.14 to $0.24
PuffyDawg: folds 
bmh9310: raises $3.29 to $3.53 and is all-in
DreebJSP: folds 
bebasket066: folds 
Bestology: folds 
Mahu2021: folds 
Uncalled bet ($3.29) returned to bmh9310
bmh9310 collected $0.63 from pot
bmh9310: doesn't show hand 
*** SUMMARY ***
Total pot $0.63 | Rake $0 
Seat 1: DreebJSP (button) folded before Flop (didn't bet)
Seat 2: bebasket066 (small blind) folded before Flop
Seat 3: Bestology (big blind) folded before Flop
Seat 4: Mahu2021 folded before Flop
Seat 5: PuffyDawg folded before Flop (didn't bet)
Seat 6: bmh9310 collected ($0.63)



PokerStars Zoom Hand #254567264720:  Hold'em No Limit ($0.05/$0.10) - 2025/01/26 20:31:14 CET [2025/01/26 14:31:14 ET]
Table 'Aludra' 6-max Seat #1 is the button
Seat 1: DreebJSP ($15.29 in chips) 
Seat 2: Black199509 ($10.49 in chips) 
Seat 3: WideMonkaW ($11.75 in chips) 
Seat 4: D.shadoww ($10.20 in chips) 
Seat 5: Mahu2021 ($9.13 in chips) 
Seat 6: pericotete ($10 in chips) 
Black199509: posts small blind $0.05
WideMonkaW: posts big blind $0.10
*** HOLE CARDS ***
Dealt to Mahu2021 [7s Th]
D.shadoww: raises $0.10 to $0.20
Mahu2021: folds 
pericotete: folds 
DreebJSP: folds 
Black199509: folds 
WideMonkaW: folds 
Uncalled bet ($0.10) returned to D.shadoww
D.shadoww collected $0.25 from pot
D.shadoww: doesn't show hand 
*** SUMMARY ***
Total pot $0.25 | Rake $0 
Seat 1: DreebJSP (button) folded before Flop (didn't bet)
Seat 2: Black199509 (small blind) folded before Flop
Seat 3: WideMonkaW (big blind) folded before Flop
Seat 4: D.shadoww collected ($0.25)
Seat 5: Mahu2021 folded before Flop (didn't bet)
Seat 6: pericotete folded before Flop (didn't bet)



PokerStars Zoom Hand #254567253912:  Hold'em No Limit ($0.05/$0.10) - 2025/01/26 20:30:45 CET [2025/01/26 14:30:45 ET]
Table 'Aludra' 6-max Seat #1 is the button
Seat 1: khrisanfov ($10.17 in chips) 
Seat 2: Mahu2021 ($9.42 in chips) 
Seat 3: picurul ($13.88 in chips) 
Seat 4: ChoboPower ($14.46 in chips) 
Seat 5: Haminko ($10.80 in chips) 
Seat 6: edy1991 ($19.48 in chips) 
Mahu2021: posts small blind $0.05
picurul: posts big blind $0.10
*** HOLE CARDS ***
Dealt to Mahu2021 [2d 8h]
ChoboPower: folds 
Haminko: folds 
edy1991: raises $0.15 to $0.25
khrisanfov: folds 
Mahu2021: folds 
picurul: raises $0.65 to $0.90
edy1991: calls $0.65
*** FLOP *** [Qc Kh Td]
picurul: bets $1.19
edy1991: calls $1.19
*** TURN *** [Qc Kh Td] [7d]
picurul: bets $2.83
edy1991: raises $14.56 to $17.39 and is all-in
picurul: calls $8.96 and is all-in
Uncalled bet ($5.60) returned to edy1991
*** RIVER *** [Qc Kh Td 7d] [9d]
*** SHOW DOWN ***
picurul: shows [Ks Qh] (two pair, Kings and Queens)
edy1991: shows [Jd Ah] (a straight, Ten to Ace)
edy1991 collected $26.56 from pot
*** SUMMARY ***
Total pot $27.81 | Rake $1.25 
Board [Qc Kh Td 7d 9d]
Seat 1: khrisanfov (button) folded before Flop (didn't bet)
Seat 2: Mahu2021 (small blind) folded before Flop
Seat 3: picurul (big blind) showed [Ks Qh] and lost with two pair, Kings and Queens
Seat 4: ChoboPower folded before Flop (didn't bet)
Seat 5: Haminko folded before Flop (didn't bet)
Seat 6: edy1991 showed [Jd Ah] and won ($26.56) with a straight, Ten to Ace



PokerStars Zoom Hand #254567266600:  Hold'em No Limit ($0.05/$0.10) - 2025/01/26 20:31:19 CET [2025/01/26 14:31:19 ET]
Table 'Aludra' 6-max Seat #1 is the button
Seat 1: assuncaogu ($10 in chips) 
Seat 2: Ironhelt ($18.01 in chips) 
Seat 3: Mahu2021 ($9.13 in chips) 
Seat 4: Luffy V ($14.46 in chips) 
Seat 5: OeTen101 ($15.18 in chips) 
Seat 6: Master205 ($10 in chips) 
Ironhelt: posts small blind $0.05
Mahu2021: posts big blind $0.10
*** HOLE CARDS ***
Dealt to Mahu2021 [3c 5h]
Luffy V: folds 
OeTen101: folds 
Master205: raises $0.13 to $0.23
assuncaogu: calls $0.23
Ironhelt: folds 
Mahu2021: folds 
*** FLOP *** [8c Qd 7h]
Master205: bets $0.44
assuncaogu: calls $0.44
*** TURN *** [8c Qd 7h] [7s]
Master205: bets $1.07
assuncaogu: folds 
Uncalled bet ($1.07) returned to Master205
Master205 collected $1.42 from pot
Master205: doesn't show hand 
*** SUMMARY ***
Total pot $1.49 | Rake $0.07 
Board [8c Qd 7h 7s]
Seat 1: assuncaogu (button) folded on the Turn
Seat 2: Ironhelt (small blind) folded before Flop
Seat 3: Mahu2021 (big blind) folded before Flop
Seat 4: Luffy V folded before Flop (didn't bet)
Seat 5: OeTen101 folded before Flop (didn't bet)
Seat 6: Master205 collected ($1.42)



PokerStars Zoom Hand #254567269529:  Hold'em No Limit ($0.05/$0.10) - 2025/01/26 20:31:27 CET [2025/01/26 14:31:27 ET]
Table 'Aludra' 6-max Seat #1 is the button
Seat 1: Machestr ($9.50 in chips) 
Seat 2: Mahu2021 ($9.03 in chips) 
Seat 3: VêPeres ($9.44 in chips) 
Seat 4: Maxim_Otto13 ($20.92 in chips) 
Seat 5: kox44x ($42.88 in chips) 
Seat 6: SmallKick88 ($8.97 in chips) 
Mahu2021: posts small blind $0.05
VêPeres: posts big blind $0.10
*** HOLE CARDS ***
Dealt to Mahu2021 [9d Td]
Maxim_Otto13 has timed out
Maxim_Otto13: folds 
kox44x: folds 
SmallKick88: folds 
Machestr: raises $0.12 to $0.22
Mahu2021: calls $0.17
VêPeres: folds 
*** FLOP *** [Kh 5d As]
Mahu2021: checks 
Machestr: bets $0.17
Mahu2021: folds 
Uncalled bet ($0.17) returned to Machestr
Machestr collected $0.52 from pot
Machestr: doesn't show hand 
*** SUMMARY ***
Total pot $0.54 | Rake $0.02 
Board [Kh 5d As]
Seat 1: Machestr (button) collected ($0.52)
Seat 2: Mahu2021 (small blind) folded on the Flop
Seat 3: VêPeres (big blind) folded before Flop
Seat 4: Maxim_Otto13 folded before Flop (didn't bet)
Seat 5: kox44x folded before Flop (didn't bet)
Seat 6: SmallKick88 folded before Flop (didn't bet)



PokerStars Zoom Hand #254567283518:  Hold'em No Limit ($0.05/$0.10) - 2025/01/26 20:32:05 CET [2025/01/26 14:32:05 ET]
Table 'Aludra' 6-max Seat #1 is the button
Seat 1: Mahu2021 ($8.81 in chips) 
Seat 2: Master205 ($11.35 in chips) 
Seat 3: mOberdan ($14.62 in chips) 
Seat 4: D.shadoww ($10 in chips) 
Seat 5: lichistoria ($25.65 in chips) 
Seat 6: kox44x ($17.77 in chips) 
Master205: posts small blind $0.05
mOberdan: posts big blind $0.10
*** HOLE CARDS ***
Dealt to Mahu2021 [9h Ac]
D.shadoww: raises $0.10 to $0.20
lichistoria: folds 
kox44x: folds 
Mahu2021: calls $0.20
Master205: folds 
mOberdan: calls $0.10
*** FLOP *** [Ah 9d 2d]
mOberdan: checks 
D.shadoww: checks 
Mahu2021: bets $0.62
mOberdan: folds 
D.shadoww: raises $0.88 to $1.50
Mahu2021: raises $7.11 to $8.61 and is all-in
D.shadoww: calls $7.11
*** TURN *** [Ah 9d 2d] [8c]
*** RIVER *** [Ah 9d 2d 8c] [Jc]
*** SHOW DOWN ***
D.shadoww: shows [8d Ad] (two pair, Aces and Eights)
Mahu2021: shows [9h Ac] (two pair, Aces and Nines)
Mahu2021 cashed out the hand for $10.90 | Cash Out Fee $0.22
*** SUMMARY ***
Total pot $17.87 | Rake $0.80 
Board [Ah 9d 2d 8c Jc]
Seat 1: Mahu2021 (button) showed [9h Ac] and won ($17.07) with two pair, Aces and Nines (pot not awarded as player cashed out)
Seat 2: Master205 (small blind) folded before Flop
Seat 3: mOberdan (big blind) folded on the Flop
Seat 4: D.shadoww showed [8d Ad] and lost with two pair, Aces and Eights
Seat 5: lichistoria folded before Flop (didn't bet)
Seat 6: kox44x folded before Flop (didn't bet)



PokerStars Zoom Hand #254567282076:  Hold'em No Limit ($0.05/$0.10) - 2025/01/26 20:32:01 CET [2025/01/26 14:32:01 ET]
Table 'Aludra' 6-max Seat #1 is the button
Seat 1: CELESTINA979 ($5.10 in chips) 
Seat 2: ryansscn26 ($12.14 in chips) 
Seat 3: Machestr ($11.30 in chips) 
Seat 4: jksgoodgz ($10.23 in chips) 
Seat 5: Mahu2021 ($8.81 in chips) 
Seat 6: Oscar__62176 ($20.86 in chips) 
ryansscn26: posts small blind $0.05
Machestr: posts big blind $0.10
*** HOLE CARDS ***
Dealt to Mahu2021 [Jd 7h]
jksgoodgz: folds 
Mahu2021: folds 
Oscar__62176: folds 
CELESTINA979: folds 
ryansscn26: calls $0.05
Machestr: raises $0.25 to $0.35
ryansscn26: calls $0.25
*** FLOP *** [Kc 9c 2d]
ryansscn26: bets $0.40
Machestr: calls $0.40
*** TURN *** [Kc 9c 2d] [5h]
ryansscn26: bets $0.30
Machestr: raises $0.60 to $0.90
ryansscn26: folds 
Uncalled bet ($0.60) returned to Machestr
Machestr collected $2.01 from pot
Machestr: doesn't show hand 
*** SUMMARY ***
Total pot $2.10 | Rake $0.09 
Board [Kc 9c 2d 5h]
Seat 1: CELESTINA979 (button) folded before Flop (didn't bet)
Seat 2: ryansscn26 (small blind) folded on the Turn
Seat 3: Machestr (big blind) collected ($2.01)
Seat 4: jksgoodgz folded before Flop (didn't bet)
Seat 5: Mahu2021 folded before Flop (didn't bet)
Seat 6: Oscar__62176 folded before Flop (didn't bet)



PokerStars Zoom Hand #254567297278:  Hold'em No Limit ($0.05/$0.10) - 2025/01/26 20:32:42 CET [2025/01/26 14:32:42 ET]
Table 'Aludra' 6-max Seat #1 is the button
Seat 1: dewrden ($5 in chips) 
Seat 2: kox44x ($17.67 in chips) 
Seat 3: QKJope ($10.36 in chips) 
Seat 4: lokomotywa80 ($11.64 in chips) 
Seat 5: liebhabär ($14.06 in chips) 
Seat 6: Mahu2021 ($10.90 in chips) 
kox44x: posts small blind $0.05
QKJope: posts big blind $0.10
*** HOLE CARDS ***
Dealt to Mahu2021 [Tc 8c]
lokomotywa80: folds 
liebhabär: folds 
Mahu2021: folds 
dewrden: folds 
kox44x: raises $0.20 to $0.30
QKJope: folds 
Uncalled bet ($0.20) returned to kox44x
kox44x collected $0.20 from pot
kox44x: doesn't show hand 
*** SUMMARY ***
Total pot $0.20 | Rake $0 
Seat 1: dewrden (button) folded before Flop (didn't bet)
Seat 2: kox44x (small blind) collected ($0.20)
Seat 3: QKJope (big blind) folded before Flop
Seat 4: lokomotywa80 folded before Flop (didn't bet)
Seat 5: liebhabär folded before Flop (didn't bet)
Seat 6: Mahu2021 folded before Flop (didn't bet)



PokerStars Zoom Hand #254567302816:  Hold'em No Limit ($0.05/$0.10) - 2025/01/26 20:32:56 CET [2025/01/26 14:32:56 ET]
Table 'Aludra' 6-max Seat #1 is the button
Seat 1: WideMonkaW ($11.03 in chips) 
Seat 2: lokomotywa80 ($11.64 in chips) 
Seat 3: Jezterscap ($32.56 in chips) 
Seat 4: Mahu2021 ($10.90 in chips) 
Seat 5: VêPeres ($10.65 in chips) 
Seat 6: esperanticos ($9.99 in chips) 
lokomotywa80: posts small blind $0.05
Jezterscap: posts big blind $0.10
*** HOLE CARDS ***
Dealt to Mahu2021 [Qs Kd]
Mahu2021: raises $0.14 to $0.24
VêPeres: folds 
esperanticos: raises $0.64 to $0.88
WideMonkaW: folds 
lokomotywa80: folds 
Jezterscap: folds 
Mahu2021: folds 
Uncalled bet ($0.64) returned to esperanticos
esperanticos collected $0.63 from pot
esperanticos: doesn't show hand 
*** SUMMARY ***
Total pot $0.63 | Rake $0 
Seat 1: WideMonkaW (button) folded before Flop (didn't bet)
Seat 2: lokomotywa80 (small blind) folded before Flop
Seat 3: Jezterscap (big blind) folded before Flop
Seat 4: Mahu2021 folded before Flop
Seat 5: VêPeres folded before Flop (didn't bet)
Seat 6: esperanticos collected ($0.63)



PokerStars Zoom Hand #254567300206:  Hold'em No Limit ($0.05/$0.10) - 2025/01/26 20:32:50 CET [2025/01/26 14:32:50 ET]
Table 'Aludra' 6-max Seat #1 is the button
Seat 1: Jamie_0361 ($4.65 in chips) 
Seat 2: Haminko ($11.98 in chips) 
Seat 3: Oscar__62176 ($20.30 in chips) 
Seat 4: gefilltefisch ($17.56 in chips) 
Seat 5: Mahu2021 ($10.90 in chips) 
Seat 6: wheresdaluck ($10 in chips) 
Haminko: posts small blind $0.05
Oscar__62176: posts big blind $0.10
*** HOLE CARDS ***
Dealt to Mahu2021 [3d 9d]
gefilltefisch: raises $0.10 to $0.20
Mahu2021: folds 
wheresdaluck: folds 
Jamie_0361: calls $0.20
Haminko: folds 
Oscar__62176: folds 
*** FLOP *** [Ts Jh Td]
gefilltefisch: checks 
Jamie_0361: bets $0.20
gefilltefisch: calls $0.20
*** TURN *** [Ts Jh Td] [2d]
gefilltefisch: checks 
Jamie_0361: bets $0.40
gefilltefisch: calls $0.40
*** RIVER *** [Ts Jh Td 2d] [8h]
gefilltefisch: checks 
Jamie_0361: checks 
*** SHOW DOWN ***
gefilltefisch: shows [As Kc] (a pair of Tens)
Jamie_0361: shows [8s Jc] (two pair, Jacks and Tens)
Jamie_0361 collected $1.65 from pot
*** SUMMARY ***
Total pot $1.75 | Rake $0.10 
Board [Ts Jh Td 2d 8h]
Seat 1: Jamie_0361 (button) showed [8s Jc] and won ($1.65) with two pair, Jacks and Tens
Seat 2: Haminko (small blind) folded before Flop
Seat 3: Oscar__62176 (big blind) folded before Flop
Seat 4: gefilltefisch showed [As Kc] and lost with a pair of Tens
Seat 5: Mahu2021 folded before Flop (didn't bet)
Seat 6: wheresdaluck folded before Flop (didn't bet)



PokerStars Zoom Hand #254567317547:  Hold'em No Limit ($0.05/$0.10) - 2025/01/26 20:33:36 CET [2025/01/26 14:33:36 ET]
Table 'Aludra' 6-max Seat #1 is the button
Seat 1: Ironhelt ($30.09 in chips) 
Seat 2: iza_doria ($4.57 in chips) 
Seat 3: Mahu2021 ($10.61 in chips) 
Seat 4: albatros9945 ($10.11 in chips) 
Seat 5: Haminko ($10 in chips) 
Seat 6: kox44x ($42.38 in chips) 
iza_doria: posts small blind $0.05
Mahu2021: posts big blind $0.10
*** HOLE CARDS ***
Dealt to Mahu2021 [3d 2s]
albatros9945: folds 
Haminko: folds 
kox44x: folds 
Ironhelt: folds 
iza_doria: raises $0.30 to $0.40
Mahu2021: folds 
Uncalled bet ($0.30) returned to iza_doria
iza_doria collected $0.20 from pot
iza_doria: doesn't show hand 
*** SUMMARY ***
Total pot $0.20 | Rake $0 
Seat 1: Ironhelt (button) folded before Flop (didn't bet)
Seat 2: iza_doria (small blind) collected ($0.20)
Seat 3: Mahu2021 (big blind) folded before Flop
Seat 4: albatros9945 folded before Flop (didn't bet)
Seat 5: Haminko folded before Flop (didn't bet)
Seat 6: kox44x folded before Flop (didn't bet)



PokerStars Zoom Hand #254567309916:  Hold'em No Limit ($0.05/$0.10) - 2025/01/26 20:33:15 CET [2025/01/26 14:33:15 ET]
Table 'Aludra' 6-max Seat #1 is the button
Seat 1: Bestology ($17.03 in chips) 
Seat 2: Mahu2021 ($10.66 in chips) 
Seat 3: serotonine91 ($10 in chips) 
Seat 4: kar4tune ($9.70 in chips) 
Seat 5: khrisanfov ($10.28 in chips) 
Seat 6: tooez351 ($4.58 in chips) 
Mahu2021: posts small blind $0.05
serotonine91: posts big blind $0.10
*** HOLE CARDS ***
Dealt to Mahu2021 [7s Js]
kar4tune: folds 
khrisanfov: folds 
tooez351: calls $0.10
Bestology: raises $0.10 to $0.20
Mahu2021: folds 
serotonine91: folds 
tooez351: calls $0.10
*** FLOP *** [7h 4s Qc]
tooez351: bets $0.20
Bestology: raises $0.93 to $1.13
tooez351: folds 
Uncalled bet ($0.93) returned to Bestology
Bestology collected $0.90 from pot
Bestology: doesn't show hand 
*** SUMMARY ***
Total pot $0.95 | Rake $0.05 
Board [7h 4s Qc]
Seat 1: Bestology (button) collected ($0.90)
Seat 2: Mahu2021 (small blind) folded before Flop
Seat 3: serotonine91 (big blind) folded before Flop
Seat 4: kar4tune folded before Flop (didn't bet)
Seat 5: khrisanfov folded before Flop (didn't bet)
Seat 6: tooez351 folded on the Flop



PokerStars Zoom Hand #254567333229:  Hold'em No Limit ($0.05/$0.10) - 2025/01/26 20:34:18 CET [2025/01/26 14:34:18 ET]
Table 'Aludra' 6-max Seat #1 is the button
Seat 1: D.shadoww ($10 in chips) 
Seat 2: OeTen101 ($13.73 in chips) 
Seat 3: ppapandppap ($12.19 in chips) 
Seat 4: nikcat7 ($12.66 in chips) 
Seat 5: khrisanfov ($10 in chips) 
Seat 6: Mahu2021 ($10.26 in chips) 
OeTen101: posts small blind $0.05
ppapandppap: posts big blind $0.10
*** HOLE CARDS ***
Dealt to Mahu2021 [Jh 3s]
nikcat7: folds 
khrisanfov: raises $0.15 to $0.25
Mahu2021: folds 
D.shadoww: folds 
OeTen101: folds 
ppapandppap: folds 
Uncalled bet ($0.15) returned to khrisanfov
khrisanfov collected $0.25 from pot
khrisanfov: doesn't show hand 
*** SUMMARY ***
Total pot $0.25 | Rake $0 
Seat 1: D.shadoww (button) folded before Flop (didn't bet)
Seat 2: OeTen101 (small blind) folded before Flop
Seat 3: ppapandppap (big blind) folded before Flop
Seat 4: nikcat7 folded before Flop (didn't bet)
Seat 5: khrisanfov collected ($0.25)
Seat 6: Mahu2021 folded before Flop (didn't bet)



PokerStars Zoom Hand #254567331755:  Hold'em No Limit ($0.05/$0.10) - 2025/01/26 20:34:14 CET [2025/01/26 14:34:14 ET]
Table 'Aludra' 6-max Seat #1 is the button
Seat 1: Jezterscap ($10.58 in chips) 
Seat 2: vovo4kapooh ($10 in chips) 
Seat 3: mlonc ($4.06 in chips) 
Seat 4: VêPeres ($11.13 in chips) 
Seat 5: Nicijerry ($16.28 in chips) 
Seat 6: Mahu2021 ($10.26 in chips) 
vovo4kapooh: posts small blind $0.05
mlonc: posts big blind $0.10
*** HOLE CARDS ***
Dealt to Mahu2021 [6d Td]
VêPeres: folds 
Nicijerry: folds 
Mahu2021: folds 
Jezterscap: folds 
vovo4kapooh: raises $0.20 to $0.30
mlonc: folds 
Uncalled bet ($0.20) returned to vovo4kapooh
vovo4kapooh collected $0.20 from pot
vovo4kapooh: doesn't show hand 
*** SUMMARY ***
Total pot $0.20 | Rake $0 
Seat 1: Jezterscap (button) folded before Flop (didn't bet)
Seat 2: vovo4kapooh (small blind) collected ($0.20)
Seat 3: mlonc (big blind) folded before Flop
Seat 4: VêPeres folded before Flop (didn't bet)
Seat 5: Nicijerry folded before Flop (didn't bet)
Seat 6: Mahu2021 folded before Flop (didn't bet)



PokerStars Zoom Hand #254567334981:  Hold'em No Limit ($0.05/$0.10) - 2025/01/26 20:34:22 CET [2025/01/26 14:34:22 ET]
Table 'Aludra' 6-max Seat #1 is the button
Seat 1: DreebJSP ($10.15 in chips) 
Seat 2: Mahu2021 ($10.26 in chips) 
Seat 3: mrfreaky1989 ($10.58 in chips) 
Seat 4: lichistoria ($20.03 in chips) 
Seat 5: Haminko ($10 in chips) 
Seat 6: serotonine91 ($12.15 in chips) 
Mahu2021: posts small blind $0.05
mrfreaky1989: posts big blind $0.10
*** HOLE CARDS ***
Dealt to Mahu2021 [Jd Kd]
lichistoria: folds 
Haminko: folds 
serotonine91: folds 
DreebJSP: raises $0.15 to $0.25
Mahu2021: calls $0.20
mrfreaky1989: folds 
*** FLOP *** [Kh Ac 7c]
Mahu2021: checks 
DreebJSP: bets $0.19
Mahu2021: calls $0.19
*** TURN *** [Kh Ac 7c] [Qh]
Mahu2021: checks 
DreebJSP: checks 
*** RIVER *** [Kh Ac 7c Qh] [2s]
Mahu2021: bets $0.94
DreebJSP: folds 
Uncalled bet ($0.94) returned to Mahu2021
Mahu2021 collected $0.94 from pot
Mahu2021: doesn't show hand 
*** SUMMARY ***
Total pot $0.98 | Rake $0.04 
Board [Kh Ac 7c Qh 2s]
Seat 1: DreebJSP (button) folded on the River
Seat 2: Mahu2021 (small blind) collected ($0.94)
Seat 3: mrfreaky1989 (big blind) folded before Flop
Seat 4: lichistoria folded before Flop (didn't bet)
Seat 5: Haminko folded before Flop (didn't bet)
Seat 6: serotonine91 folded before Flop (didn't bet)



PokerStars Zoom Hand #254567346534:  Hold'em No Limit ($0.05/$0.10) - 2025/01/26 20:34:54 CET [2025/01/26 14:34:54 ET]
Table 'Aludra' 6-max Seat #1 is the button
Seat 1: holzhacker1 ($6.11 in chips) 
Seat 2: offodds ($10.30 in chips) 
Seat 3: albatros9945 ($9.51 in chips) 
Seat 4: Mahu2021 ($10.76 in chips) 
Seat 5: jksgoodgz ($10.05 in chips) 
Seat 6: mrfreaky1989 ($10 in chips) 
offodds: posts small blind $0.05
albatros9945: posts big blind $0.10
*** HOLE CARDS ***
Dealt to Mahu2021 [3s 5s]
Mahu2021: folds 
jksgoodgz: folds 
mrfreaky1989: folds 
holzhacker1: raises $0.20 to $0.30
offodds: folds 
albatros9945: folds 
Uncalled bet ($0.20) returned to holzhacker1
holzhacker1 collected $0.25 from pot
holzhacker1: doesn't show hand 
*** SUMMARY ***
Total pot $0.25 | Rake $0 
Seat 1: holzhacker1 (button) collected ($0.25)
Seat 2: offodds (small blind) folded before Flop
Seat 3: albatros9945 (big blind) folded before Flop
Seat 4: Mahu2021 folded before Flop (didn't bet)
Seat 5: jksgoodgz folded before Flop (didn't bet)
Seat 6: mrfreaky1989 folded before Flop (didn't bet)



PokerStars Zoom Hand #254567324363:  Hold'em No Limit ($0.05/$0.10) - 2025/01/26 20:33:54 CET [2025/01/26 14:33:54 ET]
Table 'Aludra' 6-max Seat #1 is the button
Seat 1: Mahu2021 ($10.51 in chips) 
Seat 2: bald2boy ($4.47 in chips) 
Seat 3: Oscar__62176 ($28.63 in chips) 
Seat 4: Haminko ($10 in chips) 
Seat 5: edy1991 ($31.11 in chips) 
Seat 6: OeTen101 ($13.73 in chips) 
bald2boy: posts small blind $0.05
Oscar__62176: posts big blind $0.10
*** HOLE CARDS ***
Dealt to Mahu2021 [As Js]
Haminko: folds 
edy1991: raises $0.15 to $0.25
OeTen101: folds 
Mahu2021: calls $0.25
bald2boy: folds 
Oscar__62176: raises $1.15 to $1.40
edy1991: calls $1.15
Mahu2021: folds 
*** FLOP *** [2c 6c Jh]
Oscar__62176: bets $1.63
edy1991: raises $2.81 to $4.44
Oscar__62176: calls $2.81
*** TURN *** [2c 6c Jh] [Kd]
Oscar__62176: checks 
edy1991: bets $5.72
Oscar__62176: raises $17.07 to $22.79 and is all-in
edy1991: calls $17.07
*** RIVER *** [2c 6c Jh Kd] [7c]
*** SHOW DOWN ***
Oscar__62176: shows [Kc Kh] (three of a kind, Kings)
edy1991: shows [Jc Jd] (three of a kind, Jacks)
Oscar__62176 collected $56.06 from pot
*** SUMMARY ***
Total pot $57.56 | Rake $1.50 
Board [2c 6c Jh Kd 7c]
Seat 1: Mahu2021 (button) folded before Flop
Seat 2: bald2boy (small blind) folded before Flop
Seat 3: Oscar__62176 (big blind) showed [Kc Kh] and won ($56.06) with three of a kind, Kings
Seat 4: Haminko folded before Flop (didn't bet)
Seat 5: edy1991 showed [Jc Jd] and lost with three of a kind, Jacks
Seat 6: OeTen101 folded before Flop (didn't bet)



PokerStars Zoom Hand #254567347940:  Hold'em No Limit ($0.05/$0.10) - 2025/01/26 20:34:57 CET [2025/01/26 14:34:57 ET]
Table 'Aludra' 6-max Seat #1 is the button
Seat 1: kar4tune ($9.45 in chips) 
Seat 2: Christianjtrfc ($13.49 in chips) 
Seat 3: khrisanfov ($10.10 in chips) 
Seat 4: thanson17 ($7.07 in chips) 
Seat 5: Mahu2021 ($10.76 in chips) 
Seat 6: Siul0619 ($20.45 in chips) 
Christianjtrfc: posts small blind $0.05
khrisanfov: posts big blind $0.10
*** HOLE CARDS ***
Dealt to Mahu2021 [Ad 2d]
thanson17: raises $0.10 to $0.20
Mahu2021: calls $0.20
Siul0619: folds 
kar4tune: folds 
Christianjtrfc: folds 
khrisanfov: folds 
*** FLOP *** [4h Ah Jd]
thanson17: checks 
Mahu2021: bets $0.53
thanson17: folds 
Uncalled bet ($0.53) returned to Mahu2021
Mahu2021 collected $0.53 from pot
Mahu2021: doesn't show hand 
*** SUMMARY ***
Total pot $0.55 | Rake $0.02 
Board [4h Ah Jd]
Seat 1: kar4tune (button) folded before Flop (didn't bet)
Seat 2: Christianjtrfc (small blind) folded before Flop
Seat 3: khrisanfov (big blind) folded before Flop
Seat 4: thanson17 folded on the Flop
Seat 5: Mahu2021 collected ($0.53)
Seat 6: Siul0619 folded before Flop (didn't bet)



PokerStars Zoom Hand #254567356171:  Hold'em No Limit ($0.05/$0.10) - 2025/01/26 20:35:20 CET [2025/01/26 14:35:20 ET]
Table 'Aludra' 6-max Seat #1 is the button
Seat 1: Christianjtrfc ($10 in chips) 
Seat 2: the_doooze ($10 in chips) 
Seat 3: Mahu2021 ($11.09 in chips) 
Seat 4: D.shadoww ($12.01 in chips) 
Seat 5: Sognimodstar ($3.94 in chips) 
Seat 6: Oscar__62176 ($56.06 in chips) 
the_doooze: posts small blind $0.05
Mahu2021: posts big blind $0.10
*** HOLE CARDS ***
Dealt to Mahu2021 [Qh Js]
D.shadoww: folds 
Sognimodstar: folds 
Oscar__62176: folds 
Christianjtrfc: folds 
the_doooze: folds 
Uncalled bet ($0.05) returned to Mahu2021
Mahu2021 collected $0.10 from pot
Mahu2021: doesn't show hand 
*** SUMMARY ***
Total pot $0.10 | Rake $0 
Seat 1: Christianjtrfc (button) folded before Flop (didn't bet)
Seat 2: the_doooze (small blind) folded before Flop
Seat 3: Mahu2021 (big blind) collected ($0.10)
Seat 4: D.shadoww folded before Flop (didn't bet)
Seat 5: Sognimodstar folded before Flop (didn't bet)
Seat 6: Oscar__62176 folded before Flop (didn't bet)



PokerStars Zoom Hand #254567359820:  Hold'em No Limit ($0.05/$0.10) - 2025/01/26 20:35:30 CET [2025/01/26 14:35:30 ET]
Table 'Aludra' 6-max Seat #1 is the button
Seat 1: Mahu2021 ($11.14 in chips) 
Seat 2: 00O-2Z ($18.69 in chips) 
Seat 3: VêPeres ($10.53 in chips) 
Seat 4: szabarna ($11.05 in chips) 
Seat 5: Siul0619 ($14.92 in chips) 
Seat 6: dewrden ($5 in chips) 
00O-2Z: posts small blind $0.05
VêPeres: posts big blind $0.10
*** HOLE CARDS ***
Dealt to Mahu2021 [2c 6h]
szabarna: folds 
Siul0619: folds 
dewrden: folds 
Mahu2021: folds 
00O-2Z: folds 
Uncalled bet ($0.05) returned to VêPeres
VêPeres collected $0.10 from pot
VêPeres: doesn't show hand 
*** SUMMARY ***
Total pot $0.10 | Rake $0 
Seat 1: Mahu2021 (button) folded before Flop (didn't bet)
Seat 2: 00O-2Z (small blind) folded before Flop
Seat 3: VêPeres (big blind) collected ($0.10)
Seat 4: szabarna folded before Flop (didn't bet)
Seat 5: Siul0619 folded before Flop (didn't bet)
Seat 6: dewrden folded before Flop (didn't bet)



PokerStars Zoom Hand #254567361356:  Hold'em No Limit ($0.05/$0.10) - 2025/01/26 20:35:34 CET [2025/01/26 14:35:34 ET]
Table 'Aludra' 6-max Seat #1 is the button
Seat 1: dewrden ($5 in chips) 
Seat 2: vovo4kapooh ($10.05 in chips) 
Seat 3: ji6413 ($10.28 in chips) 
Seat 4: serotonine91 ($10 in chips) 
Seat 5: Mahu2021 ($11.14 in chips) 
Seat 6: szabarna ($11.05 in chips) 
vovo4kapooh: posts small blind $0.05
ji6413: posts big blind $0.10
*** HOLE CARDS ***
Dealt to Mahu2021 [Ks Jd]
serotonine91: folds 
Mahu2021: raises $0.14 to $0.24
szabarna: folds 
dewrden: folds 
vovo4kapooh: folds 
ji6413: folds 
Uncalled bet ($0.14) returned to Mahu2021
Mahu2021 collected $0.25 from pot
Mahu2021: doesn't show hand 
*** SUMMARY ***
Total pot $0.25 | Rake $0 
Seat 1: dewrden (button) folded before Flop (didn't bet)
Seat 2: vovo4kapooh (small blind) folded before Flop
Seat 3: ji6413 (big blind) folded before Flop
Seat 4: serotonine91 folded before Flop (didn't bet)
Seat 5: Mahu2021 collected ($0.25)
Seat 6: szabarna folded before Flop (didn't bet)



PokerStars Zoom Hand #254567366258:  Hold'em No Limit ($0.05/$0.10) - 2025/01/26 20:35:48 CET [2025/01/26 14:35:48 ET]
Table 'Aludra' 6-max Seat #1 is the button
Seat 1: Big2705 ($10.74 in chips) 
Seat 2: wdb124036 ($10.04 in chips) 
Seat 3: mOberdan ($19.57 in chips) 
Seat 4: Mahu2021 ($11.29 in chips) 
Seat 5: Machestr ($9.50 in chips) 
Seat 6: khrisanfov ($10.83 in chips) 
wdb124036: posts small blind $0.05
mOberdan: posts big blind $0.10
*** HOLE CARDS ***
Dealt to Mahu2021 [Jc Qd]
Mahu2021: raises $0.14 to $0.24
Machestr: folds 
khrisanfov: folds 
Big2705: calls $0.24
wdb124036: folds 
mOberdan: folds 
*** FLOP *** [Kc 3c Js]
Mahu2021: checks 
Big2705: checks 
*** TURN *** [Kc 3c Js] [8c]
Mahu2021: bets $0.20
Big2705: folds 
Uncalled bet ($0.20) returned to Mahu2021
Mahu2021 collected $0.60 from pot
Mahu2021: doesn't show hand 
*** SUMMARY ***
Total pot $0.63 | Rake $0.03 
Board [Kc 3c Js 8c]
Seat 1: Big2705 (button) folded on the Turn
Seat 2: wdb124036 (small blind) folded before Flop
Seat 3: mOberdan (big blind) folded before Flop
Seat 4: Mahu2021 collected ($0.60)
Seat 5: Machestr folded before Flop (didn't bet)
Seat 6: khrisanfov folded before Flop (didn't bet)



PokerStars Zoom Hand #254567378348:  Hold'em No Limit ($0.05/$0.10) - 2025/01/26 20:36:20 CET [2025/01/26 14:36:20 ET]
Table 'Aludra' 6-max Seat #1 is the button
Seat 1: RealN4p ($10 in chips) 
Seat 2: khrisanfov ($14.31 in chips) 
Seat 3: lichistoria ($19.34 in chips) 
Seat 4: Mahu2021 ($11.65 in chips) 
Seat 5: the_doooze ($10.25 in chips) 
Seat 6: Allvisa ($18.88 in chips) 
khrisanfov: posts small blind $0.05
lichistoria: posts big blind $0.10
*** HOLE CARDS ***
Dealt to Mahu2021 [Jd Js]
Mahu2021: raises $0.20 to $0.30
the_doooze: folds 
Allvisa: folds 
RealN4p: folds 
khrisanfov: folds 
lichistoria: folds 
Uncalled bet ($0.20) returned to Mahu2021
Mahu2021 collected $0.25 from pot
Mahu2021: doesn't show hand 
*** SUMMARY ***
Total pot $0.25 | Rake $0 
Seat 1: RealN4p (button) folded before Flop (didn't bet)
Seat 2: khrisanfov (small blind) folded before Flop
Seat 3: lichistoria (big blind) folded before Flop
Seat 4: Mahu2021 collected ($0.25)
Seat 5: the_doooze folded before Flop (didn't bet)
Seat 6: Allvisa folded before Flop (didn't bet)



PokerStars Zoom Hand #254567383311:  Hold'em No Limit ($0.05/$0.10) - 2025/01/26 20:36:33 CET [2025/01/26 14:36:33 ET]
Table 'Aludra' 6-max Seat #1 is the button
Seat 1: Calvis_lol ($10.38 in chips) 
Seat 2: wheresdaluck ($13.21 in chips) 
Seat 3: Mahu2021 ($11.80 in chips) 
Seat 4: Jorgos_Joanu ($12.51 in chips) 
Seat 5: VêPeres ($11.72 in chips) 
Seat 6: serotonine91 ($10.77 in chips) 
wheresdaluck: posts small blind $0.05
Mahu2021: posts big blind $0.10
*** HOLE CARDS ***
Dealt to Mahu2021 [Ah 5h]
Jorgos_Joanu: calls $0.10
VêPeres: folds 
serotonine91: folds 
Calvis_lol: folds 
wheresdaluck: folds 
Mahu2021: checks 
*** FLOP *** [2s 4h 5c]
Mahu2021: bets $0.20
Jorgos_Joanu: calls $0.20
*** TURN *** [2s 4h 5c] [Th]
Mahu2021: bets $0.20
Jorgos_Joanu: raises $0.20 to $0.40
Mahu2021: calls $0.20
*** RIVER *** [2s 4h 5c Th] [9s]
Mahu2021: checks 
Jorgos_Joanu: bets $0.69
Mahu2021: folds 
Uncalled bet ($0.69) returned to Jorgos_Joanu
Jorgos_Joanu collected $1.38 from pot
Jorgos_Joanu: doesn't show hand 
*** SUMMARY ***
Total pot $1.45 | Rake $0.07 
Board [2s 4h 5c Th 9s]
Seat 1: Calvis_lol (button) folded before Flop (didn't bet)
Seat 2: wheresdaluck (small blind) folded before Flop
Seat 3: Mahu2021 (big blind) folded on the River
Seat 4: Jorgos_Joanu collected ($1.38)
Seat 5: VêPeres folded before Flop (didn't bet)
Seat 6: serotonine91 folded before Flop (didn't bet)



PokerStars Zoom Hand #254567395242:  Hold'em No Limit ($0.05/$0.10) - 2025/01/26 20:37:05 CET [2025/01/26 14:37:05 ET]
Table 'Aludra' 6-max Seat #1 is the button
Seat 1: Bonditten ($8.19 in chips) 
Seat 2: Mahu2021 ($11.10 in chips) 
Seat 3: Allvisa ($11.33 in chips) 
Seat 4: DreebJSP ($18.52 in chips) 
Seat 5: ppapandppap ($11.50 in chips) 
Seat 6: OeTen101 ($10.63 in chips) 
Mahu2021: posts small blind $0.05
Allvisa: posts big blind $0.10
*** HOLE CARDS ***
Dealt to Mahu2021 [9c 6s]
DreebJSP: folds 
ppapandppap: raises $0.10 to $0.20
OeTen101: folds 
Bonditten: folds 
Mahu2021: folds 
Allvisa: folds 
Uncalled bet ($0.10) returned to ppapandppap
ppapandppap collected $0.25 from pot
ppapandppap: doesn't show hand 
*** SUMMARY ***
Total pot $0.25 | Rake $0 
Seat 1: Bonditten (button) folded before Flop (didn't bet)
Seat 2: Mahu2021 (small blind) folded before Flop
Seat 3: Allvisa (big blind) folded before Flop
Seat 4: DreebJSP folded before Flop (didn't bet)
Seat 5: ppapandppap collected ($0.25)
Seat 6: OeTen101 folded before Flop (didn't bet)



PokerStars Zoom Hand #254567398954:  Hold'em No Limit ($0.05/$0.10) - 2025/01/26 20:37:15 CET [2025/01/26 14:37:15 ET]
Table 'Aludra' 6-max Seat #1 is the button
Seat 1: Siul0619 ($14.50 in chips) 
Seat 2: DreebJSP ($18.52 in chips) 
Seat 3: Izabyx ($10.03 in chips) 
Seat 4: VoltaireReplica ($17.56 in chips) 
Seat 5: hello2123 ($12.96 in chips) 
Seat 6: Mahu2021 ($11.05 in chips) 
DreebJSP: posts small blind $0.05
Izabyx: posts big blind $0.10
*** HOLE CARDS ***
Dealt to Mahu2021 [6d 3h]
VoltaireReplica: folds 
hello2123: folds 
Mahu2021: folds 
Siul0619: folds 
DreebJSP: folds 
Uncalled bet ($0.05) returned to Izabyx
Izabyx collected $0.10 from pot
Izabyx: doesn't show hand 
*** SUMMARY ***
Total pot $0.10 | Rake $0 
Seat 1: Siul0619 (button) folded before Flop (didn't bet)
Seat 2: DreebJSP (small blind) folded before Flop
Seat 3: Izabyx (big blind) collected ($0.10)
Seat 4: VoltaireReplica folded before Flop (didn't bet)
Seat 5: hello2123 folded before Flop (didn't bet)
Seat 6: Mahu2021 folded before Flop (didn't bet)



PokerStars Zoom Hand #254567401868:  Hold'em No Limit ($0.05/$0.10) - 2025/01/26 20:37:23 CET [2025/01/26 14:37:23 ET]
Table 'Aludra' 6-max Seat #1 is the button
Seat 1: khrisanfov ($14.26 in chips) 
Seat 2: VêPeres ($7.34 in chips) 
Seat 3: bushhhb ($22.58 in chips) 
Seat 4: Mahu2021 ($11.05 in chips) 
Seat 5: felga1987 ($8.47 in chips) 
Seat 6: hello2123 ($12.96 in chips) 
VêPeres: posts small blind $0.05
bushhhb: posts big blind $0.10
*** HOLE CARDS ***
Dealt to Mahu2021 [7s 6c]
Mahu2021: folds 
felga1987: folds 
hello2123: folds 
khrisanfov: folds 
VêPeres: raises $0.15 to $0.25
bushhhb: folds 
Uncalled bet ($0.15) returned to VêPeres
VêPeres collected $0.20 from pot
VêPeres: doesn't show hand 
*** SUMMARY ***
Total pot $0.20 | Rake $0 
Seat 1: khrisanfov (button) folded before Flop (didn't bet)
Seat 2: VêPeres (small blind) collected ($0.20)
Seat 3: bushhhb (big blind) folded before Flop
Seat 4: Mahu2021 folded before Flop (didn't bet)
Seat 5: felga1987 folded before Flop (didn't bet)
Seat 6: hello2123 folded before Flop (didn't bet)



PokerStars Zoom Hand #254567400570:  Hold'em No Limit ($0.05/$0.10) - 2025/01/26 20:37:20 CET [2025/01/26 14:37:20 ET]
Table 'Aludra' 6-max Seat #1 is the button
Seat 1: Spixara ($16.51 in chips) 
Seat 2: szabarna ($10.95 in chips) 
Seat 3: DreebJSP ($18.47 in chips) 
Seat 4: Sognimodstar ($4.85 in chips) 
Seat 5: Mahu2021 ($11.05 in chips) 
Seat 6: lichistoria ($25.18 in chips) 
szabarna: posts small blind $0.05
DreebJSP: posts big blind $0.10
*** HOLE CARDS ***
Dealt to Mahu2021 [8h Js]
Sognimodstar has timed out
Sognimodstar: folds 
Mahu2021: folds 
lichistoria: folds 
Spixara: folds 
szabarna: folds 
Uncalled bet ($0.05) returned to DreebJSP
DreebJSP collected $0.10 from pot
DreebJSP: doesn't show hand 
*** SUMMARY ***
Total pot $0.10 | Rake $0 
Seat 1: Spixara (button) folded before Flop (didn't bet)
Seat 2: szabarna (small blind) folded before Flop
Seat 3: DreebJSP (big blind) collected ($0.10)
Seat 4: Sognimodstar folded before Flop (didn't bet)
Seat 5: Mahu2021 folded before Flop (didn't bet)
Seat 6: lichistoria folded before Flop (didn't bet)



PokerStars Zoom Hand #254567403346:  Hold'em No Limit ($0.05/$0.10) - 2025/01/26 20:37:27 CET [2025/01/26 14:37:27 ET]
Table 'Aludra' 6-max Seat #1 is the button
Seat 1: aykloz ($10 in chips) 
Seat 2: lokomotywa80 ($11.06 in chips) 
Seat 3: Mahu2021 ($11.05 in chips) 
Seat 4: Don Patato's ($10 in chips) 
Seat 5: hello2123 ($10 in chips) 
Seat 6: kox44x ($13.72 in chips) 
lokomotywa80: posts small blind $0.05
Mahu2021: posts big blind $0.10
*** HOLE CARDS ***
Dealt to Mahu2021 [7c 4s]
Don Patato's: folds 
hello2123: folds 
kox44x: folds 
aykloz: raises $0.15 to $0.25
lokomotywa80: folds 
Mahu2021: folds 
Uncalled bet ($0.15) returned to aykloz
aykloz collected $0.25 from pot
aykloz: doesn't show hand 
*** SUMMARY ***
Total pot $0.25 | Rake $0 
Seat 1: aykloz (button) collected ($0.25)
Seat 2: lokomotywa80 (small blind) folded before Flop
Seat 3: Mahu2021 (big blind) folded before Flop
Seat 4: Don Patato's folded before Flop (didn't bet)
Seat 5: hello2123 folded before Flop (didn't bet)
Seat 6: kox44x folded before Flop (didn't bet)



PokerStars Zoom Hand #254567406749:  Hold'em No Limit ($0.05/$0.10) - 2025/01/26 20:37:36 CET [2025/01/26 14:37:36 ET]
Table 'Aludra' 6-max Seat #1 is the button
Seat 1: baddyby ($24.39 in chips) 
Seat 2: Mahu2021 ($10.95 in chips) 
Seat 3: Oscar__62176 ($57.14 in chips) 
Seat 4: Jorgos_Joanu ($13.04 in chips) 
Seat 5: ppapandppap ($11.60 in chips) 
Seat 6: hello2123 ($10 in chips) 
Mahu2021: posts small blind $0.05
Oscar__62176: posts big blind $0.10
*** HOLE CARDS ***
Dealt to Mahu2021 [3d 3s]
Jorgos_Joanu: calls $0.10
ppapandppap: folds 
hello2123: raises $0.40 to $0.50
baddyby: folds 
Mahu2021: folds 
Oscar__62176: folds 
Jorgos_Joanu: folds 
Uncalled bet ($0.40) returned to hello2123
hello2123 collected $0.35 from pot
hello2123: doesn't show hand 
*** SUMMARY ***
Total pot $0.35 | Rake $0 
Seat 1: baddyby (button) folded before Flop (didn't bet)
Seat 2: Mahu2021 (small blind) folded before Flop
Seat 3: Oscar__62176 (big blind) folded before Flop
Seat 4: Jorgos_Joanu folded before Flop
Seat 5: ppapandppap folded before Flop (didn't bet)
Seat 6: hello2123 collected ($0.35)



PokerStars Zoom Hand #254567411225:  Hold'em No Limit ($0.05/$0.10) - 2025/01/26 20:37:48 CET [2025/01/26 14:37:48 ET]
Table 'Aludra' 6-max Seat #1 is the button
Seat 1: hello2123 ($12.76 in chips) 
Seat 2: Luffy V ($18.52 in chips) 
Seat 3: vovo4kapooh ($17.01 in chips) 
Seat 4: D.shadoww ($12.73 in chips) 
Seat 5: Oscar__62176 ($57.04 in chips) 
Seat 6: Mahu2021 ($10.90 in chips) 
Luffy V: posts small blind $0.05
vovo4kapooh: posts big blind $0.10
*** HOLE CARDS ***
Dealt to Mahu2021 [2s 9d]
D.shadoww: folds 
Oscar__62176: folds 
Mahu2021: folds 
hello2123: raises $0.15 to $0.25
Luffy V: folds 
vovo4kapooh: folds 
Uncalled bet ($0.15) returned to hello2123
hello2123 collected $0.25 from pot
hello2123: doesn't show hand 
*** SUMMARY ***
Total pot $0.25 | Rake $0 
Seat 1: hello2123 (button) collected ($0.25)
Seat 2: Luffy V (small blind) folded before Flop
Seat 3: vovo4kapooh (big blind) folded before Flop
Seat 4: D.shadoww folded before Flop (didn't bet)
Seat 5: Oscar__62176 folded before Flop (didn't bet)
Seat 6: Mahu2021 folded before Flop (didn't bet)



PokerStars Zoom Hand #254567412738:  Hold'em No Limit ($0.05/$0.10) - 2025/01/26 20:37:52 CET [2025/01/26 14:37:52 ET]
Table 'Aludra' 6-max Seat #1 is the button
Seat 1: Mahu2021 ($10.90 in chips) 
Seat 2: Gatos y Rosas ($11.68 in chips) 
Seat 3: Haminko ($14.76 in chips) 
Seat 4: aykloz ($10.15 in chips) 
Seat 5: teebeutel16 ($6.27 in chips) 
Seat 6: DreebJSP ($10.50 in chips) 
Gatos y Rosas: posts small blind $0.05
Haminko: posts big blind $0.10
*** HOLE CARDS ***
Dealt to Mahu2021 [Js 6c]
aykloz: folds 
teebeutel16: folds 
DreebJSP: folds 
Mahu2021: folds 
Gatos y Rosas: raises $0.20 to $0.30
Haminko: folds 
Uncalled bet ($0.20) returned to Gatos y Rosas
Gatos y Rosas collected $0.20 from pot
Gatos y Rosas: doesn't show hand 
*** SUMMARY ***
Total pot $0.20 | Rake $0 
Seat 1: Mahu2021 (button) folded before Flop (didn't bet)
Seat 2: Gatos y Rosas (small blind) collected ($0.20)
Seat 3: Haminko (big blind) folded before Flop
Seat 4: aykloz folded before Flop (didn't bet)
Seat 5: teebeutel16 folded before Flop (didn't bet)
Seat 6: DreebJSP folded before Flop (didn't bet)



PokerStars Zoom Hand #254567415450:  Hold'em No Limit ($0.05/$0.10) - 2025/01/26 20:37:59 CET [2025/01/26 14:37:59 ET]
Table 'Aludra' 6-max Seat #1 is the button
Seat 1: D.shadoww ($10.30 in chips) 
Seat 2: vovo4kapooh ($11.43 in chips) 
Seat 3: baddyby ($24.39 in chips) 
Seat 4: Mahu2021 ($10.90 in chips) 
Seat 5: the_doooze ($10.32 in chips) 
Seat 6: WideMonkaW ($13.46 in chips) 
vovo4kapooh: posts small blind $0.05
baddyby: posts big blind $0.10
*** HOLE CARDS ***
Dealt to Mahu2021 [Kd 7d]
Mahu2021: folds 
the_doooze: folds 
WideMonkaW: folds 
D.shadoww: folds 
vovo4kapooh: folds 
Uncalled bet ($0.05) returned to baddyby
baddyby collected $0.10 from pot
baddyby: doesn't show hand 
*** SUMMARY ***
Total pot $0.10 | Rake $0 
Seat 1: D.shadoww (button) folded before Flop (didn't bet)
Seat 2: vovo4kapooh (small blind) folded before Flop
Seat 3: baddyby (big blind) collected ($0.10)
Seat 4: Mahu2021 folded before Flop (didn't bet)
Seat 5: the_doooze folded before Flop (didn't bet)
Seat 6: WideMonkaW folded before Flop (didn't bet)



PokerStars Zoom Hand #254567397700:  Hold'em No Limit ($0.05/$0.10) - 2025/01/26 20:37:11 CET [2025/01/26 14:37:11 ET]
Table 'Aludra' 6-max Seat #1 is the button
Seat 1: Mahu2021 ($11.05 in chips) 
Seat 2: liebhabär ($15.37 in chips) 
Seat 3: Allvisa ($18.13 in chips) 
Seat 4: Ironhelt ($17.31 in chips) 
Seat 5: khrisanfov ($10.78 in chips) 
Seat 6: Ripper121 ($10.90 in chips) 
liebhabär: posts small blind $0.05
Allvisa: posts big blind $0.10
*** HOLE CARDS ***
Dealt to Mahu2021 [2d Td]
Ironhelt: folds 
khrisanfov: folds 
Ripper121: raises $0.20 to $0.30
Mahu2021: folds 
liebhabär: raises $0.80 to $1.10
Allvisa: folds 
Ripper121: calls $0.80
*** FLOP *** [Qd 8d Js]
liebhabär: checks 
Ripper121: checks 
*** TURN *** [Qd 8d Js] [7s]
liebhabär: bets $2.10
Ripper121: folds 
Uncalled bet ($2.10) returned to liebhabär
liebhabär collected $2.18 from pot
liebhabär: doesn't show hand 
*** SUMMARY ***
Total pot $2.30 | Rake $0.12 
Board [Qd 8d Js 7s]
Seat 1: Mahu2021 (button) folded before Flop (didn't bet)
Seat 2: liebhabär (small blind) collected ($2.18)
Seat 3: Allvisa (big blind) folded before Flop
Seat 4: Ironhelt folded before Flop (didn't bet)
Seat 5: khrisanfov folded before Flop (didn't bet)
Seat 6: Ripper121 folded on the Turn



PokerStars Zoom Hand #254567414208:  Hold'em No Limit ($0.05/$0.10) - 2025/01/26 20:37:56 CET [2025/01/26 14:37:56 ET]
Table 'Aludra' 6-max Seat #1 is the button
Seat 1: k1w12 ($22.39 in chips) 
Seat 2: mOberdan ($11.27 in chips) 
Seat 3: Luffy V ($19.67 in chips) 
Seat 4: DreebJSP ($10.50 in chips) 
Seat 5: Mahu2021 ($10.90 in chips) 
Seat 6: ryansscn26 ($5.86 in chips) 
mOberdan: posts small blind $0.05
Luffy V: posts big blind $0.10
*** HOLE CARDS ***
Dealt to Mahu2021 [2c 8c]
DreebJSP: folds 
Mahu2021: folds 
ryansscn26: folds 
k1w12: raises $0.12 to $0.22
mOberdan: raises $0.78 to $1
Luffy V: folds 
k1w12: folds 
Uncalled bet ($0.78) returned to mOberdan
mOberdan collected $0.54 from pot
mOberdan: doesn't show hand 
*** SUMMARY ***
Total pot $0.54 | Rake $0 
Seat 1: k1w12 (button) folded before Flop
Seat 2: mOberdan (small blind) collected ($0.54)
Seat 3: Luffy V (big blind) folded before Flop
Seat 4: DreebJSP folded before Flop (didn't bet)
Seat 5: Mahu2021 folded before Flop (didn't bet)
Seat 6: ryansscn26 folded before Flop (didn't bet)



PokerStars Zoom Hand #254567416745:  Hold'em No Limit ($0.05/$0.10) - 2025/01/26 20:38:03 CET [2025/01/26 14:38:03 ET]
Table 'Aludra' 6-max Seat #1 is the button
Seat 1: aykloz ($10.02 in chips) 
Seat 2: khrisanfov ($10.73 in chips) 
Seat 3: Mahu2021 ($10.90 in chips) 
Seat 4: Gatos y Rosas ($11.78 in chips) 
Seat 5: esperanticos ($12.35 in chips) 
Seat 6: offodds ($10.48 in chips) 
khrisanfov: posts small blind $0.05
Mahu2021: posts big blind $0.10
*** HOLE CARDS ***
Dealt to Mahu2021 [6s 4c]
Gatos y Rosas: folds 
esperanticos: raises $0.20 to $0.30
offodds: folds 
aykloz: folds 
khrisanfov: raises $0.95 to $1.25
Mahu2021: folds 
esperanticos: folds 
Uncalled bet ($0.95) returned to khrisanfov
khrisanfov collected $0.70 from pot
khrisanfov: doesn't show hand 
*** SUMMARY ***
Total pot $0.70 | Rake $0 
Seat 1: aykloz (button) folded before Flop (didn't bet)
Seat 2: khrisanfov (small blind) collected ($0.70)
Seat 3: Mahu2021 (big blind) folded before Flop
Seat 4: Gatos y Rosas folded before Flop (didn't bet)
Seat 5: esperanticos folded before Flop
Seat 6: offodds folded before Flop (didn't bet)



PokerStars Zoom Hand #254567418556:  Hold'em No Limit ($0.05/$0.10) - 2025/01/26 20:38:08 CET [2025/01/26 14:38:08 ET]
Table 'Aludra' 6-max Seat #1 is the button
Seat 1: kar4tune ($8.68 in chips) 
Seat 2: Bestology ($17.22 in chips) 
Seat 3: Oscar__62176 ($18.54 in chips) 
Seat 4: tooez351 ($4.03 in chips) 
Seat 5: lokomotywa80 ($10.33 in chips) 
Seat 6: Mahu2021 ($10.80 in chips) 
Bestology: posts small blind $0.05
Oscar__62176: posts big blind $0.10
*** HOLE CARDS ***
Dealt to Mahu2021 [Jc Kd]
tooez351: calls $0.10
lokomotywa80: raises $0.20 to $0.30
Mahu2021: calls $0.30
kar4tune: folds 
Bestology: folds 
Oscar__62176: folds 
tooez351: calls $0.20
*** FLOP *** [4s 8d 5d]
tooez351: checks 
lokomotywa80: checks 
Mahu2021: checks 
*** TURN *** [4s 8d 5d] [Td]
tooez351: checks 
lokomotywa80: bets $0.55
Mahu2021: calls $0.55
tooez351: folds 
*** RIVER *** [4s 8d 5d Td] [Ac]
lokomotywa80: checks 
Mahu2021: bets $2.05
lokomotywa80: folds 
Uncalled bet ($2.05) returned to Mahu2021
Mahu2021 collected $2.05 from pot
Mahu2021: doesn't show hand 
*** SUMMARY ***
Total pot $2.15 | Rake $0.10 
Board [4s 8d 5d Td Ac]
Seat 1: kar4tune (button) folded before Flop (didn't bet)
Seat 2: Bestology (small blind) folded before Flop
Seat 3: Oscar__62176 (big blind) folded before Flop
Seat 4: tooez351 folded on the Turn
Seat 5: lokomotywa80 folded on the River
Seat 6: Mahu2021 collected ($2.05)



