PokerStars Hand #249023267403: Tournament #3719583382, $1.84+$0.16 USD Hold'em No Limit - Level I (10/20) - 2024/02/22 10:48:19 CET [2024/02/22 4:48:19 ET]
Table '3719583382 1' 3-max Seat #1 is the button
Seat 1: Mahu2021 (500 in chips) 
Seat 2: WujoCHN (500 in chips) 
Seat 3: beforr (500 in chips) 
WujoCHN: posts small blind 10
beforr: posts big blind 20
*** HOLE CARDS ***
Dealt to Mahu2021 [9s 2h]
Mahu2021: folds 
WujoCHN: raises 20 to 40
beforr: calls 20
*** FLOP *** [6d 3c 9h]
WujoCHN: checks 
beforr: checks 
*** TURN *** [6d 3c 9h] [7h]
WujoCHN: checks 
beforr: checks 
*** RIVER *** [6d 3c 9h 7h] [8d]
WujoCHN: bets 80
beforr: folds 
Uncalled bet (80) returned to WujoCHN
WujoCHN collected 80 from pot
WujoCHN: doesn't show hand 
*** SUMMARY ***
Total pot 80 | Rake 0 
Board [6d 3c 9h 7h 8d]
Seat 1: Mahu2021 (button) folded before Flop (didn't bet)
Seat 2: WujoCHN (small blind) collected (80)
Seat 3: beforr (big blind) folded on the River



PokerStars Hand #249023270386: Tournament #3719583382, $1.84+$0.16 USD Hold'em No Limit - Level I (10/20) - 2024/02/22 10:48:43 CET [2024/02/22 4:48:43 ET]
Table '3719583382 1' 3-max Seat #2 is the button
Seat 1: Mahu2021 (500 in chips) 
Seat 2: WujoCHN (540 in chips) 
Seat 3: beforr (460 in chips) 
beforr: posts small blind 10
Mahu2021: posts big blind 20
*** HOLE CARDS ***
Dealt to Mahu2021 [7d Ks]
WujoCHN: folds 
beforr: raises 20 to 40
Mahu2021: calls 20
*** FLOP *** [Th 4h Qs]
beforr: bets 30
Mahu2021: folds 
Uncalled bet (30) returned to beforr
beforr collected 80 from pot
beforr: doesn't show hand 
*** SUMMARY ***
Total pot 80 | Rake 0 
Board [Th 4h Qs]
Seat 1: Mahu2021 (big blind) folded on the Flop
Seat 2: WujoCHN (button) folded before Flop (didn't bet)
Seat 3: beforr (small blind) collected (80)



PokerStars Hand #249023272391: Tournament #3719583382, $1.84+$0.16 USD Hold'em No Limit - Level I (10/20) - 2024/02/22 10:48:58 CET [2024/02/22 4:48:58 ET]
Table '3719583382 1' 3-max Seat #3 is the button
Seat 1: Mahu2021 (460 in chips) 
Seat 2: WujoCHN (540 in chips) 
Seat 3: beforr (500 in chips) 
Mahu2021: posts small blind 10
WujoCHN: posts big blind 20
*** HOLE CARDS ***
Dealt to Mahu2021 [8h 7d]
beforr: folds 
Mahu2021: raises 20 to 40
WujoCHN: calls 20
*** FLOP *** [8d Qh 5d]
Mahu2021: bets 40
WujoCHN: calls 40
*** TURN *** [8d Qh 5d] [9d]
Mahu2021: checks 
WujoCHN: bets 60
Mahu2021: calls 60
*** RIVER *** [8d Qh 5d 9d] [6d]
Mahu2021: bets 320 and is all-in
WujoCHN: calls 320
*** SHOW DOWN ***
Mahu2021: shows [8h 7d] (a straight flush, Five to Nine)
WujoCHN: shows [Td Jc] (a flush, Ten high)
Mahu2021 collected 920 from pot
*** SUMMARY ***
Total pot 920 | Rake 0 
Board [8d Qh 5d 9d 6d]
Seat 1: Mahu2021 (small blind) showed [8h 7d] and won (920) with a straight flush, Five to Nine
Seat 2: WujoCHN (big blind) showed [Td Jc] and lost with a flush, Ten high
Seat 3: beforr (button) folded before Flop (didn't bet)



PokerStars Hand #249023275608: Tournament #3719583382, $1.84+$0.16 USD Hold'em No Limit - Level I (10/20) - 2024/02/22 10:49:24 CET [2024/02/22 4:49:24 ET]
Table '3719583382 1' 3-max Seat #1 is the button
Seat 1: Mahu2021 (920 in chips) 
Seat 2: WujoCHN (80 in chips) 
Seat 3: beforr (500 in chips) 
WujoCHN: posts small blind 10
beforr: posts big blind 20
*** HOLE CARDS ***
Dealt to Mahu2021 [6s 4c]
Mahu2021: folds 
WujoCHN: folds 
Uncalled bet (10) returned to beforr
beforr collected 20 from pot
beforr: doesn't show hand 
*** SUMMARY ***
Total pot 20 | Rake 0 
Seat 1: Mahu2021 (button) folded before Flop (didn't bet)
Seat 2: WujoCHN (small blind) folded before Flop
Seat 3: beforr (big blind) collected (20)



PokerStars Hand #249023277041: Tournament #3719583382, $1.84+$0.16 USD Hold'em No Limit - Level I (10/20) - 2024/02/22 10:49:35 CET [2024/02/22 4:49:35 ET]
Table '3719583382 1' 3-max Seat #2 is the button
Seat 1: Mahu2021 (920 in chips) 
Seat 2: WujoCHN (70 in chips) 
Seat 3: beforr (510 in chips) 
beforr: posts small blind 10
Mahu2021: posts big blind 20
*** HOLE CARDS ***
Dealt to Mahu2021 [Js 8h]
WujoCHN: raises 50 to 70 and is all-in
beforr: folds 
Mahu2021: calls 50
*** FLOP *** [2h Td Kh]
*** TURN *** [2h Td Kh] [Ah]
*** RIVER *** [2h Td Kh Ah] [Ad]
*** SHOW DOWN ***
Mahu2021: shows [Js 8h] (a pair of Aces)
WujoCHN: shows [2s 6d] (two pair, Aces and Deuces)
WujoCHN collected 150 from pot
*** SUMMARY ***
Total pot 150 | Rake 0 
Board [2h Td Kh Ah Ad]
Seat 1: Mahu2021 (big blind) showed [Js 8h] and lost with a pair of Aces
Seat 2: WujoCHN (button) showed [2s 6d] and won (150) with two pair, Aces and Deuces
Seat 3: beforr (small blind) folded before Flop



PokerStars Hand #249023279340: Tournament #3719583382, $1.84+$0.16 USD Hold'em No Limit - Level I (10/20) - 2024/02/22 10:49:52 CET [2024/02/22 4:49:52 ET]
Table '3719583382 1' 3-max Seat #3 is the button
Seat 1: Mahu2021 (850 in chips) 
Seat 2: WujoCHN (150 in chips) 
Seat 3: beforr (500 in chips) 
Mahu2021: posts small blind 10
WujoCHN: posts big blind 20
*** HOLE CARDS ***
Dealt to Mahu2021 [3h 4s]
beforr: folds 
Mahu2021: folds 
Uncalled bet (10) returned to WujoCHN
WujoCHN collected 20 from pot
WujoCHN: doesn't show hand 
*** SUMMARY ***
Total pot 20 | Rake 0 
Seat 1: Mahu2021 (small blind) folded before Flop
Seat 2: WujoCHN (big blind) collected (20)
Seat 3: beforr (button) folded before Flop (didn't bet)



PokerStars Hand #249023279894: Tournament #3719583382, $1.84+$0.16 USD Hold'em No Limit - Level I (10/20) - 2024/02/22 10:49:57 CET [2024/02/22 4:49:57 ET]
Table '3719583382 1' 3-max Seat #1 is the button
Seat 1: Mahu2021 (840 in chips) 
Seat 2: WujoCHN (160 in chips) 
Seat 3: beforr (500 in chips) 
WujoCHN: posts small blind 10
beforr: posts big blind 20
*** HOLE CARDS ***
Dealt to Mahu2021 [7d Ah]
Mahu2021: raises 20 to 40
WujoCHN: raises 100 to 140
beforr: folds 
Mahu2021: raises 700 to 840 and is all-in
WujoCHN: calls 20 and is all-in
Uncalled bet (680) returned to Mahu2021
*** FLOP *** [2d 7s Jd]
*** TURN *** [2d 7s Jd] [6d]
*** RIVER *** [2d 7s Jd 6d] [Qh]
*** SHOW DOWN ***
WujoCHN: shows [As Ac] (a pair of Aces)
Mahu2021: shows [7d Ah] (a pair of Sevens)
WujoCHN collected 340 from pot
*** SUMMARY ***
Total pot 340 | Rake 0 
Board [2d 7s Jd 6d Qh]
Seat 1: Mahu2021 (button) showed [7d Ah] and lost with a pair of Sevens
Seat 2: WujoCHN (small blind) showed [As Ac] and won (340) with a pair of Aces
Seat 3: beforr (big blind) folded before Flop



PokerStars Hand #249023281903: Tournament #3719583382, $1.84+$0.16 USD Hold'em No Limit - Level I (10/20) - 2024/02/22 10:50:13 CET [2024/02/22 4:50:13 ET]
Table '3719583382 1' 3-max Seat #2 is the button
Seat 1: Mahu2021 (680 in chips) 
Seat 2: WujoCHN (340 in chips) 
Seat 3: beforr (480 in chips) 
beforr: posts small blind 10
Mahu2021: posts big blind 20
*** HOLE CARDS ***
Dealt to Mahu2021 [2s Jh]
WujoCHN: raises 20 to 40
beforr: folds 
Mahu2021: folds 
Uncalled bet (20) returned to WujoCHN
WujoCHN collected 50 from pot
WujoCHN: doesn't show hand 
*** SUMMARY ***
Total pot 50 | Rake 0 
Seat 1: Mahu2021 (big blind) folded before Flop
Seat 2: WujoCHN (button) collected (50)
Seat 3: beforr (small blind) folded before Flop



PokerStars Hand #249023282574: Tournament #3719583382, $1.84+$0.16 USD Hold'em No Limit - Level I (10/20) - 2024/02/22 10:50:18 CET [2024/02/22 4:50:18 ET]
Table '3719583382 1' 3-max Seat #3 is the button
Seat 1: Mahu2021 (660 in chips) 
Seat 2: WujoCHN (370 in chips) 
Seat 3: beforr (470 in chips) 
Mahu2021: posts small blind 10
WujoCHN: posts big blind 20
*** HOLE CARDS ***
Dealt to Mahu2021 [9c Tc]
beforr: folds 
Mahu2021: folds 
Uncalled bet (10) returned to WujoCHN
WujoCHN collected 20 from pot
WujoCHN: doesn't show hand 
*** SUMMARY ***
Total pot 20 | Rake 0 
Seat 1: Mahu2021 (small blind) folded before Flop
Seat 2: WujoCHN (big blind) collected (20)
Seat 3: beforr (button) folded before Flop (didn't bet)



PokerStars Hand #249023283557: Tournament #3719583382, $1.84+$0.16 USD Hold'em No Limit - Level II (15/30) - 2024/02/22 10:50:26 CET [2024/02/22 4:50:26 ET]
Table '3719583382 1' 3-max Seat #1 is the button
Seat 1: Mahu2021 (650 in chips) 
Seat 2: WujoCHN (380 in chips) 
Seat 3: beforr (470 in chips) 
WujoCHN: posts small blind 15
beforr: posts big blind 30
*** HOLE CARDS ***
Dealt to Mahu2021 [4s 5h]
Mahu2021: folds 
WujoCHN: calls 15
beforr: checks 
*** FLOP *** [5c 2c 4d]
WujoCHN: checks 
beforr: bets 30
WujoCHN: calls 30
*** TURN *** [5c 2c 4d] [5d]
WujoCHN: checks 
beforr: checks 
*** RIVER *** [5c 2c 4d 5d] [6c]
WujoCHN: checks 
beforr: checks 
*** SHOW DOWN ***
WujoCHN: shows [Jh Qs] (a pair of Fives)
beforr: shows [8s 6s] (two pair, Sixes and Fives)
beforr collected 120 from pot
*** SUMMARY ***
Total pot 120 | Rake 0 
Board [5c 2c 4d 5d 6c]
Seat 1: Mahu2021 (button) folded before Flop (didn't bet)
Seat 2: WujoCHN (small blind) showed [Jh Qs] and lost with a pair of Fives
Seat 3: beforr (big blind) showed [8s 6s] and won (120) with two pair, Sixes and Fives



PokerStars Hand #249023286486: Tournament #3719583382, $1.84+$0.16 USD Hold'em No Limit - Level II (15/30) - 2024/02/22 10:50:49 CET [2024/02/22 4:50:49 ET]
Table '3719583382 1' 3-max Seat #2 is the button
Seat 1: Mahu2021 (650 in chips) 
Seat 2: WujoCHN (320 in chips) 
Seat 3: beforr (530 in chips) 
beforr: posts small blind 15
Mahu2021: posts big blind 30
*** HOLE CARDS ***
Dealt to Mahu2021 [Jd 2h]
WujoCHN: folds 
beforr: raises 500 to 530 and is all-in
Mahu2021: folds 
Uncalled bet (500) returned to beforr
beforr collected 60 from pot
beforr: doesn't show hand 
*** SUMMARY ***
Total pot 60 | Rake 0 
Seat 1: Mahu2021 (big blind) folded before Flop
Seat 2: WujoCHN (button) folded before Flop (didn't bet)
Seat 3: beforr (small blind) collected (60)



PokerStars Hand #249023287997: Tournament #3719583382, $1.84+$0.16 USD Hold'em No Limit - Level II (15/30) - 2024/02/22 10:51:01 CET [2024/02/22 4:51:01 ET]
Table '3719583382 1' 3-max Seat #3 is the button
Seat 1: Mahu2021 (620 in chips) 
Seat 2: WujoCHN (320 in chips) 
Seat 3: beforr (560 in chips) 
Mahu2021: posts small blind 15
WujoCHN: posts big blind 30
*** HOLE CARDS ***
Dealt to Mahu2021 [Qs Jh]
beforr: raises 30 to 60
Mahu2021: calls 45
WujoCHN: calls 30
*** FLOP *** [4s Qh 7s]
Mahu2021: bets 180
WujoCHN: folds 
beforr: folds 
Uncalled bet (180) returned to Mahu2021
Mahu2021 collected 180 from pot
Mahu2021: doesn't show hand 
*** SUMMARY ***
Total pot 180 | Rake 0 
Board [4s Qh 7s]
Seat 1: Mahu2021 (small blind) collected (180)
Seat 2: WujoCHN (big blind) folded on the Flop
Seat 3: beforr (button) folded on the Flop



PokerStars Hand #249023290799: Tournament #3719583382, $1.84+$0.16 USD Hold'em No Limit - Level II (15/30) - 2024/02/22 10:51:24 CET [2024/02/22 4:51:24 ET]
Table '3719583382 1' 3-max Seat #1 is the button
Seat 1: Mahu2021 (740 in chips) 
Seat 2: WujoCHN (260 in chips) 
Seat 3: beforr (500 in chips) 
WujoCHN: posts small blind 15
beforr: posts big blind 30
*** HOLE CARDS ***
Dealt to Mahu2021 [6h Ks]
Mahu2021: folds 
WujoCHN: folds 
Uncalled bet (15) returned to beforr
beforr collected 30 from pot
beforr: doesn't show hand 
*** SUMMARY ***
Total pot 30 | Rake 0 
Seat 1: Mahu2021 (button) folded before Flop (didn't bet)
Seat 2: WujoCHN (small blind) folded before Flop
Seat 3: beforr (big blind) collected (30)



PokerStars Hand #249023291670: Tournament #3719583382, $1.84+$0.16 USD Hold'em No Limit - Level II (15/30) - 2024/02/22 10:51:30 CET [2024/02/22 4:51:30 ET]
Table '3719583382 1' 3-max Seat #2 is the button
Seat 1: Mahu2021 (740 in chips) 
Seat 2: WujoCHN (245 in chips) 
Seat 3: beforr (515 in chips) 
beforr: posts small blind 15
Mahu2021: posts big blind 30
*** HOLE CARDS ***
Dealt to Mahu2021 [3c Qs]
WujoCHN: raises 215 to 245 and is all-in
beforr: folds 
Mahu2021: folds 
Uncalled bet (215) returned to WujoCHN
WujoCHN collected 75 from pot
WujoCHN: doesn't show hand 
*** SUMMARY ***
Total pot 75 | Rake 0 
Seat 1: Mahu2021 (big blind) folded before Flop
Seat 2: WujoCHN (button) collected (75)
Seat 3: beforr (small blind) folded before Flop



PokerStars Hand #249023292668: Tournament #3719583382, $1.84+$0.16 USD Hold'em No Limit - Level II (15/30) - 2024/02/22 10:51:38 CET [2024/02/22 4:51:38 ET]
Table '3719583382 1' 3-max Seat #3 is the button
Seat 1: Mahu2021 (710 in chips) 
Seat 2: WujoCHN (290 in chips) 
Seat 3: beforr (500 in chips) 
Mahu2021: posts small blind 15
WujoCHN: posts big blind 30
*** HOLE CARDS ***
Dealt to Mahu2021 [4h 8h]
beforr: folds 
Mahu2021: folds 
Uncalled bet (15) returned to WujoCHN
WujoCHN collected 30 from pot
WujoCHN: doesn't show hand 
*** SUMMARY ***
Total pot 30 | Rake 0 
Seat 1: Mahu2021 (small blind) folded before Flop
Seat 2: WujoCHN (big blind) collected (30)
Seat 3: beforr (button) folded before Flop (didn't bet)



PokerStars Hand #249023293303: Tournament #3719583382, $1.84+$0.16 USD Hold'em No Limit - Level II (15/30) - 2024/02/22 10:51:43 CET [2024/02/22 4:51:43 ET]
Table '3719583382 1' 3-max Seat #1 is the button
Seat 1: Mahu2021 (695 in chips) 
Seat 2: WujoCHN (305 in chips) 
Seat 3: beforr (500 in chips) 
WujoCHN: posts small blind 15
beforr: posts big blind 30
*** HOLE CARDS ***
Dealt to Mahu2021 [8c Kc]
Mahu2021: raises 30 to 60
WujoCHN: folds 
beforr: folds 
Uncalled bet (30) returned to Mahu2021
Mahu2021 collected 75 from pot
Mahu2021: doesn't show hand 
*** SUMMARY ***
Total pot 75 | Rake 0 
Seat 1: Mahu2021 (button) collected (75)
Seat 2: WujoCHN (small blind) folded before Flop
Seat 3: beforr (big blind) folded before Flop



PokerStars Hand #249023295749: Tournament #3719583382, $1.84+$0.16 USD Hold'em No Limit - Level II (15/30) - 2024/02/22 10:52:02 CET [2024/02/22 4:52:02 ET]
Table '3719583382 1' 3-max Seat #2 is the button
Seat 1: Mahu2021 (740 in chips) 
Seat 2: WujoCHN (290 in chips) 
Seat 3: beforr (470 in chips) 
beforr: posts small blind 15
Mahu2021: posts big blind 30
*** HOLE CARDS ***
Dealt to Mahu2021 [3d 2s]
WujoCHN: folds 
beforr: folds 
Uncalled bet (15) returned to Mahu2021
Mahu2021 collected 30 from pot
Mahu2021: doesn't show hand 
*** SUMMARY ***
Total pot 30 | Rake 0 
Seat 1: Mahu2021 (big blind) collected (30)
Seat 2: WujoCHN (button) folded before Flop (didn't bet)
Seat 3: beforr (small blind) folded before Flop



PokerStars Hand #249023296463: Tournament #3719583382, $1.84+$0.16 USD Hold'em No Limit - Level II (15/30) - 2024/02/22 10:52:08 CET [2024/02/22 4:52:08 ET]
Table '3719583382 1' 3-max Seat #3 is the button
Seat 1: Mahu2021 (755 in chips) 
Seat 2: WujoCHN (290 in chips) 
Seat 3: beforr (455 in chips) 
Mahu2021: posts small blind 15
WujoCHN: posts big blind 30
*** HOLE CARDS ***
Dealt to Mahu2021 [9s 3c]
beforr: folds 
Mahu2021: folds 
Uncalled bet (15) returned to WujoCHN
WujoCHN collected 30 from pot
WujoCHN: doesn't show hand 
*** SUMMARY ***
Total pot 30 | Rake 0 
Seat 1: Mahu2021 (small blind) folded before Flop
Seat 2: WujoCHN (big blind) collected (30)
Seat 3: beforr (button) folded before Flop (didn't bet)



PokerStars Hand #249023297565: Tournament #3719583382, $1.84+$0.16 USD Hold'em No Limit - Level II (15/30) - 2024/02/22 10:52:16 CET [2024/02/22 4:52:16 ET]
Table '3719583382 1' 3-max Seat #1 is the button
Seat 1: Mahu2021 (740 in chips) 
Seat 2: WujoCHN (305 in chips) 
Seat 3: beforr (455 in chips) 
WujoCHN: posts small blind 15
beforr: posts big blind 30
*** HOLE CARDS ***
Dealt to Mahu2021 [5d Qd]
Mahu2021: raises 30 to 60
WujoCHN: raises 245 to 305 and is all-in
beforr: folds 
Mahu2021: folds 
Uncalled bet (245) returned to WujoCHN
WujoCHN collected 150 from pot
WujoCHN: doesn't show hand 
*** SUMMARY ***
Total pot 150 | Rake 0 
Seat 1: Mahu2021 (button) folded before Flop
Seat 2: WujoCHN (small blind) collected (150)
Seat 3: beforr (big blind) folded before Flop



PokerStars Hand #249023299013: Tournament #3719583382, $1.84+$0.16 USD Hold'em No Limit - Level III (20/40) - 2024/02/22 10:52:28 CET [2024/02/22 4:52:28 ET]
Table '3719583382 1' 3-max Seat #2 is the button
Seat 1: Mahu2021 (680 in chips) 
Seat 2: WujoCHN (395 in chips) 
Seat 3: beforr (425 in chips) 
beforr: posts small blind 20
Mahu2021: posts big blind 40
*** HOLE CARDS ***
Dealt to Mahu2021 [2c 6d]
WujoCHN: folds 
beforr: raises 385 to 425 and is all-in
Mahu2021: folds 
Uncalled bet (385) returned to beforr
beforr collected 80 from pot
beforr: doesn't show hand 
*** SUMMARY ***
Total pot 80 | Rake 0 
Seat 1: Mahu2021 (big blind) folded before Flop
Seat 2: WujoCHN (button) folded before Flop (didn't bet)
Seat 3: beforr (small blind) collected (80)



PokerStars Hand #249023300268: Tournament #3719583382, $1.84+$0.16 USD Hold'em No Limit - Level III (20/40) - 2024/02/22 10:52:38 CET [2024/02/22 4:52:38 ET]
Table '3719583382 1' 3-max Seat #3 is the button
Seat 1: Mahu2021 (640 in chips) 
Seat 2: WujoCHN (395 in chips) 
Seat 3: beforr (465 in chips) 
Mahu2021: posts small blind 20
WujoCHN: posts big blind 40
*** HOLE CARDS ***
Dealt to Mahu2021 [7d Kh]
beforr: folds 
Mahu2021: raises 600 to 640 and is all-in
WujoCHN: folds 
Uncalled bet (600) returned to Mahu2021
Mahu2021 collected 80 from pot
Mahu2021: doesn't show hand 
*** SUMMARY ***
Total pot 80 | Rake 0 
Seat 1: Mahu2021 (small blind) collected (80)
Seat 2: WujoCHN (big blind) folded before Flop
Seat 3: beforr (button) folded before Flop (didn't bet)



PokerStars Hand #249023301197: Tournament #3719583382, $1.84+$0.16 USD Hold'em No Limit - Level III (20/40) - 2024/02/22 10:52:45 CET [2024/02/22 4:52:45 ET]
Table '3719583382 1' 3-max Seat #1 is the button
Seat 1: Mahu2021 (680 in chips) 
Seat 2: WujoCHN (355 in chips) 
Seat 3: beforr (465 in chips) 
WujoCHN: posts small blind 20
beforr: posts big blind 40
*** HOLE CARDS ***
Dealt to Mahu2021 [9h 4c]
Mahu2021: folds 
WujoCHN: folds 
Uncalled bet (20) returned to beforr
beforr collected 40 from pot
beforr: doesn't show hand 
*** SUMMARY ***
Total pot 40 | Rake 0 
Seat 1: Mahu2021 (button) folded before Flop (didn't bet)
Seat 2: WujoCHN (small blind) folded before Flop
Seat 3: beforr (big blind) collected (40)



PokerStars Hand #249023302382: Tournament #3719583382, $1.84+$0.16 USD Hold'em No Limit - Level III (20/40) - 2024/02/22 10:52:54 CET [2024/02/22 4:52:54 ET]
Table '3719583382 1' 3-max Seat #2 is the button
Seat 1: Mahu2021 (680 in chips) 
Seat 2: WujoCHN (335 in chips) 
Seat 3: beforr (485 in chips) 
beforr: posts small blind 20
Mahu2021: posts big blind 40
*** HOLE CARDS ***
Dealt to Mahu2021 [9d 8s]
WujoCHN: folds 
beforr: calls 20
Mahu2021: checks 
*** FLOP *** [2h 8d 6h]
beforr: checks 
Mahu2021: bets 80
beforr: calls 80
*** TURN *** [2h 8d 6h] [4c]
beforr: checks 
Mahu2021: checks 
*** RIVER *** [2h 8d 6h 4c] [8h]
beforr: bets 180
Mahu2021: raises 180 to 360
beforr: folds 
Uncalled bet (180) returned to Mahu2021
Mahu2021 collected 600 from pot
Mahu2021: doesn't show hand 
*** SUMMARY ***
Total pot 600 | Rake 0 
Board [2h 8d 6h 4c 8h]
Seat 1: Mahu2021 (big blind) collected (600)
Seat 2: WujoCHN (button) folded before Flop (didn't bet)
Seat 3: beforr (small blind) folded on the River



PokerStars Hand #249023306514: Tournament #3719583382, $1.84+$0.16 USD Hold'em No Limit - Level III (20/40) - 2024/02/22 10:53:28 CET [2024/02/22 4:53:28 ET]
Table '3719583382 1' 3-max Seat #3 is the button
Seat 1: Mahu2021 (980 in chips) 
Seat 2: WujoCHN (335 in chips) 
Seat 3: beforr (185 in chips) 
Mahu2021: posts small blind 20
WujoCHN: posts big blind 40
*** HOLE CARDS ***
Dealt to Mahu2021 [3s Jc]
beforr: folds 
Mahu2021: folds 
Uncalled bet (20) returned to WujoCHN
WujoCHN collected 40 from pot
WujoCHN: doesn't show hand 
*** SUMMARY ***
Total pot 40 | Rake 0 
Seat 1: Mahu2021 (small blind) folded before Flop
Seat 2: WujoCHN (big blind) collected (40)
Seat 3: beforr (button) folded before Flop (didn't bet)



PokerStars Hand #249023307158: Tournament #3719583382, $1.84+$0.16 USD Hold'em No Limit - Level III (20/40) - 2024/02/22 10:53:33 CET [2024/02/22 4:53:33 ET]
Table '3719583382 1' 3-max Seat #1 is the button
Seat 1: Mahu2021 (960 in chips) 
Seat 2: WujoCHN (355 in chips) 
Seat 3: beforr (185 in chips) 
WujoCHN: posts small blind 20
beforr: posts big blind 40
*** HOLE CARDS ***
Dealt to Mahu2021 [Ks Jc]
Mahu2021: raises 120 to 160
WujoCHN: folds 
beforr: folds 
Uncalled bet (120) returned to Mahu2021
Mahu2021 collected 100 from pot
Mahu2021: doesn't show hand 
*** SUMMARY ***
Total pot 100 | Rake 0 
Seat 1: Mahu2021 (button) collected (100)
Seat 2: WujoCHN (small blind) folded before Flop
Seat 3: beforr (big blind) folded before Flop



PokerStars Hand #249023308161: Tournament #3719583382, $1.84+$0.16 USD Hold'em No Limit - Level III (20/40) - 2024/02/22 10:53:41 CET [2024/02/22 4:53:41 ET]
Table '3719583382 1' 3-max Seat #2 is the button
Seat 1: Mahu2021 (1020 in chips) 
Seat 2: WujoCHN (335 in chips) 
Seat 3: beforr (145 in chips) 
beforr: posts small blind 20
Mahu2021: posts big blind 40
*** HOLE CARDS ***
Dealt to Mahu2021 [2c 3s]
WujoCHN: folds 
beforr: folds 
Uncalled bet (20) returned to Mahu2021
Mahu2021 collected 40 from pot
Mahu2021: doesn't show hand 
*** SUMMARY ***
Total pot 40 | Rake 0 
Seat 1: Mahu2021 (big blind) collected (40)
Seat 2: WujoCHN (button) folded before Flop (didn't bet)
Seat 3: beforr (small blind) folded before Flop



PokerStars Hand #249023309589: Tournament #3719583382, $1.84+$0.16 USD Hold'em No Limit - Level III (20/40) - 2024/02/22 10:53:52 CET [2024/02/22 4:53:52 ET]
Table '3719583382 1' 3-max Seat #3 is the button
Seat 1: Mahu2021 (1040 in chips) 
Seat 2: WujoCHN (335 in chips) 
Seat 3: beforr (125 in chips) 
Mahu2021: posts small blind 20
WujoCHN: posts big blind 40
*** HOLE CARDS ***
Dealt to Mahu2021 [4h 7h]
beforr: folds 
Mahu2021: folds 
Uncalled bet (20) returned to WujoCHN
WujoCHN collected 40 from pot
WujoCHN: doesn't show hand 
*** SUMMARY ***
Total pot 40 | Rake 0 
Seat 1: Mahu2021 (small blind) folded before Flop
Seat 2: WujoCHN (big blind) collected (40)
Seat 3: beforr (button) folded before Flop (didn't bet)



PokerStars Hand #249023310091: Tournament #3719583382, $1.84+$0.16 USD Hold'em No Limit - Level III (20/40) - 2024/02/22 10:53:57 CET [2024/02/22 4:53:57 ET]
Table '3719583382 1' 3-max Seat #1 is the button
Seat 1: Mahu2021 (1020 in chips) 
Seat 2: WujoCHN (355 in chips) 
Seat 3: beforr (125 in chips) 
WujoCHN: posts small blind 20
beforr: posts big blind 40
*** HOLE CARDS ***
Dealt to Mahu2021 [5h 7c]
Mahu2021: folds 
WujoCHN: folds 
Uncalled bet (20) returned to beforr
beforr collected 40 from pot
beforr: doesn't show hand 
*** SUMMARY ***
Total pot 40 | Rake 0 
Seat 1: Mahu2021 (button) folded before Flop (didn't bet)
Seat 2: WujoCHN (small blind) folded before Flop
Seat 3: beforr (big blind) collected (40)



PokerStars Hand #249023310776: Tournament #3719583382, $1.84+$0.16 USD Hold'em No Limit - Level III (20/40) - 2024/02/22 10:54:02 CET [2024/02/22 4:54:02 ET]
Table '3719583382 1' 3-max Seat #2 is the button
Seat 1: Mahu2021 (1020 in chips) 
Seat 2: WujoCHN (335 in chips) 
Seat 3: beforr (145 in chips) 
beforr: posts small blind 20
Mahu2021: posts big blind 40
*** HOLE CARDS ***
Dealt to Mahu2021 [Td 2h]
WujoCHN: raises 295 to 335 and is all-in
beforr: folds 
Mahu2021: folds 
Uncalled bet (295) returned to WujoCHN
WujoCHN collected 100 from pot
WujoCHN: doesn't show hand 
*** SUMMARY ***
Total pot 100 | Rake 0 
Seat 1: Mahu2021 (big blind) folded before Flop
Seat 2: WujoCHN (button) collected (100)
Seat 3: beforr (small blind) folded before Flop



PokerStars Hand #249023311616: Tournament #3719583382, $1.84+$0.16 USD Hold'em No Limit - Level III (20/40) - 2024/02/22 10:54:09 CET [2024/02/22 4:54:09 ET]
Table '3719583382 1' 3-max Seat #3 is the button
Seat 1: Mahu2021 (980 in chips) 
Seat 2: WujoCHN (395 in chips) 
Seat 3: beforr (125 in chips) 
Mahu2021: posts small blind 20
WujoCHN: posts big blind 40
*** HOLE CARDS ***
Dealt to Mahu2021 [Kc 7s]
beforr: folds 
Mahu2021: raises 940 to 980 and is all-in
WujoCHN: folds 
Uncalled bet (940) returned to Mahu2021
Mahu2021 collected 80 from pot
Mahu2021: doesn't show hand 
*** SUMMARY ***
Total pot 80 | Rake 0 
Seat 1: Mahu2021 (small blind) collected (80)
Seat 2: WujoCHN (big blind) folded before Flop
Seat 3: beforr (button) folded before Flop (didn't bet)



PokerStars Hand #249023312456: Tournament #3719583382, $1.84+$0.16 USD Hold'em No Limit - Level III (20/40) - 2024/02/22 10:54:15 CET [2024/02/22 4:54:15 ET]
Table '3719583382 1' 3-max Seat #1 is the button
Seat 1: Mahu2021 (1020 in chips) 
Seat 2: WujoCHN (355 in chips) 
Seat 3: beforr (125 in chips) 
WujoCHN: posts small blind 20
beforr: posts big blind 40
*** HOLE CARDS ***
Dealt to Mahu2021 [Tc 2h]
Mahu2021: folds 
WujoCHN: raises 315 to 355 and is all-in
beforr: calls 85 and is all-in
Uncalled bet (230) returned to WujoCHN
*** FLOP *** [Kd 7h Ad]
*** TURN *** [Kd 7h Ad] [2s]
*** RIVER *** [Kd 7h Ad 2s] [3d]
*** SHOW DOWN ***
WujoCHN: shows [5d Ah] (a pair of Aces)
beforr: shows [9d 8d] (a flush, Ace high)
beforr collected 250 from pot
*** SUMMARY ***
Total pot 250 | Rake 0 
Board [Kd 7h Ad 2s 3d]
Seat 1: Mahu2021 (button) folded before Flop (didn't bet)
Seat 2: WujoCHN (small blind) showed [5d Ah] and lost with a pair of Aces
Seat 3: beforr (big blind) showed [9d 8d] and won (250) with a flush, Ace high



PokerStars Hand #249023314724: Tournament #3719583382, $1.84+$0.16 USD Hold'em No Limit - Level IV (30/60) - 2024/02/22 10:54:34 CET [2024/02/22 4:54:34 ET]
Table '3719583382 1' 3-max Seat #2 is the button
Seat 1: Mahu2021 (1020 in chips) 
Seat 2: WujoCHN (230 in chips) 
Seat 3: beforr (250 in chips) 
beforr: posts small blind 30
Mahu2021: posts big blind 60
*** HOLE CARDS ***
Dealt to Mahu2021 [2s Js]
WujoCHN: raises 170 to 230 and is all-in
beforr: raises 20 to 250 and is all-in
Mahu2021: folds 
Uncalled bet (20) returned to beforr
*** FLOP *** [As 2c Kd]
*** TURN *** [As 2c Kd] [Td]
*** RIVER *** [As 2c Kd Td] [3c]
*** SHOW DOWN ***
beforr: shows [Ah Th] (two pair, Aces and Tens)
WujoCHN: shows [7h 7c] (a pair of Sevens)
beforr collected 520 from pot
WujoCHN finished the tournament in 3rd place
*** SUMMARY ***
Total pot 520 | Rake 0 
Board [As 2c Kd Td 3c]
Seat 1: Mahu2021 (big blind) folded before Flop
Seat 2: WujoCHN (button) showed [7h 7c] and lost with a pair of Sevens
Seat 3: beforr (small blind) showed [Ah Th] and won (520) with two pair, Aces and Tens



PokerStars Hand #249023316865: Tournament #3719583382, $1.84+$0.16 USD Hold'em No Limit - Level IV (30/60) - 2024/02/22 10:54:51 CET [2024/02/22 4:54:51 ET]
Table '3719583382 1' 3-max Seat #1 is the button
Seat 1: Mahu2021 (960 in chips) 
Seat 3: beforr (540 in chips) 
Mahu2021: posts small blind 30
beforr: posts big blind 60
*** HOLE CARDS ***
Dealt to Mahu2021 [7d 5s]
Mahu2021: folds 
Uncalled bet (30) returned to beforr
beforr collected 60 from pot
beforr: doesn't show hand 
*** SUMMARY ***
Total pot 60 | Rake 0 
Seat 1: Mahu2021 (button) (small blind) folded before Flop
Seat 3: beforr (big blind) collected (60)



PokerStars Hand #249023317377: Tournament #3719583382, $1.84+$0.16 USD Hold'em No Limit - Level IV (30/60) - 2024/02/22 10:54:55 CET [2024/02/22 4:54:55 ET]
Table '3719583382 1' 3-max Seat #3 is the button
Seat 1: Mahu2021 (930 in chips) 
Seat 3: beforr (570 in chips) 
beforr: posts small blind 30
Mahu2021: posts big blind 60
*** HOLE CARDS ***
Dealt to Mahu2021 [Jh 2c]
beforr: calls 30
Mahu2021: checks 
*** FLOP *** [2d 6c 8h]
Mahu2021: checks 
beforr: checks 
*** TURN *** [2d 6c 8h] [8c]
Mahu2021: bets 60
beforr: calls 60
*** RIVER *** [2d 6c 8h 8c] [4c]
Mahu2021: checks 
beforr: checks 
*** SHOW DOWN ***
Mahu2021: shows [Jh 2c] (two pair, Eights and Deuces)
beforr: mucks hand 
Mahu2021 collected 240 from pot
*** SUMMARY ***
Total pot 240 | Rake 0 
Board [2d 6c 8h 8c 4c]
Seat 1: Mahu2021 (big blind) showed [Jh 2c] and won (240) with two pair, Eights and Deuces
Seat 3: beforr (button) (small blind) mucked [Ac Ks]



PokerStars Hand #249023319341: Tournament #3719583382, $1.84+$0.16 USD Hold'em No Limit - Level IV (30/60) - 2024/02/22 10:55:12 CET [2024/02/22 4:55:12 ET]
Table '3719583382 1' 3-max Seat #1 is the button
Seat 1: Mahu2021 (1050 in chips) 
Seat 3: beforr (450 in chips) 
Mahu2021: posts small blind 30
beforr: posts big blind 60
*** HOLE CARDS ***
Dealt to Mahu2021 [6h 3h]
Mahu2021: calls 30
beforr: raises 390 to 450 and is all-in
Mahu2021: folds 
Uncalled bet (390) returned to beforr
beforr collected 120 from pot
beforr: doesn't show hand 
*** SUMMARY ***
Total pot 120 | Rake 0 
Seat 1: Mahu2021 (button) (small blind) folded before Flop
Seat 3: beforr (big blind) collected (120)



PokerStars Hand #249023320219: Tournament #3719583382, $1.84+$0.16 USD Hold'em No Limit - Level IV (30/60) - 2024/02/22 10:55:20 CET [2024/02/22 4:55:20 ET]
Table '3719583382 1' 3-max Seat #3 is the button
Seat 1: Mahu2021 (990 in chips) 
Seat 3: beforr (510 in chips) 
beforr: posts small blind 30
Mahu2021: posts big blind 60
*** HOLE CARDS ***
Dealt to Mahu2021 [6c Ts]
beforr: raises 450 to 510 and is all-in
Mahu2021: folds 
Uncalled bet (450) returned to beforr
beforr collected 120 from pot
beforr: doesn't show hand 
*** SUMMARY ***
Total pot 120 | Rake 0 
Seat 1: Mahu2021 (big blind) folded before Flop
Seat 3: beforr (button) (small blind) collected (120)



PokerStars Hand #249023320786: Tournament #3719583382, $1.84+$0.16 USD Hold'em No Limit - Level IV (30/60) - 2024/02/22 10:55:26 CET [2024/02/22 4:55:26 ET]
Table '3719583382 1' 3-max Seat #1 is the button
Seat 1: Mahu2021 (930 in chips) 
Seat 3: beforr (570 in chips) 
Mahu2021: posts small blind 30
beforr: posts big blind 60
*** HOLE CARDS ***
Dealt to Mahu2021 [4s 2c]
Mahu2021: folds 
Uncalled bet (30) returned to beforr
beforr collected 60 from pot
beforr: doesn't show hand 
*** SUMMARY ***
Total pot 60 | Rake 0 
Seat 1: Mahu2021 (button) (small blind) folded before Flop
Seat 3: beforr (big blind) collected (60)



PokerStars Hand #249023321198: Tournament #3719583382, $1.84+$0.16 USD Hold'em No Limit - Level IV (30/60) - 2024/02/22 10:55:30 CET [2024/02/22 4:55:30 ET]
Table '3719583382 1' 3-max Seat #3 is the button
Seat 1: Mahu2021 (900 in chips) 
Seat 3: beforr (600 in chips) 
beforr: posts small blind 30
Mahu2021: posts big blind 60
*** HOLE CARDS ***
Dealt to Mahu2021 [6d Ks]
beforr: calls 30
Mahu2021: checks 
*** FLOP *** [Tc 7d 8s]
Mahu2021: checks 
beforr: bets 120
Mahu2021: folds 
Uncalled bet (120) returned to beforr
beforr collected 120 from pot
beforr: doesn't show hand 
*** SUMMARY ***
Total pot 120 | Rake 0 
Board [Tc 7d 8s]
Seat 1: Mahu2021 (big blind) folded on the Flop
Seat 3: beforr (button) (small blind) collected (120)



PokerStars Hand #249023322563: Tournament #3719583382, $1.84+$0.16 USD Hold'em No Limit - Level IV (30/60) - 2024/02/22 10:55:43 CET [2024/02/22 4:55:43 ET]
Table '3719583382 1' 3-max Seat #1 is the button
Seat 1: Mahu2021 (840 in chips) 
Seat 3: beforr (660 in chips) 
Mahu2021: posts small blind 30
beforr: posts big blind 60
*** HOLE CARDS ***
Dealt to Mahu2021 [Qd 3h]
Mahu2021: calls 30
beforr: checks 
*** FLOP *** [9d 6c 5c]
beforr: checks 
Mahu2021: checks 
*** TURN *** [9d 6c 5c] [Td]
beforr: checks 
Mahu2021: checks 
*** RIVER *** [9d 6c 5c Td] [5h]
beforr: checks 
Mahu2021: checks 
*** SHOW DOWN ***
beforr: shows [Kh 4s] (a pair of Fives)
Mahu2021: mucks hand 
beforr collected 120 from pot
*** SUMMARY ***
Total pot 120 | Rake 0 
Board [9d 6c 5c Td 5h]
Seat 1: Mahu2021 (button) (small blind) mucked [Qd 3h]
Seat 3: beforr (big blind) showed [Kh 4s] and won (120) with a pair of Fives



PokerStars Hand #249023325189: Tournament #3719583382, $1.84+$0.16 USD Hold'em No Limit - Level IV (30/60) - 2024/02/22 10:56:07 CET [2024/02/22 4:56:07 ET]
Table '3719583382 1' 3-max Seat #3 is the button
Seat 1: Mahu2021 (780 in chips) 
Seat 3: beforr (720 in chips) 
beforr: posts small blind 30
Mahu2021: posts big blind 60
*** HOLE CARDS ***
Dealt to Mahu2021 [Qh 9c]
beforr: calls 30
Mahu2021: checks 
*** FLOP *** [Td 2h 5h]
Mahu2021: checks 
beforr: bets 60
Mahu2021: folds 
Uncalled bet (60) returned to beforr
beforr collected 120 from pot
beforr: doesn't show hand 
*** SUMMARY ***
Total pot 120 | Rake 0 
Board [Td 2h 5h]
Seat 1: Mahu2021 (big blind) folded on the Flop
Seat 3: beforr (button) (small blind) collected (120)



PokerStars Hand #249023326634: Tournament #3719583382, $1.84+$0.16 USD Hold'em No Limit - Level IV (30/60) - 2024/02/22 10:56:20 CET [2024/02/22 4:56:20 ET]
Table '3719583382 1' 3-max Seat #1 is the button
Seat 1: Mahu2021 (720 in chips) 
Seat 3: beforr (780 in chips) 
Mahu2021: posts small blind 30
beforr: posts big blind 60
*** HOLE CARDS ***
Dealt to Mahu2021 [9h 2s]
Mahu2021: folds 
Uncalled bet (30) returned to beforr
beforr collected 60 from pot
beforr: doesn't show hand 
*** SUMMARY ***
Total pot 60 | Rake 0 
Seat 1: Mahu2021 (button) (small blind) folded before Flop
Seat 3: beforr (big blind) collected (60)



PokerStars Hand #249023327386: Tournament #3719583382, $1.84+$0.16 USD Hold'em No Limit - Level V (40/80) - 2024/02/22 10:56:27 CET [2024/02/22 4:56:27 ET]
Table '3719583382 1' 3-max Seat #3 is the button
Seat 1: Mahu2021 (690 in chips) 
Seat 3: beforr (810 in chips) 
beforr: posts small blind 40
Mahu2021: posts big blind 80
*** HOLE CARDS ***
Dealt to Mahu2021 [2c 8s]
beforr: calls 40
Mahu2021: checks 
*** FLOP *** [Ts 8c Ks]
Mahu2021: checks 
beforr: bets 80
Mahu2021: calls 80
*** TURN *** [Ts 8c Ks] [2d]
Mahu2021: checks 
beforr: checks 
*** RIVER *** [Ts 8c Ks 2d] [Td]
Mahu2021: bets 160
beforr: calls 160
*** SHOW DOWN ***
Mahu2021: shows [2c 8s] (two pair, Tens and Eights)
beforr: shows [5h Tc] (three of a kind, Tens)
beforr collected 640 from pot
*** SUMMARY ***
Total pot 640 | Rake 0 
Board [Ts 8c Ks 2d Td]
Seat 1: Mahu2021 (big blind) showed [2c 8s] and lost with two pair, Tens and Eights
Seat 3: beforr (button) (small blind) showed [5h Tc] and won (640) with three of a kind, Tens



PokerStars Hand #249023329717: Tournament #3719583382, $1.84+$0.16 USD Hold'em No Limit - Level V (40/80) - 2024/02/22 10:56:48 CET [2024/02/22 4:56:48 ET]
Table '3719583382 1' 3-max Seat #1 is the button
Seat 1: Mahu2021 (370 in chips) 
Seat 3: beforr (1130 in chips) 
Mahu2021: posts small blind 40
beforr: posts big blind 80
*** HOLE CARDS ***
Dealt to Mahu2021 [8d 4h]
Mahu2021: folds 
Uncalled bet (40) returned to beforr
beforr collected 80 from pot
beforr: doesn't show hand 
*** SUMMARY ***
Total pot 80 | Rake 0 
Seat 1: Mahu2021 (button) (small blind) folded before Flop
Seat 3: beforr (big blind) collected (80)



PokerStars Hand #249023330289: Tournament #3719583382, $1.84+$0.16 USD Hold'em No Limit - Level V (40/80) - 2024/02/22 10:56:53 CET [2024/02/22 4:56:53 ET]
Table '3719583382 1' 3-max Seat #3 is the button
Seat 1: Mahu2021 (330 in chips) 
Seat 3: beforr (1170 in chips) 
beforr: posts small blind 40
Mahu2021: posts big blind 80
*** HOLE CARDS ***
Dealt to Mahu2021 [Kc 6c]
beforr: folds 
Uncalled bet (40) returned to Mahu2021
Mahu2021 collected 80 from pot
Mahu2021: doesn't show hand 
*** SUMMARY ***
Total pot 80 | Rake 0 
Seat 1: Mahu2021 (big blind) collected (80)
Seat 3: beforr (button) (small blind) folded before Flop



PokerStars Hand #249023330806: Tournament #3719583382, $1.84+$0.16 USD Hold'em No Limit - Level V (40/80) - 2024/02/22 10:56:58 CET [2024/02/22 4:56:58 ET]
Table '3719583382 1' 3-max Seat #1 is the button
Seat 1: Mahu2021 (370 in chips) 
Seat 3: beforr (1130 in chips) 
Mahu2021: posts small blind 40
beforr: posts big blind 80
*** HOLE CARDS ***
Dealt to Mahu2021 [Jh Th]
Mahu2021: raises 290 to 370 and is all-in
beforr: folds 
Uncalled bet (290) returned to Mahu2021
Mahu2021 collected 160 from pot
Mahu2021: doesn't show hand 
*** SUMMARY ***
Total pot 160 | Rake 0 
Seat 1: Mahu2021 (button) (small blind) collected (160)
Seat 3: beforr (big blind) folded before Flop



PokerStars Hand #249023331460: Tournament #3719583382, $1.84+$0.16 USD Hold'em No Limit - Level V (40/80) - 2024/02/22 10:57:04 CET [2024/02/22 4:57:04 ET]
Table '3719583382 1' 3-max Seat #3 is the button
Seat 1: Mahu2021 (450 in chips) 
Seat 3: beforr (1050 in chips) 
beforr: posts small blind 40
Mahu2021: posts big blind 80
*** HOLE CARDS ***
Dealt to Mahu2021 [Kc Ts]
beforr: folds 
Uncalled bet (40) returned to Mahu2021
Mahu2021 collected 80 from pot
Mahu2021: doesn't show hand 
*** SUMMARY ***
Total pot 80 | Rake 0 
Seat 1: Mahu2021 (big blind) collected (80)
Seat 3: beforr (button) (small blind) folded before Flop



PokerStars Hand #249023331904: Tournament #3719583382, $1.84+$0.16 USD Hold'em No Limit - Level V (40/80) - 2024/02/22 10:57:09 CET [2024/02/22 4:57:09 ET]
Table '3719583382 1' 3-max Seat #1 is the button
Seat 1: Mahu2021 (490 in chips) 
Seat 3: beforr (1010 in chips) 
Mahu2021: posts small blind 40
beforr: posts big blind 80
*** HOLE CARDS ***
Dealt to Mahu2021 [Ks 3h]
Mahu2021: raises 410 to 490 and is all-in
beforr: calls 410
*** FLOP *** [Th Qs 5s]
*** TURN *** [Th Qs 5s] [2d]
*** RIVER *** [Th Qs 5s 2d] [Ad]
*** SHOW DOWN ***
beforr: shows [Ah Qc] (two pair, Aces and Queens)
Mahu2021: shows [Ks 3h] (high card Ace)
beforr collected 980 from pot
Mahu2021 finished the tournament in 2nd place
beforr wins the tournament and receives $4.00 - congratulations!
*** SUMMARY ***
Total pot 980 | Rake 0 
Board [Th Qs 5s 2d Ad]
Seat 1: Mahu2021 (button) (small blind) showed [Ks 3h] and lost with high card Ace
Seat 3: beforr (big blind) showed [Ah Qc] and won (980) with two pair, Aces and Queens



