PokerStars Hand #249163667646: Tournament #3722824889, $1.84+$0.16 USD Hold'em No Limit - Level I (10/20) - 2024/02/29 22:41:53 CET [2024/02/29 16:41:53 ET]
Table '3722824889 1' 3-max Seat #1 is the button
Seat 1: Morgs098 (500 in chips) 
Seat 2: lucashartmann92 (500 in chips) 
Seat 3: Mahu2021 (500 in chips) 
lucashartmann92: posts small blind 10
Mahu2021: posts big blind 20
*** HOLE CARDS ***
Dealt to Mahu2021 [Jc 8h]
Morgs098: folds 
lucashartmann92: raises 40 to 60
Mahu2021: folds 
Uncalled bet (40) returned to lucashartmann92
lucashartmann92 collected 40 from pot
*** SUMMARY ***
Total pot 40 | Rake 0 
Seat 1: Morgs098 (button) folded before Flop (didn't bet)
Seat 2: lucashartmann92 (small blind) collected (40)
Seat 3: Mahu2021 (big blind) folded before Flop



PokerStars Hand #249163671311: Tournament #3722824889, $1.84+$0.16 USD Hold'em No Limit - Level I (10/20) - 2024/02/29 22:42:03 CET [2024/02/29 16:42:03 ET]
Table '3722824889 1' 3-max Seat #2 is the button
Seat 1: Morgs098 (500 in chips) 
Seat 2: lucashartmann92 (520 in chips) 
Seat 3: Mahu2021 (480 in chips) 
Mahu2021: posts small blind 10
Morgs098: posts big blind 20
*** HOLE CARDS ***
Dealt to Mahu2021 [3s Ks]
lucashartmann92: calls 20
Mahu2021: calls 10
Morgs098: checks 
*** FLOP *** [2h Kh Kc]
Mahu2021: checks 
Morgs098: bets 20
lucashartmann92: folds 
Mahu2021: calls 20
*** TURN *** [2h Kh Kc] [Jc]
Mahu2021: checks 
Morgs098: checks 
*** RIVER *** [2h Kh Kc Jc] [5h]
Mahu2021: bets 20
Morgs098: calls 20
*** SHOW DOWN ***
Mahu2021: shows [3s Ks] (three of a kind, Kings)
Morgs098: mucks hand 
Mahu2021 collected 140 from pot
*** SUMMARY ***
Total pot 140 | Rake 0 
Board [2h Kh Kc Jc 5h]
Seat 1: Morgs098 (big blind) mucked [7h 2c]
Seat 2: lucashartmann92 (button) folded on the Flop
Seat 3: Mahu2021 (small blind) showed [3s Ks] and won (140) with three of a kind, Kings



PokerStars Hand #249163678907: Tournament #3722824889, $1.84+$0.16 USD Hold'em No Limit - Level I (10/20) - 2024/02/29 22:42:24 CET [2024/02/29 16:42:24 ET]
Table '3722824889 1' 3-max Seat #3 is the button
Seat 1: Morgs098 (440 in chips) 
Seat 2: lucashartmann92 (500 in chips) 
Seat 3: Mahu2021 (560 in chips) 
Morgs098: posts small blind 10
lucashartmann92: posts big blind 20
*** HOLE CARDS ***
Dealt to Mahu2021 [3c 4s]
Mahu2021: folds 
Morgs098: folds 
Uncalled bet (10) returned to lucashartmann92
lucashartmann92 collected 20 from pot
*** SUMMARY ***
Total pot 20 | Rake 0 
Seat 1: Morgs098 (small blind) folded before Flop
Seat 2: lucashartmann92 (big blind) collected (20)
Seat 3: Mahu2021 (button) folded before Flop (didn't bet)



PokerStars Hand #249163681198: Tournament #3722824889, $1.84+$0.16 USD Hold'em No Limit - Level I (10/20) - 2024/02/29 22:42:31 CET [2024/02/29 16:42:31 ET]
Table '3722824889 1' 3-max Seat #1 is the button
Seat 1: Morgs098 (430 in chips) 
Seat 2: lucashartmann92 (510 in chips) 
Seat 3: Mahu2021 (560 in chips) 
lucashartmann92: posts small blind 10
Mahu2021: posts big blind 20
*** HOLE CARDS ***
Dealt to Mahu2021 [Ts Ah]
Morgs098: folds 
lucashartmann92: calls 10
Mahu2021: checks 
*** FLOP *** [6h 7s 9h]
lucashartmann92: checks 
Mahu2021: checks 
*** TURN *** [6h 7s 9h] [9d]
lucashartmann92: checks 
Mahu2021: bets 40
lucashartmann92: folds 
Uncalled bet (40) returned to Mahu2021
Mahu2021 collected 40 from pot
Mahu2021: doesn't show hand 
*** SUMMARY ***
Total pot 40 | Rake 0 
Board [6h 7s 9h 9d]
Seat 1: Morgs098 (button) folded before Flop (didn't bet)
Seat 2: lucashartmann92 (small blind) folded on the Turn
Seat 3: Mahu2021 (big blind) collected (40)



PokerStars Hand #249163688208: Tournament #3722824889, $1.84+$0.16 USD Hold'em No Limit - Level I (10/20) - 2024/02/29 22:42:50 CET [2024/02/29 16:42:50 ET]
Table '3722824889 1' 3-max Seat #2 is the button
Seat 1: Morgs098 (430 in chips) 
Seat 2: lucashartmann92 (490 in chips) 
Seat 3: Mahu2021 (580 in chips) 
Mahu2021: posts small blind 10
Morgs098: posts big blind 20
*** HOLE CARDS ***
Dealt to Mahu2021 [Tc 5c]
lucashartmann92: raises 40 to 60
Mahu2021: folds 
Morgs098: folds 
Uncalled bet (40) returned to lucashartmann92
lucashartmann92 collected 50 from pot
*** SUMMARY ***
Total pot 50 | Rake 0 
Seat 1: Morgs098 (big blind) folded before Flop
Seat 2: lucashartmann92 (button) collected (50)
Seat 3: Mahu2021 (small blind) folded before Flop



PokerStars Hand #249163691848: Tournament #3722824889, $1.84+$0.16 USD Hold'em No Limit - Level I (10/20) - 2024/02/29 22:43:00 CET [2024/02/29 16:43:00 ET]
Table '3722824889 1' 3-max Seat #3 is the button
Seat 1: Morgs098 (410 in chips) 
Seat 2: lucashartmann92 (520 in chips) 
Seat 3: Mahu2021 (570 in chips) 
Morgs098: posts small blind 10
lucashartmann92: posts big blind 20
*** HOLE CARDS ***
Dealt to Mahu2021 [As 2h]
Mahu2021: calls 20
Morgs098: folds 
lucashartmann92: checks 
*** FLOP *** [6s 2d Ts]
lucashartmann92: checks 
Mahu2021: checks 
*** TURN *** [6s 2d Ts] [6c]
lucashartmann92: checks 
Mahu2021: checks 
*** RIVER *** [6s 2d Ts 6c] [Ad]
lucashartmann92: checks 
Mahu2021: checks 
*** SHOW DOWN ***
lucashartmann92: shows [4c Jh] (a pair of Sixes)
Mahu2021: shows [As 2h] (two pair, Aces and Sixes)
Mahu2021 collected 50 from pot
*** SUMMARY ***
Total pot 50 | Rake 0 
Board [6s 2d Ts 6c Ad]
Seat 1: Morgs098 (small blind) folded before Flop
Seat 2: lucashartmann92 (big blind) showed [4c Jh] and lost with a pair of Sixes
Seat 3: Mahu2021 (button) showed [As 2h] and won (50) with two pair, Aces and Sixes



PokerStars Hand #249163698328: Tournament #3722824889, $1.84+$0.16 USD Hold'em No Limit - Level I (10/20) - 2024/02/29 22:43:18 CET [2024/02/29 16:43:18 ET]
Table '3722824889 1' 3-max Seat #1 is the button
Seat 1: Morgs098 (400 in chips) 
Seat 2: lucashartmann92 (500 in chips) 
Seat 3: Mahu2021 (600 in chips) 
lucashartmann92: posts small blind 10
Mahu2021: posts big blind 20
*** HOLE CARDS ***
Dealt to Mahu2021 [2c 7c]
Morgs098: raises 24 to 44
lucashartmann92: folds 
Mahu2021: folds 
Uncalled bet (24) returned to Morgs098
Morgs098 collected 50 from pot
Morgs098: doesn't show hand 
*** SUMMARY ***
Total pot 50 | Rake 0 
Seat 1: Morgs098 (button) collected (50)
Seat 2: lucashartmann92 (small blind) folded before Flop
Seat 3: Mahu2021 (big blind) folded before Flop



PokerStars Hand #249163701509: Tournament #3722824889, $1.84+$0.16 USD Hold'em No Limit - Level I (10/20) - 2024/02/29 22:43:27 CET [2024/02/29 16:43:27 ET]
Table '3722824889 1' 3-max Seat #2 is the button
Seat 1: Morgs098 (430 in chips) 
Seat 2: lucashartmann92 (490 in chips) 
Seat 3: Mahu2021 (580 in chips) 
Mahu2021: posts small blind 10
Morgs098: posts big blind 20
*** HOLE CARDS ***
Dealt to Mahu2021 [As Jh]
lucashartmann92: folds 
Mahu2021: raises 20 to 40
Morgs098: calls 20
*** FLOP *** [3d 8c 2d]
Mahu2021: checks 
Morgs098: checks 
*** TURN *** [3d 8c 2d] [Jc]
Mahu2021: bets 40
Morgs098: raises 120 to 160
Mahu2021: calls 120
*** RIVER *** [3d 8c 2d Jc] [4h]
Mahu2021: checks 
Morgs098: bets 230 and is all-in
Mahu2021: calls 230
*** SHOW DOWN ***
Morgs098: shows [7h 9c] (high card Jack)
Mahu2021: shows [As Jh] (a pair of Jacks)
Mahu2021 collected 860 from pot
Morgs098 finished the tournament in 3rd place
*** SUMMARY ***
Total pot 860 | Rake 0 
Board [3d 8c 2d Jc 4h]
Seat 1: Morgs098 (big blind) showed [7h 9c] and lost with high card Jack
Seat 2: lucashartmann92 (button) folded before Flop (didn't bet)
Seat 3: Mahu2021 (small blind) showed [As Jh] and won (860) with a pair of Jacks



PokerStars Hand #249163715482: Tournament #3722824889, $1.84+$0.16 USD Hold'em No Limit - Level II (15/30) - 2024/02/29 22:44:06 CET [2024/02/29 16:44:06 ET]
Table '3722824889 1' 3-max Seat #3 is the button
Seat 2: lucashartmann92 (490 in chips) 
Seat 3: Mahu2021 (1010 in chips) 
Mahu2021: posts small blind 15
lucashartmann92: posts big blind 30
*** HOLE CARDS ***
Dealt to Mahu2021 [2h 7c]
Mahu2021: folds 
Uncalled bet (15) returned to lucashartmann92
lucashartmann92 collected 30 from pot
*** SUMMARY ***
Total pot 30 | Rake 0 
Seat 2: lucashartmann92 (big blind) collected (30)
Seat 3: Mahu2021 (button) (small blind) folded before Flop



PokerStars Hand #249163717111: Tournament #3722824889, $1.84+$0.16 USD Hold'em No Limit - Level II (15/30) - 2024/02/29 22:44:10 CET [2024/02/29 16:44:10 ET]
Table '3722824889 1' 3-max Seat #2 is the button
Seat 2: lucashartmann92 (505 in chips) 
Seat 3: Mahu2021 (995 in chips) 
lucashartmann92: posts small blind 15
Mahu2021: posts big blind 30
*** HOLE CARDS ***
Dealt to Mahu2021 [6c Jh]
lucashartmann92: calls 15
Mahu2021: checks 
*** FLOP *** [Js 6d 7c]
Mahu2021: checks 
lucashartmann92: checks 
*** TURN *** [Js 6d 7c] [2c]
Mahu2021: checks 
lucashartmann92: checks 
*** RIVER *** [Js 6d 7c 2c] [8c]
Mahu2021: bets 60
lucashartmann92: folds 
Uncalled bet (60) returned to Mahu2021
Mahu2021 collected 60 from pot
Mahu2021: doesn't show hand 
*** SUMMARY ***
Total pot 60 | Rake 0 
Board [Js 6d 7c 2c 8c]
Seat 2: lucashartmann92 (button) (small blind) folded on the River
Seat 3: Mahu2021 (big blind) collected (60)



PokerStars Hand #249163723192: Tournament #3722824889, $1.84+$0.16 USD Hold'em No Limit - Level II (15/30) - 2024/02/29 22:44:27 CET [2024/02/29 16:44:27 ET]
Table '3722824889 1' 3-max Seat #3 is the button
Seat 2: lucashartmann92 (475 in chips) 
Seat 3: Mahu2021 (1025 in chips) 
Mahu2021: posts small blind 15
lucashartmann92: posts big blind 30
*** HOLE CARDS ***
Dealt to Mahu2021 [2s Qh]
Mahu2021: calls 15
lucashartmann92: raises 445 to 475 and is all-in
Mahu2021: folds 
Uncalled bet (445) returned to lucashartmann92
lucashartmann92 collected 60 from pot
*** SUMMARY ***
Total pot 60 | Rake 0 
Seat 2: lucashartmann92 (big blind) collected (60)
Seat 3: Mahu2021 (button) (small blind) folded before Flop



PokerStars Hand #249163726627: Tournament #3722824889, $1.84+$0.16 USD Hold'em No Limit - Level II (15/30) - 2024/02/29 22:44:37 CET [2024/02/29 16:44:37 ET]
Table '3722824889 1' 3-max Seat #2 is the button
Seat 2: lucashartmann92 (505 in chips) 
Seat 3: Mahu2021 (995 in chips) 
lucashartmann92: posts small blind 15
Mahu2021: posts big blind 30
*** HOLE CARDS ***
Dealt to Mahu2021 [6h 8s]
lucashartmann92: raises 475 to 505 and is all-in
Mahu2021: folds 
Uncalled bet (475) returned to lucashartmann92
lucashartmann92 collected 60 from pot
*** SUMMARY ***
Total pot 60 | Rake 0 
Seat 2: lucashartmann92 (button) (small blind) collected (60)
Seat 3: Mahu2021 (big blind) folded before Flop



PokerStars Hand #249163729428: Tournament #3722824889, $1.84+$0.16 USD Hold'em No Limit - Level II (15/30) - 2024/02/29 22:44:44 CET [2024/02/29 16:44:44 ET]
Table '3722824889 1' 3-max Seat #3 is the button
Seat 2: lucashartmann92 (535 in chips) 
Seat 3: Mahu2021 (965 in chips) 
Mahu2021: posts small blind 15
lucashartmann92: posts big blind 30
*** HOLE CARDS ***
Dealt to Mahu2021 [Js Ac]
Mahu2021: calls 15
lucashartmann92: checks 
*** FLOP *** [Kh 2s 4c]
lucashartmann92: checks 
Mahu2021: checks 
*** TURN *** [Kh 2s 4c] [Qd]
lucashartmann92: checks 
Mahu2021: checks 
*** RIVER *** [Kh 2s 4c Qd] [5h]
lucashartmann92: checks 
Mahu2021: checks 
*** SHOW DOWN ***
lucashartmann92: shows [6h Ts] (high card King)
Mahu2021: shows [Js Ac] (high card Ace)
Mahu2021 collected 60 from pot
*** SUMMARY ***
Total pot 60 | Rake 0 
Board [Kh 2s 4c Qd 5h]
Seat 2: lucashartmann92 (big blind) showed [6h Ts] and lost with high card King
Seat 3: Mahu2021 (button) (small blind) showed [Js Ac] and won (60) with high card Ace



PokerStars Hand #249163734735: Tournament #3722824889, $1.84+$0.16 USD Hold'em No Limit - Level II (15/30) - 2024/02/29 22:44:59 CET [2024/02/29 16:44:59 ET]
Table '3722824889 1' 3-max Seat #2 is the button
Seat 2: lucashartmann92 (505 in chips) 
Seat 3: Mahu2021 (995 in chips) 
lucashartmann92: posts small blind 15
Mahu2021: posts big blind 30
*** HOLE CARDS ***
Dealt to Mahu2021 [6c Ah]
lucashartmann92: raises 475 to 505 and is all-in
Mahu2021: calls 475
*** FLOP *** [Jh Qd Kd]
*** TURN *** [Jh Qd Kd] [Jc]
*** RIVER *** [Jh Qd Kd Jc] [5s]
*** SHOW DOWN ***
Mahu2021: shows [6c Ah] (a pair of Jacks)
lucashartmann92: shows [7c Kh] (two pair, Kings and Jacks)
lucashartmann92 collected 1010 from pot
*** SUMMARY ***
Total pot 1010 | Rake 0 
Board [Jh Qd Kd Jc 5s]
Seat 2: lucashartmann92 (button) (small blind) showed [7c Kh] and won (1010) with two pair, Kings and Jacks
Seat 3: Mahu2021 (big blind) showed [6c Ah] and lost with a pair of Jacks



PokerStars Hand #249163741142: Tournament #3722824889, $1.84+$0.16 USD Hold'em No Limit - Level II (15/30) - 2024/02/29 22:45:16 CET [2024/02/29 16:45:16 ET]
Table '3722824889 1' 3-max Seat #3 is the button
Seat 2: lucashartmann92 (1010 in chips) 
Seat 3: Mahu2021 (490 in chips) 
Mahu2021: posts small blind 15
lucashartmann92: posts big blind 30
*** HOLE CARDS ***
Dealt to Mahu2021 [9d 3c]
Mahu2021: folds 
Uncalled bet (15) returned to lucashartmann92
lucashartmann92 collected 30 from pot
*** SUMMARY ***
Total pot 30 | Rake 0 
Seat 2: lucashartmann92 (big blind) collected (30)
Seat 3: Mahu2021 (button) (small blind) folded before Flop



PokerStars Hand #249163743090: Tournament #3722824889, $1.84+$0.16 USD Hold'em No Limit - Level II (15/30) - 2024/02/29 22:45:22 CET [2024/02/29 16:45:22 ET]
Table '3722824889 1' 3-max Seat #2 is the button
Seat 2: lucashartmann92 (1025 in chips) 
Seat 3: Mahu2021 (475 in chips) 
lucashartmann92: posts small blind 15
Mahu2021: posts big blind 30
*** HOLE CARDS ***
Dealt to Mahu2021 [Jc As]
lucashartmann92: folds 
Uncalled bet (15) returned to Mahu2021
Mahu2021 collected 30 from pot
Mahu2021: doesn't show hand 
*** SUMMARY ***
Total pot 30 | Rake 0 
Seat 2: lucashartmann92 (button) (small blind) folded before Flop
Seat 3: Mahu2021 (big blind) collected (30)



PokerStars Hand #249163744860: Tournament #3722824889, $1.84+$0.16 USD Hold'em No Limit - Level II (15/30) - 2024/02/29 22:45:27 CET [2024/02/29 16:45:27 ET]
Table '3722824889 1' 3-max Seat #3 is the button
Seat 2: lucashartmann92 (1010 in chips) 
Seat 3: Mahu2021 (490 in chips) 
Mahu2021: posts small blind 15
lucashartmann92: posts big blind 30
*** HOLE CARDS ***
Dealt to Mahu2021 [5h 9c]
Mahu2021: folds 
Uncalled bet (15) returned to lucashartmann92
lucashartmann92 collected 30 from pot
*** SUMMARY ***
Total pot 30 | Rake 0 
Seat 2: lucashartmann92 (big blind) collected (30)
Seat 3: Mahu2021 (button) (small blind) folded before Flop



PokerStars Hand #249163746519: Tournament #3722824889, $1.84+$0.16 USD Hold'em No Limit - Level II (15/30) - 2024/02/29 22:45:31 CET [2024/02/29 16:45:31 ET]
Table '3722824889 1' 3-max Seat #2 is the button
Seat 2: lucashartmann92 (1025 in chips) 
Seat 3: Mahu2021 (475 in chips) 
lucashartmann92: posts small blind 15
Mahu2021: posts big blind 30
*** HOLE CARDS ***
Dealt to Mahu2021 [8s 7d]
lucashartmann92: raises 995 to 1025 and is all-in
Mahu2021: folds 
Uncalled bet (995) returned to lucashartmann92
lucashartmann92 collected 60 from pot
*** SUMMARY ***
Total pot 60 | Rake 0 
Seat 2: lucashartmann92 (button) (small blind) collected (60)
Seat 3: Mahu2021 (big blind) folded before Flop



PokerStars Hand #249163749196: Tournament #3722824889, $1.84+$0.16 USD Hold'em No Limit - Level II (15/30) - 2024/02/29 22:45:39 CET [2024/02/29 16:45:39 ET]
Table '3722824889 1' 3-max Seat #3 is the button
Seat 2: lucashartmann92 (1055 in chips) 
Seat 3: Mahu2021 (445 in chips) 
Mahu2021: posts small blind 15
lucashartmann92: posts big blind 30
*** HOLE CARDS ***
Dealt to Mahu2021 [Qd 2c]
Mahu2021: raises 415 to 445 and is all-in
lucashartmann92: folds 
Uncalled bet (415) returned to Mahu2021
Mahu2021 collected 60 from pot
Mahu2021: doesn't show hand 
*** SUMMARY ***
Total pot 60 | Rake 0 
Seat 2: lucashartmann92 (big blind) folded before Flop
Seat 3: Mahu2021 (button) (small blind) collected (60)



PokerStars Hand #249163751570: Tournament #3722824889, $1.84+$0.16 USD Hold'em No Limit - Level II (15/30) - 2024/02/29 22:45:45 CET [2024/02/29 16:45:45 ET]
Table '3722824889 1' 3-max Seat #2 is the button
Seat 2: lucashartmann92 (1025 in chips) 
Seat 3: Mahu2021 (475 in chips) 
lucashartmann92: posts small blind 15
Mahu2021: posts big blind 30
*** HOLE CARDS ***
Dealt to Mahu2021 [3d Ts]
lucashartmann92: raises 995 to 1025 and is all-in
Mahu2021: folds 
Uncalled bet (995) returned to lucashartmann92
lucashartmann92 collected 60 from pot
*** SUMMARY ***
Total pot 60 | Rake 0 
Seat 2: lucashartmann92 (button) (small blind) collected (60)
Seat 3: Mahu2021 (big blind) folded before Flop



PokerStars Hand #249163753660: Tournament #3722824889, $1.84+$0.16 USD Hold'em No Limit - Level II (15/30) - 2024/02/29 22:45:51 CET [2024/02/29 16:45:51 ET]
Table '3722824889 1' 3-max Seat #3 is the button
Seat 2: lucashartmann92 (1055 in chips) 
Seat 3: Mahu2021 (445 in chips) 
Mahu2021: posts small blind 15
lucashartmann92: posts big blind 30
*** HOLE CARDS ***
Dealt to Mahu2021 [9c 3h]
Mahu2021: folds 
Uncalled bet (15) returned to lucashartmann92
lucashartmann92 collected 30 from pot
*** SUMMARY ***
Total pot 30 | Rake 0 
Seat 2: lucashartmann92 (big blind) collected (30)
Seat 3: Mahu2021 (button) (small blind) folded before Flop



PokerStars Hand #249163756243: Tournament #3722824889, $1.84+$0.16 USD Hold'em No Limit - Level III (20/40) - 2024/02/29 22:45:58 CET [2024/02/29 16:45:58 ET]
Table '3722824889 1' 3-max Seat #2 is the button
Seat 2: lucashartmann92 (1070 in chips) 
Seat 3: Mahu2021 (430 in chips) 
lucashartmann92: posts small blind 20
Mahu2021: posts big blind 40
*** HOLE CARDS ***
Dealt to Mahu2021 [Jh 6c]
lucashartmann92: raises 1030 to 1070 and is all-in
Mahu2021: folds 
Uncalled bet (1030) returned to lucashartmann92
lucashartmann92 collected 80 from pot
*** SUMMARY ***
Total pot 80 | Rake 0 
Seat 2: lucashartmann92 (button) (small blind) collected (80)
Seat 3: Mahu2021 (big blind) folded before Flop



PokerStars Hand #249163758874: Tournament #3722824889, $1.84+$0.16 USD Hold'em No Limit - Level III (20/40) - 2024/02/29 22:46:05 CET [2024/02/29 16:46:05 ET]
Table '3722824889 1' 3-max Seat #3 is the button
Seat 2: lucashartmann92 (1110 in chips) 
Seat 3: Mahu2021 (390 in chips) 
Mahu2021: posts small blind 20
lucashartmann92: posts big blind 40
*** HOLE CARDS ***
Dealt to Mahu2021 [Jc 9s]
Mahu2021: raises 350 to 390 and is all-in
lucashartmann92: folds 
Uncalled bet (350) returned to Mahu2021
Mahu2021 collected 80 from pot
Mahu2021: doesn't show hand 
*** SUMMARY ***
Total pot 80 | Rake 0 
Seat 2: lucashartmann92 (big blind) folded before Flop
Seat 3: Mahu2021 (button) (small blind) collected (80)



PokerStars Hand #249163761319: Tournament #3722824889, $1.84+$0.16 USD Hold'em No Limit - Level III (20/40) - 2024/02/29 22:46:12 CET [2024/02/29 16:46:12 ET]
Table '3722824889 1' 3-max Seat #2 is the button
Seat 2: lucashartmann92 (1070 in chips) 
Seat 3: Mahu2021 (430 in chips) 
lucashartmann92: posts small blind 20
Mahu2021: posts big blind 40
*** HOLE CARDS ***
Dealt to Mahu2021 [Ts 8h]
lucashartmann92: raises 1030 to 1070 and is all-in
Mahu2021: folds 
Uncalled bet (1030) returned to lucashartmann92
lucashartmann92 collected 80 from pot
*** SUMMARY ***
Total pot 80 | Rake 0 
Seat 2: lucashartmann92 (button) (small blind) collected (80)
Seat 3: Mahu2021 (big blind) folded before Flop



PokerStars Hand #249163763998: Tournament #3722824889, $1.84+$0.16 USD Hold'em No Limit - Level III (20/40) - 2024/02/29 22:46:19 CET [2024/02/29 16:46:19 ET]
Table '3722824889 1' 3-max Seat #3 is the button
Seat 2: lucashartmann92 (1110 in chips) 
Seat 3: Mahu2021 (390 in chips) 
Mahu2021: posts small blind 20
lucashartmann92: posts big blind 40
*** HOLE CARDS ***
Dealt to Mahu2021 [5d 2d]
Mahu2021: folds 
Uncalled bet (20) returned to lucashartmann92
lucashartmann92 collected 40 from pot
*** SUMMARY ***
Total pot 40 | Rake 0 
Seat 2: lucashartmann92 (big blind) collected (40)
Seat 3: Mahu2021 (button) (small blind) folded before Flop



PokerStars Hand #249163765698: Tournament #3722824889, $1.84+$0.16 USD Hold'em No Limit - Level III (20/40) - 2024/02/29 22:46:24 CET [2024/02/29 16:46:24 ET]
Table '3722824889 1' 3-max Seat #2 is the button
Seat 2: lucashartmann92 (1130 in chips) 
Seat 3: Mahu2021 (370 in chips) 
lucashartmann92: posts small blind 20
Mahu2021: posts big blind 40
*** HOLE CARDS ***
Dealt to Mahu2021 [4d 8c]
lucashartmann92: calls 20
Mahu2021: checks 
*** FLOP *** [Ks 6c 5s]
Mahu2021: checks 
lucashartmann92: bets 80
Mahu2021: folds 
Uncalled bet (80) returned to lucashartmann92
lucashartmann92 collected 80 from pot
*** SUMMARY ***
Total pot 80 | Rake 0 
Board [Ks 6c 5s]
Seat 2: lucashartmann92 (button) (small blind) collected (80)
Seat 3: Mahu2021 (big blind) folded on the Flop



PokerStars Hand #249163772010: Tournament #3722824889, $1.84+$0.16 USD Hold'em No Limit - Level III (20/40) - 2024/02/29 22:46:41 CET [2024/02/29 16:46:41 ET]
Table '3722824889 1' 3-max Seat #3 is the button
Seat 2: lucashartmann92 (1170 in chips) 
Seat 3: Mahu2021 (330 in chips) 
Mahu2021: posts small blind 20
lucashartmann92: posts big blind 40
*** HOLE CARDS ***
Dealt to Mahu2021 [4d 8d]
Mahu2021: folds 
Uncalled bet (20) returned to lucashartmann92
lucashartmann92 collected 40 from pot
*** SUMMARY ***
Total pot 40 | Rake 0 
Seat 2: lucashartmann92 (big blind) collected (40)
Seat 3: Mahu2021 (button) (small blind) folded before Flop



PokerStars Hand #249163773915: Tournament #3722824889, $1.84+$0.16 USD Hold'em No Limit - Level III (20/40) - 2024/02/29 22:46:46 CET [2024/02/29 16:46:46 ET]
Table '3722824889 1' 3-max Seat #2 is the button
Seat 2: lucashartmann92 (1190 in chips) 
Seat 3: Mahu2021 (310 in chips) 
lucashartmann92: posts small blind 20
Mahu2021: posts big blind 40
*** HOLE CARDS ***
Dealt to Mahu2021 [9d 6d]
lucashartmann92: calls 20
Mahu2021: checks 
*** FLOP *** [4s 6h 5s]
Mahu2021: checks 
lucashartmann92: bets 80
Mahu2021: raises 190 to 270 and is all-in
lucashartmann92: calls 190
*** TURN *** [4s 6h 5s] [3s]
*** RIVER *** [4s 6h 5s 3s] [Qc]
*** SHOW DOWN ***
Mahu2021: shows [9d 6d] (a pair of Sixes)
lucashartmann92: shows [Ad As] (a pair of Aces)
lucashartmann92 collected 620 from pot
Mahu2021 finished the tournament in 2nd place
lucashartmann92 wins the tournament and receives $4.00 - congratulations!
*** SUMMARY ***
Total pot 620 | Rake 0 
Board [4s 6h 5s 3s Qc]
Seat 2: lucashartmann92 (button) (small blind) showed [Ad As] and won (620) with a pair of Aces
Seat 3: Mahu2021 (big blind) showed [9d 6d] and lost with a pair of Sixes



