PokerStars Hand #249469962704: Tournament #3730023714, $1.84+$0.16 USD Hold'em No Limit - Level I (10/20) - 2024/03/17 15:29:32 CET [2024/03/17 10:29:32 ET]
Table '3730023714 1' 3-max Seat #1 is the button
Seat 1: timtheking87 (500 in chips) 
Seat 2: Mahu2021 (500 in chips) 
Seat 3: Chachhofen (500 in chips) 
Mahu2021: posts small blind 10
Chachhofen: posts big blind 20
*** HOLE CARDS ***
Dealt to Mahu2021 [Kh Kc]
timtheking87: folds 
Mahu2021: raises 480 to 500 and is all-in
Chachhofen: folds 
Uncalled bet (480) returned to Mahu2021
Mahu2021 collected 40 from pot
Mahu2021: doesn't show hand 
*** SUMMARY ***
Total pot 40 | Rake 0 
Seat 1: timtheking87 (button) folded before Flop (didn't bet)
Seat 2: Mahu2021 (small blind) collected (40)
Seat 3: Chachhofen (big blind) folded before Flop



PokerStars Hand #249469965016: Tournament #3730023714, $1.84+$0.16 USD Hold'em No Limit - Level I (10/20) - 2024/03/17 15:29:42 CET [2024/03/17 10:29:42 ET]
Table '3730023714 1' 3-max Seat #2 is the button
Seat 1: timtheking87 (500 in chips) 
Seat 2: Mahu2021 (520 in chips) 
Seat 3: Chachhofen (480 in chips) 
Chachhofen: posts small blind 10
timtheking87: posts big blind 20
*** HOLE CARDS ***
Dealt to Mahu2021 [7h 4d]
Mahu2021: folds 
Chachhofen: folds 
Uncalled bet (10) returned to timtheking87
timtheking87 collected 20 from pot
timtheking87: doesn't show hand 
*** SUMMARY ***
Total pot 20 | Rake 0 
Seat 1: timtheking87 (big blind) collected (20)
Seat 2: Mahu2021 (button) folded before Flop (didn't bet)
Seat 3: Chachhofen (small blind) folded before Flop



PokerStars Hand #249469966242: Tournament #3730023714, $1.84+$0.16 USD Hold'em No Limit - Level I (10/20) - 2024/03/17 15:29:47 CET [2024/03/17 10:29:47 ET]
Table '3730023714 1' 3-max Seat #3 is the button
Seat 1: timtheking87 (510 in chips) 
Seat 2: Mahu2021 (520 in chips) 
Seat 3: Chachhofen (470 in chips) 
timtheking87: posts small blind 10
Mahu2021: posts big blind 20
*** HOLE CARDS ***
Dealt to Mahu2021 [7d 3s]
Chachhofen: raises 24 to 44
timtheking87: raises 24 to 68
Mahu2021: folds 
Chachhofen: calls 24
*** FLOP *** [Kd 4s 2h]
timtheking87: checks 
Chachhofen: checks 
*** TURN *** [Kd 4s 2h] [Jd]
timtheking87: bets 20
Chachhofen: folds 
Uncalled bet (20) returned to timtheking87
timtheking87 collected 156 from pot
timtheking87: doesn't show hand 
*** SUMMARY ***
Total pot 156 | Rake 0 
Board [Kd 4s 2h Jd]
Seat 1: timtheking87 (small blind) collected (156)
Seat 2: Mahu2021 (big blind) folded before Flop
Seat 3: Chachhofen (button) folded on the Turn



PokerStars Hand #249469969936: Tournament #3730023714, $1.84+$0.16 USD Hold'em No Limit - Level I (10/20) - 2024/03/17 15:30:02 CET [2024/03/17 10:30:02 ET]
Table '3730023714 1' 3-max Seat #1 is the button
Seat 1: timtheking87 (598 in chips) 
Seat 2: Mahu2021 (500 in chips) 
Seat 3: Chachhofen (402 in chips) 
Mahu2021: posts small blind 10
Chachhofen: posts big blind 20
*** HOLE CARDS ***
Dealt to Mahu2021 [Kh 2s]
timtheking87: calls 20
Mahu2021: calls 10
Chachhofen: raises 40 to 60
timtheking87: calls 40
Mahu2021: folds 
*** FLOP *** [Th 6h 7h]
Chachhofen: checks 
timtheking87: checks 
*** TURN *** [Th 6h 7h] [7s]
Chachhofen: bets 20
timtheking87: calls 20
*** RIVER *** [Th 6h 7h 7s] [8c]
Chachhofen: bets 90
timtheking87: folds 
Uncalled bet (90) returned to Chachhofen
Chachhofen collected 180 from pot
*** SUMMARY ***
Total pot 180 | Rake 0 
Board [Th 6h 7h 7s 8c]
Seat 1: timtheking87 (button) folded on the River
Seat 2: Mahu2021 (small blind) folded before Flop
Seat 3: Chachhofen (big blind) collected (180)



PokerStars Hand #249469977496: Tournament #3730023714, $1.84+$0.16 USD Hold'em No Limit - Level I (10/20) - 2024/03/17 15:30:33 CET [2024/03/17 10:30:33 ET]
Table '3730023714 1' 3-max Seat #2 is the button
Seat 1: timtheking87 (518 in chips) 
Seat 2: Mahu2021 (480 in chips) 
Seat 3: Chachhofen (502 in chips) 
Chachhofen: posts small blind 10
timtheking87: posts big blind 20
*** HOLE CARDS ***
Dealt to Mahu2021 [Ks Qd]
Mahu2021: calls 20
Chachhofen: raises 40 to 60
timtheking87: folds 
Mahu2021: calls 40
*** FLOP *** [Ac 9c 9h]
Chachhofen: bets 70
Mahu2021: folds 
Uncalled bet (70) returned to Chachhofen
Chachhofen collected 140 from pot
*** SUMMARY ***
Total pot 140 | Rake 0 
Board [Ac 9c 9h]
Seat 1: timtheking87 (big blind) folded before Flop
Seat 2: Mahu2021 (button) folded on the Flop
Seat 3: Chachhofen (small blind) collected (140)



PokerStars Hand #249469980907: Tournament #3730023714, $1.84+$0.16 USD Hold'em No Limit - Level I (10/20) - 2024/03/17 15:30:47 CET [2024/03/17 10:30:47 ET]
Table '3730023714 1' 3-max Seat #3 is the button
Seat 1: timtheking87 (498 in chips) 
Seat 2: Mahu2021 (420 in chips) 
Seat 3: Chachhofen (582 in chips) 
timtheking87: posts small blind 10
Mahu2021: posts big blind 20
*** HOLE CARDS ***
Dealt to Mahu2021 [6d 9d]
Chachhofen: raises 24 to 44
timtheking87: folds 
Mahu2021: calls 24
*** FLOP *** [Kh 4c Tc]
Mahu2021: checks 
Chachhofen: checks 
*** TURN *** [Kh 4c Tc] [3s]
Mahu2021: checks 
Chachhofen: checks 
*** RIVER *** [Kh 4c Tc 3s] [9h]
Mahu2021: bets 40
Chachhofen: folds 
Uncalled bet (40) returned to Mahu2021
Mahu2021 collected 98 from pot
Mahu2021: doesn't show hand 
*** SUMMARY ***
Total pot 98 | Rake 0 
Board [Kh 4c Tc 3s 9h]
Seat 1: timtheking87 (small blind) folded before Flop
Seat 2: Mahu2021 (big blind) collected (98)
Seat 3: Chachhofen (button) folded on the River



PokerStars Hand #249469985302: Tournament #3730023714, $1.84+$0.16 USD Hold'em No Limit - Level I (10/20) - 2024/03/17 15:31:05 CET [2024/03/17 10:31:05 ET]
Table '3730023714 1' 3-max Seat #1 is the button
Seat 1: timtheking87 (488 in chips) 
Seat 2: Mahu2021 (474 in chips) 
Seat 3: Chachhofen (538 in chips) 
Mahu2021: posts small blind 10
Chachhofen: posts big blind 20
*** HOLE CARDS ***
Dealt to Mahu2021 [Jh Ts]
timtheking87: calls 20
Mahu2021: calls 10
Chachhofen: raises 40 to 60
timtheking87: calls 40
Mahu2021: calls 40
*** FLOP *** [2c 9s 7s]
Mahu2021: checks 
Chachhofen: bets 40
timtheking87: calls 40
Mahu2021: calls 40
*** TURN *** [2c 9s 7s] [6c]
Mahu2021: checks 
Chachhofen: checks 
timtheking87: bets 300
Mahu2021: folds 
Chachhofen: folds 
Uncalled bet (300) returned to timtheking87
timtheking87 collected 300 from pot
timtheking87: doesn't show hand 
*** SUMMARY ***
Total pot 300 | Rake 0 
Board [2c 9s 7s 6c]
Seat 1: timtheking87 (button) collected (300)
Seat 2: Mahu2021 (small blind) folded on the Turn
Seat 3: Chachhofen (big blind) folded on the Turn



PokerStars Hand #249469991959: Tournament #3730023714, $1.84+$0.16 USD Hold'em No Limit - Level I (10/20) - 2024/03/17 15:31:32 CET [2024/03/17 10:31:32 ET]
Table '3730023714 1' 3-max Seat #2 is the button
Seat 1: timtheking87 (688 in chips) 
Seat 2: Mahu2021 (374 in chips) 
Seat 3: Chachhofen (438 in chips) 
Chachhofen: posts small blind 10
timtheking87: posts big blind 20
*** HOLE CARDS ***
Dealt to Mahu2021 [Kd Ks]
Mahu2021: raises 354 to 374 and is all-in
Chachhofen: folds 
timtheking87: folds 
Uncalled bet (354) returned to Mahu2021
Mahu2021 collected 50 from pot
Mahu2021: doesn't show hand 
*** SUMMARY ***
Total pot 50 | Rake 0 
Seat 1: timtheking87 (big blind) folded before Flop
Seat 2: Mahu2021 (button) collected (50)
Seat 3: Chachhofen (small blind) folded before Flop



PokerStars Hand #249469996112: Tournament #3730023714, $1.84+$0.16 USD Hold'em No Limit - Level II (15/30) - 2024/03/17 15:31:50 CET [2024/03/17 10:31:50 ET]
Table '3730023714 1' 3-max Seat #3 is the button
Seat 1: timtheking87 (668 in chips) 
Seat 2: Mahu2021 (404 in chips) 
Seat 3: Chachhofen (428 in chips) 
timtheking87: posts small blind 15
Mahu2021: posts big blind 30
*** HOLE CARDS ***
Dealt to Mahu2021 [Qc Js]
Chachhofen: folds 
timtheking87: folds 
Uncalled bet (15) returned to Mahu2021
Mahu2021 collected 30 from pot
Mahu2021: doesn't show hand 
*** SUMMARY ***
Total pot 30 | Rake 0 
Seat 1: timtheking87 (small blind) folded before Flop
Seat 2: Mahu2021 (big blind) collected (30)
Seat 3: Chachhofen (button) folded before Flop (didn't bet)



PokerStars Hand #249469998337: Tournament #3730023714, $1.84+$0.16 USD Hold'em No Limit - Level II (15/30) - 2024/03/17 15:31:59 CET [2024/03/17 10:31:59 ET]
Table '3730023714 1' 3-max Seat #1 is the button
Seat 1: timtheking87 (653 in chips) 
Seat 2: Mahu2021 (419 in chips) 
Seat 3: Chachhofen (428 in chips) 
Mahu2021: posts small blind 15
Chachhofen: posts big blind 30
*** HOLE CARDS ***
Dealt to Mahu2021 [Ah 5c]
timtheking87: calls 30
Mahu2021: calls 15
Chachhofen: checks 
*** FLOP *** [5d 2c Th]
Mahu2021: bets 30
Chachhofen: calls 30
timtheking87: calls 30
*** TURN *** [5d 2c Th] [8d]
Mahu2021: checks 
Chachhofen: checks 
timtheking87: checks 
*** RIVER *** [5d 2c Th 8d] [As]
Mahu2021: bets 180
Chachhofen: folds 
timtheking87: folds 
Uncalled bet (180) returned to Mahu2021
Mahu2021 collected 180 from pot
Mahu2021: doesn't show hand 
*** SUMMARY ***
Total pot 180 | Rake 0 
Board [5d 2c Th 8d As]
Seat 1: timtheking87 (button) folded on the River
Seat 2: Mahu2021 (small blind) collected (180)
Seat 3: Chachhofen (big blind) folded on the River



PokerStars Hand #249470002918: Tournament #3730023714, $1.84+$0.16 USD Hold'em No Limit - Level II (15/30) - 2024/03/17 15:32:17 CET [2024/03/17 10:32:17 ET]
Table '3730023714 1' 3-max Seat #2 is the button
Seat 1: timtheking87 (593 in chips) 
Seat 2: Mahu2021 (539 in chips) 
Seat 3: Chachhofen (368 in chips) 
Chachhofen: posts small blind 15
timtheking87: posts big blind 30
*** HOLE CARDS ***
Dealt to Mahu2021 [3d 4h]
Mahu2021: folds 
Chachhofen: folds 
Uncalled bet (15) returned to timtheking87
timtheking87 collected 30 from pot
timtheking87: doesn't show hand 
*** SUMMARY ***
Total pot 30 | Rake 0 
Seat 1: timtheking87 (big blind) collected (30)
Seat 2: Mahu2021 (button) folded before Flop (didn't bet)
Seat 3: Chachhofen (small blind) folded before Flop



PokerStars Hand #249470004164: Tournament #3730023714, $1.84+$0.16 USD Hold'em No Limit - Level II (15/30) - 2024/03/17 15:32:22 CET [2024/03/17 10:32:22 ET]
Table '3730023714 1' 3-max Seat #3 is the button
Seat 1: timtheking87 (608 in chips) 
Seat 2: Mahu2021 (539 in chips) 
Seat 3: Chachhofen (353 in chips) 
timtheking87: posts small blind 15
Mahu2021: posts big blind 30
*** HOLE CARDS ***
Dealt to Mahu2021 [Kh 8c]
Chachhofen: folds 
timtheking87: raises 60 to 90
Mahu2021: folds 
Uncalled bet (60) returned to timtheking87
timtheking87 collected 60 from pot
timtheking87: doesn't show hand 
*** SUMMARY ***
Total pot 60 | Rake 0 
Seat 1: timtheking87 (small blind) collected (60)
Seat 2: Mahu2021 (big blind) folded before Flop
Seat 3: Chachhofen (button) folded before Flop (didn't bet)



PokerStars Hand #249470006789: Tournament #3730023714, $1.84+$0.16 USD Hold'em No Limit - Level II (15/30) - 2024/03/17 15:32:33 CET [2024/03/17 10:32:33 ET]
Table '3730023714 1' 3-max Seat #1 is the button
Seat 1: timtheking87 (638 in chips) 
Seat 2: Mahu2021 (509 in chips) 
Seat 3: Chachhofen (353 in chips) 
Mahu2021: posts small blind 15
Chachhofen: posts big blind 30
*** HOLE CARDS ***
Dealt to Mahu2021 [8h 5s]
timtheking87: folds 
Mahu2021: folds 
Uncalled bet (15) returned to Chachhofen
Chachhofen collected 30 from pot
*** SUMMARY ***
Total pot 30 | Rake 0 
Seat 1: timtheking87 (button) folded before Flop (didn't bet)
Seat 2: Mahu2021 (small blind) folded before Flop
Seat 3: Chachhofen (big blind) collected (30)



PokerStars Hand #249470009984: Tournament #3730023714, $1.84+$0.16 USD Hold'em No Limit - Level II (15/30) - 2024/03/17 15:32:46 CET [2024/03/17 10:32:46 ET]
Table '3730023714 1' 3-max Seat #2 is the button
Seat 1: timtheking87 (638 in chips) 
Seat 2: Mahu2021 (494 in chips) 
Seat 3: Chachhofen (368 in chips) 
Chachhofen: posts small blind 15
timtheking87: posts big blind 30
*** HOLE CARDS ***
Dealt to Mahu2021 [4s 8d]
Mahu2021: folds 
Chachhofen: raises 30 to 60
timtheking87: raises 30 to 90
Chachhofen: calls 30
*** FLOP *** [5s 5c 6s]
Chachhofen: checks 
timtheking87: bets 548 and is all-in
Chachhofen: folds 
Uncalled bet (548) returned to timtheking87
timtheking87 collected 180 from pot
timtheking87: doesn't show hand 
*** SUMMARY ***
Total pot 180 | Rake 0 
Board [5s 5c 6s]
Seat 1: timtheking87 (big blind) collected (180)
Seat 2: Mahu2021 (button) folded before Flop (didn't bet)
Seat 3: Chachhofen (small blind) folded on the Flop



PokerStars Hand #249470013001: Tournament #3730023714, $1.84+$0.16 USD Hold'em No Limit - Level II (15/30) - 2024/03/17 15:32:58 CET [2024/03/17 10:32:58 ET]
Table '3730023714 1' 3-max Seat #3 is the button
Seat 1: timtheking87 (728 in chips) 
Seat 2: Mahu2021 (494 in chips) 
Seat 3: Chachhofen (278 in chips) 
timtheking87: posts small blind 15
Mahu2021: posts big blind 30
*** HOLE CARDS ***
Dealt to Mahu2021 [6c Kc]
Chachhofen: folds 
timtheking87: folds 
Uncalled bet (15) returned to Mahu2021
Mahu2021 collected 30 from pot
Mahu2021: doesn't show hand 
*** SUMMARY ***
Total pot 30 | Rake 0 
Seat 1: timtheking87 (small blind) folded before Flop
Seat 2: Mahu2021 (big blind) collected (30)
Seat 3: Chachhofen (button) folded before Flop (didn't bet)



PokerStars Hand #249470014976: Tournament #3730023714, $1.84+$0.16 USD Hold'em No Limit - Level II (15/30) - 2024/03/17 15:33:06 CET [2024/03/17 10:33:06 ET]
Table '3730023714 1' 3-max Seat #1 is the button
Seat 1: timtheking87 (713 in chips) 
Seat 2: Mahu2021 (509 in chips) 
Seat 3: Chachhofen (278 in chips) 
Mahu2021: posts small blind 15
Chachhofen: posts big blind 30
*** HOLE CARDS ***
Dealt to Mahu2021 [4s 6h]
timtheking87: folds 
Mahu2021: folds 
Uncalled bet (15) returned to Chachhofen
Chachhofen collected 30 from pot
*** SUMMARY ***
Total pot 30 | Rake 0 
Seat 1: timtheking87 (button) folded before Flop (didn't bet)
Seat 2: Mahu2021 (small blind) folded before Flop
Seat 3: Chachhofen (big blind) collected (30)



PokerStars Hand #249470016154: Tournament #3730023714, $1.84+$0.16 USD Hold'em No Limit - Level II (15/30) - 2024/03/17 15:33:11 CET [2024/03/17 10:33:11 ET]
Table '3730023714 1' 3-max Seat #2 is the button
Seat 1: timtheking87 (713 in chips) 
Seat 2: Mahu2021 (494 in chips) 
Seat 3: Chachhofen (293 in chips) 
Chachhofen: posts small blind 15
timtheking87: posts big blind 30
*** HOLE CARDS ***
Dealt to Mahu2021 [3c 6h]
Mahu2021: folds 
Chachhofen: raises 263 to 293 and is all-in
timtheking87: folds 
Uncalled bet (263) returned to Chachhofen
Chachhofen collected 60 from pot
*** SUMMARY ***
Total pot 60 | Rake 0 
Seat 1: timtheking87 (big blind) folded before Flop
Seat 2: Mahu2021 (button) folded before Flop (didn't bet)
Seat 3: Chachhofen (small blind) collected (60)



PokerStars Hand #249470019703: Tournament #3730023714, $1.84+$0.16 USD Hold'em No Limit - Level II (15/30) - 2024/03/17 15:33:26 CET [2024/03/17 10:33:26 ET]
Table '3730023714 1' 3-max Seat #3 is the button
Seat 1: timtheking87 (683 in chips) 
Seat 2: Mahu2021 (494 in chips) 
Seat 3: Chachhofen (323 in chips) 
timtheking87: posts small blind 15
Mahu2021: posts big blind 30
*** HOLE CARDS ***
Dealt to Mahu2021 [Kd 3s]
Chachhofen: folds 
timtheking87: folds 
Uncalled bet (15) returned to Mahu2021
Mahu2021 collected 30 from pot
Mahu2021: doesn't show hand 
*** SUMMARY ***
Total pot 30 | Rake 0 
Seat 1: timtheking87 (small blind) folded before Flop
Seat 2: Mahu2021 (big blind) collected (30)
Seat 3: Chachhofen (button) folded before Flop (didn't bet)



PokerStars Hand #249470021046: Tournament #3730023714, $1.84+$0.16 USD Hold'em No Limit - Level II (15/30) - 2024/03/17 15:33:31 CET [2024/03/17 10:33:31 ET]
Table '3730023714 1' 3-max Seat #1 is the button
Seat 1: timtheking87 (668 in chips) 
Seat 2: Mahu2021 (509 in chips) 
Seat 3: Chachhofen (323 in chips) 
Mahu2021: posts small blind 15
Chachhofen: posts big blind 30
*** HOLE CARDS ***
Dealt to Mahu2021 [2d Qh]
timtheking87: folds 
Mahu2021: calls 15
Chachhofen: checks 
*** FLOP *** [2c 8d 4c]
Mahu2021: bets 30
Chachhofen: raises 60 to 90
Mahu2021: folds 
Uncalled bet (60) returned to Chachhofen
Chachhofen collected 120 from pot
*** SUMMARY ***
Total pot 120 | Rake 0 
Board [2c 8d 4c]
Seat 1: timtheking87 (button) folded before Flop (didn't bet)
Seat 2: Mahu2021 (small blind) folded on the Flop
Seat 3: Chachhofen (big blind) collected (120)



PokerStars Hand #249470026197: Tournament #3730023714, $1.84+$0.16 USD Hold'em No Limit - Level III (20/40) - 2024/03/17 15:33:52 CET [2024/03/17 10:33:52 ET]
Table '3730023714 1' 3-max Seat #2 is the button
Seat 1: timtheking87 (668 in chips) 
Seat 2: Mahu2021 (449 in chips) 
Seat 3: Chachhofen (383 in chips) 
Chachhofen: posts small blind 20
timtheking87: posts big blind 40
*** HOLE CARDS ***
Dealt to Mahu2021 [4h 9d]
Mahu2021: folds 
Chachhofen: folds 
Uncalled bet (20) returned to timtheking87
timtheking87 collected 40 from pot
timtheking87: doesn't show hand 
*** SUMMARY ***
Total pot 40 | Rake 0 
Seat 1: timtheking87 (big blind) collected (40)
Seat 2: Mahu2021 (button) folded before Flop (didn't bet)
Seat 3: Chachhofen (small blind) folded before Flop



PokerStars Hand #249470027332: Tournament #3730023714, $1.84+$0.16 USD Hold'em No Limit - Level III (20/40) - 2024/03/17 15:33:57 CET [2024/03/17 10:33:57 ET]
Table '3730023714 1' 3-max Seat #3 is the button
Seat 1: timtheking87 (688 in chips) 
Seat 2: Mahu2021 (449 in chips) 
Seat 3: Chachhofen (363 in chips) 
timtheking87: posts small blind 20
Mahu2021: posts big blind 40
*** HOLE CARDS ***
Dealt to Mahu2021 [7h 3c]
Chachhofen: folds 
timtheking87: folds 
Uncalled bet (20) returned to Mahu2021
Mahu2021 collected 40 from pot
Mahu2021: doesn't show hand 
*** SUMMARY ***
Total pot 40 | Rake 0 
Seat 1: timtheking87 (small blind) folded before Flop
Seat 2: Mahu2021 (big blind) collected (40)
Seat 3: Chachhofen (button) folded before Flop (didn't bet)



PokerStars Hand #249470030311: Tournament #3730023714, $1.84+$0.16 USD Hold'em No Limit - Level III (20/40) - 2024/03/17 15:34:09 CET [2024/03/17 10:34:09 ET]
Table '3730023714 1' 3-max Seat #1 is the button
Seat 1: timtheking87 (668 in chips) 
Seat 2: Mahu2021 (469 in chips) 
Seat 3: Chachhofen (363 in chips) 
Mahu2021: posts small blind 20
Chachhofen: posts big blind 40
*** HOLE CARDS ***
Dealt to Mahu2021 [9c 3s]
timtheking87: folds 
Mahu2021: folds 
Uncalled bet (20) returned to Chachhofen
Chachhofen collected 40 from pot
*** SUMMARY ***
Total pot 40 | Rake 0 
Seat 1: timtheking87 (button) folded before Flop (didn't bet)
Seat 2: Mahu2021 (small blind) folded before Flop
Seat 3: Chachhofen (big blind) collected (40)



PokerStars Hand #249470031860: Tournament #3730023714, $1.84+$0.16 USD Hold'em No Limit - Level III (20/40) - 2024/03/17 15:34:15 CET [2024/03/17 10:34:15 ET]
Table '3730023714 1' 3-max Seat #2 is the button
Seat 1: timtheking87 (668 in chips) 
Seat 2: Mahu2021 (449 in chips) 
Seat 3: Chachhofen (383 in chips) 
Chachhofen: posts small blind 20
timtheking87: posts big blind 40
*** HOLE CARDS ***
Dealt to Mahu2021 [Kd 2s]
Mahu2021: folds 
Chachhofen: folds 
Uncalled bet (20) returned to timtheking87
timtheking87 collected 40 from pot
timtheking87: doesn't show hand 
*** SUMMARY ***
Total pot 40 | Rake 0 
Seat 1: timtheking87 (big blind) collected (40)
Seat 2: Mahu2021 (button) folded before Flop (didn't bet)
Seat 3: Chachhofen (small blind) folded before Flop



PokerStars Hand #249470032904: Tournament #3730023714, $1.84+$0.16 USD Hold'em No Limit - Level III (20/40) - 2024/03/17 15:34:19 CET [2024/03/17 10:34:19 ET]
Table '3730023714 1' 3-max Seat #3 is the button
Seat 1: timtheking87 (688 in chips) 
Seat 2: Mahu2021 (449 in chips) 
Seat 3: Chachhofen (363 in chips) 
timtheking87: posts small blind 20
Mahu2021: posts big blind 40
*** HOLE CARDS ***
Dealt to Mahu2021 [Qd 7d]
Chachhofen: folds 
timtheking87: folds 
Uncalled bet (20) returned to Mahu2021
Mahu2021 collected 40 from pot
Mahu2021: doesn't show hand 
*** SUMMARY ***
Total pot 40 | Rake 0 
Seat 1: timtheking87 (small blind) folded before Flop
Seat 2: Mahu2021 (big blind) collected (40)
Seat 3: Chachhofen (button) folded before Flop (didn't bet)



PokerStars Hand #249470034040: Tournament #3730023714, $1.84+$0.16 USD Hold'em No Limit - Level III (20/40) - 2024/03/17 15:34:24 CET [2024/03/17 10:34:24 ET]
Table '3730023714 1' 3-max Seat #1 is the button
Seat 1: timtheking87 (668 in chips) 
Seat 2: Mahu2021 (469 in chips) 
Seat 3: Chachhofen (363 in chips) 
Mahu2021: posts small blind 20
Chachhofen: posts big blind 40
*** HOLE CARDS ***
Dealt to Mahu2021 [8s Jd]
timtheking87: raises 40 to 80
Mahu2021: folds 
Chachhofen: calls 40
*** FLOP *** [8h 9c 2d]
Chachhofen: checks 
timtheking87: bets 588 and is all-in
Chachhofen: calls 283 and is all-in
Uncalled bet (305) returned to timtheking87
*** TURN *** [8h 9c 2d] [4d]
*** RIVER *** [8h 9c 2d 4d] [Jc]
*** SHOW DOWN ***
Chachhofen: shows [7d 9d] (a pair of Nines)
timtheking87: shows [8c Ad] (a pair of Eights)
Chachhofen collected 746 from pot
*** SUMMARY ***
Total pot 746 | Rake 0 
Board [8h 9c 2d 4d Jc]
Seat 1: timtheking87 (button) showed [8c Ad] and lost with a pair of Eights
Seat 2: Mahu2021 (small blind) folded before Flop
Seat 3: Chachhofen (big blind) showed [7d 9d] and won (746) with a pair of Nines



PokerStars Hand #249470038673: Tournament #3730023714, $1.84+$0.16 USD Hold'em No Limit - Level III (20/40) - 2024/03/17 15:34:43 CET [2024/03/17 10:34:43 ET]
Table '3730023714 1' 3-max Seat #2 is the button
Seat 1: timtheking87 (305 in chips) 
Seat 2: Mahu2021 (449 in chips) 
Seat 3: Chachhofen (746 in chips) 
Chachhofen: posts small blind 20
timtheking87: posts big blind 40
*** HOLE CARDS ***
Dealt to Mahu2021 [Kh 3c]
Mahu2021: folds 
Chachhofen: folds 
Uncalled bet (20) returned to timtheking87
timtheking87 collected 40 from pot
timtheking87: doesn't show hand 
*** SUMMARY ***
Total pot 40 | Rake 0 
Seat 1: timtheking87 (big blind) collected (40)
Seat 2: Mahu2021 (button) folded before Flop (didn't bet)
Seat 3: Chachhofen (small blind) folded before Flop



PokerStars Hand #249470039988: Tournament #3730023714, $1.84+$0.16 USD Hold'em No Limit - Level III (20/40) - 2024/03/17 15:34:48 CET [2024/03/17 10:34:48 ET]
Table '3730023714 1' 3-max Seat #3 is the button
Seat 1: timtheking87 (325 in chips) 
Seat 2: Mahu2021 (449 in chips) 
Seat 3: Chachhofen (726 in chips) 
timtheking87: posts small blind 20
Mahu2021: posts big blind 40
*** HOLE CARDS ***
Dealt to Mahu2021 [6h 2d]
Chachhofen: folds 
timtheking87: folds 
Uncalled bet (20) returned to Mahu2021
Mahu2021 collected 40 from pot
Mahu2021: doesn't show hand 
*** SUMMARY ***
Total pot 40 | Rake 0 
Seat 1: timtheking87 (small blind) folded before Flop
Seat 2: Mahu2021 (big blind) collected (40)
Seat 3: Chachhofen (button) folded before Flop (didn't bet)



PokerStars Hand #249470042240: Tournament #3730023714, $1.84+$0.16 USD Hold'em No Limit - Level III (20/40) - 2024/03/17 15:34:57 CET [2024/03/17 10:34:57 ET]
Table '3730023714 1' 3-max Seat #1 is the button
Seat 1: timtheking87 (305 in chips) 
Seat 2: Mahu2021 (469 in chips) 
Seat 3: Chachhofen (726 in chips) 
Mahu2021: posts small blind 20
Chachhofen: posts big blind 40
*** HOLE CARDS ***
Dealt to Mahu2021 [Jh 9s]
timtheking87: folds 
Mahu2021: raises 40 to 80
Chachhofen: folds 
Uncalled bet (40) returned to Mahu2021
Mahu2021 collected 80 from pot
Mahu2021: doesn't show hand 
*** SUMMARY ***
Total pot 80 | Rake 0 
Seat 1: timtheking87 (button) folded before Flop (didn't bet)
Seat 2: Mahu2021 (small blind) collected (80)
Seat 3: Chachhofen (big blind) folded before Flop



PokerStars Hand #249470044282: Tournament #3730023714, $1.84+$0.16 USD Hold'em No Limit - Level III (20/40) - 2024/03/17 15:35:06 CET [2024/03/17 10:35:06 ET]
Table '3730023714 1' 3-max Seat #2 is the button
Seat 1: timtheking87 (305 in chips) 
Seat 2: Mahu2021 (509 in chips) 
Seat 3: Chachhofen (686 in chips) 
Chachhofen: posts small blind 20
timtheking87: posts big blind 40
*** HOLE CARDS ***
Dealt to Mahu2021 [2c Kh]
Mahu2021: folds 
Chachhofen: calls 20
timtheking87: checks 
*** FLOP *** [Td As Jh]
Chachhofen: checks 
timtheking87: bets 40
Chachhofen: raises 40 to 80
timtheking87: calls 40
*** TURN *** [Td As Jh] [6d]
Chachhofen: checks 
timtheking87: bets 185 and is all-in
Chachhofen: calls 185
*** RIVER *** [Td As Jh 6d] [5h]
*** SHOW DOWN ***
Chachhofen: shows [Ad Ks] (a pair of Aces)
timtheking87: shows [8d Tc] (a pair of Tens)
Chachhofen collected 610 from pot
timtheking87 finished the tournament in 3rd place
*** SUMMARY ***
Total pot 610 | Rake 0 
Board [Td As Jh 6d 5h]
Seat 1: timtheking87 (big blind) showed [8d Tc] and lost with a pair of Tens
Seat 2: Mahu2021 (button) folded before Flop (didn't bet)
Seat 3: Chachhofen (small blind) showed [Ad Ks] and won (610) with a pair of Aces



PokerStars Hand #249470054747: Tournament #3730023714, $1.84+$0.16 USD Hold'em No Limit - Level IV (30/60) - 2024/03/17 15:35:47 CET [2024/03/17 10:35:47 ET]
Table '3730023714 1' 3-max Seat #3 is the button
Seat 2: Mahu2021 (509 in chips) 
Seat 3: Chachhofen (991 in chips) 
Chachhofen: posts small blind 30
Mahu2021: posts big blind 60
*** HOLE CARDS ***
Dealt to Mahu2021 [Jc 6c]
Chachhofen: folds 
Uncalled bet (30) returned to Mahu2021
Mahu2021 collected 60 from pot
Mahu2021: doesn't show hand 
*** SUMMARY ***
Total pot 60 | Rake 0 
Seat 2: Mahu2021 (big blind) collected (60)
Seat 3: Chachhofen (button) (small blind) folded before Flop



PokerStars Hand #249470055653: Tournament #3730023714, $1.84+$0.16 USD Hold'em No Limit - Level IV (30/60) - 2024/03/17 15:35:51 CET [2024/03/17 10:35:51 ET]
Table '3730023714 1' 3-max Seat #2 is the button
Seat 2: Mahu2021 (539 in chips) 
Seat 3: Chachhofen (961 in chips) 
Mahu2021: posts small blind 30
Chachhofen: posts big blind 60
*** HOLE CARDS ***
Dealt to Mahu2021 [Jd 3s]
Mahu2021: calls 30
Chachhofen: raises 120 to 180
Mahu2021: folds 
Uncalled bet (120) returned to Chachhofen
Chachhofen collected 120 from pot
*** SUMMARY ***
Total pot 120 | Rake 0 
Seat 2: Mahu2021 (button) (small blind) folded before Flop
Seat 3: Chachhofen (big blind) collected (120)



PokerStars Hand #249470057789: Tournament #3730023714, $1.84+$0.16 USD Hold'em No Limit - Level IV (30/60) - 2024/03/17 15:35:59 CET [2024/03/17 10:35:59 ET]
Table '3730023714 1' 3-max Seat #3 is the button
Seat 2: Mahu2021 (479 in chips) 
Seat 3: Chachhofen (1021 in chips) 
Chachhofen: posts small blind 30
Mahu2021: posts big blind 60
*** HOLE CARDS ***
Dealt to Mahu2021 [Jd 2c]
Chachhofen: folds 
Uncalled bet (30) returned to Mahu2021
Mahu2021 collected 60 from pot
Mahu2021: doesn't show hand 
*** SUMMARY ***
Total pot 60 | Rake 0 
Seat 2: Mahu2021 (big blind) collected (60)
Seat 3: Chachhofen (button) (small blind) folded before Flop



PokerStars Hand #249470058713: Tournament #3730023714, $1.84+$0.16 USD Hold'em No Limit - Level IV (30/60) - 2024/03/17 15:36:03 CET [2024/03/17 10:36:03 ET]
Table '3730023714 1' 3-max Seat #2 is the button
Seat 2: Mahu2021 (509 in chips) 
Seat 3: Chachhofen (991 in chips) 
Mahu2021: posts small blind 30
Chachhofen: posts big blind 60
*** HOLE CARDS ***
Dealt to Mahu2021 [8d 9c]
Mahu2021: calls 30
Chachhofen: raises 60 to 120
Mahu2021: calls 60
*** FLOP *** [Ks Tc Th]
Chachhofen: bets 60
Mahu2021: folds 
Uncalled bet (60) returned to Chachhofen
Chachhofen collected 240 from pot
*** SUMMARY ***
Total pot 240 | Rake 0 
Board [Ks Tc Th]
Seat 2: Mahu2021 (button) (small blind) folded on the Flop
Seat 3: Chachhofen (big blind) collected (240)



PokerStars Hand #249470061476: Tournament #3730023714, $1.84+$0.16 USD Hold'em No Limit - Level IV (30/60) - 2024/03/17 15:36:14 CET [2024/03/17 10:36:14 ET]
Table '3730023714 1' 3-max Seat #3 is the button
Seat 2: Mahu2021 (389 in chips) 
Seat 3: Chachhofen (1111 in chips) 
Chachhofen: posts small blind 30
Mahu2021: posts big blind 60
*** HOLE CARDS ***
Dealt to Mahu2021 [Qc 2d]
Chachhofen: folds 
Uncalled bet (30) returned to Mahu2021
Mahu2021 collected 60 from pot
Mahu2021: doesn't show hand 
*** SUMMARY ***
Total pot 60 | Rake 0 
Seat 2: Mahu2021 (big blind) collected (60)
Seat 3: Chachhofen (button) (small blind) folded before Flop



PokerStars Hand #249470062380: Tournament #3730023714, $1.84+$0.16 USD Hold'em No Limit - Level IV (30/60) - 2024/03/17 15:36:18 CET [2024/03/17 10:36:18 ET]
Table '3730023714 1' 3-max Seat #2 is the button
Seat 2: Mahu2021 (419 in chips) 
Seat 3: Chachhofen (1081 in chips) 
Mahu2021: posts small blind 30
Chachhofen: posts big blind 60
*** HOLE CARDS ***
Dealt to Mahu2021 [5c 6h]
Mahu2021: folds 
Uncalled bet (30) returned to Chachhofen
Chachhofen collected 60 from pot
*** SUMMARY ***
Total pot 60 | Rake 0 
Seat 2: Mahu2021 (button) (small blind) folded before Flop
Seat 3: Chachhofen (big blind) collected (60)



PokerStars Hand #249470063438: Tournament #3730023714, $1.84+$0.16 USD Hold'em No Limit - Level IV (30/60) - 2024/03/17 15:36:22 CET [2024/03/17 10:36:22 ET]
Table '3730023714 1' 3-max Seat #3 is the button
Seat 2: Mahu2021 (389 in chips) 
Seat 3: Chachhofen (1111 in chips) 
Chachhofen: posts small blind 30
Mahu2021: posts big blind 60
*** HOLE CARDS ***
Dealt to Mahu2021 [3s Jh]
Chachhofen: folds 
Uncalled bet (30) returned to Mahu2021
Mahu2021 collected 60 from pot
Mahu2021: doesn't show hand 
*** SUMMARY ***
Total pot 60 | Rake 0 
Seat 2: Mahu2021 (big blind) collected (60)
Seat 3: Chachhofen (button) (small blind) folded before Flop



PokerStars Hand #249470064304: Tournament #3730023714, $1.84+$0.16 USD Hold'em No Limit - Level IV (30/60) - 2024/03/17 15:36:26 CET [2024/03/17 10:36:26 ET]
Table '3730023714 1' 3-max Seat #2 is the button
Seat 2: Mahu2021 (419 in chips) 
Seat 3: Chachhofen (1081 in chips) 
Mahu2021: posts small blind 30
Chachhofen: posts big blind 60
*** HOLE CARDS ***
Dealt to Mahu2021 [Qc Kc]
Mahu2021: calls 30
Chachhofen: checks 
*** FLOP *** [5s Qd 6s]
Chachhofen: checks 
Mahu2021: bets 60
Chachhofen: folds 
Uncalled bet (60) returned to Mahu2021
Mahu2021 collected 120 from pot
Mahu2021: doesn't show hand 
*** SUMMARY ***
Total pot 120 | Rake 0 
Board [5s Qd 6s]
Seat 2: Mahu2021 (button) (small blind) collected (120)
Seat 3: Chachhofen (big blind) folded on the Flop



PokerStars Hand #249470066674: Tournament #3730023714, $1.84+$0.16 USD Hold'em No Limit - Level IV (30/60) - 2024/03/17 15:36:35 CET [2024/03/17 10:36:35 ET]
Table '3730023714 1' 3-max Seat #3 is the button
Seat 2: Mahu2021 (479 in chips) 
Seat 3: Chachhofen (1021 in chips) 
Chachhofen: posts small blind 30
Mahu2021: posts big blind 60
*** HOLE CARDS ***
Dealt to Mahu2021 [6c Jh]
Chachhofen: folds 
Uncalled bet (30) returned to Mahu2021
Mahu2021 collected 60 from pot
Mahu2021: doesn't show hand 
*** SUMMARY ***
Total pot 60 | Rake 0 
Seat 2: Mahu2021 (big blind) collected (60)
Seat 3: Chachhofen (button) (small blind) folded before Flop



PokerStars Hand #249470067675: Tournament #3730023714, $1.84+$0.16 USD Hold'em No Limit - Level IV (30/60) - 2024/03/17 15:36:39 CET [2024/03/17 10:36:39 ET]
Table '3730023714 1' 3-max Seat #2 is the button
Seat 2: Mahu2021 (509 in chips) 
Seat 3: Chachhofen (991 in chips) 
Mahu2021: posts small blind 30
Chachhofen: posts big blind 60
*** HOLE CARDS ***
Dealt to Mahu2021 [5s 8d]
Mahu2021: folds 
Uncalled bet (30) returned to Chachhofen
Chachhofen collected 60 from pot
*** SUMMARY ***
Total pot 60 | Rake 0 
Seat 2: Mahu2021 (button) (small blind) folded before Flop
Seat 3: Chachhofen (big blind) collected (60)



PokerStars Hand #249470068759: Tournament #3730023714, $1.84+$0.16 USD Hold'em No Limit - Level IV (30/60) - 2024/03/17 15:36:44 CET [2024/03/17 10:36:44 ET]
Table '3730023714 1' 3-max Seat #3 is the button
Seat 2: Mahu2021 (479 in chips) 
Seat 3: Chachhofen (1021 in chips) 
Chachhofen: posts small blind 30
Mahu2021: posts big blind 60
*** HOLE CARDS ***
Dealt to Mahu2021 [Ah Jh]
Chachhofen: raises 60 to 120
Mahu2021: raises 359 to 479 and is all-in
Chachhofen: folds 
Uncalled bet (359) returned to Mahu2021
Mahu2021 collected 240 from pot
Mahu2021: doesn't show hand 
*** SUMMARY ***
Total pot 240 | Rake 0 
Seat 2: Mahu2021 (big blind) collected (240)
Seat 3: Chachhofen (button) (small blind) folded before Flop



PokerStars Hand #249470070866: Tournament #3730023714, $1.84+$0.16 USD Hold'em No Limit - Level IV (30/60) - 2024/03/17 15:36:52 CET [2024/03/17 10:36:52 ET]
Table '3730023714 1' 3-max Seat #2 is the button
Seat 2: Mahu2021 (599 in chips) 
Seat 3: Chachhofen (901 in chips) 
Mahu2021: posts small blind 30
Chachhofen: posts big blind 60
*** HOLE CARDS ***
Dealt to Mahu2021 [4h 4c]
Mahu2021: raises 539 to 599 and is all-in
Chachhofen: folds 
Uncalled bet (539) returned to Mahu2021
Mahu2021 collected 120 from pot
Mahu2021: doesn't show hand 
*** SUMMARY ***
Total pot 120 | Rake 0 
Seat 2: Mahu2021 (button) (small blind) collected (120)
Seat 3: Chachhofen (big blind) folded before Flop



PokerStars Hand #249470072431: Tournament #3730023714, $1.84+$0.16 USD Hold'em No Limit - Level IV (30/60) - 2024/03/17 15:36:58 CET [2024/03/17 10:36:58 ET]
Table '3730023714 1' 3-max Seat #3 is the button
Seat 2: Mahu2021 (659 in chips) 
Seat 3: Chachhofen (841 in chips) 
Chachhofen: posts small blind 30
Mahu2021: posts big blind 60
*** HOLE CARDS ***
Dealt to Mahu2021 [Tc 5c]
Chachhofen: raises 60 to 120
Mahu2021: calls 60
*** FLOP *** [Ac Kh 5h]
Mahu2021: checks 
Chachhofen: bets 120
Mahu2021: folds 
Uncalled bet (120) returned to Chachhofen
Chachhofen collected 240 from pot
*** SUMMARY ***
Total pot 240 | Rake 0 
Board [Ac Kh 5h]
Seat 2: Mahu2021 (big blind) folded on the Flop
Seat 3: Chachhofen (button) (small blind) collected (240)



PokerStars Hand #249470074960: Tournament #3730023714, $1.84+$0.16 USD Hold'em No Limit - Level IV (30/60) - 2024/03/17 15:37:08 CET [2024/03/17 10:37:08 ET]
Table '3730023714 1' 3-max Seat #2 is the button
Seat 2: Mahu2021 (539 in chips) 
Seat 3: Chachhofen (961 in chips) 
Mahu2021: posts small blind 30
Chachhofen: posts big blind 60
*** HOLE CARDS ***
Dealt to Mahu2021 [Kc 2d]
Mahu2021: calls 30
Chachhofen: checks 
*** FLOP *** [Js 4c 8d]
Chachhofen: bets 60
Mahu2021: folds 
Uncalled bet (60) returned to Chachhofen
Chachhofen collected 120 from pot
*** SUMMARY ***
Total pot 120 | Rake 0 
Board [Js 4c 8d]
Seat 2: Mahu2021 (button) (small blind) folded on the Flop
Seat 3: Chachhofen (big blind) collected (120)



PokerStars Hand #249470077097: Tournament #3730023714, $1.84+$0.16 USD Hold'em No Limit - Level IV (30/60) - 2024/03/17 15:37:17 CET [2024/03/17 10:37:17 ET]
Table '3730023714 1' 3-max Seat #3 is the button
Seat 2: Mahu2021 (479 in chips) 
Seat 3: Chachhofen (1021 in chips) 
Chachhofen: posts small blind 30
Mahu2021: posts big blind 60
*** HOLE CARDS ***
Dealt to Mahu2021 [9c 3h]
Chachhofen: raises 72 to 132
Mahu2021: folds 
Uncalled bet (72) returned to Chachhofen
Chachhofen collected 120 from pot
*** SUMMARY ***
Total pot 120 | Rake 0 
Seat 2: Mahu2021 (big blind) folded before Flop
Seat 3: Chachhofen (button) (small blind) collected (120)



PokerStars Hand #249470078400: Tournament #3730023714, $1.84+$0.16 USD Hold'em No Limit - Level IV (30/60) - 2024/03/17 15:37:22 CET [2024/03/17 10:37:22 ET]
Table '3730023714 1' 3-max Seat #2 is the button
Seat 2: Mahu2021 (419 in chips) 
Seat 3: Chachhofen (1081 in chips) 
Mahu2021: posts small blind 30
Chachhofen: posts big blind 60
*** HOLE CARDS ***
Dealt to Mahu2021 [Td 6d]
Mahu2021: calls 30
Chachhofen: raises 120 to 180
Mahu2021: folds 
Uncalled bet (120) returned to Chachhofen
Chachhofen collected 120 from pot
*** SUMMARY ***
Total pot 120 | Rake 0 
Seat 2: Mahu2021 (button) (small blind) folded before Flop
Seat 3: Chachhofen (big blind) collected (120)



PokerStars Hand #249470080120: Tournament #3730023714, $1.84+$0.16 USD Hold'em No Limit - Level IV (30/60) - 2024/03/17 15:37:29 CET [2024/03/17 10:37:29 ET]
Table '3730023714 1' 3-max Seat #3 is the button
Seat 2: Mahu2021 (359 in chips) 
Seat 3: Chachhofen (1141 in chips) 
Chachhofen: posts small blind 30
Mahu2021: posts big blind 60
*** HOLE CARDS ***
Dealt to Mahu2021 [9h 3h]
Chachhofen: raises 60 to 120
Mahu2021: folds 
Uncalled bet (60) returned to Chachhofen
Chachhofen collected 120 from pot
*** SUMMARY ***
Total pot 120 | Rake 0 
Seat 2: Mahu2021 (big blind) folded before Flop
Seat 3: Chachhofen (button) (small blind) collected (120)



PokerStars Hand #249470082080: Tournament #3730023714, $1.84+$0.16 USD Hold'em No Limit - Level V (40/80) - 2024/03/17 15:37:37 CET [2024/03/17 10:37:37 ET]
Table '3730023714 1' 3-max Seat #2 is the button
Seat 2: Mahu2021 (299 in chips) 
Seat 3: Chachhofen (1201 in chips) 
Mahu2021: posts small blind 40
Chachhofen: posts big blind 80
*** HOLE CARDS ***
Dealt to Mahu2021 [9d Ac]
Mahu2021: calls 40
Chachhofen: checks 
*** FLOP *** [Kd Ks 2s]
Chachhofen: checks 
Mahu2021: bets 219 and is all-in
Chachhofen: folds 
Uncalled bet (219) returned to Mahu2021
Mahu2021 collected 160 from pot
Mahu2021: doesn't show hand 
*** SUMMARY ***
Total pot 160 | Rake 0 
Board [Kd Ks 2s]
Seat 2: Mahu2021 (button) (small blind) collected (160)
Seat 3: Chachhofen (big blind) folded on the Flop



PokerStars Hand #249470084504: Tournament #3730023714, $1.84+$0.16 USD Hold'em No Limit - Level V (40/80) - 2024/03/17 15:37:47 CET [2024/03/17 10:37:47 ET]
Table '3730023714 1' 3-max Seat #3 is the button
Seat 2: Mahu2021 (379 in chips) 
Seat 3: Chachhofen (1121 in chips) 
Chachhofen: posts small blind 40
Mahu2021: posts big blind 80
*** HOLE CARDS ***
Dealt to Mahu2021 [3s Qs]
Chachhofen: raises 1041 to 1121 and is all-in
Mahu2021: folds 
Uncalled bet (1041) returned to Chachhofen
Chachhofen collected 160 from pot
*** SUMMARY ***
Total pot 160 | Rake 0 
Seat 2: Mahu2021 (big blind) folded before Flop
Seat 3: Chachhofen (button) (small blind) collected (160)



PokerStars Hand #249470085971: Tournament #3730023714, $1.84+$0.16 USD Hold'em No Limit - Level V (40/80) - 2024/03/17 15:37:53 CET [2024/03/17 10:37:53 ET]
Table '3730023714 1' 3-max Seat #2 is the button
Seat 2: Mahu2021 (299 in chips) 
Seat 3: Chachhofen (1201 in chips) 
Mahu2021: posts small blind 40
Chachhofen: posts big blind 80
*** HOLE CARDS ***
Dealt to Mahu2021 [3d 2h]
Mahu2021: folds 
Uncalled bet (40) returned to Chachhofen
Chachhofen collected 80 from pot
*** SUMMARY ***
Total pot 80 | Rake 0 
Seat 2: Mahu2021 (button) (small blind) folded before Flop
Seat 3: Chachhofen (big blind) collected (80)



PokerStars Hand #249470087036: Tournament #3730023714, $1.84+$0.16 USD Hold'em No Limit - Level V (40/80) - 2024/03/17 15:37:57 CET [2024/03/17 10:37:57 ET]
Table '3730023714 1' 3-max Seat #3 is the button
Seat 2: Mahu2021 (259 in chips) 
Seat 3: Chachhofen (1241 in chips) 
Chachhofen: posts small blind 40
Mahu2021: posts big blind 80
*** HOLE CARDS ***
Dealt to Mahu2021 [2s 9c]
Chachhofen: raises 1161 to 1241 and is all-in
Mahu2021: folds 
Uncalled bet (1161) returned to Chachhofen
Chachhofen collected 160 from pot
*** SUMMARY ***
Total pot 160 | Rake 0 
Seat 2: Mahu2021 (big blind) folded before Flop
Seat 3: Chachhofen (button) (small blind) collected (160)



PokerStars Hand #249470088191: Tournament #3730023714, $1.84+$0.16 USD Hold'em No Limit - Level V (40/80) - 2024/03/17 15:38:02 CET [2024/03/17 10:38:02 ET]
Table '3730023714 1' 3-max Seat #2 is the button
Seat 2: Mahu2021 (179 in chips) 
Seat 3: Chachhofen (1321 in chips) 
Mahu2021: posts small blind 40
Chachhofen: posts big blind 80
*** HOLE CARDS ***
Dealt to Mahu2021 [7d Js]
Mahu2021: raises 99 to 179 and is all-in
Chachhofen: folds 
Uncalled bet (99) returned to Mahu2021
Mahu2021 collected 160 from pot
Mahu2021: doesn't show hand 
*** SUMMARY ***
Total pot 160 | Rake 0 
Seat 2: Mahu2021 (button) (small blind) collected (160)
Seat 3: Chachhofen (big blind) folded before Flop



PokerStars Hand #249470089789: Tournament #3730023714, $1.84+$0.16 USD Hold'em No Limit - Level V (40/80) - 2024/03/17 15:38:08 CET [2024/03/17 10:38:08 ET]
Table '3730023714 1' 3-max Seat #3 is the button
Seat 2: Mahu2021 (259 in chips) 
Seat 3: Chachhofen (1241 in chips) 
Chachhofen: posts small blind 40
Mahu2021: posts big blind 80
*** HOLE CARDS ***
Dealt to Mahu2021 [Ac 4s]
Chachhofen: raises 1161 to 1241 and is all-in
Mahu2021: calls 179 and is all-in
Uncalled bet (982) returned to Chachhofen
*** FLOP *** [3s 5h 3d]
*** TURN *** [3s 5h 3d] [Kd]
*** RIVER *** [3s 5h 3d Kd] [2s]
*** SHOW DOWN ***
Mahu2021: shows [Ac 4s] (a straight, Ace to Five)
Chachhofen: shows [3h Qh] (three of a kind, Threes)
Mahu2021 collected 518 from pot
*** SUMMARY ***
Total pot 518 | Rake 0 
Board [3s 5h 3d Kd 2s]
Seat 2: Mahu2021 (big blind) showed [Ac 4s] and won (518) with a straight, Ace to Five
Seat 3: Chachhofen (button) (small blind) showed [3h Qh] and lost with three of a kind, Threes



PokerStars Hand #249470092642: Tournament #3730023714, $1.84+$0.16 USD Hold'em No Limit - Level V (40/80) - 2024/03/17 15:38:20 CET [2024/03/17 10:38:20 ET]
Table '3730023714 1' 3-max Seat #2 is the button
Seat 2: Mahu2021 (518 in chips) 
Seat 3: Chachhofen (982 in chips) 
Mahu2021: posts small blind 40
Chachhofen: posts big blind 80
*** HOLE CARDS ***
Dealt to Mahu2021 [9h 3s]
Mahu2021: folds 
Uncalled bet (40) returned to Chachhofen
Chachhofen collected 80 from pot
*** SUMMARY ***
Total pot 80 | Rake 0 
Seat 2: Mahu2021 (button) (small blind) folded before Flop
Seat 3: Chachhofen (big blind) collected (80)



PokerStars Hand #249470093728: Tournament #3730023714, $1.84+$0.16 USD Hold'em No Limit - Level V (40/80) - 2024/03/17 15:38:24 CET [2024/03/17 10:38:24 ET]
Table '3730023714 1' 3-max Seat #3 is the button
Seat 2: Mahu2021 (478 in chips) 
Seat 3: Chachhofen (1022 in chips) 
Chachhofen: posts small blind 40
Mahu2021: posts big blind 80
*** HOLE CARDS ***
Dealt to Mahu2021 [3c Qc]
Chachhofen: raises 80 to 160
Mahu2021: calls 80
*** FLOP *** [Kc 2c 6s]
Mahu2021: bets 318 and is all-in
Chachhofen: folds 
Uncalled bet (318) returned to Mahu2021
Mahu2021 collected 320 from pot
Mahu2021: doesn't show hand 
*** SUMMARY ***
Total pot 320 | Rake 0 
Board [Kc 2c 6s]
Seat 2: Mahu2021 (big blind) collected (320)
Seat 3: Chachhofen (button) (small blind) folded on the Flop



PokerStars Hand #249470095930: Tournament #3730023714, $1.84+$0.16 USD Hold'em No Limit - Level V (40/80) - 2024/03/17 15:38:33 CET [2024/03/17 10:38:33 ET]
Table '3730023714 1' 3-max Seat #2 is the button
Seat 2: Mahu2021 (638 in chips) 
Seat 3: Chachhofen (862 in chips) 
Mahu2021: posts small blind 40
Chachhofen: posts big blind 80
*** HOLE CARDS ***
Dealt to Mahu2021 [Jc Ad]
Mahu2021: calls 40
Chachhofen: raises 160 to 240
Mahu2021: raises 398 to 638 and is all-in
Chachhofen: calls 398
*** FLOP *** [Th Qc 3h]
*** TURN *** [Th Qc 3h] [3d]
*** RIVER *** [Th Qc 3h 3d] [5h]
*** SHOW DOWN ***
Chachhofen: shows [Ac 7c] (a pair of Threes)
Mahu2021: shows [Jc Ad] (a pair of Threes - Ace+Queen+Jack kicker)
Mahu2021 collected 1276 from pot
*** SUMMARY ***
Total pot 1276 | Rake 0 
Board [Th Qc 3h 3d 5h]
Seat 2: Mahu2021 (button) (small blind) showed [Jc Ad] and won (1276) with a pair of Threes
Seat 3: Chachhofen (big blind) showed [Ac 7c] and lost with a pair of Threes



PokerStars Hand #249470099754: Tournament #3730023714, $1.84+$0.16 USD Hold'em No Limit - Level V (40/80) - 2024/03/17 15:38:48 CET [2024/03/17 10:38:48 ET]
Table '3730023714 1' 3-max Seat #3 is the button
Seat 2: Mahu2021 (1276 in chips) 
Seat 3: Chachhofen (224 in chips) 
Chachhofen: posts small blind 40
Mahu2021: posts big blind 80
*** HOLE CARDS ***
Dealt to Mahu2021 [9h 5d]
Chachhofen: raises 144 to 224 and is all-in
Mahu2021: folds 
Uncalled bet (144) returned to Chachhofen
Chachhofen collected 160 from pot
*** SUMMARY ***
Total pot 160 | Rake 0 
Seat 2: Mahu2021 (big blind) folded before Flop
Seat 3: Chachhofen (button) (small blind) collected (160)



PokerStars Hand #249470101040: Tournament #3730023714, $1.84+$0.16 USD Hold'em No Limit - Level V (40/80) - 2024/03/17 15:38:54 CET [2024/03/17 10:38:54 ET]
Table '3730023714 1' 3-max Seat #2 is the button
Seat 2: Mahu2021 (1196 in chips) 
Seat 3: Chachhofen (304 in chips) 
Mahu2021: posts small blind 40
Chachhofen: posts big blind 80
*** HOLE CARDS ***
Dealt to Mahu2021 [Ac Jd]
Mahu2021: calls 40
Chachhofen: checks 
*** FLOP *** [9c 8s Js]
Chachhofen: checks 
Mahu2021: bets 80
Chachhofen: folds 
Uncalled bet (80) returned to Mahu2021
Mahu2021 collected 160 from pot
Mahu2021: doesn't show hand 
*** SUMMARY ***
Total pot 160 | Rake 0 
Board [9c 8s Js]
Seat 2: Mahu2021 (button) (small blind) collected (160)
Seat 3: Chachhofen (big blind) folded on the Flop



PokerStars Hand #249470103597: Tournament #3730023714, $1.84+$0.16 USD Hold'em No Limit - Level V (40/80) - 2024/03/17 15:39:04 CET [2024/03/17 10:39:04 ET]
Table '3730023714 1' 3-max Seat #3 is the button
Seat 2: Mahu2021 (1276 in chips) 
Seat 3: Chachhofen (224 in chips) 
Chachhofen: posts small blind 40
Mahu2021: posts big blind 80
*** HOLE CARDS ***
Dealt to Mahu2021 [Js 7s]
Chachhofen: raises 144 to 224 and is all-in
Mahu2021: calls 144
*** FLOP *** [Tc 2h Qc]
*** TURN *** [Tc 2h Qc] [9s]
*** RIVER *** [Tc 2h Qc 9s] [Jh]
*** SHOW DOWN ***
Mahu2021: shows [Js 7s] (a pair of Jacks)
Chachhofen: shows [6s 4s] (high card Queen)
Mahu2021 collected 448 from pot
Chachhofen finished the tournament in 2nd place
Mahu2021 wins the tournament and receives $4.00 - congratulations!
*** SUMMARY ***
Total pot 448 | Rake 0 
Board [Tc 2h Qc 9s Jh]
Seat 2: Mahu2021 (big blind) showed [Js 7s] and won (448) with a pair of Jacks
Seat 3: Chachhofen (button) (small blind) showed [6s 4s] and lost with high card Queen



