PokerStars Hand #254047672896: Tournament #3838733263, $1.84+$0.16 USD Hold'em No Limit - Level I (10/20) - 2024/12/27 8:16:09 CET [2024/12/27 2:16:09 ET]
Table '3838733263 1' 3-max Seat #1 is the button
Seat 1: Mahu2021 (500 in chips) 
Seat 2: eeeeiiiiiiii (500 in chips) 
Seat 3: AcesFull2591 (500 in chips) 
eeeeiiiiiiii: posts small blind 10
AcesFull2591: posts big blind 20
*** HOLE CARDS ***
Dealt to Mahu2021 [4d 2s]
Mahu2021: folds 
eeeeiiiiiiii: calls 10
AcesFull2591: checks 
*** FLOP *** [8s As Ah]
eeeeiiiiiiii: checks 
AcesFull2591: checks 
*** TURN *** [8s As Ah] [Kc]
eeeeiiiiiiii: checks 
AcesFull2591: bets 20
eeeeiiiiiiii: calls 20
*** RIVER *** [8s As Ah Kc] [4s]
eeeeiiiiiiii: checks 
AcesFull2591: checks 
*** SHOW DOWN ***
eeeeiiiiiiii: shows [2d 3c] (a pair of Aces)
AcesFull2591: shows [2h Jd] (a pair of Aces - King+Jack kicker)
AcesFull2591 collected 80 from pot
*** SUMMARY ***
Total pot 80 | Rake 0 
Board [8s As Ah Kc 4s]
Seat 1: Mahu2021 (button) folded before Flop (didn't bet)
Seat 2: eeeeiiiiiiii (small blind) showed [2d 3c] and lost with a pair of Aces
Seat 3: AcesFull2591 (big blind) showed [2h Jd] and won (80) with a pair of Aces



PokerStars Hand #254047674980: Tournament #3838733263, $1.84+$0.16 USD Hold'em No Limit - Level I (10/20) - 2024/12/27 8:16:37 CET [2024/12/27 2:16:37 ET]
Table '3838733263 1' 3-max Seat #2 is the button
Seat 1: Mahu2021 (500 in chips) 
Seat 2: eeeeiiiiiiii (460 in chips) 
Seat 3: AcesFull2591 (540 in chips) 
AcesFull2591: posts small blind 10
Mahu2021: posts big blind 20
*** HOLE CARDS ***
Dealt to Mahu2021 [7h Th]
eeeeiiiiiiii: calls 20
AcesFull2591: folds 
Mahu2021: checks 
*** FLOP *** [9d 7s 5h]
Mahu2021: checks 
eeeeiiiiiiii: checks 
*** TURN *** [9d 7s 5h] [5s]
Mahu2021: bets 20
eeeeiiiiiiii: calls 20
*** RIVER *** [9d 7s 5h 5s] [3c]
Mahu2021: bets 20
eeeeiiiiiiii: calls 20
*** SHOW DOWN ***
Mahu2021: shows [7h Th] (two pair, Sevens and Fives)
eeeeiiiiiiii: mucks hand 
Mahu2021 collected 130 from pot
*** SUMMARY ***
Total pot 130 | Rake 0 
Board [9d 7s 5h 5s 3c]
Seat 1: Mahu2021 (big blind) showed [7h Th] and won (130) with two pair, Sevens and Fives
Seat 2: eeeeiiiiiiii (button) mucked [Ac 3d]
Seat 3: AcesFull2591 (small blind) folded before Flop



PokerStars Hand #254047676522: Tournament #3838733263, $1.84+$0.16 USD Hold'em No Limit - Level I (10/20) - 2024/12/27 8:16:59 CET [2024/12/27 2:16:59 ET]
Table '3838733263 1' 3-max Seat #3 is the button
Seat 1: Mahu2021 (570 in chips) 
Seat 2: eeeeiiiiiiii (400 in chips) 
Seat 3: AcesFull2591 (530 in chips) 
Mahu2021: posts small blind 10
eeeeiiiiiiii: posts big blind 20
*** HOLE CARDS ***
Dealt to Mahu2021 [Ad Ks]
AcesFull2591 has timed out
AcesFull2591: folds 
AcesFull2591 is sitting out
Mahu2021: raises 40 to 60
AcesFull2591 has returned
eeeeiiiiiiii: calls 40
*** FLOP *** [Jh 6c 5s]
Mahu2021: checks 
eeeeiiiiiiii: bets 60
Mahu2021: folds 
Uncalled bet (60) returned to eeeeiiiiiiii
eeeeiiiiiiii collected 120 from pot
*** SUMMARY ***
Total pot 120 | Rake 0 
Board [Jh 6c 5s]
Seat 1: Mahu2021 (small blind) folded on the Flop
Seat 2: eeeeiiiiiiii (big blind) collected (120)
Seat 3: AcesFull2591 (button) folded before Flop (didn't bet)



PokerStars Hand #254047678289: Tournament #3838733263, $1.84+$0.16 USD Hold'em No Limit - Level I (10/20) - 2024/12/27 8:17:23 CET [2024/12/27 2:17:23 ET]
Table '3838733263 1' 3-max Seat #1 is the button
Seat 1: Mahu2021 (510 in chips) 
Seat 2: eeeeiiiiiiii (460 in chips) 
Seat 3: AcesFull2591 (530 in chips) 
eeeeiiiiiiii: posts small blind 10
AcesFull2591: posts big blind 20
*** HOLE CARDS ***
Dealt to Mahu2021 [9h 3d]
Mahu2021: folds 
eeeeiiiiiiii: calls 10
AcesFull2591: checks 
*** FLOP *** [Qc Kc Ah]
eeeeiiiiiiii: checks 
AcesFull2591: checks 
*** TURN *** [Qc Kc Ah] [9d]
eeeeiiiiiiii: bets 20
AcesFull2591: folds 
Uncalled bet (20) returned to eeeeiiiiiiii
eeeeiiiiiiii collected 40 from pot
*** SUMMARY ***
Total pot 40 | Rake 0 
Board [Qc Kc Ah 9d]
Seat 1: Mahu2021 (button) folded before Flop (didn't bet)
Seat 2: eeeeiiiiiiii (small blind) collected (40)
Seat 3: AcesFull2591 (big blind) folded on the Turn



PokerStars Hand #254047679631: Tournament #3838733263, $1.84+$0.16 USD Hold'em No Limit - Level I (10/20) - 2024/12/27 8:17:40 CET [2024/12/27 2:17:40 ET]
Table '3838733263 1' 3-max Seat #2 is the button
Seat 1: Mahu2021 (510 in chips) 
Seat 2: eeeeiiiiiiii (480 in chips) 
Seat 3: AcesFull2591 (510 in chips) 
AcesFull2591: posts small blind 10
Mahu2021: posts big blind 20
*** HOLE CARDS ***
Dealt to Mahu2021 [6c 9h]
eeeeiiiiiiii: calls 20
AcesFull2591: folds 
Mahu2021: checks 
*** FLOP *** [9s Td 7h]
Mahu2021: checks 
eeeeiiiiiiii: bets 20
Mahu2021: calls 20
*** TURN *** [9s Td 7h] [As]
Mahu2021: checks 
eeeeiiiiiiii: bets 20
Mahu2021: calls 20
*** RIVER *** [9s Td 7h As] [Qc]
Mahu2021: checks 
eeeeiiiiiiii: bets 80
Mahu2021: folds 
Uncalled bet (80) returned to eeeeiiiiiiii
eeeeiiiiiiii collected 130 from pot
*** SUMMARY ***
Total pot 130 | Rake 0 
Board [9s Td 7h As Qc]
Seat 1: Mahu2021 (big blind) folded on the River
Seat 2: eeeeiiiiiiii (button) collected (130)
Seat 3: AcesFull2591 (small blind) folded before Flop



PokerStars Hand #254047681189: Tournament #3838733263, $1.84+$0.16 USD Hold'em No Limit - Level I (10/20) - 2024/12/27 8:18:02 CET [2024/12/27 2:18:02 ET]
Table '3838733263 1' 3-max Seat #3 is the button
Seat 1: Mahu2021 (450 in chips) 
Seat 2: eeeeiiiiiiii (550 in chips) 
Seat 3: AcesFull2591 (500 in chips) 
Mahu2021: posts small blind 10
eeeeiiiiiiii: posts big blind 20
*** HOLE CARDS ***
Dealt to Mahu2021 [Jh 3c]
AcesFull2591: folds 
Mahu2021: folds 
Uncalled bet (10) returned to eeeeiiiiiiii
eeeeiiiiiiii collected 20 from pot
*** SUMMARY ***
Total pot 20 | Rake 0 
Seat 1: Mahu2021 (small blind) folded before Flop
Seat 2: eeeeiiiiiiii (big blind) collected (20)
Seat 3: AcesFull2591 (button) folded before Flop (didn't bet)



PokerStars Hand #254047681843: Tournament #3838733263, $1.84+$0.16 USD Hold'em No Limit - Level I (10/20) - 2024/12/27 8:18:10 CET [2024/12/27 2:18:10 ET]
Table '3838733263 1' 3-max Seat #1 is the button
Seat 1: Mahu2021 (440 in chips) 
Seat 2: eeeeiiiiiiii (560 in chips) 
Seat 3: AcesFull2591 (500 in chips) 
eeeeiiiiiiii: posts small blind 10
AcesFull2591: posts big blind 20
*** HOLE CARDS ***
Dealt to Mahu2021 [2h Tc]
Mahu2021: folds 
eeeeiiiiiiii: calls 10
AcesFull2591: checks 
*** FLOP *** [Qs 9h 4d]
eeeeiiiiiiii: checks 
AcesFull2591: checks 
*** TURN *** [Qs 9h 4d] [Kd]
eeeeiiiiiiii: bets 40
AcesFull2591: folds 
Uncalled bet (40) returned to eeeeiiiiiiii
eeeeiiiiiiii collected 40 from pot
*** SUMMARY ***
Total pot 40 | Rake 0 
Board [Qs 9h 4d Kd]
Seat 1: Mahu2021 (button) folded before Flop (didn't bet)
Seat 2: eeeeiiiiiiii (small blind) collected (40)
Seat 3: AcesFull2591 (big blind) folded on the Turn



PokerStars Hand #254047683550: Tournament #3838733263, $1.84+$0.16 USD Hold'em No Limit - Level II (15/30) - 2024/12/27 8:18:33 CET [2024/12/27 2:18:33 ET]
Table '3838733263 1' 3-max Seat #2 is the button
Seat 1: Mahu2021 (440 in chips) 
Seat 2: eeeeiiiiiiii (580 in chips) 
Seat 3: AcesFull2591 (480 in chips) 
AcesFull2591: posts small blind 15
Mahu2021: posts big blind 30
*** HOLE CARDS ***
Dealt to Mahu2021 [4d Td]
eeeeiiiiiiii: calls 30
AcesFull2591: folds 
Mahu2021: checks 
*** FLOP *** [4h 5c 9d]
Mahu2021: checks 
eeeeiiiiiiii: bets 30
Mahu2021: calls 30
*** TURN *** [4h 5c 9d] [6d]
Mahu2021: checks 
eeeeiiiiiiii: bets 120
Mahu2021: calls 120
*** RIVER *** [4h 5c 9d 6d] [7s]
Mahu2021: checks 
eeeeiiiiiiii: checks 
*** SHOW DOWN ***
Mahu2021: shows [4d Td] (a pair of Fours)
eeeeiiiiiiii: shows [Js Jc] (a pair of Jacks)
eeeeiiiiiiii collected 375 from pot
*** SUMMARY ***
Total pot 375 | Rake 0 
Board [4h 5c 9d 6d 7s]
Seat 1: Mahu2021 (big blind) showed [4d Td] and lost with a pair of Fours
Seat 2: eeeeiiiiiiii (button) showed [Js Jc] and won (375) with a pair of Jacks
Seat 3: AcesFull2591 (small blind) folded before Flop



PokerStars Hand #254047685446: Tournament #3838733263, $1.84+$0.16 USD Hold'em No Limit - Level II (15/30) - 2024/12/27 8:18:59 CET [2024/12/27 2:18:59 ET]
Table '3838733263 1' 3-max Seat #3 is the button
Seat 1: Mahu2021 (260 in chips) 
Seat 2: eeeeiiiiiiii (775 in chips) 
Seat 3: AcesFull2591 (465 in chips) 
Mahu2021: posts small blind 15
eeeeiiiiiiii: posts big blind 30
*** HOLE CARDS ***
Dealt to Mahu2021 [6c Ad]
AcesFull2591: folds 
Mahu2021: raises 230 to 260 and is all-in
eeeeiiiiiiii: folds 
Uncalled bet (230) returned to Mahu2021
Mahu2021 collected 60 from pot
Mahu2021: doesn't show hand 
*** SUMMARY ***
Total pot 60 | Rake 0 
Seat 1: Mahu2021 (small blind) collected (60)
Seat 2: eeeeiiiiiiii (big blind) folded before Flop
Seat 3: AcesFull2591 (button) folded before Flop (didn't bet)



PokerStars Hand #254047686252: Tournament #3838733263, $1.84+$0.16 USD Hold'em No Limit - Level II (15/30) - 2024/12/27 8:19:10 CET [2024/12/27 2:19:10 ET]
Table '3838733263 1' 3-max Seat #1 is the button
Seat 1: Mahu2021 (290 in chips) 
Seat 2: eeeeiiiiiiii (745 in chips) 
Seat 3: AcesFull2591 (465 in chips) 
eeeeiiiiiiii: posts small blind 15
AcesFull2591: posts big blind 30
*** HOLE CARDS ***
Dealt to Mahu2021 [9s Kd]
Mahu2021: raises 30 to 60
eeeeiiiiiiii: folds 
AcesFull2591: raises 405 to 465 and is all-in
Mahu2021: calls 230 and is all-in
Uncalled bet (175) returned to AcesFull2591
*** FLOP *** [Jh 3h Ah]
*** TURN *** [Jh 3h Ah] [Th]
*** RIVER *** [Jh 3h Ah Th] [4c]
*** SHOW DOWN ***
AcesFull2591: shows [8s As] (a pair of Aces)
Mahu2021: shows [9s Kd] (high card Ace)
AcesFull2591 collected 595 from pot
Mahu2021 finished the tournament in 3rd place
*** SUMMARY ***
Total pot 595 | Rake 0 
Board [Jh 3h Ah Th 4c]
Seat 1: Mahu2021 (button) showed [9s Kd] and lost with high card Ace
Seat 2: eeeeiiiiiiii (small blind) folded before Flop
Seat 3: AcesFull2591 (big blind) showed [8s As] and won (595) with a pair of Aces



