PokerStars Hand #254185787188: Tournament #3842547081, $1.84+$0.16 USD Hold'em No Limit - Level I (10/20) - 2025/01/04 8:54:32 CET [2025/01/04 2:54:32 ET]
Table '3842547081 1' 3-max Seat #1 is the button
Seat 1: Mahu2021 (500 in chips) 
Seat 2: Devinyl888 (500 in chips) 
Seat 3: saca217 (500 in chips) 
Devinyl888: posts small blind 10
saca217: posts big blind 20
*** HOLE CARDS ***
Dealt to Mahu2021 [9d Td]
Mahu2021: raises 20 to 40
Devinyl888: folds 
saca217: calls 20
*** FLOP *** [5s 5c Qc]
saca217: checks 
Mahu2021: checks 
*** TURN *** [5s 5c Qc] [Jc]
saca217: checks 
Mahu2021: bets 90
saca217: folds 
Uncalled bet (90) returned to Mahu2021
Mahu2021 collected 90 from pot
Mahu2021: doesn't show hand 
*** SUMMARY ***
Total pot 90 | Rake 0 
Board [5s 5c Qc Jc]
Seat 1: Mahu2021 (button) collected (90)
Seat 2: Devinyl888 (small blind) folded before Flop
Seat 3: saca217 (big blind) folded on the Turn



PokerStars Hand #254185790266: Tournament #3842547081, $1.84+$0.16 USD Hold'em No Limit - Level I (10/20) - 2025/01/04 8:55:09 CET [2025/01/04 2:55:09 ET]
Table '3842547081 1' 3-max Seat #2 is the button
Seat 1: Mahu2021 (550 in chips) 
Seat 2: Devinyl888 (490 in chips) 
Seat 3: saca217 (460 in chips) 
saca217: posts small blind 10
Mahu2021: posts big blind 20
*** HOLE CARDS ***
Dealt to Mahu2021 [5c 6c]
Devinyl888: folds 
saca217: raises 20 to 40
Mahu2021: calls 20
*** FLOP *** [Ks 7d Jh]
saca217: bets 40
Mahu2021: folds 
Uncalled bet (40) returned to saca217
saca217 collected 80 from pot
*** SUMMARY ***
Total pot 80 | Rake 0 
Board [Ks 7d Jh]
Seat 1: Mahu2021 (big blind) folded on the Flop
Seat 2: Devinyl888 (button) folded before Flop (didn't bet)
Seat 3: saca217 (small blind) collected (80)



PokerStars Hand #254185791141: Tournament #3842547081, $1.84+$0.16 USD Hold'em No Limit - Level I (10/20) - 2025/01/04 8:55:20 CET [2025/01/04 2:55:20 ET]
Table '3842547081 1' 3-max Seat #3 is the button
Seat 1: Mahu2021 (510 in chips) 
Seat 2: Devinyl888 (490 in chips) 
Seat 3: saca217 (500 in chips) 
Mahu2021: posts small blind 10
Devinyl888: posts big blind 20
*** HOLE CARDS ***
Dealt to Mahu2021 [Ts 5h]
saca217: calls 20
Mahu2021: folds 
Devinyl888: checks 
*** FLOP *** [3s 3h 6s]
Devinyl888: checks 
saca217: checks 
*** TURN *** [3s 3h 6s] [Jd]
Devinyl888: checks 
saca217: checks 
*** RIVER *** [3s 3h 6s Jd] [3d]
Devinyl888: bets 50
saca217: folds 
Uncalled bet (50) returned to Devinyl888
Devinyl888 collected 50 from pot
*** SUMMARY ***
Total pot 50 | Rake 0 
Board [3s 3h 6s Jd 3d]
Seat 1: Mahu2021 (small blind) folded before Flop
Seat 2: Devinyl888 (big blind) collected (50)
Seat 3: saca217 (button) folded on the River



PokerStars Hand #254185792811: Tournament #3842547081, $1.84+$0.16 USD Hold'em No Limit - Level I (10/20) - 2025/01/04 8:55:44 CET [2025/01/04 2:55:44 ET]
Table '3842547081 1' 3-max Seat #1 is the button
Seat 1: Mahu2021 (500 in chips) 
Seat 2: Devinyl888 (520 in chips) 
Seat 3: saca217 (480 in chips) 
Devinyl888: posts small blind 10
saca217: posts big blind 20
*** HOLE CARDS ***
Dealt to Mahu2021 [5h Th]
Mahu2021: folds 
Devinyl888: calls 10
saca217: checks 
*** FLOP *** [Jh Kd 8h]
Devinyl888: checks 
saca217: checks 
*** TURN *** [Jh Kd 8h] [Jc]
Devinyl888: checks 
saca217: checks 
*** RIVER *** [Jh Kd 8h Jc] [9c]
Devinyl888: checks 
saca217: checks 
*** SHOW DOWN ***
Devinyl888: shows [Ah 7s] (a pair of Jacks)
saca217: shows [8c 6h] (two pair, Jacks and Eights)
saca217 collected 40 from pot
*** SUMMARY ***
Total pot 40 | Rake 0 
Board [Jh Kd 8h Jc 9c]
Seat 1: Mahu2021 (button) folded before Flop (didn't bet)
Seat 2: Devinyl888 (small blind) showed [Ah 7s] and lost with a pair of Jacks
Seat 3: saca217 (big blind) showed [8c 6h] and won (40) with two pair, Jacks and Eights



PokerStars Hand #254185794010: Tournament #3842547081, $1.84+$0.16 USD Hold'em No Limit - Level I (10/20) - 2025/01/04 8:56:01 CET [2025/01/04 2:56:01 ET]
Table '3842547081 1' 3-max Seat #2 is the button
Seat 1: Mahu2021 (500 in chips) 
Seat 2: Devinyl888 (500 in chips) 
Seat 3: saca217 (500 in chips) 
saca217: posts small blind 10
Mahu2021: posts big blind 20
*** HOLE CARDS ***
Dealt to Mahu2021 [Kd Th]
Devinyl888: calls 20
saca217: folds 
Mahu2021: checks 
*** FLOP *** [3s 3h 7h]
Mahu2021: checks 
Devinyl888: checks 
*** TURN *** [3s 3h 7h] [Qs]
Mahu2021: checks 
Devinyl888: checks 
*** RIVER *** [3s 3h 7h Qs] [Ah]
Mahu2021: checks 
Devinyl888: checks 
*** SHOW DOWN ***
Mahu2021: shows [Kd Th] (a pair of Threes)
Devinyl888: mucks hand 
Mahu2021 collected 50 from pot
*** SUMMARY ***
Total pot 50 | Rake 0 
Board [3s 3h 7h Qs Ah]
Seat 1: Mahu2021 (big blind) showed [Kd Th] and won (50) with a pair of Threes
Seat 2: Devinyl888 (button) mucked [2s Ts]
Seat 3: saca217 (small blind) folded before Flop



PokerStars Hand #254185795265: Tournament #3842547081, $1.84+$0.16 USD Hold'em No Limit - Level I (10/20) - 2025/01/04 8:56:18 CET [2025/01/04 2:56:18 ET]
Table '3842547081 1' 3-max Seat #3 is the button
Seat 1: Mahu2021 (530 in chips) 
Seat 2: Devinyl888 (480 in chips) 
Seat 3: saca217 (490 in chips) 
Mahu2021: posts small blind 10
Devinyl888: posts big blind 20
*** HOLE CARDS ***
Dealt to Mahu2021 [2d 6c]
saca217: calls 20
Mahu2021: folds 
Devinyl888: checks 
*** FLOP *** [3d Qs 3c]
Devinyl888: checks 
saca217: checks 
*** TURN *** [3d Qs 3c] [Kd]
Devinyl888: checks 
saca217: checks 
*** RIVER *** [3d Qs 3c Kd] [Ts]
Devinyl888: bets 50
saca217: folds 
Uncalled bet (50) returned to Devinyl888
Devinyl888 collected 50 from pot
*** SUMMARY ***
Total pot 50 | Rake 0 
Board [3d Qs 3c Kd Ts]
Seat 1: Mahu2021 (small blind) folded before Flop
Seat 2: Devinyl888 (big blind) collected (50)
Seat 3: saca217 (button) folded on the River



PokerStars Hand #254185797187: Tournament #3842547081, $1.84+$0.16 USD Hold'em No Limit - Level I (10/20) - 2025/01/04 8:56:45 CET [2025/01/04 2:56:45 ET]
Table '3842547081 1' 3-max Seat #1 is the button
Seat 1: Mahu2021 (520 in chips) 
Seat 2: Devinyl888 (510 in chips) 
Seat 3: saca217 (470 in chips) 
Devinyl888: posts small blind 10
saca217: posts big blind 20
*** HOLE CARDS ***
Dealt to Mahu2021 [9c 8d]
Mahu2021: folds 
Devinyl888: calls 10
saca217: checks 
*** FLOP *** [7h Ac 3h]
Devinyl888: checks 
saca217: checks 
*** TURN *** [7h Ac 3h] [2c]
Devinyl888: checks 
saca217: checks 
*** RIVER *** [7h Ac 3h 2c] [9d]
Devinyl888: checks 
saca217: checks 
*** SHOW DOWN ***
Devinyl888: shows [2h 6h] (a pair of Deuces)
saca217: mucks hand 
Devinyl888 collected 40 from pot
*** SUMMARY ***
Total pot 40 | Rake 0 
Board [7h Ac 3h 2c 9d]
Seat 1: Mahu2021 (button) folded before Flop (didn't bet)
Seat 2: Devinyl888 (small blind) showed [2h 6h] and won (40) with a pair of Deuces
Seat 3: saca217 (big blind) mucked [Tc Js]



PokerStars Hand #254185798917: Tournament #3842547081, $1.84+$0.16 USD Hold'em No Limit - Level I (10/20) - 2025/01/04 8:57:09 CET [2025/01/04 2:57:09 ET]
Table '3842547081 1' 3-max Seat #2 is the button
Seat 1: Mahu2021 (520 in chips) 
Seat 2: Devinyl888 (530 in chips) 
Seat 3: saca217 (450 in chips) 
saca217: posts small blind 10
Mahu2021: posts big blind 20
*** HOLE CARDS ***
Dealt to Mahu2021 [9c 2h]
Devinyl888: folds 
saca217: calls 10
Mahu2021: checks 
*** FLOP *** [8c 4s 3s]
saca217: checks 
Mahu2021: checks 
*** TURN *** [8c 4s 3s] [5s]
saca217: bets 20
Mahu2021: folds 
Uncalled bet (20) returned to saca217
saca217 collected 40 from pot
*** SUMMARY ***
Total pot 40 | Rake 0 
Board [8c 4s 3s 5s]
Seat 1: Mahu2021 (big blind) folded on the Turn
Seat 2: Devinyl888 (button) folded before Flop (didn't bet)
Seat 3: saca217 (small blind) collected (40)



PokerStars Hand #254185799928: Tournament #3842547081, $1.84+$0.16 USD Hold'em No Limit - Level I (10/20) - 2025/01/04 8:57:23 CET [2025/01/04 2:57:23 ET]
Table '3842547081 1' 3-max Seat #3 is the button
Seat 1: Mahu2021 (500 in chips) 
Seat 2: Devinyl888 (530 in chips) 
Seat 3: saca217 (470 in chips) 
Mahu2021: posts small blind 10
Devinyl888: posts big blind 20
*** HOLE CARDS ***
Dealt to Mahu2021 [As 7d]
saca217: calls 20
Mahu2021: calls 10
Devinyl888: checks 
*** FLOP *** [Ah 7h 4h]
Mahu2021: checks 
Devinyl888: checks 
saca217: checks 
*** TURN *** [Ah 7h 4h] [Qs]
Mahu2021: bets 60
Devinyl888: folds 
saca217: folds 
Uncalled bet (60) returned to Mahu2021
Mahu2021 collected 60 from pot
Mahu2021: doesn't show hand 
*** SUMMARY ***
Total pot 60 | Rake 0 
Board [Ah 7h 4h Qs]
Seat 1: Mahu2021 (small blind) collected (60)
Seat 2: Devinyl888 (big blind) folded on the Turn
Seat 3: saca217 (button) folded on the Turn



PokerStars Hand #254185801806: Tournament #3842547081, $1.84+$0.16 USD Hold'em No Limit - Level II (15/30) - 2025/01/04 8:57:49 CET [2025/01/04 2:57:49 ET]
Table '3842547081 1' 3-max Seat #1 is the button
Seat 1: Mahu2021 (540 in chips) 
Seat 2: Devinyl888 (510 in chips) 
Seat 3: saca217 (450 in chips) 
Devinyl888: posts small blind 15
saca217: posts big blind 30
*** HOLE CARDS ***
Dealt to Mahu2021 [5s 3d]
Mahu2021: folds 
Devinyl888: calls 15
saca217: checks 
*** FLOP *** [Qs 6s 7s]
Devinyl888: checks 
saca217: bets 90
Devinyl888: calls 90
*** TURN *** [Qs 6s 7s] [Jd]
Devinyl888: checks 
saca217: bets 330 and is all-in
Devinyl888: folds 
Uncalled bet (330) returned to saca217
saca217 collected 240 from pot
*** SUMMARY ***
Total pot 240 | Rake 0 
Board [Qs 6s 7s Jd]
Seat 1: Mahu2021 (button) folded before Flop (didn't bet)
Seat 2: Devinyl888 (small blind) folded on the Turn
Seat 3: saca217 (big blind) collected (240)



PokerStars Hand #254185804827: Tournament #3842547081, $1.84+$0.16 USD Hold'em No Limit - Level II (15/30) - 2025/01/04 8:58:31 CET [2025/01/04 2:58:31 ET]
Table '3842547081 1' 3-max Seat #2 is the button
Seat 1: Mahu2021 (540 in chips) 
Seat 2: Devinyl888 (390 in chips) 
Seat 3: saca217 (570 in chips) 
saca217: posts small blind 15
Mahu2021: posts big blind 30
*** HOLE CARDS ***
Dealt to Mahu2021 [Ts 3s]
Devinyl888: calls 30
saca217: folds 
Mahu2021: checks 
*** FLOP *** [8s 3d 3c]
Mahu2021: checks 
Devinyl888: bets 30
Mahu2021: calls 30
*** TURN *** [8s 3d 3c] [Kh]
Mahu2021: checks 
Devinyl888: checks 
*** RIVER *** [8s 3d 3c Kh] [2c]
Mahu2021: bets 135
Devinyl888: folds 
Uncalled bet (135) returned to Mahu2021
Mahu2021 collected 135 from pot
Mahu2021: doesn't show hand 
*** SUMMARY ***
Total pot 135 | Rake 0 
Board [8s 3d 3c Kh 2c]
Seat 1: Mahu2021 (big blind) collected (135)
Seat 2: Devinyl888 (button) folded on the River
Seat 3: saca217 (small blind) folded before Flop



PokerStars Hand #254185807223: Tournament #3842547081, $1.84+$0.16 USD Hold'em No Limit - Level II (15/30) - 2025/01/04 8:59:04 CET [2025/01/04 2:59:04 ET]
Table '3842547081 1' 3-max Seat #3 is the button
Seat 1: Mahu2021 (615 in chips) 
Seat 2: Devinyl888 (330 in chips) 
Seat 3: saca217 (555 in chips) 
Mahu2021: posts small blind 15
Devinyl888: posts big blind 30
*** HOLE CARDS ***
Dealt to Mahu2021 [Kd 7d]
saca217: folds 
Mahu2021: raises 60 to 90
Devinyl888: folds 
Uncalled bet (60) returned to Mahu2021
Mahu2021 collected 60 from pot
Mahu2021: doesn't show hand 
*** SUMMARY ***
Total pot 60 | Rake 0 
Seat 1: Mahu2021 (small blind) collected (60)
Seat 2: Devinyl888 (big blind) folded before Flop
Seat 3: saca217 (button) folded before Flop (didn't bet)



PokerStars Hand #254185808139: Tournament #3842547081, $1.84+$0.16 USD Hold'em No Limit - Level II (15/30) - 2025/01/04 8:59:17 CET [2025/01/04 2:59:17 ET]
Table '3842547081 1' 3-max Seat #1 is the button
Seat 1: Mahu2021 (645 in chips) 
Seat 2: Devinyl888 (300 in chips) 
Seat 3: saca217 (555 in chips) 
Devinyl888: posts small blind 15
saca217: posts big blind 30
*** HOLE CARDS ***
Dealt to Mahu2021 [2h Ks]
Mahu2021: folds 
Devinyl888: folds 
Uncalled bet (15) returned to saca217
saca217 collected 30 from pot
*** SUMMARY ***
Total pot 30 | Rake 0 
Seat 1: Mahu2021 (button) folded before Flop (didn't bet)
Seat 2: Devinyl888 (small blind) folded before Flop
Seat 3: saca217 (big blind) collected (30)



PokerStars Hand #254185808597: Tournament #3842547081, $1.84+$0.16 USD Hold'em No Limit - Level II (15/30) - 2025/01/04 8:59:23 CET [2025/01/04 2:59:23 ET]
Table '3842547081 1' 3-max Seat #2 is the button
Seat 1: Mahu2021 (645 in chips) 
Seat 2: Devinyl888 (285 in chips) 
Seat 3: saca217 (570 in chips) 
saca217: posts small blind 15
Mahu2021: posts big blind 30
*** HOLE CARDS ***
Dealt to Mahu2021 [9d 7h]
Devinyl888: folds 
saca217: raises 60 to 90
Mahu2021: folds 
Uncalled bet (60) returned to saca217
saca217 collected 60 from pot
*** SUMMARY ***
Total pot 60 | Rake 0 
Seat 1: Mahu2021 (big blind) folded before Flop
Seat 2: Devinyl888 (button) folded before Flop (didn't bet)
Seat 3: saca217 (small blind) collected (60)



PokerStars Hand #254185809110: Tournament #3842547081, $1.84+$0.16 USD Hold'em No Limit - Level II (15/30) - 2025/01/04 8:59:30 CET [2025/01/04 2:59:30 ET]
Table '3842547081 1' 3-max Seat #3 is the button
Seat 1: Mahu2021 (615 in chips) 
Seat 2: Devinyl888 (285 in chips) 
Seat 3: saca217 (600 in chips) 
Mahu2021: posts small blind 15
Devinyl888: posts big blind 30
*** HOLE CARDS ***
Dealt to Mahu2021 [Ts 4h]
saca217: calls 30
Mahu2021: folds 
Devinyl888: checks 
*** FLOP *** [7c 5s Qs]
Devinyl888: checks 
saca217: bets 30
Devinyl888: folds 
Uncalled bet (30) returned to saca217
saca217 collected 75 from pot
*** SUMMARY ***
Total pot 75 | Rake 0 
Board [7c 5s Qs]
Seat 1: Mahu2021 (small blind) folded before Flop
Seat 2: Devinyl888 (big blind) folded on the Flop
Seat 3: saca217 (button) collected (75)



PokerStars Hand #254185809926: Tournament #3842547081, $1.84+$0.16 USD Hold'em No Limit - Level II (15/30) - 2025/01/04 8:59:42 CET [2025/01/04 2:59:42 ET]
Table '3842547081 1' 3-max Seat #1 is the button
Seat 1: Mahu2021 (600 in chips) 
Seat 2: Devinyl888 (255 in chips) 
Seat 3: saca217 (645 in chips) 
Devinyl888: posts small blind 15
saca217: posts big blind 30
*** HOLE CARDS ***
Dealt to Mahu2021 [4d 6d]
Mahu2021: folds 
Devinyl888: folds 
Uncalled bet (15) returned to saca217
saca217 collected 30 from pot
*** SUMMARY ***
Total pot 30 | Rake 0 
Seat 1: Mahu2021 (button) folded before Flop (didn't bet)
Seat 2: Devinyl888 (small blind) folded before Flop
Seat 3: saca217 (big blind) collected (30)



PokerStars Hand #254185810516: Tournament #3842547081, $1.84+$0.16 USD Hold'em No Limit - Level II (15/30) - 2025/01/04 8:59:49 CET [2025/01/04 2:59:49 ET]
Table '3842547081 1' 3-max Seat #2 is the button
Seat 1: Mahu2021 (600 in chips) 
Seat 2: Devinyl888 (240 in chips) 
Seat 3: saca217 (660 in chips) 
saca217: posts small blind 15
Mahu2021: posts big blind 30
*** HOLE CARDS ***
Dealt to Mahu2021 [Ks Th]
Devinyl888: folds 
saca217: calls 15
Mahu2021: raises 90 to 120
saca217: folds 
Uncalled bet (90) returned to Mahu2021
Mahu2021 collected 60 from pot
Mahu2021: doesn't show hand 
*** SUMMARY ***
Total pot 60 | Rake 0 
Seat 1: Mahu2021 (big blind) collected (60)
Seat 2: Devinyl888 (button) folded before Flop (didn't bet)
Seat 3: saca217 (small blind) folded before Flop



PokerStars Hand #254185811345: Tournament #3842547081, $1.84+$0.16 USD Hold'em No Limit - Level II (15/30) - 2025/01/04 9:00:00 CET [2025/01/04 3:00:00 ET]
Table '3842547081 1' 3-max Seat #3 is the button
Seat 1: Mahu2021 (630 in chips) 
Seat 2: Devinyl888 (240 in chips) 
Seat 3: saca217 (630 in chips) 
Mahu2021: posts small blind 15
Devinyl888: posts big blind 30
*** HOLE CARDS ***
Dealt to Mahu2021 [Ad 5c]
saca217: folds 
Mahu2021: raises 600 to 630 and is all-in
Devinyl888: folds 
Uncalled bet (600) returned to Mahu2021
Mahu2021 collected 60 from pot
Mahu2021: doesn't show hand 
*** SUMMARY ***
Total pot 60 | Rake 0 
Seat 1: Mahu2021 (small blind) collected (60)
Seat 2: Devinyl888 (big blind) folded before Flop
Seat 3: saca217 (button) folded before Flop (didn't bet)



PokerStars Hand #254185811925: Tournament #3842547081, $1.84+$0.16 USD Hold'em No Limit - Level II (15/30) - 2025/01/04 9:00:08 CET [2025/01/04 3:00:08 ET]
Table '3842547081 1' 3-max Seat #1 is the button
Seat 1: Mahu2021 (660 in chips) 
Seat 2: Devinyl888 (210 in chips) 
Seat 3: saca217 (630 in chips) 
Devinyl888: posts small blind 15
saca217: posts big blind 30
*** HOLE CARDS ***
Dealt to Mahu2021 [3s Qc]
Mahu2021: folds 
Devinyl888: folds 
Uncalled bet (15) returned to saca217
saca217 collected 30 from pot
*** SUMMARY ***
Total pot 30 | Rake 0 
Seat 1: Mahu2021 (button) folded before Flop (didn't bet)
Seat 2: Devinyl888 (small blind) folded before Flop
Seat 3: saca217 (big blind) collected (30)



PokerStars Hand #254185812473: Tournament #3842547081, $1.84+$0.16 USD Hold'em No Limit - Level II (15/30) - 2025/01/04 9:00:15 CET [2025/01/04 3:00:15 ET]
Table '3842547081 1' 3-max Seat #2 is the button
Seat 1: Mahu2021 (660 in chips) 
Seat 2: Devinyl888 (195 in chips) 
Seat 3: saca217 (645 in chips) 
saca217: posts small blind 15
Mahu2021: posts big blind 30
*** HOLE CARDS ***
Dealt to Mahu2021 [4d Th]
Devinyl888: folds 
saca217: calls 15
Mahu2021: checks 
*** FLOP *** [6h Kh 7d]
saca217: checks 
Mahu2021: checks 
*** TURN *** [6h Kh 7d] [8c]
saca217: bets 30
Mahu2021: calls 30
*** RIVER *** [6h Kh 7d 8c] [3c]
saca217: checks 
Mahu2021: checks 
*** SHOW DOWN ***
saca217: shows [Qh Qs] (a pair of Queens)
Mahu2021: mucks hand 
saca217 collected 120 from pot
*** SUMMARY ***
Total pot 120 | Rake 0 
Board [6h Kh 7d 8c 3c]
Seat 1: Mahu2021 (big blind) mucked [4d Th]
Seat 2: Devinyl888 (button) folded before Flop (didn't bet)
Seat 3: saca217 (small blind) showed [Qh Qs] and won (120) with a pair of Queens



PokerStars Hand #254185814724: Tournament #3842547081, $1.84+$0.16 USD Hold'em No Limit - Level III (20/40) - 2025/01/04 9:00:44 CET [2025/01/04 3:00:44 ET]
Table '3842547081 1' 3-max Seat #3 is the button
Seat 1: Mahu2021 (600 in chips) 
Seat 2: Devinyl888 (195 in chips) 
Seat 3: saca217 (705 in chips) 
Mahu2021: posts small blind 20
Devinyl888: posts big blind 40
*** HOLE CARDS ***
Dealt to Mahu2021 [2c Th]
saca217: raises 40 to 80
Mahu2021: folds 
Devinyl888: folds 
Uncalled bet (40) returned to saca217
saca217 collected 100 from pot
*** SUMMARY ***
Total pot 100 | Rake 0 
Seat 1: Mahu2021 (small blind) folded before Flop
Seat 2: Devinyl888 (big blind) folded before Flop
Seat 3: saca217 (button) collected (100)



PokerStars Hand #254185815461: Tournament #3842547081, $1.84+$0.16 USD Hold'em No Limit - Level III (20/40) - 2025/01/04 9:00:54 CET [2025/01/04 3:00:54 ET]
Table '3842547081 1' 3-max Seat #1 is the button
Seat 1: Mahu2021 (580 in chips) 
Seat 2: Devinyl888 (155 in chips) 
Seat 3: saca217 (765 in chips) 
Devinyl888: posts small blind 20
saca217: posts big blind 40
*** HOLE CARDS ***
Dealt to Mahu2021 [4d 7c]
Mahu2021: folds 
Devinyl888: folds 
Uncalled bet (20) returned to saca217
saca217 collected 40 from pot
*** SUMMARY ***
Total pot 40 | Rake 0 
Seat 1: Mahu2021 (button) folded before Flop (didn't bet)
Seat 2: Devinyl888 (small blind) folded before Flop
Seat 3: saca217 (big blind) collected (40)



PokerStars Hand #254185815965: Tournament #3842547081, $1.84+$0.16 USD Hold'em No Limit - Level III (20/40) - 2025/01/04 9:01:00 CET [2025/01/04 3:01:00 ET]
Table '3842547081 1' 3-max Seat #2 is the button
Seat 1: Mahu2021 (580 in chips) 
Seat 2: Devinyl888 (135 in chips) 
Seat 3: saca217 (785 in chips) 
saca217: posts small blind 20
Mahu2021: posts big blind 40
*** HOLE CARDS ***
Dealt to Mahu2021 [3c Kc]
Devinyl888: folds 
saca217: calls 20
Mahu2021: checks 
*** FLOP *** [4h 2h Ah]
saca217: checks 
Mahu2021: checks 
*** TURN *** [4h 2h Ah] [3h]
saca217: checks 
Mahu2021: bets 40
saca217: calls 40
*** RIVER *** [4h 2h Ah 3h] [6d]
saca217: checks 
Mahu2021: checks 
*** SHOW DOWN ***
saca217: shows [Kd Th] (a flush, Ace high)
Mahu2021: mucks hand 
saca217 collected 160 from pot
*** SUMMARY ***
Total pot 160 | Rake 0 
Board [4h 2h Ah 3h 6d]
Seat 1: Mahu2021 (big blind) mucked [3c Kc]
Seat 2: Devinyl888 (button) folded before Flop (didn't bet)
Seat 3: saca217 (small blind) showed [Kd Th] and won (160) with a flush, Ace high



PokerStars Hand #254185817614: Tournament #3842547081, $1.84+$0.16 USD Hold'em No Limit - Level III (20/40) - 2025/01/04 9:01:20 CET [2025/01/04 3:01:20 ET]
Table '3842547081 1' 3-max Seat #3 is the button
Seat 1: Mahu2021 (500 in chips) 
Seat 2: Devinyl888 (135 in chips) 
Seat 3: saca217 (865 in chips) 
Mahu2021: posts small blind 20
Devinyl888: posts big blind 40
*** HOLE CARDS ***
Dealt to Mahu2021 [8c 2d]
saca217: folds 
Mahu2021: folds 
Uncalled bet (20) returned to Devinyl888
Devinyl888 collected 40 from pot
*** SUMMARY ***
Total pot 40 | Rake 0 
Seat 1: Mahu2021 (small blind) folded before Flop
Seat 2: Devinyl888 (big blind) collected (40)
Seat 3: saca217 (button) folded before Flop (didn't bet)



PokerStars Hand #254185818456: Tournament #3842547081, $1.84+$0.16 USD Hold'em No Limit - Level III (20/40) - 2025/01/04 9:01:30 CET [2025/01/04 3:01:30 ET]
Table '3842547081 1' 3-max Seat #1 is the button
Seat 1: Mahu2021 (480 in chips) 
Seat 2: Devinyl888 (155 in chips) 
Seat 3: saca217 (865 in chips) 
Devinyl888: posts small blind 20
saca217: posts big blind 40
*** HOLE CARDS ***
Dealt to Mahu2021 [Jd Ks]
Mahu2021: raises 80 to 120
Devinyl888: folds 
saca217: folds 
Uncalled bet (80) returned to Mahu2021
Mahu2021 collected 100 from pot
Mahu2021: doesn't show hand 
*** SUMMARY ***
Total pot 100 | Rake 0 
Seat 1: Mahu2021 (button) collected (100)
Seat 2: Devinyl888 (small blind) folded before Flop
Seat 3: saca217 (big blind) folded before Flop



PokerStars Hand #254185819129: Tournament #3842547081, $1.84+$0.16 USD Hold'em No Limit - Level III (20/40) - 2025/01/04 9:01:39 CET [2025/01/04 3:01:39 ET]
Table '3842547081 1' 3-max Seat #2 is the button
Seat 1: Mahu2021 (540 in chips) 
Seat 2: Devinyl888 (135 in chips) 
Seat 3: saca217 (825 in chips) 
saca217: posts small blind 20
Mahu2021: posts big blind 40
*** HOLE CARDS ***
Dealt to Mahu2021 [8s 9c]
Devinyl888: folds 
saca217: folds 
Uncalled bet (20) returned to Mahu2021
Mahu2021 collected 40 from pot
Mahu2021: doesn't show hand 
*** SUMMARY ***
Total pot 40 | Rake 0 
Seat 1: Mahu2021 (big blind) collected (40)
Seat 2: Devinyl888 (button) folded before Flop (didn't bet)
Seat 3: saca217 (small blind) folded before Flop



PokerStars Hand #254185819822: Tournament #3842547081, $1.84+$0.16 USD Hold'em No Limit - Level III (20/40) - 2025/01/04 9:01:47 CET [2025/01/04 3:01:47 ET]
Table '3842547081 1' 3-max Seat #3 is the button
Seat 1: Mahu2021 (560 in chips) 
Seat 2: Devinyl888 (135 in chips) 
Seat 3: saca217 (805 in chips) 
Mahu2021: posts small blind 20
Devinyl888: posts big blind 40
*** HOLE CARDS ***
Dealt to Mahu2021 [2s 3s]
saca217: folds 
Mahu2021: folds 
Uncalled bet (20) returned to Devinyl888
Devinyl888 collected 40 from pot
*** SUMMARY ***
Total pot 40 | Rake 0 
Seat 1: Mahu2021 (small blind) folded before Flop
Seat 2: Devinyl888 (big blind) collected (40)
Seat 3: saca217 (button) folded before Flop (didn't bet)



PokerStars Hand #254185821431: Tournament #3842547081, $1.84+$0.16 USD Hold'em No Limit - Level III (20/40) - 2025/01/04 9:02:07 CET [2025/01/04 3:02:07 ET]
Table '3842547081 1' 3-max Seat #1 is the button
Seat 1: Mahu2021 (540 in chips) 
Seat 2: Devinyl888 (155 in chips) 
Seat 3: saca217 (805 in chips) 
Devinyl888: posts small blind 20
saca217: posts big blind 40
*** HOLE CARDS ***
Dealt to Mahu2021 [2d 3c]
Mahu2021: folds 
Devinyl888: folds 
Uncalled bet (20) returned to saca217
saca217 collected 40 from pot
*** SUMMARY ***
Total pot 40 | Rake 0 
Seat 1: Mahu2021 (button) folded before Flop (didn't bet)
Seat 2: Devinyl888 (small blind) folded before Flop
Seat 3: saca217 (big blind) collected (40)



PokerStars Hand #254185821906: Tournament #3842547081, $1.84+$0.16 USD Hold'em No Limit - Level III (20/40) - 2025/01/04 9:02:12 CET [2025/01/04 3:02:12 ET]
Table '3842547081 1' 3-max Seat #2 is the button
Seat 1: Mahu2021 (540 in chips) 
Seat 2: Devinyl888 (135 in chips) 
Seat 3: saca217 (825 in chips) 
saca217: posts small blind 20
Mahu2021: posts big blind 40
*** HOLE CARDS ***
Dealt to Mahu2021 [Qd 3s]
Devinyl888: calls 40
saca217: folds 
Mahu2021: checks 
*** FLOP *** [Ks Qc 3h]
Mahu2021: checks 
Devinyl888: checks 
*** TURN *** [Ks Qc 3h] [5h]
Mahu2021: bets 120
Devinyl888: calls 95 and is all-in
Uncalled bet (25) returned to Mahu2021
*** RIVER *** [Ks Qc 3h 5h] [4h]
*** SHOW DOWN ***
Mahu2021: shows [Qd 3s] (two pair, Queens and Threes)
Devinyl888: shows [6s 6d] (a pair of Sixes)
Mahu2021 collected 290 from pot
Devinyl888 finished the tournament in 3rd place
*** SUMMARY ***
Total pot 290 | Rake 0 
Board [Ks Qc 3h 5h 4h]
Seat 1: Mahu2021 (big blind) showed [Qd 3s] and won (290) with two pair, Queens and Threes
Seat 2: Devinyl888 (button) showed [6s 6d] and lost with a pair of Sixes
Seat 3: saca217 (small blind) folded before Flop



PokerStars Hand #254185823563: Tournament #3842547081, $1.84+$0.16 USD Hold'em No Limit - Level III (20/40) - 2025/01/04 9:02:33 CET [2025/01/04 3:02:33 ET]
Table '3842547081 1' 3-max Seat #1 is the button
Seat 1: Mahu2021 (695 in chips) 
Seat 3: saca217 (805 in chips) 
Mahu2021: posts small blind 20
saca217: posts big blind 40
*** HOLE CARDS ***
Dealt to Mahu2021 [Jc 2h]
Mahu2021: calls 20
saca217: checks 
*** FLOP *** [9s 3c 4c]
saca217: checks 
Mahu2021: checks 
*** TURN *** [9s 3c 4c] [6d]
saca217: bets 40
Mahu2021: folds 
Uncalled bet (40) returned to saca217
saca217 collected 80 from pot
*** SUMMARY ***
Total pot 80 | Rake 0 
Board [9s 3c 4c 6d]
Seat 1: Mahu2021 (button) (small blind) folded on the Turn
Seat 3: saca217 (big blind) collected (80)



PokerStars Hand #254185824559: Tournament #3842547081, $1.84+$0.16 USD Hold'em No Limit - Level III (20/40) - 2025/01/04 9:02:45 CET [2025/01/04 3:02:45 ET]
Table '3842547081 1' 3-max Seat #3 is the button
Seat 1: Mahu2021 (655 in chips) 
Seat 3: saca217 (845 in chips) 
saca217: posts small blind 20
Mahu2021: posts big blind 40
*** HOLE CARDS ***
Dealt to Mahu2021 [Jc 9d]
saca217: calls 20
Mahu2021: checks 
*** FLOP *** [9h 9s 9c]
Mahu2021: checks 
saca217: checks 
*** TURN *** [9h 9s 9c] [4d]
Mahu2021: checks 
saca217: checks 
*** RIVER *** [9h 9s 9c 4d] [Kh]
Mahu2021: bets 615 and is all-in
saca217: folds 
Uncalled bet (615) returned to Mahu2021
Mahu2021 collected 80 from pot
Mahu2021: doesn't show hand 
*** SUMMARY ***
Total pot 80 | Rake 0 
Board [9h 9s 9c 4d Kh]
Seat 1: Mahu2021 (big blind) collected (80)
Seat 3: saca217 (button) (small blind) folded on the River



PokerStars Hand #254185825577: Tournament #3842547081, $1.84+$0.16 USD Hold'em No Limit - Level III (20/40) - 2025/01/04 9:02:58 CET [2025/01/04 3:02:58 ET]
Table '3842547081 1' 3-max Seat #1 is the button
Seat 1: Mahu2021 (695 in chips) 
Seat 3: saca217 (805 in chips) 
Mahu2021: posts small blind 20
saca217: posts big blind 40
*** HOLE CARDS ***
Dealt to Mahu2021 [6s Td]
Mahu2021: folds 
Uncalled bet (20) returned to saca217
saca217 collected 40 from pot
*** SUMMARY ***
Total pot 40 | Rake 0 
Seat 1: Mahu2021 (button) (small blind) folded before Flop
Seat 3: saca217 (big blind) collected (40)



PokerStars Hand #254185826001: Tournament #3842547081, $1.84+$0.16 USD Hold'em No Limit - Level III (20/40) - 2025/01/04 9:03:03 CET [2025/01/04 3:03:03 ET]
Table '3842547081 1' 3-max Seat #3 is the button
Seat 1: Mahu2021 (675 in chips) 
Seat 3: saca217 (825 in chips) 
saca217: posts small blind 20
Mahu2021: posts big blind 40
*** HOLE CARDS ***
Dealt to Mahu2021 [Ts 7s]
saca217: calls 20
Mahu2021: checks 
*** FLOP *** [4h 5c As]
Mahu2021: checks 
saca217: checks 
*** TURN *** [4h 5c As] [Jh]
Mahu2021: checks 
saca217: checks 
*** RIVER *** [4h 5c As Jh] [2h]
Mahu2021: checks 
saca217: checks 
*** SHOW DOWN ***
Mahu2021: shows [Ts 7s] (high card Ace)
saca217: shows [Th 9c] (high card Ace - Jack+Ten+Nine kicker)
saca217 collected 80 from pot
*** SUMMARY ***
Total pot 80 | Rake 0 
Board [4h 5c As Jh 2h]
Seat 1: Mahu2021 (big blind) showed [Ts 7s] and lost with high card Ace
Seat 3: saca217 (button) (small blind) showed [Th 9c] and won (80) with high card Ace



PokerStars Hand #254185827033: Tournament #3842547081, $1.84+$0.16 USD Hold'em No Limit - Level III (20/40) - 2025/01/04 9:03:16 CET [2025/01/04 3:03:16 ET]
Table '3842547081 1' 3-max Seat #1 is the button
Seat 1: Mahu2021 (635 in chips) 
Seat 3: saca217 (865 in chips) 
Mahu2021: posts small blind 20
saca217: posts big blind 40
*** HOLE CARDS ***
Dealt to Mahu2021 [Ac Kc]
Mahu2021: raises 40 to 80
saca217: calls 40
*** FLOP *** [5h 9d Kh]
saca217: bets 40
Mahu2021: raises 515 to 555 and is all-in
saca217: folds 
Uncalled bet (515) returned to Mahu2021
Mahu2021 collected 240 from pot
Mahu2021: doesn't show hand 
*** SUMMARY ***
Total pot 240 | Rake 0 
Board [5h 9d Kh]
Seat 1: Mahu2021 (button) (small blind) collected (240)
Seat 3: saca217 (big blind) folded on the Flop



PokerStars Hand #254185829260: Tournament #3842547081, $1.84+$0.16 USD Hold'em No Limit - Level IV (30/60) - 2025/01/04 9:03:43 CET [2025/01/04 3:03:43 ET]
Table '3842547081 1' 3-max Seat #3 is the button
Seat 1: Mahu2021 (755 in chips) 
Seat 3: saca217 (745 in chips) 
saca217: posts small blind 30
Mahu2021: posts big blind 60
*** HOLE CARDS ***
Dealt to Mahu2021 [Qc Ac]
saca217: folds 
Uncalled bet (30) returned to Mahu2021
Mahu2021 collected 60 from pot
Mahu2021: doesn't show hand 
*** SUMMARY ***
Total pot 60 | Rake 0 
Seat 1: Mahu2021 (big blind) collected (60)
Seat 3: saca217 (button) (small blind) folded before Flop



PokerStars Hand #254185829656: Tournament #3842547081, $1.84+$0.16 USD Hold'em No Limit - Level IV (30/60) - 2025/01/04 9:03:48 CET [2025/01/04 3:03:48 ET]
Table '3842547081 1' 3-max Seat #1 is the button
Seat 1: Mahu2021 (785 in chips) 
Seat 3: saca217 (715 in chips) 
Mahu2021: posts small blind 30
saca217: posts big blind 60
*** HOLE CARDS ***
Dealt to Mahu2021 [8s 6c]
Mahu2021: raises 60 to 120
saca217: calls 60
*** FLOP *** [Kd 8h As]
saca217: checks 
Mahu2021: bets 120
saca217: folds 
Uncalled bet (120) returned to Mahu2021
Mahu2021 collected 240 from pot
Mahu2021: doesn't show hand 
*** SUMMARY ***
Total pot 240 | Rake 0 
Board [Kd 8h As]
Seat 1: Mahu2021 (button) (small blind) collected (240)
Seat 3: saca217 (big blind) folded on the Flop



PokerStars Hand #254185831903: Tournament #3842547081, $1.84+$0.16 USD Hold'em No Limit - Level IV (30/60) - 2025/01/04 9:04:15 CET [2025/01/04 3:04:15 ET]
Table '3842547081 1' 3-max Seat #3 is the button
Seat 1: Mahu2021 (905 in chips) 
Seat 3: saca217 (595 in chips) 
saca217: posts small blind 30
Mahu2021: posts big blind 60
*** HOLE CARDS ***
Dealt to Mahu2021 [8s 9h]
saca217: calls 30
Mahu2021: checks 
*** FLOP *** [3c 2d 6s]
Mahu2021: checks 
saca217: checks 
*** TURN *** [3c 2d 6s] [4c]
Mahu2021: checks 
saca217: bets 60
Mahu2021: folds 
Uncalled bet (60) returned to saca217
saca217 collected 120 from pot
*** SUMMARY ***
Total pot 120 | Rake 0 
Board [3c 2d 6s 4c]
Seat 1: Mahu2021 (big blind) folded on the Turn
Seat 3: saca217 (button) (small blind) collected (120)



PokerStars Hand #254185833082: Tournament #3842547081, $1.84+$0.16 USD Hold'em No Limit - Level IV (30/60) - 2025/01/04 9:04:30 CET [2025/01/04 3:04:30 ET]
Table '3842547081 1' 3-max Seat #1 is the button
Seat 1: Mahu2021 (845 in chips) 
Seat 3: saca217 (655 in chips) 
Mahu2021: posts small blind 30
saca217: posts big blind 60
*** HOLE CARDS ***
Dealt to Mahu2021 [Kc 8h]
Mahu2021: raises 60 to 120
saca217: calls 60
*** FLOP *** [4s Ts 7d]
saca217: checks 
Mahu2021: checks 
*** TURN *** [4s Ts 7d] [8d]
saca217: checks 
Mahu2021: checks 
*** RIVER *** [4s Ts 7d 8d] [2s]
saca217: checks 
Mahu2021: bets 120
saca217: folds 
Uncalled bet (120) returned to Mahu2021
Mahu2021 collected 240 from pot
Mahu2021: doesn't show hand 
*** SUMMARY ***
Total pot 240 | Rake 0 
Board [4s Ts 7d 8d 2s]
Seat 1: Mahu2021 (button) (small blind) collected (240)
Seat 3: saca217 (big blind) folded on the River



PokerStars Hand #254185834506: Tournament #3842547081, $1.84+$0.16 USD Hold'em No Limit - Level IV (30/60) - 2025/01/04 9:04:48 CET [2025/01/04 3:04:48 ET]
Table '3842547081 1' 3-max Seat #3 is the button
Seat 1: Mahu2021 (965 in chips) 
Seat 3: saca217 (535 in chips) 
saca217: posts small blind 30
Mahu2021: posts big blind 60
*** HOLE CARDS ***
Dealt to Mahu2021 [5h Js]
saca217: folds 
Uncalled bet (30) returned to Mahu2021
Mahu2021 collected 60 from pot
Mahu2021: doesn't show hand 
*** SUMMARY ***
Total pot 60 | Rake 0 
Seat 1: Mahu2021 (big blind) collected (60)
Seat 3: saca217 (button) (small blind) folded before Flop



PokerStars Hand #254185834879: Tournament #3842547081, $1.84+$0.16 USD Hold'em No Limit - Level IV (30/60) - 2025/01/04 9:04:52 CET [2025/01/04 3:04:52 ET]
Table '3842547081 1' 3-max Seat #1 is the button
Seat 1: Mahu2021 (995 in chips) 
Seat 3: saca217 (505 in chips) 
Mahu2021: posts small blind 30
saca217: posts big blind 60
*** HOLE CARDS ***
Dealt to Mahu2021 [4h Jd]
Mahu2021: calls 30
saca217: raises 445 to 505 and is all-in
Mahu2021: folds 
Uncalled bet (445) returned to saca217
saca217 collected 120 from pot
*** SUMMARY ***
Total pot 120 | Rake 0 
Seat 1: Mahu2021 (button) (small blind) folded before Flop
Seat 3: saca217 (big blind) collected (120)



PokerStars Hand #254185835549: Tournament #3842547081, $1.84+$0.16 USD Hold'em No Limit - Level IV (30/60) - 2025/01/04 9:05:01 CET [2025/01/04 3:05:01 ET]
Table '3842547081 1' 3-max Seat #3 is the button
Seat 1: Mahu2021 (935 in chips) 
Seat 3: saca217 (565 in chips) 
saca217: posts small blind 30
Mahu2021: posts big blind 60
*** HOLE CARDS ***
Dealt to Mahu2021 [Kh As]
saca217: folds 
Uncalled bet (30) returned to Mahu2021
Mahu2021 collected 60 from pot
Mahu2021: doesn't show hand 
*** SUMMARY ***
Total pot 60 | Rake 0 
Seat 1: Mahu2021 (big blind) collected (60)
Seat 3: saca217 (button) (small blind) folded before Flop



PokerStars Hand #254185835862: Tournament #3842547081, $1.84+$0.16 USD Hold'em No Limit - Level IV (30/60) - 2025/01/04 9:05:04 CET [2025/01/04 3:05:04 ET]
Table '3842547081 1' 3-max Seat #1 is the button
Seat 1: Mahu2021 (965 in chips) 
Seat 3: saca217 (535 in chips) 
Mahu2021: posts small blind 30
saca217: posts big blind 60
*** HOLE CARDS ***
Dealt to Mahu2021 [Jc 5h]
Mahu2021: calls 30
saca217: checks 
*** FLOP *** [2c 6d Qh]
saca217: checks 
Mahu2021: checks 
*** TURN *** [2c 6d Qh] [Kd]
saca217: checks 
Mahu2021: bets 60
saca217: folds 
Uncalled bet (60) returned to Mahu2021
Mahu2021 collected 120 from pot
Mahu2021: doesn't show hand 
*** SUMMARY ***
Total pot 120 | Rake 0 
Board [2c 6d Qh Kd]
Seat 1: Mahu2021 (button) (small blind) collected (120)
Seat 3: saca217 (big blind) folded on the Turn



PokerStars Hand #254185836761: Tournament #3842547081, $1.84+$0.16 USD Hold'em No Limit - Level IV (30/60) - 2025/01/04 9:05:15 CET [2025/01/04 3:05:15 ET]
Table '3842547081 1' 3-max Seat #3 is the button
Seat 1: Mahu2021 (1025 in chips) 
Seat 3: saca217 (475 in chips) 
saca217: posts small blind 30
Mahu2021: posts big blind 60
*** HOLE CARDS ***
Dealt to Mahu2021 [8c 2c]
saca217: raises 415 to 475 and is all-in
Mahu2021: folds 
Uncalled bet (415) returned to saca217
saca217 collected 120 from pot
*** SUMMARY ***
Total pot 120 | Rake 0 
Seat 1: Mahu2021 (big blind) folded before Flop
Seat 3: saca217 (button) (small blind) collected (120)



PokerStars Hand #254185837259: Tournament #3842547081, $1.84+$0.16 USD Hold'em No Limit - Level IV (30/60) - 2025/01/04 9:05:21 CET [2025/01/04 3:05:21 ET]
Table '3842547081 1' 3-max Seat #1 is the button
Seat 1: Mahu2021 (965 in chips) 
Seat 3: saca217 (535 in chips) 
Mahu2021: posts small blind 30
saca217: posts big blind 60
*** HOLE CARDS ***
Dealt to Mahu2021 [Qd 8h]
Mahu2021: calls 30
saca217: checks 
*** FLOP *** [8d 6s Th]
saca217: checks 
Mahu2021: bets 60
saca217: folds 
Uncalled bet (60) returned to Mahu2021
Mahu2021 collected 120 from pot
Mahu2021: doesn't show hand 
*** SUMMARY ***
Total pot 120 | Rake 0 
Board [8d 6s Th]
Seat 1: Mahu2021 (button) (small blind) collected (120)
Seat 3: saca217 (big blind) folded on the Flop



PokerStars Hand #254185837926: Tournament #3842547081, $1.84+$0.16 USD Hold'em No Limit - Level IV (30/60) - 2025/01/04 9:05:29 CET [2025/01/04 3:05:29 ET]
Table '3842547081 1' 3-max Seat #3 is the button
Seat 1: Mahu2021 (1025 in chips) 
Seat 3: saca217 (475 in chips) 
saca217: posts small blind 30
Mahu2021: posts big blind 60
*** HOLE CARDS ***
Dealt to Mahu2021 [7d Js]
saca217: calls 30
Mahu2021: checks 
*** FLOP *** [3c Kh 9c]
Mahu2021: checks 
saca217: checks 
*** TURN *** [3c Kh 9c] [Ad]
Mahu2021: checks 
saca217: bets 60
Mahu2021: folds 
Uncalled bet (60) returned to saca217
saca217 collected 120 from pot
*** SUMMARY ***
Total pot 120 | Rake 0 
Board [3c Kh 9c Ad]
Seat 1: Mahu2021 (big blind) folded on the Turn
Seat 3: saca217 (button) (small blind) collected (120)



PokerStars Hand #254185838751: Tournament #3842547081, $1.84+$0.16 USD Hold'em No Limit - Level IV (30/60) - 2025/01/04 9:05:40 CET [2025/01/04 3:05:40 ET]
Table '3842547081 1' 3-max Seat #1 is the button
Seat 1: Mahu2021 (965 in chips) 
Seat 3: saca217 (535 in chips) 
Mahu2021: posts small blind 30
saca217: posts big blind 60
*** HOLE CARDS ***
Dealt to Mahu2021 [6d 2c]
Mahu2021: folds 
Uncalled bet (30) returned to saca217
saca217 collected 60 from pot
*** SUMMARY ***
Total pot 60 | Rake 0 
Seat 1: Mahu2021 (button) (small blind) folded before Flop
Seat 3: saca217 (big blind) collected (60)



PokerStars Hand #254185839121: Tournament #3842547081, $1.84+$0.16 USD Hold'em No Limit - Level IV (30/60) - 2025/01/04 9:05:44 CET [2025/01/04 3:05:44 ET]
Table '3842547081 1' 3-max Seat #3 is the button
Seat 1: Mahu2021 (935 in chips) 
Seat 3: saca217 (565 in chips) 
saca217: posts small blind 30
Mahu2021: posts big blind 60
*** HOLE CARDS ***
Dealt to Mahu2021 [7d Qd]
saca217: folds 
Uncalled bet (30) returned to Mahu2021
Mahu2021 collected 60 from pot
Mahu2021: doesn't show hand 
*** SUMMARY ***
Total pot 60 | Rake 0 
Seat 1: Mahu2021 (big blind) collected (60)
Seat 3: saca217 (button) (small blind) folded before Flop



PokerStars Hand #254185839428: Tournament #3842547081, $1.84+$0.16 USD Hold'em No Limit - Level IV (30/60) - 2025/01/04 9:05:48 CET [2025/01/04 3:05:48 ET]
Table '3842547081 1' 3-max Seat #1 is the button
Seat 1: Mahu2021 (965 in chips) 
Seat 3: saca217 (535 in chips) 
Mahu2021: posts small blind 30
saca217: posts big blind 60
*** HOLE CARDS ***
Dealt to Mahu2021 [Tc Td]
Mahu2021: raises 60 to 120
saca217: folds 
Uncalled bet (60) returned to Mahu2021
Mahu2021 collected 120 from pot
Mahu2021: doesn't show hand 
*** SUMMARY ***
Total pot 120 | Rake 0 
Seat 1: Mahu2021 (button) (small blind) collected (120)
Seat 3: saca217 (big blind) folded before Flop



PokerStars Hand #254185839857: Tournament #3842547081, $1.84+$0.16 USD Hold'em No Limit - Level IV (30/60) - 2025/01/04 9:05:54 CET [2025/01/04 3:05:54 ET]
Table '3842547081 1' 3-max Seat #3 is the button
Seat 1: Mahu2021 (1025 in chips) 
Seat 3: saca217 (475 in chips) 
saca217: posts small blind 30
Mahu2021: posts big blind 60
*** HOLE CARDS ***
Dealt to Mahu2021 [9s Kh]
saca217: calls 30
Mahu2021: raises 965 to 1025 and is all-in
saca217: folds 
Uncalled bet (965) returned to Mahu2021
Mahu2021 collected 120 from pot
Mahu2021: doesn't show hand 
*** SUMMARY ***
Total pot 120 | Rake 0 
Seat 1: Mahu2021 (big blind) collected (120)
Seat 3: saca217 (button) (small blind) folded before Flop



PokerStars Hand #254185840418: Tournament #3842547081, $1.84+$0.16 USD Hold'em No Limit - Level IV (30/60) - 2025/01/04 9:06:01 CET [2025/01/04 3:06:01 ET]
Table '3842547081 1' 3-max Seat #1 is the button
Seat 1: Mahu2021 (1085 in chips) 
Seat 3: saca217 (415 in chips) 
Mahu2021: posts small blind 30
saca217: posts big blind 60
*** HOLE CARDS ***
Dealt to Mahu2021 [Kd 6c]
Mahu2021: calls 30
saca217: checks 
*** FLOP *** [Qs 2s Qd]
saca217: checks 
Mahu2021: bets 60
saca217: folds 
Uncalled bet (60) returned to Mahu2021
Mahu2021 collected 120 from pot
Mahu2021: doesn't show hand 
*** SUMMARY ***
Total pot 120 | Rake 0 
Board [Qs 2s Qd]
Seat 1: Mahu2021 (button) (small blind) collected (120)
Seat 3: saca217 (big blind) folded on the Flop



PokerStars Hand #254185841226: Tournament #3842547081, $1.84+$0.16 USD Hold'em No Limit - Level IV (30/60) - 2025/01/04 9:06:10 CET [2025/01/04 3:06:10 ET]
Table '3842547081 1' 3-max Seat #3 is the button
Seat 1: Mahu2021 (1145 in chips) 
Seat 3: saca217 (355 in chips) 
saca217: posts small blind 30
Mahu2021: posts big blind 60
*** HOLE CARDS ***
Dealt to Mahu2021 [Jc 3d]
saca217: raises 295 to 355 and is all-in
Mahu2021: folds 
Uncalled bet (295) returned to saca217
saca217 collected 120 from pot
*** SUMMARY ***
Total pot 120 | Rake 0 
Seat 1: Mahu2021 (big blind) folded before Flop
Seat 3: saca217 (button) (small blind) collected (120)



PokerStars Hand #254185841757: Tournament #3842547081, $1.84+$0.16 USD Hold'em No Limit - Level IV (30/60) - 2025/01/04 9:06:16 CET [2025/01/04 3:06:16 ET]
Table '3842547081 1' 3-max Seat #1 is the button
Seat 1: Mahu2021 (1085 in chips) 
Seat 3: saca217 (415 in chips) 
Mahu2021: posts small blind 30
saca217: posts big blind 60
*** HOLE CARDS ***
Dealt to Mahu2021 [5s 4s]
Mahu2021: calls 30
saca217: checks 
*** FLOP *** [8h Tc Ah]
saca217: checks 
Mahu2021: checks 
*** TURN *** [8h Tc Ah] [Jd]
saca217: checks 
Mahu2021: bets 60
saca217: folds 
Uncalled bet (60) returned to Mahu2021
Mahu2021 collected 120 from pot
Mahu2021: doesn't show hand 
*** SUMMARY ***
Total pot 120 | Rake 0 
Board [8h Tc Ah Jd]
Seat 1: Mahu2021 (button) (small blind) collected (120)
Seat 3: saca217 (big blind) folded on the Turn



PokerStars Hand #254185842658: Tournament #3842547081, $1.84+$0.16 USD Hold'em No Limit - Level IV (30/60) - 2025/01/04 9:06:27 CET [2025/01/04 3:06:27 ET]
Table '3842547081 1' 3-max Seat #3 is the button
Seat 1: Mahu2021 (1145 in chips) 
Seat 3: saca217 (355 in chips) 
saca217: posts small blind 30
Mahu2021: posts big blind 60
*** HOLE CARDS ***
Dealt to Mahu2021 [Qc Td]
saca217: raises 295 to 355 and is all-in
Mahu2021: folds 
Uncalled bet (295) returned to saca217
saca217 collected 120 from pot
*** SUMMARY ***
Total pot 120 | Rake 0 
Seat 1: Mahu2021 (big blind) folded before Flop
Seat 3: saca217 (button) (small blind) collected (120)



PokerStars Hand #254185843344: Tournament #3842547081, $1.84+$0.16 USD Hold'em No Limit - Level V (40/80) - 2025/01/04 9:06:36 CET [2025/01/04 3:06:36 ET]
Table '3842547081 1' 3-max Seat #1 is the button
Seat 1: Mahu2021 (1085 in chips) 
Seat 3: saca217 (415 in chips) 
Mahu2021: posts small blind 40
saca217: posts big blind 80
*** HOLE CARDS ***
Dealt to Mahu2021 [Qd Kc]
Mahu2021: raises 160 to 240
saca217: raises 175 to 415 and is all-in
Mahu2021: calls 175
*** FLOP *** [2s 3c 4s]
*** TURN *** [2s 3c 4s] [8s]
*** RIVER *** [2s 3c 4s 8s] [Ts]
*** SHOW DOWN ***
saca217: shows [As 9s] (a flush, Ace high)
Mahu2021: shows [Qd Kc] (high card King)
saca217 collected 830 from pot
*** SUMMARY ***
Total pot 830 | Rake 0 
Board [2s 3c 4s 8s Ts]
Seat 1: Mahu2021 (button) (small blind) showed [Qd Kc] and lost with high card King
Seat 3: saca217 (big blind) showed [As 9s] and won (830) with a flush, Ace high



PokerStars Hand #254185844489: Tournament #3842547081, $1.84+$0.16 USD Hold'em No Limit - Level V (40/80) - 2025/01/04 9:06:50 CET [2025/01/04 3:06:50 ET]
Table '3842547081 1' 3-max Seat #3 is the button
Seat 1: Mahu2021 (670 in chips) 
Seat 3: saca217 (830 in chips) 
saca217: posts small blind 40
Mahu2021: posts big blind 80
*** HOLE CARDS ***
Dealt to Mahu2021 [Kh Ks]
saca217: folds 
Uncalled bet (40) returned to Mahu2021
Mahu2021 collected 80 from pot
Mahu2021: doesn't show hand 
*** SUMMARY ***
Total pot 80 | Rake 0 
Seat 1: Mahu2021 (big blind) collected (80)
Seat 3: saca217 (button) (small blind) folded before Flop



PokerStars Hand #254185844937: Tournament #3842547081, $1.84+$0.16 USD Hold'em No Limit - Level V (40/80) - 2025/01/04 9:06:56 CET [2025/01/04 3:06:56 ET]
Table '3842547081 1' 3-max Seat #1 is the button
Seat 1: Mahu2021 (710 in chips) 
Seat 3: saca217 (790 in chips) 
Mahu2021: posts small blind 40
saca217: posts big blind 80
*** HOLE CARDS ***
Dealt to Mahu2021 [5h Qd]
Mahu2021: raises 80 to 160
saca217: raises 630 to 790 and is all-in
Mahu2021: folds 
Uncalled bet (630) returned to saca217
saca217 collected 320 from pot
*** SUMMARY ***
Total pot 320 | Rake 0 
Seat 1: Mahu2021 (button) (small blind) folded before Flop
Seat 3: saca217 (big blind) collected (320)



PokerStars Hand #254185845543: Tournament #3842547081, $1.84+$0.16 USD Hold'em No Limit - Level V (40/80) - 2025/01/04 9:07:02 CET [2025/01/04 3:07:02 ET]
Table '3842547081 1' 3-max Seat #3 is the button
Seat 1: Mahu2021 (550 in chips) 
Seat 3: saca217 (950 in chips) 
saca217: posts small blind 40
Mahu2021: posts big blind 80
*** HOLE CARDS ***
Dealt to Mahu2021 [5s 4h]
saca217: folds 
Uncalled bet (40) returned to Mahu2021
Mahu2021 collected 80 from pot
Mahu2021: doesn't show hand 
*** SUMMARY ***
Total pot 80 | Rake 0 
Seat 1: Mahu2021 (big blind) collected (80)
Seat 3: saca217 (button) (small blind) folded before Flop



PokerStars Hand #254185845899: Tournament #3842547081, $1.84+$0.16 USD Hold'em No Limit - Level V (40/80) - 2025/01/04 9:07:06 CET [2025/01/04 3:07:06 ET]
Table '3842547081 1' 3-max Seat #1 is the button
Seat 1: Mahu2021 (590 in chips) 
Seat 3: saca217 (910 in chips) 
Mahu2021: posts small blind 40
saca217: posts big blind 80
*** HOLE CARDS ***
Dealt to Mahu2021 [6d Td]
Mahu2021: folds 
Uncalled bet (40) returned to saca217
saca217 collected 80 from pot
*** SUMMARY ***
Total pot 80 | Rake 0 
Seat 1: Mahu2021 (button) (small blind) folded before Flop
Seat 3: saca217 (big blind) collected (80)



PokerStars Hand #254185846239: Tournament #3842547081, $1.84+$0.16 USD Hold'em No Limit - Level V (40/80) - 2025/01/04 9:07:11 CET [2025/01/04 3:07:11 ET]
Table '3842547081 1' 3-max Seat #3 is the button
Seat 1: Mahu2021 (550 in chips) 
Seat 3: saca217 (950 in chips) 
saca217: posts small blind 40
Mahu2021: posts big blind 80
*** HOLE CARDS ***
Dealt to Mahu2021 [7h Ah]
saca217: folds 
Uncalled bet (40) returned to Mahu2021
Mahu2021 collected 80 from pot
Mahu2021: doesn't show hand 
*** SUMMARY ***
Total pot 80 | Rake 0 
Seat 1: Mahu2021 (big blind) collected (80)
Seat 3: saca217 (button) (small blind) folded before Flop



PokerStars Hand #254185846548: Tournament #3842547081, $1.84+$0.16 USD Hold'em No Limit - Level V (40/80) - 2025/01/04 9:07:15 CET [2025/01/04 3:07:15 ET]
Table '3842547081 1' 3-max Seat #1 is the button
Seat 1: Mahu2021 (590 in chips) 
Seat 3: saca217 (910 in chips) 
Mahu2021: posts small blind 40
saca217: posts big blind 80
*** HOLE CARDS ***
Dealt to Mahu2021 [5d 7d]
Mahu2021: calls 40
saca217: checks 
*** FLOP *** [Ah Jd Tc]
saca217: checks 
Mahu2021: bets 80
saca217: folds 
Uncalled bet (80) returned to Mahu2021
Mahu2021 collected 160 from pot
Mahu2021: doesn't show hand 
*** SUMMARY ***
Total pot 160 | Rake 0 
Board [Ah Jd Tc]
Seat 1: Mahu2021 (button) (small blind) collected (160)
Seat 3: saca217 (big blind) folded on the Flop



PokerStars Hand #254185847451: Tournament #3842547081, $1.84+$0.16 USD Hold'em No Limit - Level V (40/80) - 2025/01/04 9:07:26 CET [2025/01/04 3:07:26 ET]
Table '3842547081 1' 3-max Seat #3 is the button
Seat 1: Mahu2021 (670 in chips) 
Seat 3: saca217 (830 in chips) 
saca217: posts small blind 40
Mahu2021: posts big blind 80
*** HOLE CARDS ***
Dealt to Mahu2021 [Jc 2s]
saca217: raises 750 to 830 and is all-in
Mahu2021: folds 
Uncalled bet (750) returned to saca217
saca217 collected 160 from pot
*** SUMMARY ***
Total pot 160 | Rake 0 
Seat 1: Mahu2021 (big blind) folded before Flop
Seat 3: saca217 (button) (small blind) collected (160)



PokerStars Hand #254185847905: Tournament #3842547081, $1.84+$0.16 USD Hold'em No Limit - Level V (40/80) - 2025/01/04 9:07:32 CET [2025/01/04 3:07:32 ET]
Table '3842547081 1' 3-max Seat #1 is the button
Seat 1: Mahu2021 (590 in chips) 
Seat 3: saca217 (910 in chips) 
Mahu2021: posts small blind 40
saca217: posts big blind 80
*** HOLE CARDS ***
Dealt to Mahu2021 [5c Ad]
Mahu2021: raises 80 to 160
saca217: folds 
Uncalled bet (80) returned to Mahu2021
Mahu2021 collected 160 from pot
Mahu2021: doesn't show hand 
*** SUMMARY ***
Total pot 160 | Rake 0 
Seat 1: Mahu2021 (button) (small blind) collected (160)
Seat 3: saca217 (big blind) folded before Flop



PokerStars Hand #254185848248: Tournament #3842547081, $1.84+$0.16 USD Hold'em No Limit - Level V (40/80) - 2025/01/04 9:07:36 CET [2025/01/04 3:07:36 ET]
Table '3842547081 1' 3-max Seat #3 is the button
Seat 1: Mahu2021 (670 in chips) 
Seat 3: saca217 (830 in chips) 
saca217: posts small blind 40
Mahu2021: posts big blind 80
*** HOLE CARDS ***
Dealt to Mahu2021 [2d 6c]
saca217: folds 
Uncalled bet (40) returned to Mahu2021
Mahu2021 collected 80 from pot
Mahu2021: doesn't show hand 
*** SUMMARY ***
Total pot 80 | Rake 0 
Seat 1: Mahu2021 (big blind) collected (80)
Seat 3: saca217 (button) (small blind) folded before Flop



PokerStars Hand #254185848616: Tournament #3842547081, $1.84+$0.16 USD Hold'em No Limit - Level V (40/80) - 2025/01/04 9:07:40 CET [2025/01/04 3:07:40 ET]
Table '3842547081 1' 3-max Seat #1 is the button
Seat 1: Mahu2021 (710 in chips) 
Seat 3: saca217 (790 in chips) 
Mahu2021: posts small blind 40
saca217: posts big blind 80
*** HOLE CARDS ***
Dealt to Mahu2021 [Qd 8h]
Mahu2021: raises 80 to 160
saca217: calls 80
*** FLOP *** [3c 7d Jh]
saca217: checks 
Mahu2021: checks 
*** TURN *** [3c 7d Jh] [4h]
saca217: bets 320
Mahu2021: folds 
Uncalled bet (320) returned to saca217
saca217 collected 320 from pot
*** SUMMARY ***
Total pot 320 | Rake 0 
Board [3c 7d Jh 4h]
Seat 1: Mahu2021 (button) (small blind) folded on the Turn
Seat 3: saca217 (big blind) collected (320)



PokerStars Hand #254185849462: Tournament #3842547081, $1.84+$0.16 USD Hold'em No Limit - Level V (40/80) - 2025/01/04 9:07:51 CET [2025/01/04 3:07:51 ET]
Table '3842547081 1' 3-max Seat #3 is the button
Seat 1: Mahu2021 (550 in chips) 
Seat 3: saca217 (950 in chips) 
saca217: posts small blind 40
Mahu2021: posts big blind 80
*** HOLE CARDS ***
Dealt to Mahu2021 [Js Ts]
saca217: calls 40
Mahu2021: raises 470 to 550 and is all-in
saca217: folds 
Uncalled bet (470) returned to Mahu2021
Mahu2021 collected 160 from pot
Mahu2021: doesn't show hand 
*** SUMMARY ***
Total pot 160 | Rake 0 
Seat 1: Mahu2021 (big blind) collected (160)
Seat 3: saca217 (button) (small blind) folded before Flop



PokerStars Hand #254185850018: Tournament #3842547081, $1.84+$0.16 USD Hold'em No Limit - Level V (40/80) - 2025/01/04 9:07:58 CET [2025/01/04 3:07:58 ET]
Table '3842547081 1' 3-max Seat #1 is the button
Seat 1: Mahu2021 (630 in chips) 
Seat 3: saca217 (870 in chips) 
Mahu2021: posts small blind 40
saca217: posts big blind 80
*** HOLE CARDS ***
Dealt to Mahu2021 [4h Jd]
Mahu2021: folds 
Uncalled bet (40) returned to saca217
saca217 collected 80 from pot
*** SUMMARY ***
Total pot 80 | Rake 0 
Seat 1: Mahu2021 (button) (small blind) folded before Flop
Seat 3: saca217 (big blind) collected (80)



PokerStars Hand #254185850428: Tournament #3842547081, $1.84+$0.16 USD Hold'em No Limit - Level V (40/80) - 2025/01/04 9:08:03 CET [2025/01/04 3:08:03 ET]
Table '3842547081 1' 3-max Seat #3 is the button
Seat 1: Mahu2021 (590 in chips) 
Seat 3: saca217 (910 in chips) 
saca217: posts small blind 40
Mahu2021: posts big blind 80
*** HOLE CARDS ***
Dealt to Mahu2021 [Ac 3h]
saca217: folds 
Uncalled bet (40) returned to Mahu2021
Mahu2021 collected 80 from pot
Mahu2021: doesn't show hand 
*** SUMMARY ***
Total pot 80 | Rake 0 
Seat 1: Mahu2021 (big blind) collected (80)
Seat 3: saca217 (button) (small blind) folded before Flop



PokerStars Hand #254185850722: Tournament #3842547081, $1.84+$0.16 USD Hold'em No Limit - Level V (40/80) - 2025/01/04 9:08:07 CET [2025/01/04 3:08:07 ET]
Table '3842547081 1' 3-max Seat #1 is the button
Seat 1: Mahu2021 (630 in chips) 
Seat 3: saca217 (870 in chips) 
Mahu2021: posts small blind 40
saca217: posts big blind 80
*** HOLE CARDS ***
Dealt to Mahu2021 [8c Qh]
Mahu2021: calls 40
saca217: checks 
*** FLOP *** [4s Kh Td]
saca217: checks 
Mahu2021: bets 80
saca217: folds 
Uncalled bet (80) returned to Mahu2021
Mahu2021 collected 160 from pot
Mahu2021: doesn't show hand 
*** SUMMARY ***
Total pot 160 | Rake 0 
Board [4s Kh Td]
Seat 1: Mahu2021 (button) (small blind) collected (160)
Seat 3: saca217 (big blind) folded on the Flop



PokerStars Hand #254185851453: Tournament #3842547081, $1.84+$0.16 USD Hold'em No Limit - Level V (40/80) - 2025/01/04 9:08:15 CET [2025/01/04 3:08:15 ET]
Table '3842547081 1' 3-max Seat #3 is the button
Seat 1: Mahu2021 (710 in chips) 
Seat 3: saca217 (790 in chips) 
saca217: posts small blind 40
Mahu2021: posts big blind 80
*** HOLE CARDS ***
Dealt to Mahu2021 [6h Ts]
saca217: calls 40
Mahu2021: checks 
*** FLOP *** [7s 9s 8s]
Mahu2021: bets 630 and is all-in
saca217: calls 630
*** TURN *** [7s 9s 8s] [2s]
*** RIVER *** [7s 9s 8s 2s] [Qc]
*** SHOW DOWN ***
Mahu2021: shows [6h Ts] (a flush, Ten high)
saca217: shows [Jd Tc] (a straight, Eight to Queen)
Mahu2021 collected 1420 from pot
*** SUMMARY ***
Total pot 1420 | Rake 0 
Board [7s 9s 8s 2s Qc]
Seat 1: Mahu2021 (big blind) showed [6h Ts] and won (1420) with a flush, Ten high
Seat 3: saca217 (button) (small blind) showed [Jd Tc] and lost with a straight, Eight to Queen



PokerStars Hand #254185852594: Tournament #3842547081, $1.84+$0.16 USD Hold'em No Limit - Level V (40/80) - 2025/01/04 9:08:29 CET [2025/01/04 3:08:29 ET]
Table '3842547081 1' 3-max Seat #1 is the button
Seat 1: Mahu2021 (1420 in chips) 
Seat 3: saca217 (80 in chips) 
Mahu2021: posts small blind 40
saca217: posts big blind 80 and is all-in
*** HOLE CARDS ***
Dealt to Mahu2021 [7s As]
Mahu2021: calls 40
*** FLOP *** [4h Ad Qc]
*** TURN *** [4h Ad Qc] [5c]
*** RIVER *** [4h Ad Qc 5c] [9h]
*** SHOW DOWN ***
saca217: shows [Td Kd] (high card Ace)
Mahu2021: shows [7s As] (a pair of Aces)
Mahu2021 collected 160 from pot
saca217 finished the tournament in 2nd place
Mahu2021 wins the tournament and receives $6.00 - congratulations!
*** SUMMARY ***
Total pot 160 | Rake 0 
Board [4h Ad Qc 5c 9h]
Seat 1: Mahu2021 (button) (small blind) showed [7s As] and won (160) with a pair of Aces
Seat 3: saca217 (big blind) showed [Td Kd] and lost with high card Ace



