PokerStars Hand #243192980493: Tournament #3579838704, $0.92+$0.08 USD Hold'em No Limit - Level I (10/20) - 2023/04/19 20:56:53 CET [2023/04/19 14:56:53 ET]
Table '3579838704 1' 3-max Seat #1 is the button
Seat 1: NiekeVL (500 in chips) 
Seat 2: Mahu2021 (500 in chips) 
Seat 3: katrina906 (500 in chips) 
Mahu2021: posts small blind 10
katrina906: posts big blind 20
*** HOLE CARDS ***
Dealt to Mahu2021 [Jc 7s]
NiekeVL: calls 20
Mahu2021: calls 10
katrina906: checks 
*** FLOP *** [Qh 5s 7c]
Mahu2021: checks 
katrina906: bets 60
NiekeVL: folds 
Mahu2021: folds 
Uncalled bet (60) returned to katrina906
katrina906 collected 60 from pot
*** SUMMARY ***
Total pot 60 | Rake 0 
Board [Qh 5s 7c]
Seat 1: NiekeVL (button) folded on the Flop
Seat 2: Mahu2021 (small blind) folded on the Flop
Seat 3: katrina906 (big blind) collected (60)



PokerStars Hand #243192983989: Tournament #3579838704, $0.92+$0.08 USD Hold'em No Limit - Level I (10/20) - 2023/04/19 20:57:06 CET [2023/04/19 14:57:06 ET]
Table '3579838704 1' 3-max Seat #2 is the button
Seat 1: NiekeVL (480 in chips) 
Seat 2: Mahu2021 (480 in chips) 
Seat 3: katrina906 (540 in chips) 
katrina906: posts small blind 10
NiekeVL: posts big blind 20
*** HOLE CARDS ***
Dealt to Mahu2021 [4c 8c]
Mahu2021: folds 
katrina906: calls 10
NiekeVL: checks 
*** FLOP *** [Kc 4h 4d]
katrina906: bets 20
NiekeVL: folds 
Uncalled bet (20) returned to katrina906
katrina906 collected 40 from pot
*** SUMMARY ***
Total pot 40 | Rake 0 
Board [Kc 4h 4d]
Seat 1: NiekeVL (big blind) folded on the Flop
Seat 2: Mahu2021 (button) folded before Flop (didn't bet)
Seat 3: katrina906 (small blind) collected (40)



PokerStars Hand #243192987365: Tournament #3579838704, $0.92+$0.08 USD Hold'em No Limit - Level I (10/20) - 2023/04/19 20:57:19 CET [2023/04/19 14:57:19 ET]
Table '3579838704 1' 3-max Seat #3 is the button
Seat 1: NiekeVL (460 in chips) 
Seat 2: Mahu2021 (480 in chips) 
Seat 3: katrina906 (560 in chips) 
NiekeVL: posts small blind 10
Mahu2021: posts big blind 20
*** HOLE CARDS ***
Dealt to Mahu2021 [3s Jc]
katrina906: folds 
NiekeVL: calls 10
Mahu2021: checks 
*** FLOP *** [5c 8c 4c]
NiekeVL: checks 
Mahu2021: bets 20
NiekeVL: raises 80 to 100
Mahu2021: folds 
Uncalled bet (80) returned to NiekeVL
NiekeVL collected 80 from pot
*** SUMMARY ***
Total pot 80 | Rake 0 
Board [5c 8c 4c]
Seat 1: NiekeVL (small blind) collected (80)
Seat 2: Mahu2021 (big blind) folded on the Flop
Seat 3: katrina906 (button) folded before Flop (didn't bet)



PokerStars Hand #243192992324: Tournament #3579838704, $0.92+$0.08 USD Hold'em No Limit - Level I (10/20) - 2023/04/19 20:57:38 CET [2023/04/19 14:57:38 ET]
Table '3579838704 1' 3-max Seat #1 is the button
Seat 1: NiekeVL (500 in chips) 
Seat 2: Mahu2021 (440 in chips) 
Seat 3: katrina906 (560 in chips) 
Mahu2021: posts small blind 10
katrina906: posts big blind 20
*** HOLE CARDS ***
Dealt to Mahu2021 [3c Kc]
NiekeVL: raises 50 to 70
Mahu2021: calls 60
katrina906: folds 
*** FLOP *** [Qs 9s 6c]
Mahu2021: checks 
NiekeVL: bets 80
Mahu2021: folds 
Uncalled bet (80) returned to NiekeVL
NiekeVL collected 160 from pot
*** SUMMARY ***
Total pot 160 | Rake 0 
Board [Qs 9s 6c]
Seat 1: NiekeVL (button) collected (160)
Seat 2: Mahu2021 (small blind) folded on the Flop
Seat 3: katrina906 (big blind) folded before Flop



PokerStars Hand #243192996257: Tournament #3579838704, $0.92+$0.08 USD Hold'em No Limit - Level I (10/20) - 2023/04/19 20:57:53 CET [2023/04/19 14:57:53 ET]
Table '3579838704 1' 3-max Seat #2 is the button
Seat 1: NiekeVL (590 in chips) 
Seat 2: Mahu2021 (370 in chips) 
Seat 3: katrina906 (540 in chips) 
katrina906: posts small blind 10
NiekeVL: posts big blind 20
*** HOLE CARDS ***
Dealt to Mahu2021 [Th 4c]
Mahu2021: folds 
katrina906: calls 10
NiekeVL: checks 
*** FLOP *** [8d 7c Qh]
katrina906: bets 20
NiekeVL: raises 80 to 100
katrina906: calls 80
*** TURN *** [8d 7c Qh] [5c]
katrina906: checks 
NiekeVL: bets 120
katrina906: calls 120
*** RIVER *** [8d 7c Qh 5c] [Jh]
katrina906: checks 
NiekeVL: checks 
*** SHOW DOWN ***
katrina906: shows [Qc 6s] (a pair of Queens)
NiekeVL: shows [3s Qd] (a pair of Queens)
katrina906 collected 240 from pot
NiekeVL collected 240 from pot
*** SUMMARY ***
Total pot 480 | Rake 0 
Board [8d 7c Qh 5c Jh]
Seat 1: NiekeVL (big blind) showed [3s Qd] and won (240) with a pair of Queens
Seat 2: Mahu2021 (button) folded before Flop (didn't bet)
Seat 3: katrina906 (small blind) showed [Qc 6s] and won (240) with a pair of Queens



PokerStars Hand #243193001181: Tournament #3579838704, $0.92+$0.08 USD Hold'em No Limit - Level I (10/20) - 2023/04/19 20:58:12 CET [2023/04/19 14:58:12 ET]
Table '3579838704 1' 3-max Seat #3 is the button
Seat 1: NiekeVL (590 in chips) 
Seat 2: Mahu2021 (370 in chips) 
Seat 3: katrina906 (540 in chips) 
NiekeVL: posts small blind 10
Mahu2021: posts big blind 20
*** HOLE CARDS ***
Dealt to Mahu2021 [Qh Ad]
katrina906: calls 20
NiekeVL: calls 10
Mahu2021: raises 120 to 140
katrina906: folds 
NiekeVL: calls 120
*** FLOP *** [Th 3c 9d]
NiekeVL: checks 
Mahu2021: bets 230 and is all-in
NiekeVL: folds 
Uncalled bet (230) returned to Mahu2021
Mahu2021 collected 300 from pot
Mahu2021: doesn't show hand 
*** SUMMARY ***
Total pot 300 | Rake 0 
Board [Th 3c 9d]
Seat 1: NiekeVL (small blind) folded on the Flop
Seat 2: Mahu2021 (big blind) collected (300)
Seat 3: katrina906 (button) folded before Flop



PokerStars Hand #243193005532: Tournament #3579838704, $0.92+$0.08 USD Hold'em No Limit - Level I (10/20) - 2023/04/19 20:58:28 CET [2023/04/19 14:58:28 ET]
Table '3579838704 1' 3-max Seat #1 is the button
Seat 1: NiekeVL (450 in chips) 
Seat 2: Mahu2021 (530 in chips) 
Seat 3: katrina906 (520 in chips) 
Mahu2021: posts small blind 10
katrina906: posts big blind 20
*** HOLE CARDS ***
Dealt to Mahu2021 [Jd 3d]
NiekeVL: raises 20 to 40
Mahu2021: calls 30
katrina906: calls 20
*** FLOP *** [7d 3c 6c]
Mahu2021: checks 
katrina906: checks 
NiekeVL: checks 
*** TURN *** [7d 3c 6c] [2c]
Mahu2021: bets 40
katrina906: calls 40
NiekeVL: calls 40
*** RIVER *** [7d 3c 6c 2c] [9d]
Mahu2021: checks 
katrina906: bets 120
NiekeVL: folds 
Mahu2021: folds 
Uncalled bet (120) returned to katrina906
katrina906 collected 240 from pot
*** SUMMARY ***
Total pot 240 | Rake 0 
Board [7d 3c 6c 2c 9d]
Seat 1: NiekeVL (button) folded on the River
Seat 2: Mahu2021 (small blind) folded on the River
Seat 3: katrina906 (big blind) collected (240)



PokerStars Hand #243193013099: Tournament #3579838704, $0.92+$0.08 USD Hold'em No Limit - Level II (15/30) - 2023/04/19 20:58:58 CET [2023/04/19 14:58:58 ET]
Table '3579838704 1' 3-max Seat #2 is the button
Seat 1: NiekeVL (370 in chips) 
Seat 2: Mahu2021 (450 in chips) 
Seat 3: katrina906 (680 in chips) 
katrina906: posts small blind 15
NiekeVL: posts big blind 30
*** HOLE CARDS ***
Dealt to Mahu2021 [7h 3c]
Mahu2021: folds 
katrina906: calls 15
NiekeVL: checks 
*** FLOP *** [3s 7d 8h]
katrina906: checks 
NiekeVL: bets 60
katrina906: folds 
Uncalled bet (60) returned to NiekeVL
NiekeVL collected 60 from pot
*** SUMMARY ***
Total pot 60 | Rake 0 
Board [3s 7d 8h]
Seat 1: NiekeVL (big blind) collected (60)
Seat 2: Mahu2021 (button) folded before Flop (didn't bet)
Seat 3: katrina906 (small blind) folded on the Flop



PokerStars Hand #243193016608: Tournament #3579838704, $0.92+$0.08 USD Hold'em No Limit - Level II (15/30) - 2023/04/19 20:59:11 CET [2023/04/19 14:59:11 ET]
Table '3579838704 1' 3-max Seat #3 is the button
Seat 1: NiekeVL (400 in chips) 
Seat 2: Mahu2021 (450 in chips) 
Seat 3: katrina906 (650 in chips) 
NiekeVL: posts small blind 15
Mahu2021: posts big blind 30
*** HOLE CARDS ***
Dealt to Mahu2021 [6h 5d]
katrina906: calls 30
NiekeVL: calls 15
Mahu2021: checks 
*** FLOP *** [7s 8c Ac]
NiekeVL: checks 
Mahu2021: bets 60
katrina906: calls 60
NiekeVL: calls 60
*** TURN *** [7s 8c Ac] [4h]
NiekeVL: bets 60
Mahu2021: raises 300 to 360 and is all-in
katrina906: folds 
NiekeVL: calls 250 and is all-in
Uncalled bet (50) returned to Mahu2021
*** RIVER *** [7s 8c Ac 4h] [Kc]
*** SHOW DOWN ***
NiekeVL: shows [8h 4s] (two pair, Eights and Fours)
Mahu2021: shows [6h 5d] (a straight, Four to Eight)
Mahu2021 collected 890 from pot
NiekeVL finished the tournament in 3rd place
*** SUMMARY ***
Total pot 890 | Rake 0 
Board [7s 8c Ac 4h Kc]
Seat 1: NiekeVL (small blind) showed [8h 4s] and lost with two pair, Eights and Fours
Seat 2: Mahu2021 (big blind) showed [6h 5d] and won (890) with a straight, Four to Eight
Seat 3: katrina906 (button) folded on the Turn



PokerStars Hand #243193024407: Tournament #3579838704, $0.92+$0.08 USD Hold'em No Limit - Level II (15/30) - 2023/04/19 20:59:41 CET [2023/04/19 14:59:41 ET]
Table '3579838704 1' 3-max Seat #2 is the button
Seat 2: Mahu2021 (940 in chips) 
Seat 3: katrina906 (560 in chips) 
Mahu2021: posts small blind 15
katrina906: posts big blind 30
*** HOLE CARDS ***
Dealt to Mahu2021 [3d Jc]
Mahu2021: folds 
Uncalled bet (15) returned to katrina906
katrina906 collected 30 from pot
*** SUMMARY ***
Total pot 30 | Rake 0 
Seat 2: Mahu2021 (button) (small blind) folded before Flop
Seat 3: katrina906 (big blind) collected (30)



PokerStars Hand #243193025661: Tournament #3579838704, $0.92+$0.08 USD Hold'em No Limit - Level II (15/30) - 2023/04/19 20:59:46 CET [2023/04/19 14:59:46 ET]
Table '3579838704 1' 3-max Seat #3 is the button
Seat 2: Mahu2021 (925 in chips) 
Seat 3: katrina906 (575 in chips) 
katrina906: posts small blind 15
Mahu2021: posts big blind 30
*** HOLE CARDS ***
Dealt to Mahu2021 [6h Ks]
katrina906: folds 
Uncalled bet (15) returned to Mahu2021
Mahu2021 collected 30 from pot
Mahu2021: doesn't show hand 
*** SUMMARY ***
Total pot 30 | Rake 0 
Seat 2: Mahu2021 (big blind) collected (30)
Seat 3: katrina906 (button) (small blind) folded before Flop



PokerStars Hand #243193027507: Tournament #3579838704, $0.92+$0.08 USD Hold'em No Limit - Level II (15/30) - 2023/04/19 20:59:53 CET [2023/04/19 14:59:53 ET]
Table '3579838704 1' 3-max Seat #2 is the button
Seat 2: Mahu2021 (940 in chips) 
Seat 3: katrina906 (560 in chips) 
Mahu2021: posts small blind 15
katrina906: posts big blind 30
*** HOLE CARDS ***
Dealt to Mahu2021 [2s 6s]
Mahu2021: raises 30 to 60
katrina906: raises 500 to 560 and is all-in
Mahu2021: folds 
Uncalled bet (500) returned to katrina906
katrina906 collected 120 from pot
*** SUMMARY ***
Total pot 120 | Rake 0 
Seat 2: Mahu2021 (button) (small blind) folded before Flop
Seat 3: katrina906 (big blind) collected (120)



PokerStars Hand #243193029563: Tournament #3579838704, $0.92+$0.08 USD Hold'em No Limit - Level II (15/30) - 2023/04/19 21:00:01 CET [2023/04/19 15:00:01 ET]
Table '3579838704 1' 3-max Seat #3 is the button
Seat 2: Mahu2021 (880 in chips) 
Seat 3: katrina906 (620 in chips) 
katrina906: posts small blind 15
Mahu2021: posts big blind 30
*** HOLE CARDS ***
Dealt to Mahu2021 [8c 5h]
katrina906: folds 
Uncalled bet (15) returned to Mahu2021
Mahu2021 collected 30 from pot
Mahu2021: doesn't show hand 
*** SUMMARY ***
Total pot 30 | Rake 0 
Seat 2: Mahu2021 (big blind) collected (30)
Seat 3: katrina906 (button) (small blind) folded before Flop



PokerStars Hand #243193030746: Tournament #3579838704, $0.92+$0.08 USD Hold'em No Limit - Level II (15/30) - 2023/04/19 21:00:05 CET [2023/04/19 15:00:05 ET]
Table '3579838704 1' 3-max Seat #2 is the button
Seat 2: Mahu2021 (895 in chips) 
Seat 3: katrina906 (605 in chips) 
Mahu2021: posts small blind 15
katrina906: posts big blind 30
*** HOLE CARDS ***
Dealt to Mahu2021 [8c Jd]
Mahu2021: calls 15
katrina906: checks 
*** FLOP *** [9c Kh 2s]
katrina906: checks 
Mahu2021: checks 
*** TURN *** [9c Kh 2s] [7h]
katrina906: checks 
Mahu2021: bets 60
katrina906: calls 60
*** RIVER *** [9c Kh 2s 7h] [9d]
katrina906: checks 
Mahu2021: bets 180
katrina906: folds 
Uncalled bet (180) returned to Mahu2021
Mahu2021 collected 180 from pot
Mahu2021: doesn't show hand 
*** SUMMARY ***
Total pot 180 | Rake 0 
Board [9c Kh 2s 7h 9d]
Seat 2: Mahu2021 (button) (small blind) collected (180)
Seat 3: katrina906 (big blind) folded on the River



PokerStars Hand #243193035762: Tournament #3579838704, $0.92+$0.08 USD Hold'em No Limit - Level II (15/30) - 2023/04/19 21:00:24 CET [2023/04/19 15:00:24 ET]
Table '3579838704 1' 3-max Seat #3 is the button
Seat 2: Mahu2021 (985 in chips) 
Seat 3: katrina906 (515 in chips) 
katrina906: posts small blind 15
Mahu2021: posts big blind 30
*** HOLE CARDS ***
Dealt to Mahu2021 [Ad 2h]
katrina906: calls 15
Mahu2021: checks 
*** FLOP *** [4c 4s As]
Mahu2021: checks 
katrina906: checks 
*** TURN *** [4c 4s As] [3s]
Mahu2021: checks 
katrina906: checks 
*** RIVER *** [4c 4s As 3s] [5c]
Mahu2021: bets 60
katrina906: calls 60
*** SHOW DOWN ***
Mahu2021: shows [Ad 2h] (a straight, Ace to Five)
katrina906: mucks hand 
Mahu2021 collected 180 from pot
*** SUMMARY ***
Total pot 180 | Rake 0 
Board [4c 4s As 3s 5c]
Seat 2: Mahu2021 (big blind) showed [Ad 2h] and won (180) with a straight, Ace to Five
Seat 3: katrina906 (button) (small blind) mucked [Jd 8d]



PokerStars Hand #243193039789: Tournament #3579838704, $0.92+$0.08 USD Hold'em No Limit - Level II (15/30) - 2023/04/19 21:00:39 CET [2023/04/19 15:00:39 ET]
Table '3579838704 1' 3-max Seat #2 is the button
Seat 2: Mahu2021 (1075 in chips) 
Seat 3: katrina906 (425 in chips) 
Mahu2021: posts small blind 15
katrina906: posts big blind 30
*** HOLE CARDS ***
Dealt to Mahu2021 [2s 3d]
Mahu2021: calls 15
katrina906: checks 
*** FLOP *** [Jd Ad Ts]
katrina906: checks 
Mahu2021: checks 
*** TURN *** [Jd Ad Ts] [2h]
katrina906: checks 
Mahu2021: bets 30
katrina906: calls 30
*** RIVER *** [Jd Ad Ts 2h] [9s]
katrina906: checks 
Mahu2021: checks 
*** SHOW DOWN ***
katrina906: shows [Qc Tc] (a pair of Tens)
Mahu2021: mucks hand 
katrina906 collected 120 from pot
*** SUMMARY ***
Total pot 120 | Rake 0 
Board [Jd Ad Ts 2h 9s]
Seat 2: Mahu2021 (button) (small blind) mucked [2s 3d]
Seat 3: katrina906 (big blind) showed [Qc Tc] and won (120) with a pair of Tens



PokerStars Hand #243193044023: Tournament #3579838704, $0.92+$0.08 USD Hold'em No Limit - Level II (15/30) - 2023/04/19 21:00:53 CET [2023/04/19 15:00:53 ET]
Table '3579838704 1' 3-max Seat #3 is the button
Seat 2: Mahu2021 (1015 in chips) 
Seat 3: katrina906 (485 in chips) 
katrina906: posts small blind 15
Mahu2021: posts big blind 30
*** HOLE CARDS ***
Dealt to Mahu2021 [5s 9h]
katrina906: calls 15
Mahu2021: checks 
*** FLOP *** [6h Th 8h]
Mahu2021: checks 
katrina906: checks 
*** TURN *** [6h Th 8h] [7d]
Mahu2021: bets 60
katrina906: calls 60
*** RIVER *** [6h Th 8h 7d] [9d]
Mahu2021: bets 180
katrina906: raises 215 to 395 and is all-in
Mahu2021: folds 
Uncalled bet (215) returned to katrina906
katrina906 collected 540 from pot
*** SUMMARY ***
Total pot 540 | Rake 0 
Board [6h Th 8h 7d 9d]
Seat 2: Mahu2021 (big blind) folded on the River
Seat 3: katrina906 (button) (small blind) collected (540)



PokerStars Hand #243193050386: Tournament #3579838704, $0.92+$0.08 USD Hold'em No Limit - Level III (20/40) - 2023/04/19 21:01:14 CET [2023/04/19 15:01:14 ET]
Table '3579838704 1' 3-max Seat #2 is the button
Seat 2: Mahu2021 (745 in chips) 
Seat 3: katrina906 (755 in chips) 
Mahu2021: posts small blind 20
katrina906: posts big blind 40
*** HOLE CARDS ***
Dealt to Mahu2021 [6d Tc]
Mahu2021: calls 20
katrina906: checks 
*** FLOP *** [Jd 9d Ad]
katrina906: checks 
Mahu2021: bets 80
katrina906: folds 
Uncalled bet (80) returned to Mahu2021
Mahu2021 collected 80 from pot
Mahu2021: doesn't show hand 
*** SUMMARY ***
Total pot 80 | Rake 0 
Board [Jd 9d Ad]
Seat 2: Mahu2021 (button) (small blind) collected (80)
Seat 3: katrina906 (big blind) folded on the Flop



PokerStars Hand #243193053596: Tournament #3579838704, $0.92+$0.08 USD Hold'em No Limit - Level III (20/40) - 2023/04/19 21:01:25 CET [2023/04/19 15:01:25 ET]
Table '3579838704 1' 3-max Seat #3 is the button
Seat 2: Mahu2021 (785 in chips) 
Seat 3: katrina906 (715 in chips) 
katrina906: posts small blind 20
Mahu2021: posts big blind 40
*** HOLE CARDS ***
Dealt to Mahu2021 [3h 4c]
katrina906: calls 20
Mahu2021: checks 
*** FLOP *** [Ts Ah 9h]
Mahu2021: checks 
katrina906: bets 40
Mahu2021: folds 
Uncalled bet (40) returned to katrina906
katrina906 collected 80 from pot
*** SUMMARY ***
Total pot 80 | Rake 0 
Board [Ts Ah 9h]
Seat 2: Mahu2021 (big blind) folded on the Flop
Seat 3: katrina906 (button) (small blind) collected (80)



PokerStars Hand #243193056859: Tournament #3579838704, $0.92+$0.08 USD Hold'em No Limit - Level III (20/40) - 2023/04/19 21:01:35 CET [2023/04/19 15:01:35 ET]
Table '3579838704 1' 3-max Seat #2 is the button
Seat 2: Mahu2021 (745 in chips) 
Seat 3: katrina906 (755 in chips) 
Mahu2021: posts small blind 20
katrina906: posts big blind 40
*** HOLE CARDS ***
Dealt to Mahu2021 [Tc 2s]
Mahu2021: folds 
Uncalled bet (20) returned to katrina906
katrina906 collected 40 from pot
*** SUMMARY ***
Total pot 40 | Rake 0 
Seat 2: Mahu2021 (button) (small blind) folded before Flop
Seat 3: katrina906 (big blind) collected (40)



PokerStars Hand #243193058393: Tournament #3579838704, $0.92+$0.08 USD Hold'em No Limit - Level III (20/40) - 2023/04/19 21:01:39 CET [2023/04/19 15:01:39 ET]
Table '3579838704 1' 3-max Seat #3 is the button
Seat 2: Mahu2021 (725 in chips) 
Seat 3: katrina906 (775 in chips) 
katrina906: posts small blind 20
Mahu2021: posts big blind 40
*** HOLE CARDS ***
Dealt to Mahu2021 [4h 3s]
katrina906: calls 20
Mahu2021: checks 
*** FLOP *** [3c Qh 5h]
Mahu2021: bets 40
katrina906: calls 40
*** TURN *** [3c Qh 5h] [Kh]
Mahu2021: bets 40
katrina906: calls 40
*** RIVER *** [3c Qh 5h Kh] [6s]
Mahu2021: bets 240
katrina906: raises 415 to 655 and is all-in
Mahu2021: folds 
Uncalled bet (415) returned to katrina906
katrina906 collected 720 from pot
*** SUMMARY ***
Total pot 720 | Rake 0 
Board [3c Qh 5h Kh 6s]
Seat 2: Mahu2021 (big blind) folded on the River
Seat 3: katrina906 (button) (small blind) collected (720)



PokerStars Hand #243193063659: Tournament #3579838704, $0.92+$0.08 USD Hold'em No Limit - Level III (20/40) - 2023/04/19 21:01:56 CET [2023/04/19 15:01:56 ET]
Table '3579838704 1' 3-max Seat #2 is the button
Seat 2: Mahu2021 (365 in chips) 
Seat 3: katrina906 (1135 in chips) 
Mahu2021: posts small blind 20
katrina906: posts big blind 40
*** HOLE CARDS ***
Dealt to Mahu2021 [Qh 7d]
Mahu2021: raises 325 to 365 and is all-in
katrina906: folds 
Uncalled bet (325) returned to Mahu2021
Mahu2021 collected 80 from pot
Mahu2021: doesn't show hand 
*** SUMMARY ***
Total pot 80 | Rake 0 
Seat 2: Mahu2021 (button) (small blind) collected (80)
Seat 3: katrina906 (big blind) folded before Flop



PokerStars Hand #243193065689: Tournament #3579838704, $0.92+$0.08 USD Hold'em No Limit - Level III (20/40) - 2023/04/19 21:02:02 CET [2023/04/19 15:02:02 ET]
Table '3579838704 1' 3-max Seat #3 is the button
Seat 2: Mahu2021 (405 in chips) 
Seat 3: katrina906 (1095 in chips) 
katrina906: posts small blind 20
Mahu2021: posts big blind 40
*** HOLE CARDS ***
Dealt to Mahu2021 [As 7h]
katrina906: calls 20
Mahu2021: raises 365 to 405 and is all-in
katrina906: calls 365
*** FLOP *** [5h Jh Ah]
*** TURN *** [5h Jh Ah] [3c]
*** RIVER *** [5h Jh Ah 3c] [4d]
*** SHOW DOWN ***
Mahu2021: shows [As 7h] (a pair of Aces)
katrina906: shows [Jc Kc] (a pair of Jacks)
Mahu2021 collected 810 from pot
*** SUMMARY ***
Total pot 810 | Rake 0 
Board [5h Jh Ah 3c 4d]
Seat 2: Mahu2021 (big blind) showed [As 7h] and won (810) with a pair of Aces
Seat 3: katrina906 (button) (small blind) showed [Jc Kc] and lost with a pair of Jacks



PokerStars Hand #243193069931: Tournament #3579838704, $0.92+$0.08 USD Hold'em No Limit - Level III (20/40) - 2023/04/19 21:02:15 CET [2023/04/19 15:02:15 ET]
Table '3579838704 1' 3-max Seat #2 is the button
Seat 2: Mahu2021 (810 in chips) 
Seat 3: katrina906 (690 in chips) 
Mahu2021: posts small blind 20
katrina906: posts big blind 40
*** HOLE CARDS ***
Dealt to Mahu2021 [4d 3h]
Mahu2021: calls 20
katrina906: checks 
*** FLOP *** [Qc 6h 7c]
katrina906: checks 
Mahu2021: checks 
*** TURN *** [Qc 6h 7c] [6d]
katrina906: checks 
Mahu2021: checks 
*** RIVER *** [Qc 6h 7c 6d] [4h]
katrina906: bets 80
Mahu2021: calls 80
*** SHOW DOWN ***
katrina906: shows [3s Qs] (two pair, Queens and Sixes)
Mahu2021: mucks hand 
katrina906 collected 240 from pot
*** SUMMARY ***
Total pot 240 | Rake 0 
Board [Qc 6h 7c 6d 4h]
Seat 2: Mahu2021 (button) (small blind) mucked [4d 3h]
Seat 3: katrina906 (big blind) showed [3s Qs] and won (240) with two pair, Queens and Sixes



PokerStars Hand #243193074299: Tournament #3579838704, $0.92+$0.08 USD Hold'em No Limit - Level III (20/40) - 2023/04/19 21:02:27 CET [2023/04/19 15:02:27 ET]
Table '3579838704 1' 3-max Seat #3 is the button
Seat 2: Mahu2021 (690 in chips) 
Seat 3: katrina906 (810 in chips) 
katrina906: posts small blind 20
Mahu2021: posts big blind 40
*** HOLE CARDS ***
Dealt to Mahu2021 [Jc Qs]
katrina906: raises 80 to 120
Mahu2021: calls 80
*** FLOP *** [Td 2h As]
Mahu2021: checks 
katrina906: checks 
*** TURN *** [Td 2h As] [4d]
Mahu2021: checks 
katrina906: bets 120
Mahu2021: folds 
Uncalled bet (120) returned to katrina906
katrina906 collected 240 from pot
*** SUMMARY ***
Total pot 240 | Rake 0 
Board [Td 2h As 4d]
Seat 2: Mahu2021 (big blind) folded on the Turn
Seat 3: katrina906 (button) (small blind) collected (240)



PokerStars Hand #243193080747: Tournament #3579838704, $0.92+$0.08 USD Hold'em No Limit - Level III (20/40) - 2023/04/19 21:02:45 CET [2023/04/19 15:02:45 ET]
Table '3579838704 1' 3-max Seat #2 is the button
Seat 2: Mahu2021 (570 in chips) 
Seat 3: katrina906 (930 in chips) 
Mahu2021: posts small blind 20
katrina906: posts big blind 40
*** HOLE CARDS ***
Dealt to Mahu2021 [Ac Kc]
Mahu2021: calls 20
katrina906: raises 80 to 120
Mahu2021: raises 450 to 570 and is all-in
katrina906: calls 450
*** FLOP *** [7h 5h 7d]
*** TURN *** [7h 5h 7d] [3c]
*** RIVER *** [7h 5h 7d 3c] [4h]
*** SHOW DOWN ***
katrina906: shows [Ts Kh] (a pair of Sevens)
Mahu2021: shows [Ac Kc] (a pair of Sevens - Ace kicker)
Mahu2021 collected 1140 from pot
*** SUMMARY ***
Total pot 1140 | Rake 0 
Board [7h 5h 7d 3c 4h]
Seat 2: Mahu2021 (button) (small blind) showed [Ac Kc] and won (1140) with a pair of Sevens
Seat 3: katrina906 (big blind) showed [Ts Kh] and lost with a pair of Sevens



PokerStars Hand #243193087733: Tournament #3579838704, $0.92+$0.08 USD Hold'em No Limit - Level IV (30/60) - 2023/04/19 21:03:06 CET [2023/04/19 15:03:06 ET]
Table '3579838704 1' 3-max Seat #3 is the button
Seat 2: Mahu2021 (1140 in chips) 
Seat 3: katrina906 (360 in chips) 
katrina906: posts small blind 30
Mahu2021: posts big blind 60
*** HOLE CARDS ***
Dealt to Mahu2021 [Qh 4h]
katrina906: calls 30
Mahu2021: checks 
*** FLOP *** [2h 9h 2d]
Mahu2021: bets 60
katrina906: calls 60
*** TURN *** [2h 9h 2d] [Ks]
Mahu2021: bets 60
katrina906: calls 60
*** RIVER *** [2h 9h 2d Ks] [Td]
Mahu2021: bets 960 and is all-in
katrina906: calls 180 and is all-in
Uncalled bet (780) returned to Mahu2021
*** SHOW DOWN ***
Mahu2021: shows [Qh 4h] (a pair of Deuces)
katrina906: shows [5h Kc] (two pair, Kings and Deuces)
katrina906 collected 720 from pot
*** SUMMARY ***
Total pot 720 | Rake 0 
Board [2h 9h 2d Ks Td]
Seat 2: Mahu2021 (big blind) showed [Qh 4h] and lost with a pair of Deuces
Seat 3: katrina906 (button) (small blind) showed [5h Kc] and won (720) with two pair, Kings and Deuces



PokerStars Hand #243193094608: Tournament #3579838704, $0.92+$0.08 USD Hold'em No Limit - Level IV (30/60) - 2023/04/19 21:03:25 CET [2023/04/19 15:03:25 ET]
Table '3579838704 1' 3-max Seat #2 is the button
Seat 2: Mahu2021 (780 in chips) 
Seat 3: katrina906 (720 in chips) 
Mahu2021: posts small blind 30
katrina906: posts big blind 60
*** HOLE CARDS ***
Dealt to Mahu2021 [4c 2c]
Mahu2021: calls 30
katrina906: raises 120 to 180
Mahu2021: folds 
Uncalled bet (120) returned to katrina906
katrina906 collected 120 from pot
*** SUMMARY ***
Total pot 120 | Rake 0 
Seat 2: Mahu2021 (button) (small blind) folded before Flop
Seat 3: katrina906 (big blind) collected (120)



PokerStars Hand #243193097422: Tournament #3579838704, $0.92+$0.08 USD Hold'em No Limit - Level IV (30/60) - 2023/04/19 21:03:33 CET [2023/04/19 15:03:33 ET]
Table '3579838704 1' 3-max Seat #3 is the button
Seat 2: Mahu2021 (720 in chips) 
Seat 3: katrina906 (780 in chips) 
katrina906: posts small blind 30
Mahu2021: posts big blind 60
*** HOLE CARDS ***
Dealt to Mahu2021 [Qd 7s]
katrina906: calls 30
Mahu2021: checks 
*** FLOP *** [6c 2d 8h]
Mahu2021: checks 
katrina906: bets 60
Mahu2021: calls 60
*** TURN *** [6c 2d 8h] [Qs]
Mahu2021: checks 
katrina906: checks 
*** RIVER *** [6c 2d 8h Qs] [3d]
Mahu2021: bets 240
katrina906: calls 240
*** SHOW DOWN ***
Mahu2021: shows [Qd 7s] (a pair of Queens)
katrina906: mucks hand 
Mahu2021 collected 720 from pot
*** SUMMARY ***
Total pot 720 | Rake 0 
Board [6c 2d 8h Qs 3d]
Seat 2: Mahu2021 (big blind) showed [Qd 7s] and won (720) with a pair of Queens
Seat 3: katrina906 (button) (small blind) mucked [2s Ts]



PokerStars Hand #243193104504: Tournament #3579838704, $0.92+$0.08 USD Hold'em No Limit - Level IV (30/60) - 2023/04/19 21:03:53 CET [2023/04/19 15:03:53 ET]
Table '3579838704 1' 3-max Seat #2 is the button
Seat 2: Mahu2021 (1080 in chips) 
Seat 3: katrina906 (420 in chips) 
Mahu2021: posts small blind 30
katrina906: posts big blind 60
*** HOLE CARDS ***
Dealt to Mahu2021 [Ah Qc]
Mahu2021: calls 30
katrina906: raises 360 to 420 and is all-in
Mahu2021: calls 360
*** FLOP *** [3c 9s 6c]
*** TURN *** [3c 9s 6c] [Qs]
*** RIVER *** [3c 9s 6c Qs] [7c]
*** SHOW DOWN ***
katrina906: shows [Jc 9h] (a pair of Nines)
Mahu2021: shows [Ah Qc] (a pair of Queens)
Mahu2021 collected 840 from pot
katrina906 finished the tournament in 2nd place
Mahu2021 wins the tournament and receives $2.00 - congratulations!
*** SUMMARY ***
Total pot 840 | Rake 0 
Board [3c 9s 6c Qs 7c]
Seat 2: Mahu2021 (button) (small blind) showed [Ah Qc] and won (840) with a pair of Queens
Seat 3: katrina906 (big blind) showed [Jc 9h] and lost with a pair of Nines



