PokerStars Hand #242940773492: Tournament #3573539290, $0.92+$0.08 USD Hold'em No Limit - Level I (10/20) - 2023/04/07 15:12:31 CET [2023/04/07 9:12:31 ET]
Table '3573539290 1' 3-max Seat #1 is the button
Seat 1: Mahu2021 (500 in chips) 
Seat 2: nagod1971 (500 in chips) 
Seat 3: mmside (500 in chips) 
nagod1971: posts small blind 10
mmside: posts big blind 20
*** HOLE CARDS ***
Dealt to Mahu2021 [4d 7d]
Mahu2021: folds 
nagod1971: raises 40 to 60
mmside: calls 40
*** FLOP *** [Th 4c 8h]
nagod1971: bets 60
mmside: folds 
Uncalled bet (60) returned to nagod1971
nagod1971 collected 120 from pot
*** SUMMARY ***
Total pot 120 | Rake 0 
Board [Th 4c 8h]
Seat 1: Mahu2021 (button) folded before Flop (didn't bet)
Seat 2: nagod1971 (small blind) collected (120)
Seat 3: mmside (big blind) folded on the Flop



PokerStars Hand #242940777858: Tournament #3573539290, $0.92+$0.08 USD Hold'em No Limit - Level I (10/20) - 2023/04/07 15:12:50 CET [2023/04/07 9:12:50 ET]
Table '3573539290 1' 3-max Seat #2 is the button
Seat 1: Mahu2021 (500 in chips) 
Seat 2: nagod1971 (560 in chips) 
Seat 3: mmside (440 in chips) 
mmside: posts small blind 10
Mahu2021: posts big blind 20
*** HOLE CARDS ***
Dealt to Mahu2021 [2c 3h]
nagod1971: folds 
mmside: raises 20 to 40
Mahu2021: calls 20
*** FLOP *** [2h 8c 5s]
mmside: checks 
Mahu2021: bets 40
mmside: folds 
Uncalled bet (40) returned to Mahu2021
Mahu2021 collected 80 from pot
Mahu2021: doesn't show hand 
*** SUMMARY ***
Total pot 80 | Rake 0 
Board [2h 8c 5s]
Seat 1: Mahu2021 (big blind) collected (80)
Seat 2: nagod1971 (button) folded before Flop (didn't bet)
Seat 3: mmside (small blind) folded on the Flop



PokerStars Hand #242940783131: Tournament #3573539290, $0.92+$0.08 USD Hold'em No Limit - Level I (10/20) - 2023/04/07 15:13:12 CET [2023/04/07 9:13:12 ET]
Table '3573539290 1' 3-max Seat #3 is the button
Seat 1: Mahu2021 (540 in chips) 
Seat 2: nagod1971 (560 in chips) 
Seat 3: mmside (400 in chips) 
Mahu2021: posts small blind 10
nagod1971: posts big blind 20
*** HOLE CARDS ***
Dealt to Mahu2021 [Js 4c]
mmside: raises 20 to 40
Mahu2021: folds 
nagod1971: folds 
Uncalled bet (20) returned to mmside
mmside collected 50 from pot
*** SUMMARY ***
Total pot 50 | Rake 0 
Seat 1: Mahu2021 (small blind) folded before Flop
Seat 2: nagod1971 (big blind) folded before Flop
Seat 3: mmside (button) collected (50)



PokerStars Hand #242940784889: Tournament #3573539290, $0.92+$0.08 USD Hold'em No Limit - Level I (10/20) - 2023/04/07 15:13:19 CET [2023/04/07 9:13:19 ET]
Table '3573539290 1' 3-max Seat #1 is the button
Seat 1: Mahu2021 (530 in chips) 
Seat 2: nagod1971 (540 in chips) 
Seat 3: mmside (430 in chips) 
nagod1971: posts small blind 10
mmside: posts big blind 20
*** HOLE CARDS ***
Dealt to Mahu2021 [7s 9d]
Mahu2021: folds 
nagod1971: folds 
Uncalled bet (10) returned to mmside
mmside collected 20 from pot
*** SUMMARY ***
Total pot 20 | Rake 0 
Seat 1: Mahu2021 (button) folded before Flop (didn't bet)
Seat 2: nagod1971 (small blind) folded before Flop
Seat 3: mmside (big blind) collected (20)



PokerStars Hand #242940786122: Tournament #3573539290, $0.92+$0.08 USD Hold'em No Limit - Level I (10/20) - 2023/04/07 15:13:25 CET [2023/04/07 9:13:25 ET]
Table '3573539290 1' 3-max Seat #2 is the button
Seat 1: Mahu2021 (530 in chips) 
Seat 2: nagod1971 (530 in chips) 
Seat 3: mmside (440 in chips) 
mmside: posts small blind 10
Mahu2021: posts big blind 20
*** HOLE CARDS ***
Dealt to Mahu2021 [2h 6d]
nagod1971: raises 40 to 60
mmside: folds 
Mahu2021: folds 
Uncalled bet (40) returned to nagod1971
nagod1971 collected 50 from pot
*** SUMMARY ***
Total pot 50 | Rake 0 
Seat 1: Mahu2021 (big blind) folded before Flop
Seat 2: nagod1971 (button) collected (50)
Seat 3: mmside (small blind) folded before Flop



PokerStars Hand #242940788349: Tournament #3573539290, $0.92+$0.08 USD Hold'em No Limit - Level I (10/20) - 2023/04/07 15:13:34 CET [2023/04/07 9:13:34 ET]
Table '3573539290 1' 3-max Seat #3 is the button
Seat 1: Mahu2021 (510 in chips) 
Seat 2: nagod1971 (560 in chips) 
Seat 3: mmside (430 in chips) 
Mahu2021: posts small blind 10
nagod1971: posts big blind 20
*** HOLE CARDS ***
Dealt to Mahu2021 [Js 7s]
mmside: folds 
Mahu2021: calls 10
nagod1971: checks 
*** FLOP *** [Qs 3s 6d]
Mahu2021: bets 20
nagod1971: folds 
Uncalled bet (20) returned to Mahu2021
Mahu2021 collected 40 from pot
Mahu2021: doesn't show hand 
*** SUMMARY ***
Total pot 40 | Rake 0 
Board [Qs 3s 6d]
Seat 1: Mahu2021 (small blind) collected (40)
Seat 2: nagod1971 (big blind) folded on the Flop
Seat 3: mmside (button) folded before Flop (didn't bet)



PokerStars Hand #242940790942: Tournament #3573539290, $0.92+$0.08 USD Hold'em No Limit - Level I (10/20) - 2023/04/07 15:13:45 CET [2023/04/07 9:13:45 ET]
Table '3573539290 1' 3-max Seat #1 is the button
Seat 1: Mahu2021 (530 in chips) 
Seat 2: nagod1971 (540 in chips) 
Seat 3: mmside (430 in chips) 
nagod1971: posts small blind 10
mmside: posts big blind 20
*** HOLE CARDS ***
Dealt to Mahu2021 [Kc 4c]
Mahu2021: raises 20 to 40
nagod1971: folds 
mmside: raises 390 to 430 and is all-in
Mahu2021: folds 
Uncalled bet (390) returned to mmside
mmside collected 90 from pot
*** SUMMARY ***
Total pot 90 | Rake 0 
Seat 1: Mahu2021 (button) folded before Flop
Seat 2: nagod1971 (small blind) folded before Flop
Seat 3: mmside (big blind) collected (90)



PokerStars Hand #242940793860: Tournament #3573539290, $0.92+$0.08 USD Hold'em No Limit - Level I (10/20) - 2023/04/07 15:13:57 CET [2023/04/07 9:13:57 ET]
Table '3573539290 1' 3-max Seat #2 is the button
Seat 1: Mahu2021 (490 in chips) 
Seat 2: nagod1971 (530 in chips) 
Seat 3: mmside (480 in chips) 
mmside: posts small blind 10
Mahu2021: posts big blind 20
*** HOLE CARDS ***
Dealt to Mahu2021 [As 8c]
nagod1971: folds 
mmside: calls 10
Mahu2021: checks 
*** FLOP *** [Js 3d 5h]
mmside: bets 20
Mahu2021: calls 20
*** TURN *** [Js 3d 5h] [7s]
mmside: checks 
Mahu2021: checks 
*** RIVER *** [Js 3d 5h 7s] [6h]
mmside: checks 
Mahu2021: checks 
*** SHOW DOWN ***
mmside: shows [3h 2c] (a pair of Threes)
Mahu2021: mucks hand 
mmside collected 80 from pot
*** SUMMARY ***
Total pot 80 | Rake 0 
Board [Js 3d 5h 7s 6h]
Seat 1: Mahu2021 (big blind) mucked [As 8c]
Seat 2: nagod1971 (button) folded before Flop (didn't bet)
Seat 3: mmside (small blind) showed [3h 2c] and won (80) with a pair of Threes



PokerStars Hand #242940799152: Tournament #3573539290, $0.92+$0.08 USD Hold'em No Limit - Level I (10/20) - 2023/04/07 15:14:19 CET [2023/04/07 9:14:19 ET]
Table '3573539290 1' 3-max Seat #3 is the button
Seat 1: Mahu2021 (450 in chips) 
Seat 2: nagod1971 (530 in chips) 
Seat 3: mmside (520 in chips) 
Mahu2021: posts small blind 10
nagod1971: posts big blind 20
*** HOLE CARDS ***
Dealt to Mahu2021 [7s Tc]
mmside: raises 20 to 40
Mahu2021: folds 
nagod1971: calls 20
*** FLOP *** [As 8d Td]
nagod1971: checks 
mmside: bets 40
nagod1971: calls 40
*** TURN *** [As 8d Td] [2h]
nagod1971: checks 
mmside: checks 
*** RIVER *** [As 8d Td 2h] [8c]
nagod1971: bets 40
mmside: calls 40
*** SHOW DOWN ***
nagod1971: shows [Ts 9c] (two pair, Tens and Eights)
mmside: shows [Ad 3d] (two pair, Aces and Eights)
mmside collected 250 from pot
*** SUMMARY ***
Total pot 250 | Rake 0 
Board [As 8d Td 2h 8c]
Seat 1: Mahu2021 (small blind) folded before Flop
Seat 2: nagod1971 (big blind) showed [Ts 9c] and lost with two pair, Tens and Eights
Seat 3: mmside (button) showed [Ad 3d] and won (250) with two pair, Aces and Eights



PokerStars Hand #242940805172: Tournament #3573539290, $0.92+$0.08 USD Hold'em No Limit - Level I (10/20) - 2023/04/07 15:14:44 CET [2023/04/07 9:14:44 ET]
Table '3573539290 1' 3-max Seat #1 is the button
Seat 1: Mahu2021 (440 in chips) 
Seat 2: nagod1971 (410 in chips) 
Seat 3: mmside (650 in chips) 
nagod1971: posts small blind 10
mmside: posts big blind 20
*** HOLE CARDS ***
Dealt to Mahu2021 [3s 8s]
Mahu2021: folds 
nagod1971: folds 
Uncalled bet (10) returned to mmside
mmside collected 20 from pot
*** SUMMARY ***
Total pot 20 | Rake 0 
Seat 1: Mahu2021 (button) folded before Flop (didn't bet)
Seat 2: nagod1971 (small blind) folded before Flop
Seat 3: mmside (big blind) collected (20)



PokerStars Hand #242940806341: Tournament #3573539290, $0.92+$0.08 USD Hold'em No Limit - Level I (10/20) - 2023/04/07 15:14:49 CET [2023/04/07 9:14:49 ET]
Table '3573539290 1' 3-max Seat #2 is the button
Seat 1: Mahu2021 (440 in chips) 
Seat 2: nagod1971 (400 in chips) 
Seat 3: mmside (660 in chips) 
mmside: posts small blind 10
Mahu2021: posts big blind 20
*** HOLE CARDS ***
Dealt to Mahu2021 [Js 3d]
nagod1971: raises 30 to 50
mmside: folds 
Mahu2021: folds 
Uncalled bet (30) returned to nagod1971
nagod1971 collected 50 from pot
*** SUMMARY ***
Total pot 50 | Rake 0 
Seat 1: Mahu2021 (big blind) folded before Flop
Seat 2: nagod1971 (button) collected (50)
Seat 3: mmside (small blind) folded before Flop



PokerStars Hand #242940808032: Tournament #3573539290, $0.92+$0.08 USD Hold'em No Limit - Level I (10/20) - 2023/04/07 15:14:56 CET [2023/04/07 9:14:56 ET]
Table '3573539290 1' 3-max Seat #3 is the button
Seat 1: Mahu2021 (420 in chips) 
Seat 2: nagod1971 (430 in chips) 
Seat 3: mmside (650 in chips) 
Mahu2021: posts small blind 10
nagod1971: posts big blind 20
*** HOLE CARDS ***
Dealt to Mahu2021 [7d 6c]
mmside: folds 
Mahu2021: calls 10
nagod1971: checks 
*** FLOP *** [4d 4h 7h]
Mahu2021: bets 40
nagod1971: folds 
Uncalled bet (40) returned to Mahu2021
Mahu2021 collected 40 from pot
Mahu2021: doesn't show hand 
*** SUMMARY ***
Total pot 40 | Rake 0 
Board [4d 4h 7h]
Seat 1: Mahu2021 (small blind) collected (40)
Seat 2: nagod1971 (big blind) folded on the Flop
Seat 3: mmside (button) folded before Flop (didn't bet)



PokerStars Hand #242940810505: Tournament #3573539290, $0.92+$0.08 USD Hold'em No Limit - Level I (10/20) - 2023/04/07 15:15:06 CET [2023/04/07 9:15:06 ET]
Table '3573539290 1' 3-max Seat #1 is the button
Seat 1: Mahu2021 (440 in chips) 
Seat 2: nagod1971 (410 in chips) 
Seat 3: mmside (650 in chips) 
nagod1971: posts small blind 10
mmside: posts big blind 20
*** HOLE CARDS ***
Dealt to Mahu2021 [2c Ah]
Mahu2021 has timed out
Mahu2021: folds 
Mahu2021 is sitting out
nagod1971: calls 10
mmside: checks 
*** FLOP *** [4c 9d 5s]
nagod1971: checks 
mmside: bets 20
Mahu2021 has returned
nagod1971: folds 
Uncalled bet (20) returned to mmside
mmside collected 40 from pot
*** SUMMARY ***
Total pot 40 | Rake 0 
Board [4c 9d 5s]
Seat 1: Mahu2021 (button) folded before Flop (didn't bet)
Seat 2: nagod1971 (small blind) folded on the Flop
Seat 3: mmside (big blind) collected (40)



PokerStars Hand #242940818421: Tournament #3573539290, $0.92+$0.08 USD Hold'em No Limit - Level II (15/30) - 2023/04/07 15:15:39 CET [2023/04/07 9:15:39 ET]
Table '3573539290 1' 3-max Seat #2 is the button
Seat 1: Mahu2021 (440 in chips) 
Seat 2: nagod1971 (390 in chips) 
Seat 3: mmside (670 in chips) 
mmside: posts small blind 15
Mahu2021: posts big blind 30
*** HOLE CARDS ***
Dealt to Mahu2021 [3s 2s]
nagod1971: raises 45 to 75
mmside: folds 
Mahu2021: calls 45
*** FLOP *** [9s Ac 4d]
Mahu2021: checks 
nagod1971: bets 90
Mahu2021: calls 90
*** TURN *** [9s Ac 4d] [Qd]
Mahu2021: checks 
nagod1971: bets 225 and is all-in
Mahu2021: folds 
Uncalled bet (225) returned to nagod1971
nagod1971 collected 345 from pot
*** SUMMARY ***
Total pot 345 | Rake 0 
Board [9s Ac 4d Qd]
Seat 1: Mahu2021 (big blind) folded on the Turn
Seat 2: nagod1971 (button) collected (345)
Seat 3: mmside (small blind) folded before Flop



PokerStars Hand #242940824556: Tournament #3573539290, $0.92+$0.08 USD Hold'em No Limit - Level II (15/30) - 2023/04/07 15:16:04 CET [2023/04/07 9:16:04 ET]
Table '3573539290 1' 3-max Seat #3 is the button
Seat 1: Mahu2021 (275 in chips) 
Seat 2: nagod1971 (570 in chips) 
Seat 3: mmside (655 in chips) 
Mahu2021: posts small blind 15
nagod1971: posts big blind 30
*** HOLE CARDS ***
Dealt to Mahu2021 [Jd 4h]
mmside: raises 30 to 60
Mahu2021: folds 
nagod1971: folds 
Uncalled bet (30) returned to mmside
mmside collected 75 from pot
*** SUMMARY ***
Total pot 75 | Rake 0 
Seat 1: Mahu2021 (small blind) folded before Flop
Seat 2: nagod1971 (big blind) folded before Flop
Seat 3: mmside (button) collected (75)



PokerStars Hand #242940826596: Tournament #3573539290, $0.92+$0.08 USD Hold'em No Limit - Level II (15/30) - 2023/04/07 15:16:13 CET [2023/04/07 9:16:13 ET]
Table '3573539290 1' 3-max Seat #1 is the button
Seat 1: Mahu2021 (260 in chips) 
Seat 2: nagod1971 (540 in chips) 
Seat 3: mmside (700 in chips) 
nagod1971: posts small blind 15
mmside: posts big blind 30
*** HOLE CARDS ***
Dealt to Mahu2021 [7h Ah]
Mahu2021: raises 230 to 260 and is all-in
nagod1971: folds 
mmside: folds 
Uncalled bet (230) returned to Mahu2021
Mahu2021 collected 75 from pot
Mahu2021: doesn't show hand 
*** SUMMARY ***
Total pot 75 | Rake 0 
Seat 1: Mahu2021 (button) collected (75)
Seat 2: nagod1971 (small blind) folded before Flop
Seat 3: mmside (big blind) folded before Flop



PokerStars Hand #242940828676: Tournament #3573539290, $0.92+$0.08 USD Hold'em No Limit - Level II (15/30) - 2023/04/07 15:16:21 CET [2023/04/07 9:16:21 ET]
Table '3573539290 1' 3-max Seat #2 is the button
Seat 1: Mahu2021 (305 in chips) 
Seat 2: nagod1971 (525 in chips) 
Seat 3: mmside (670 in chips) 
mmside: posts small blind 15
Mahu2021: posts big blind 30
*** HOLE CARDS ***
Dealt to Mahu2021 [Jd Th]
nagod1971: raises 45 to 75
mmside: folds 
Mahu2021: calls 45
*** FLOP *** [9h Jh Js]
Mahu2021: checks 
nagod1971: bets 83
Mahu2021: raises 147 to 230 and is all-in
nagod1971: calls 147
*** TURN *** [9h Jh Js] [3h]
*** RIVER *** [9h Jh Js 3h] [8h]
*** SHOW DOWN ***
Mahu2021: shows [Jd Th] (a flush, Jack high)
nagod1971: shows [Qh As] (a flush, Queen high)
nagod1971 collected 625 from pot
Mahu2021 finished the tournament in 3rd place
*** SUMMARY ***
Total pot 625 | Rake 0 
Board [9h Jh Js 3h 8h]
Seat 1: Mahu2021 (big blind) showed [Jd Th] and lost with a flush, Jack high
Seat 2: nagod1971 (button) showed [Qh As] and won (625) with a flush, Queen high
Seat 3: mmside (small blind) folded before Flop



