PokerStars Hand #249173091533: Tournament #3723039928, $1.84+$0.16 USD Hold'em No Limit - Level I (10/20) - 2024/03/01 12:27:54 CET [2024/03/01 6:27:54 ET]
Table '3723039928 1' 3-max Seat #1 is the button
Seat 1: Mahu2021 (500 in chips) 
Seat 2: Geododd85 (500 in chips) 
Seat 3: tatybp (500 in chips) 
Geododd85: posts small blind 10
tatybp: posts big blind 20
*** HOLE CARDS ***
Dealt to Mahu2021 [As 2s]
Mahu2021: calls 20
Geododd85: calls 10
tatybp: checks 
*** FLOP *** [7c Th Tc]
Geododd85: checks 
tatybp: checks 
Mahu2021: checks 
*** TURN *** [7c Th Tc] [9c]
Geododd85: checks 
tatybp: checks 
Mahu2021: checks 
*** RIVER *** [7c Th Tc 9c] [3h]
Geododd85: checks 
tatybp: checks 
Mahu2021: checks 
*** SHOW DOWN ***
Geododd85: shows [4d Kh] (a pair of Tens)
tatybp: shows [Qh 9d] (two pair, Tens and Nines)
Mahu2021: mucks hand 
tatybp collected 60 from pot
*** SUMMARY ***
Total pot 60 | Rake 0 
Board [7c Th Tc 9c 3h]
Seat 1: Mahu2021 (button) mucked [As 2s]
Seat 2: Geododd85 (small blind) showed [4d Kh] and lost with a pair of Tens
Seat 3: tatybp (big blind) showed [Qh 9d] and won (60) with two pair, Tens and Nines



PokerStars Hand #249173094821: Tournament #3723039928, $1.84+$0.16 USD Hold'em No Limit - Level I (10/20) - 2024/03/01 12:28:15 CET [2024/03/01 6:28:15 ET]
Table '3723039928 1' 3-max Seat #2 is the button
Seat 1: Mahu2021 (480 in chips) 
Seat 2: Geododd85 (480 in chips) 
Seat 3: tatybp (540 in chips) 
tatybp: posts small blind 10
Mahu2021: posts big blind 20
*** HOLE CARDS ***
Dealt to Mahu2021 [5h 7s]
Geododd85: folds 
tatybp: raises 20 to 40
Mahu2021: folds 
Uncalled bet (20) returned to tatybp
tatybp collected 40 from pot
tatybp: doesn't show hand 
*** SUMMARY ***
Total pot 40 | Rake 0 
Seat 1: Mahu2021 (big blind) folded before Flop
Seat 2: Geododd85 (button) folded before Flop (didn't bet)
Seat 3: tatybp (small blind) collected (40)



PokerStars Hand #249173096114: Tournament #3723039928, $1.84+$0.16 USD Hold'em No Limit - Level I (10/20) - 2024/03/01 12:28:24 CET [2024/03/01 6:28:24 ET]
Table '3723039928 1' 3-max Seat #3 is the button
Seat 1: Mahu2021 (460 in chips) 
Seat 2: Geododd85 (480 in chips) 
Seat 3: tatybp (560 in chips) 
Mahu2021: posts small blind 10
Geododd85: posts big blind 20
*** HOLE CARDS ***
Dealt to Mahu2021 [7c 3s]
tatybp: raises 20 to 40
Mahu2021: folds 
Geododd85: folds 
Uncalled bet (20) returned to tatybp
tatybp collected 50 from pot
tatybp: doesn't show hand 
*** SUMMARY ***
Total pot 50 | Rake 0 
Seat 1: Mahu2021 (small blind) folded before Flop
Seat 2: Geododd85 (big blind) folded before Flop
Seat 3: tatybp (button) collected (50)



PokerStars Hand #249173097240: Tournament #3723039928, $1.84+$0.16 USD Hold'em No Limit - Level I (10/20) - 2024/03/01 12:28:31 CET [2024/03/01 6:28:31 ET]
Table '3723039928 1' 3-max Seat #1 is the button
Seat 1: Mahu2021 (450 in chips) 
Seat 2: Geododd85 (460 in chips) 
Seat 3: tatybp (590 in chips) 
Geododd85: posts small blind 10
tatybp: posts big blind 20
*** HOLE CARDS ***
Dealt to Mahu2021 [Ks 5h]
Mahu2021: raises 20 to 40
Geododd85: calls 30
tatybp: calls 20
*** FLOP *** [Qs 4c Qh]
Geododd85: checks 
tatybp: checks 
Mahu2021: bets 40
Geododd85: folds 
tatybp: folds 
Uncalled bet (40) returned to Mahu2021
Mahu2021 collected 120 from pot
Mahu2021: doesn't show hand 
*** SUMMARY ***
Total pot 120 | Rake 0 
Board [Qs 4c Qh]
Seat 1: Mahu2021 (button) collected (120)
Seat 2: Geododd85 (small blind) folded on the Flop
Seat 3: tatybp (big blind) folded on the Flop



PokerStars Hand #249173102348: Tournament #3723039928, $1.84+$0.16 USD Hold'em No Limit - Level I (10/20) - 2024/03/01 12:29:05 CET [2024/03/01 6:29:05 ET]
Table '3723039928 1' 3-max Seat #2 is the button
Seat 1: Mahu2021 (530 in chips) 
Seat 2: Geododd85 (420 in chips) 
Seat 3: tatybp (550 in chips) 
tatybp: posts small blind 10
Mahu2021: posts big blind 20
*** HOLE CARDS ***
Dealt to Mahu2021 [Tc Ks]
Geododd85: folds 
tatybp: calls 10
Mahu2021: checks 
*** FLOP *** [Jc 7d Ah]
tatybp: checks 
Mahu2021: checks 
*** TURN *** [Jc 7d Ah] [4s]
tatybp: bets 20
Mahu2021: calls 20
*** RIVER *** [Jc 7d Ah 4s] [Kd]
tatybp: bets 20
Mahu2021: calls 20
*** SHOW DOWN ***
tatybp: shows [Qh As] (a pair of Aces)
Mahu2021: mucks hand 
tatybp collected 120 from pot
*** SUMMARY ***
Total pot 120 | Rake 0 
Board [Jc 7d Ah 4s Kd]
Seat 1: Mahu2021 (big blind) mucked [Tc Ks]
Seat 2: Geododd85 (button) folded before Flop (didn't bet)
Seat 3: tatybp (small blind) showed [Qh As] and won (120) with a pair of Aces



PokerStars Hand #249173105894: Tournament #3723039928, $1.84+$0.16 USD Hold'em No Limit - Level I (10/20) - 2024/03/01 12:29:28 CET [2024/03/01 6:29:28 ET]
Table '3723039928 1' 3-max Seat #3 is the button
Seat 1: Mahu2021 (470 in chips) 
Seat 2: Geododd85 (420 in chips) 
Seat 3: tatybp (610 in chips) 
Mahu2021: posts small blind 10
Geododd85: posts big blind 20
*** HOLE CARDS ***
Dealt to Mahu2021 [8h 9d]
tatybp: folds 
Mahu2021: calls 10
Geododd85: raises 20 to 40
Mahu2021: calls 20
*** FLOP *** [9s 7h 2d]
Mahu2021: checks 
Geododd85: checks 
*** TURN *** [9s 7h 2d] [3d]
Mahu2021: bets 40
Geododd85: folds 
Uncalled bet (40) returned to Mahu2021
Mahu2021 collected 80 from pot
Mahu2021: doesn't show hand 
*** SUMMARY ***
Total pot 80 | Rake 0 
Board [9s 7h 2d 3d]
Seat 1: Mahu2021 (small blind) collected (80)
Seat 2: Geododd85 (big blind) folded on the Turn
Seat 3: tatybp (button) folded before Flop (didn't bet)



PokerStars Hand #249173109218: Tournament #3723039928, $1.84+$0.16 USD Hold'em No Limit - Level I (10/20) - 2024/03/01 12:29:49 CET [2024/03/01 6:29:49 ET]
Table '3723039928 1' 3-max Seat #1 is the button
Seat 1: Mahu2021 (510 in chips) 
Seat 2: Geododd85 (380 in chips) 
Seat 3: tatybp (610 in chips) 
Geododd85: posts small blind 10
tatybp: posts big blind 20
*** HOLE CARDS ***
Dealt to Mahu2021 [6c 6d]
Mahu2021: calls 20
Geododd85: folds 
tatybp: checks 
*** FLOP *** [2d Jc Js]
tatybp: checks 
Mahu2021: bets 40
tatybp: calls 40
*** TURN *** [2d Jc Js] [Th]
tatybp: checks 
Mahu2021: bets 40
tatybp: calls 40
*** RIVER *** [2d Jc Js Th] [8c]
tatybp: checks 
Mahu2021: checks 
*** SHOW DOWN ***
tatybp: shows [Ts 6s] (two pair, Jacks and Tens)
Mahu2021: mucks hand 
tatybp collected 210 from pot
*** SUMMARY ***
Total pot 210 | Rake 0 
Board [2d Jc Js Th 8c]
Seat 1: Mahu2021 (button) mucked [6c 6d]
Seat 2: Geododd85 (small blind) folded before Flop
Seat 3: tatybp (big blind) showed [Ts 6s] and won (210) with two pair, Jacks and Tens



PokerStars Hand #249173116413: Tournament #3723039928, $1.84+$0.16 USD Hold'em No Limit - Level II (15/30) - 2024/03/01 12:30:37 CET [2024/03/01 6:30:37 ET]
Table '3723039928 1' 3-max Seat #2 is the button
Seat 1: Mahu2021 (410 in chips) 
Seat 2: Geododd85 (370 in chips) 
Seat 3: tatybp (720 in chips) 
tatybp: posts small blind 15
Mahu2021: posts big blind 30
*** HOLE CARDS ***
Dealt to Mahu2021 [3s 2d]
Geododd85: folds 
tatybp: calls 15
Mahu2021: checks 
*** FLOP *** [Ah 8c Kd]
tatybp: checks 
Mahu2021: checks 
*** TURN *** [Ah 8c Kd] [5c]
tatybp: checks 
Mahu2021: bets 60
tatybp: calls 60
*** RIVER *** [Ah 8c Kd 5c] [7d]
tatybp: checks 
Mahu2021: checks 
*** SHOW DOWN ***
tatybp: shows [5h 4c] (a pair of Fives)
Mahu2021: mucks hand 
tatybp collected 180 from pot
*** SUMMARY ***
Total pot 180 | Rake 0 
Board [Ah 8c Kd 5c 7d]
Seat 1: Mahu2021 (big blind) mucked [3s 2d]
Seat 2: Geododd85 (button) folded before Flop (didn't bet)
Seat 3: tatybp (small blind) showed [5h 4c] and won (180) with a pair of Fives



PokerStars Hand #249173119412: Tournament #3723039928, $1.84+$0.16 USD Hold'em No Limit - Level II (15/30) - 2024/03/01 12:30:57 CET [2024/03/01 6:30:57 ET]
Table '3723039928 1' 3-max Seat #3 is the button
Seat 1: Mahu2021 (320 in chips) 
Seat 2: Geododd85 (370 in chips) 
Seat 3: tatybp (810 in chips) 
Mahu2021: posts small blind 15
Geododd85: posts big blind 30
*** HOLE CARDS ***
Dealt to Mahu2021 [4s 8s]
tatybp: raises 30 to 60
Mahu2021: folds 
Geododd85: calls 30
*** FLOP *** [As 7s Ks]
Geododd85: checks 
tatybp: checks 
*** TURN *** [As 7s Ks] [3h]
Geododd85: checks 
tatybp: checks 
*** RIVER *** [As 7s Ks 3h] [Qc]
Geododd85: bets 60
tatybp: folds 
Uncalled bet (60) returned to Geododd85
Geododd85 collected 135 from pot
*** SUMMARY ***
Total pot 135 | Rake 0 
Board [As 7s Ks 3h Qc]
Seat 1: Mahu2021 (small blind) folded before Flop
Seat 2: Geododd85 (big blind) collected (135)
Seat 3: tatybp (button) folded on the River



PokerStars Hand #249173127948: Tournament #3723039928, $1.84+$0.16 USD Hold'em No Limit - Level II (15/30) - 2024/03/01 12:31:53 CET [2024/03/01 6:31:53 ET]
Table '3723039928 1' 3-max Seat #1 is the button
Seat 1: Mahu2021 (305 in chips) 
Seat 2: Geododd85 (445 in chips) 
Seat 3: tatybp (750 in chips) 
Geododd85: posts small blind 15
tatybp: posts big blind 30
*** HOLE CARDS ***
Dealt to Mahu2021 [6c 5s]
Mahu2021: folds 
Geododd85: calls 15
tatybp: checks 
*** FLOP *** [Td Qd 7c]
Geododd85: checks 
tatybp: checks 
*** TURN *** [Td Qd 7c] [Kd]
Geododd85: checks 
tatybp: checks 
*** RIVER *** [Td Qd 7c Kd] [7h]
Geododd85: checks 
tatybp: checks 
*** SHOW DOWN ***
Geododd85: shows [Ah 6d] (a pair of Sevens)
tatybp: mucks hand 
Geododd85 collected 60 from pot
*** SUMMARY ***
Total pot 60 | Rake 0 
Board [Td Qd 7c Kd 7h]
Seat 1: Mahu2021 (button) folded before Flop (didn't bet)
Seat 2: Geododd85 (small blind) showed [Ah 6d] and won (60) with a pair of Sevens
Seat 3: tatybp (big blind) mucked [2s 5d]



PokerStars Hand #249173137193: Tournament #3723039928, $1.84+$0.16 USD Hold'em No Limit - Level III (20/40) - 2024/03/01 12:32:53 CET [2024/03/01 6:32:53 ET]
Table '3723039928 1' 3-max Seat #2 is the button
Seat 1: Mahu2021 (305 in chips) 
Seat 2: Geododd85 (475 in chips) 
Seat 3: tatybp (720 in chips) 
tatybp: posts small blind 20
Mahu2021: posts big blind 40
*** HOLE CARDS ***
Dealt to Mahu2021 [Qs 3h]
Geododd85: folds 
tatybp: calls 20
Mahu2021: raises 265 to 305 and is all-in
tatybp: calls 265
*** FLOP *** [Kh 5s 5h]
*** TURN *** [Kh 5s 5h] [6h]
*** RIVER *** [Kh 5s 5h 6h] [9h]
*** SHOW DOWN ***
tatybp: shows [Tc 8s] (a pair of Fives)
Mahu2021: shows [Qs 3h] (a flush, King high)
Mahu2021 collected 610 from pot
*** SUMMARY ***
Total pot 610 | Rake 0 
Board [Kh 5s 5h 6h 9h]
Seat 1: Mahu2021 (big blind) showed [Qs 3h] and won (610) with a flush, King high
Seat 2: Geododd85 (button) folded before Flop (didn't bet)
Seat 3: tatybp (small blind) showed [Tc 8s] and lost with a pair of Fives



PokerStars Hand #249173142860: Tournament #3723039928, $1.84+$0.16 USD Hold'em No Limit - Level III (20/40) - 2024/03/01 12:33:29 CET [2024/03/01 6:33:29 ET]
Table '3723039928 1' 3-max Seat #3 is the button
Seat 1: Mahu2021 (610 in chips) 
Seat 2: Geododd85 (475 in chips) 
Seat 3: tatybp (415 in chips) 
Mahu2021: posts small blind 20
Geododd85: posts big blind 40
*** HOLE CARDS ***
Dealt to Mahu2021 [Jd 7h]
tatybp: raises 375 to 415 and is all-in
Mahu2021: folds 
Geododd85: calls 375
*** FLOP *** [6c Ks 4s]
*** TURN *** [6c Ks 4s] [Qd]
*** RIVER *** [6c Ks 4s Qd] [4d]
*** SHOW DOWN ***
Geododd85: shows [Qc Qh] (a full house, Queens full of Fours)
tatybp: shows [Ac 2c] (a pair of Fours)
Geododd85 collected 850 from pot
tatybp finished the tournament in 3rd place
*** SUMMARY ***
Total pot 850 | Rake 0 
Board [6c Ks 4s Qd 4d]
Seat 1: Mahu2021 (small blind) folded before Flop
Seat 2: Geododd85 (big blind) showed [Qc Qh] and won (850) with a full house, Queens full of Fours
Seat 3: tatybp (button) showed [Ac 2c] and lost with a pair of Fours



PokerStars Hand #249173147168: Tournament #3723039928, $1.84+$0.16 USD Hold'em No Limit - Level III (20/40) - 2024/03/01 12:33:56 CET [2024/03/01 6:33:56 ET]
Table '3723039928 1' 3-max Seat #2 is the button
Seat 1: Mahu2021 (590 in chips) 
Seat 2: Geododd85 (910 in chips) 
Geododd85: posts small blind 20
Mahu2021: posts big blind 40
*** HOLE CARDS ***
Dealt to Mahu2021 [Jh 2c]
Geododd85: folds 
Uncalled bet (20) returned to Mahu2021
Mahu2021 collected 40 from pot
Mahu2021: doesn't show hand 
*** SUMMARY ***
Total pot 40 | Rake 0 
Seat 1: Mahu2021 (big blind) collected (40)
Seat 2: Geododd85 (button) (small blind) folded before Flop



PokerStars Hand #249173148445: Tournament #3723039928, $1.84+$0.16 USD Hold'em No Limit - Level IV (30/60) - 2024/03/01 12:34:04 CET [2024/03/01 6:34:04 ET]
Table '3723039928 1' 3-max Seat #1 is the button
Seat 1: Mahu2021 (610 in chips) 
Seat 2: Geododd85 (890 in chips) 
Mahu2021: posts small blind 30
Geododd85: posts big blind 60
*** HOLE CARDS ***
Dealt to Mahu2021 [Kd 7h]
Mahu2021: raises 60 to 120
Geododd85: calls 60
*** FLOP *** [Qh 3h 5c]
Geododd85: checks 
Mahu2021: checks 
*** TURN *** [Qh 3h 5c] [7s]
Geododd85: bets 120
Mahu2021: calls 120
*** RIVER *** [Qh 3h 5c 7s] [Td]
Geododd85: checks 
Mahu2021: checks 
*** SHOW DOWN ***
Geododd85: shows [6c 7c] (a pair of Sevens)
Mahu2021: shows [Kd 7h] (a pair of Sevens - King kicker)
Mahu2021 collected 480 from pot
*** SUMMARY ***
Total pot 480 | Rake 0 
Board [Qh 3h 5c 7s Td]
Seat 1: Mahu2021 (button) (small blind) showed [Kd 7h] and won (480) with a pair of Sevens
Seat 2: Geododd85 (big blind) showed [6c 7c] and lost with a pair of Sevens



PokerStars Hand #249173152098: Tournament #3723039928, $1.84+$0.16 USD Hold'em No Limit - Level IV (30/60) - 2024/03/01 12:34:28 CET [2024/03/01 6:34:28 ET]
Table '3723039928 1' 3-max Seat #2 is the button
Seat 1: Mahu2021 (850 in chips) 
Seat 2: Geododd85 (650 in chips) 
Geododd85: posts small blind 30
Mahu2021: posts big blind 60
*** HOLE CARDS ***
Dealt to Mahu2021 [4c Qh]
Geododd85: raises 590 to 650 and is all-in
Mahu2021: folds 
Uncalled bet (590) returned to Geododd85
Geododd85 collected 120 from pot
*** SUMMARY ***
Total pot 120 | Rake 0 
Seat 1: Mahu2021 (big blind) folded before Flop
Seat 2: Geododd85 (button) (small blind) collected (120)



PokerStars Hand #249173153303: Tournament #3723039928, $1.84+$0.16 USD Hold'em No Limit - Level IV (30/60) - 2024/03/01 12:34:35 CET [2024/03/01 6:34:35 ET]
Table '3723039928 1' 3-max Seat #1 is the button
Seat 1: Mahu2021 (790 in chips) 
Seat 2: Geododd85 (710 in chips) 
Mahu2021: posts small blind 30
Geododd85: posts big blind 60
*** HOLE CARDS ***
Dealt to Mahu2021 [8s 6d]
Mahu2021: folds 
Uncalled bet (30) returned to Geododd85
Geododd85 collected 60 from pot
*** SUMMARY ***
Total pot 60 | Rake 0 
Seat 1: Mahu2021 (button) (small blind) folded before Flop
Seat 2: Geododd85 (big blind) collected (60)



PokerStars Hand #249173154009: Tournament #3723039928, $1.84+$0.16 USD Hold'em No Limit - Level IV (30/60) - 2024/03/01 12:34:40 CET [2024/03/01 6:34:40 ET]
Table '3723039928 1' 3-max Seat #2 is the button
Seat 1: Mahu2021 (760 in chips) 
Seat 2: Geododd85 (740 in chips) 
Geododd85: posts small blind 30
Mahu2021: posts big blind 60
*** HOLE CARDS ***
Dealt to Mahu2021 [Ts 6s]
Geododd85: calls 30
Mahu2021: checks 
*** FLOP *** [9s 9h Jh]
Mahu2021: checks 
Geododd85: checks 
*** TURN *** [9s 9h Jh] [Js]
Mahu2021: bets 60
Geododd85: calls 60
*** RIVER *** [9s 9h Jh Js] [3s]
Mahu2021: bets 240
Geododd85: folds 
Uncalled bet (240) returned to Mahu2021
Mahu2021 collected 240 from pot
Mahu2021: doesn't show hand 
*** SUMMARY ***
Total pot 240 | Rake 0 
Board [9s 9h Jh Js 3s]
Seat 1: Mahu2021 (big blind) collected (240)
Seat 2: Geododd85 (button) (small blind) folded on the River



PokerStars Hand #249173157452: Tournament #3723039928, $1.84+$0.16 USD Hold'em No Limit - Level IV (30/60) - 2024/03/01 12:35:01 CET [2024/03/01 6:35:01 ET]
Table '3723039928 1' 3-max Seat #1 is the button
Seat 1: Mahu2021 (880 in chips) 
Seat 2: Geododd85 (620 in chips) 
Mahu2021: posts small blind 30
Geododd85: posts big blind 60
*** HOLE CARDS ***
Dealt to Mahu2021 [Qs 5d]
Mahu2021: calls 30
Geododd85: raises 560 to 620 and is all-in
Mahu2021: folds 
Uncalled bet (560) returned to Geododd85
Geododd85 collected 120 from pot
*** SUMMARY ***
Total pot 120 | Rake 0 
Seat 1: Mahu2021 (button) (small blind) folded before Flop
Seat 2: Geododd85 (big blind) collected (120)



PokerStars Hand #249173158932: Tournament #3723039928, $1.84+$0.16 USD Hold'em No Limit - Level IV (30/60) - 2024/03/01 12:35:10 CET [2024/03/01 6:35:10 ET]
Table '3723039928 1' 3-max Seat #2 is the button
Seat 1: Mahu2021 (820 in chips) 
Seat 2: Geododd85 (680 in chips) 
Geododd85: posts small blind 30
Mahu2021: posts big blind 60
*** HOLE CARDS ***
Dealt to Mahu2021 [7d 8d]
Geododd85: calls 30
Mahu2021: checks 
*** FLOP *** [4c Jc Ac]
Mahu2021: checks 
Geododd85: checks 
*** TURN *** [4c Jc Ac] [9c]
Mahu2021: checks 
Geododd85: bets 60
Mahu2021: folds 
Uncalled bet (60) returned to Geododd85
Geododd85 collected 120 from pot
*** SUMMARY ***
Total pot 120 | Rake 0 
Board [4c Jc Ac 9c]
Seat 1: Mahu2021 (big blind) folded on the Turn
Seat 2: Geododd85 (button) (small blind) collected (120)



PokerStars Hand #249173161227: Tournament #3723039928, $1.84+$0.16 USD Hold'em No Limit - Level IV (30/60) - 2024/03/01 12:35:25 CET [2024/03/01 6:35:25 ET]
Table '3723039928 1' 3-max Seat #1 is the button
Seat 1: Mahu2021 (760 in chips) 
Seat 2: Geododd85 (740 in chips) 
Mahu2021: posts small blind 30
Geododd85: posts big blind 60
*** HOLE CARDS ***
Dealt to Mahu2021 [Jh Ts]
Mahu2021: raises 60 to 120
Geododd85: raises 620 to 740 and is all-in
Mahu2021: folds 
Uncalled bet (620) returned to Geododd85
Geododd85 collected 240 from pot
*** SUMMARY ***
Total pot 240 | Rake 0 
Seat 1: Mahu2021 (button) (small blind) folded before Flop
Seat 2: Geododd85 (big blind) collected (240)



PokerStars Hand #249173162703: Tournament #3723039928, $1.84+$0.16 USD Hold'em No Limit - Level IV (30/60) - 2024/03/01 12:35:34 CET [2024/03/01 6:35:34 ET]
Table '3723039928 1' 3-max Seat #2 is the button
Seat 1: Mahu2021 (640 in chips) 
Seat 2: Geododd85 (860 in chips) 
Geododd85: posts small blind 30
Mahu2021: posts big blind 60
*** HOLE CARDS ***
Dealt to Mahu2021 [2s Qd]
Geododd85: calls 30
Mahu2021: checks 
*** FLOP *** [5d 4h 3h]
Mahu2021: checks 
Geododd85: bets 60
Mahu2021: calls 60
*** TURN *** [5d 4h 3h] [As]
Mahu2021: checks 
Geododd85: checks 
*** RIVER *** [5d 4h 3h As] [Kh]
Mahu2021: bets 120
Geododd85: calls 120
*** SHOW DOWN ***
Mahu2021: shows [2s Qd] (a straight, Ace to Five)
Geododd85: mucks hand 
Mahu2021 collected 480 from pot
*** SUMMARY ***
Total pot 480 | Rake 0 
Board [5d 4h 3h As Kh]
Seat 1: Mahu2021 (big blind) showed [2s Qd] and won (480) with a straight, Ace to Five
Seat 2: Geododd85 (button) (small blind) mucked [4d Kd]



PokerStars Hand #249173165905: Tournament #3723039928, $1.84+$0.16 USD Hold'em No Limit - Level IV (30/60) - 2024/03/01 12:35:54 CET [2024/03/01 6:35:54 ET]
Table '3723039928 1' 3-max Seat #1 is the button
Seat 1: Mahu2021 (880 in chips) 
Seat 2: Geododd85 (620 in chips) 
Mahu2021: posts small blind 30
Geododd85: posts big blind 60
*** HOLE CARDS ***
Dealt to Mahu2021 [4d 2s]
Mahu2021: folds 
Uncalled bet (30) returned to Geododd85
Geododd85 collected 60 from pot
*** SUMMARY ***
Total pot 60 | Rake 0 
Seat 1: Mahu2021 (button) (small blind) folded before Flop
Seat 2: Geododd85 (big blind) collected (60)



