PokerStars Hand #253411334756: Tournament #3823715435, $1.84+$0.16 USD Hold'em No Limit - Level I (10/20) - 2024/11/15 13:32:25 CET [2024/11/15 7:32:25 ET]
Table '3823715435 1' 3-max Seat #1 is the button
Seat 1: fowlands (500 in chips) 
Seat 2: Mahu2021 (500 in chips) 
Seat 3: semirami2 (500 in chips) 
Mahu2021: posts small blind 10
semirami2: posts big blind 20
*** HOLE CARDS ***
Dealt to Mahu2021 [Ks 5d]
fowlands: folds 
Mahu2021: folds 
Uncalled bet (10) returned to semirami2
semirami2 collected 20 from pot
semirami2: doesn't show hand 
*** SUMMARY ***
Total pot 20 | Rake 0 
Seat 1: fowlands (button) folded before Flop (didn't bet)
Seat 2: Mahu2021 (small blind) folded before Flop
Seat 3: semirami2 (big blind) collected (20)



PokerStars Hand #253411335601: Tournament #3823715435, $1.84+$0.16 USD Hold'em No Limit - Level I (10/20) - 2024/11/15 13:32:31 CET [2024/11/15 7:32:31 ET]
Table '3823715435 1' 3-max Seat #2 is the button
Seat 1: fowlands (500 in chips) 
Seat 2: Mahu2021 (490 in chips) 
Seat 3: semirami2 (510 in chips) 
semirami2: posts small blind 10
fowlands: posts big blind 20
*** HOLE CARDS ***
Dealt to Mahu2021 [9c Td]
Mahu2021: folds 
semirami2: calls 10
fowlands: checks 
*** FLOP *** [4h Tc 7s]
semirami2: bets 20
fowlands: calls 20
*** TURN *** [4h Tc 7s] [Kd]
semirami2: checks 
fowlands: bets 80
semirami2: folds 
Uncalled bet (80) returned to fowlands
fowlands collected 80 from pot
*** SUMMARY ***
Total pot 80 | Rake 0 
Board [4h Tc 7s Kd]
Seat 1: fowlands (big blind) collected (80)
Seat 2: Mahu2021 (button) folded before Flop (didn't bet)
Seat 3: semirami2 (small blind) folded on the Turn



PokerStars Hand #253411338234: Tournament #3823715435, $1.84+$0.16 USD Hold'em No Limit - Level I (10/20) - 2024/11/15 13:32:49 CET [2024/11/15 7:32:49 ET]
Table '3823715435 1' 3-max Seat #3 is the button
Seat 1: fowlands (540 in chips) 
Seat 2: Mahu2021 (490 in chips) 
Seat 3: semirami2 (470 in chips) 
fowlands: posts small blind 10
Mahu2021: posts big blind 20
*** HOLE CARDS ***
Dealt to Mahu2021 [6s 4d]
semirami2: raises 20 to 40
fowlands: calls 30
Mahu2021: folds 
*** FLOP *** [6d 9h 3c]
fowlands: checks 
semirami2: bets 31
fowlands: calls 31
*** TURN *** [6d 9h 3c] [9s]
fowlands: bets 162
semirami2: folds 
Uncalled bet (162) returned to fowlands
fowlands collected 162 from pot
*** SUMMARY ***
Total pot 162 | Rake 0 
Board [6d 9h 3c 9s]
Seat 1: fowlands (small blind) collected (162)
Seat 2: Mahu2021 (big blind) folded before Flop
Seat 3: semirami2 (button) folded on the Turn



PokerStars Hand #253411341145: Tournament #3823715435, $1.84+$0.16 USD Hold'em No Limit - Level I (10/20) - 2024/11/15 13:33:10 CET [2024/11/15 7:33:10 ET]
Table '3823715435 1' 3-max Seat #1 is the button
Seat 1: fowlands (631 in chips) 
Seat 2: Mahu2021 (470 in chips) 
Seat 3: semirami2 (399 in chips) 
Mahu2021: posts small blind 10
semirami2: posts big blind 20
*** HOLE CARDS ***
Dealt to Mahu2021 [2d Qc]
fowlands: folds 
Mahu2021: folds 
Uncalled bet (10) returned to semirami2
semirami2 collected 20 from pot
semirami2: doesn't show hand 
*** SUMMARY ***
Total pot 20 | Rake 0 
Seat 1: fowlands (button) folded before Flop (didn't bet)
Seat 2: Mahu2021 (small blind) folded before Flop
Seat 3: semirami2 (big blind) collected (20)



PokerStars Hand #253411341925: Tournament #3823715435, $1.84+$0.16 USD Hold'em No Limit - Level I (10/20) - 2024/11/15 13:33:15 CET [2024/11/15 7:33:15 ET]
Table '3823715435 1' 3-max Seat #2 is the button
Seat 1: fowlands (631 in chips) 
Seat 2: Mahu2021 (460 in chips) 
Seat 3: semirami2 (409 in chips) 
semirami2: posts small blind 10
fowlands: posts big blind 20
*** HOLE CARDS ***
Dealt to Mahu2021 [2h Jc]
Mahu2021: folds 
semirami2: folds 
Uncalled bet (10) returned to fowlands
fowlands collected 20 from pot
*** SUMMARY ***
Total pot 20 | Rake 0 
Seat 1: fowlands (big blind) collected (20)
Seat 2: Mahu2021 (button) folded before Flop (didn't bet)
Seat 3: semirami2 (small blind) folded before Flop



PokerStars Hand #253411342541: Tournament #3823715435, $1.84+$0.16 USD Hold'em No Limit - Level I (10/20) - 2024/11/15 13:33:20 CET [2024/11/15 7:33:20 ET]
Table '3823715435 1' 3-max Seat #3 is the button
Seat 1: fowlands (641 in chips) 
Seat 2: Mahu2021 (460 in chips) 
Seat 3: semirami2 (399 in chips) 
fowlands: posts small blind 10
Mahu2021: posts big blind 20
*** HOLE CARDS ***
Dealt to Mahu2021 [6c Jd]
semirami2: raises 20 to 40
fowlands: raises 20 to 60
Mahu2021: folds 
semirami2: calls 20
*** FLOP *** [2s As 7s]
fowlands: bets 140
semirami2: folds 
Uncalled bet (140) returned to fowlands
fowlands collected 140 from pot
*** SUMMARY ***
Total pot 140 | Rake 0 
Board [2s As 7s]
Seat 1: fowlands (small blind) collected (140)
Seat 2: Mahu2021 (big blind) folded before Flop
Seat 3: semirami2 (button) folded on the Flop



PokerStars Hand #253411344303: Tournament #3823715435, $1.84+$0.16 USD Hold'em No Limit - Level I (10/20) - 2024/11/15 13:33:32 CET [2024/11/15 7:33:32 ET]
Table '3823715435 1' 3-max Seat #1 is the button
Seat 1: fowlands (721 in chips) 
Seat 2: Mahu2021 (440 in chips) 
Seat 3: semirami2 (339 in chips) 
Mahu2021: posts small blind 10
semirami2: posts big blind 20
*** HOLE CARDS ***
Dealt to Mahu2021 [9c 6h]
fowlands: folds 
Mahu2021: folds 
Uncalled bet (10) returned to semirami2
semirami2 collected 20 from pot
semirami2: doesn't show hand 
*** SUMMARY ***
Total pot 20 | Rake 0 
Seat 1: fowlands (button) folded before Flop (didn't bet)
Seat 2: Mahu2021 (small blind) folded before Flop
Seat 3: semirami2 (big blind) collected (20)



PokerStars Hand #253411345165: Tournament #3823715435, $1.84+$0.16 USD Hold'em No Limit - Level I (10/20) - 2024/11/15 13:33:38 CET [2024/11/15 7:33:38 ET]
Table '3823715435 1' 3-max Seat #2 is the button
Seat 1: fowlands (721 in chips) 
Seat 2: Mahu2021 (430 in chips) 
Seat 3: semirami2 (349 in chips) 
semirami2: posts small blind 10
fowlands: posts big blind 20
*** HOLE CARDS ***
Dealt to Mahu2021 [8d Qh]
Mahu2021: folds 
semirami2: folds 
Uncalled bet (10) returned to fowlands
fowlands collected 20 from pot
*** SUMMARY ***
Total pot 20 | Rake 0 
Seat 1: fowlands (big blind) collected (20)
Seat 2: Mahu2021 (button) folded before Flop (didn't bet)
Seat 3: semirami2 (small blind) folded before Flop



PokerStars Hand #253411345853: Tournament #3823715435, $1.84+$0.16 USD Hold'em No Limit - Level I (10/20) - 2024/11/15 13:33:43 CET [2024/11/15 7:33:43 ET]
Table '3823715435 1' 3-max Seat #3 is the button
Seat 1: fowlands (731 in chips) 
Seat 2: Mahu2021 (430 in chips) 
Seat 3: semirami2 (339 in chips) 
fowlands: posts small blind 10
Mahu2021: posts big blind 20
*** HOLE CARDS ***
Dealt to Mahu2021 [6s Ah]
semirami2: folds 
fowlands: calls 10
Mahu2021: raises 60 to 80
fowlands: calls 60
*** FLOP *** [3d Qd 7d]
fowlands: checks 
Mahu2021: checks 
*** TURN *** [3d Qd 7d] [Kh]
fowlands: checks 
Mahu2021: bets 80
fowlands: folds 
Uncalled bet (80) returned to Mahu2021
Mahu2021 collected 160 from pot
Mahu2021: doesn't show hand 
*** SUMMARY ***
Total pot 160 | Rake 0 
Board [3d Qd 7d Kh]
Seat 1: fowlands (small blind) folded on the Turn
Seat 2: Mahu2021 (big blind) collected (160)
Seat 3: semirami2 (button) folded before Flop (didn't bet)



PokerStars Hand #253411348441: Tournament #3823715435, $1.84+$0.16 USD Hold'em No Limit - Level I (10/20) - 2024/11/15 13:34:02 CET [2024/11/15 7:34:02 ET]
Table '3823715435 1' 3-max Seat #1 is the button
Seat 1: fowlands (651 in chips) 
Seat 2: Mahu2021 (510 in chips) 
Seat 3: semirami2 (339 in chips) 
Mahu2021: posts small blind 10
semirami2: posts big blind 20
*** HOLE CARDS ***
Dealt to Mahu2021 [6c Jd]
fowlands: calls 20
Mahu2021: folds 
semirami2: checks 
*** FLOP *** [Qh Qd 3s]
semirami2: checks 
fowlands: bets 50
semirami2: folds 
Uncalled bet (50) returned to fowlands
fowlands collected 50 from pot
*** SUMMARY ***
Total pot 50 | Rake 0 
Board [Qh Qd 3s]
Seat 1: fowlands (button) collected (50)
Seat 2: Mahu2021 (small blind) folded before Flop
Seat 3: semirami2 (big blind) folded on the Flop



PokerStars Hand #253411350137: Tournament #3823715435, $1.84+$0.16 USD Hold'em No Limit - Level I (10/20) - 2024/11/15 13:34:13 CET [2024/11/15 7:34:13 ET]
Table '3823715435 1' 3-max Seat #2 is the button
Seat 1: fowlands (681 in chips) 
Seat 2: Mahu2021 (500 in chips) 
Seat 3: semirami2 (319 in chips) 
semirami2: posts small blind 10
fowlands: posts big blind 20
*** HOLE CARDS ***
Dealt to Mahu2021 [Js 9h]
Mahu2021: folds 
semirami2: folds 
Uncalled bet (10) returned to fowlands
fowlands collected 20 from pot
*** SUMMARY ***
Total pot 20 | Rake 0 
Seat 1: fowlands (big blind) collected (20)
Seat 2: Mahu2021 (button) folded before Flop (didn't bet)
Seat 3: semirami2 (small blind) folded before Flop



PokerStars Hand #253411350890: Tournament #3823715435, $1.84+$0.16 USD Hold'em No Limit - Level I (10/20) - 2024/11/15 13:34:19 CET [2024/11/15 7:34:19 ET]
Table '3823715435 1' 3-max Seat #3 is the button
Seat 1: fowlands (691 in chips) 
Seat 2: Mahu2021 (500 in chips) 
Seat 3: semirami2 (309 in chips) 
fowlands: posts small blind 10
Mahu2021: posts big blind 20
*** HOLE CARDS ***
Dealt to Mahu2021 [3s 2d]
semirami2: folds 
fowlands: calls 10
Mahu2021: checks 
*** FLOP *** [9s 4s 5h]
fowlands: bets 40
Mahu2021: calls 40
*** TURN *** [9s 4s 5h] [Th]
fowlands: checks 
Mahu2021: checks 
*** RIVER *** [9s 4s 5h Th] [3d]
fowlands: bets 120
Mahu2021: folds 
Uncalled bet (120) returned to fowlands
fowlands collected 120 from pot
*** SUMMARY ***
Total pot 120 | Rake 0 
Board [9s 4s 5h Th 3d]
Seat 1: fowlands (small blind) collected (120)
Seat 2: Mahu2021 (big blind) folded on the River
Seat 3: semirami2 (button) folded before Flop (didn't bet)



PokerStars Hand #253411354397: Tournament #3823715435, $1.84+$0.16 USD Hold'em No Limit - Level I (10/20) - 2024/11/15 13:34:43 CET [2024/11/15 7:34:43 ET]
Table '3823715435 1' 3-max Seat #1 is the button
Seat 1: fowlands (751 in chips) 
Seat 2: Mahu2021 (440 in chips) 
Seat 3: semirami2 (309 in chips) 
Mahu2021: posts small blind 10
semirami2: posts big blind 20
*** HOLE CARDS ***
Dealt to Mahu2021 [5s 2s]
fowlands: folds 
Mahu2021: calls 10
semirami2: checks 
*** FLOP *** [5d 5c Ad]
Mahu2021: checks 
semirami2: bets 20
Mahu2021: calls 20
*** TURN *** [5d 5c Ad] [Th]
Mahu2021: checks 
semirami2: checks 
*** RIVER *** [5d 5c Ad Th] [7h]
Mahu2021: bets 40
semirami2: calls 40
*** SHOW DOWN ***
Mahu2021: shows [5s 2s] (three of a kind, Fives)
semirami2: mucks hand 
Mahu2021 collected 160 from pot
*** SUMMARY ***
Total pot 160 | Rake 0 
Board [5d 5c Ad Th 7h]
Seat 1: fowlands (button) folded before Flop (didn't bet)
Seat 2: Mahu2021 (small blind) showed [5s 2s] and won (160) with three of a kind, Fives
Seat 3: semirami2 (big blind) mucked [7s 4h]



PokerStars Hand #253411357023: Tournament #3823715435, $1.84+$0.16 USD Hold'em No Limit - Level I (10/20) - 2024/11/15 13:35:02 CET [2024/11/15 7:35:02 ET]
Table '3823715435 1' 3-max Seat #2 is the button
Seat 1: fowlands (751 in chips) 
Seat 2: Mahu2021 (520 in chips) 
Seat 3: semirami2 (229 in chips) 
semirami2: posts small blind 10
fowlands: posts big blind 20
*** HOLE CARDS ***
Dealt to Mahu2021 [6d 8h]
Mahu2021: folds 
semirami2: raises 209 to 229 and is all-in
fowlands: folds 
Uncalled bet (209) returned to semirami2
semirami2 collected 40 from pot
semirami2: doesn't show hand 
*** SUMMARY ***
Total pot 40 | Rake 0 
Seat 1: fowlands (big blind) folded before Flop
Seat 2: Mahu2021 (button) folded before Flop (didn't bet)
Seat 3: semirami2 (small blind) collected (40)



PokerStars Hand #253411358247: Tournament #3823715435, $1.84+$0.16 USD Hold'em No Limit - Level I (10/20) - 2024/11/15 13:35:11 CET [2024/11/15 7:35:11 ET]
Table '3823715435 1' 3-max Seat #3 is the button
Seat 1: fowlands (731 in chips) 
Seat 2: Mahu2021 (520 in chips) 
Seat 3: semirami2 (249 in chips) 
fowlands: posts small blind 10
Mahu2021: posts big blind 20
*** HOLE CARDS ***
Dealt to Mahu2021 [6h 9d]
semirami2: folds 
fowlands: calls 10
Mahu2021: checks 
*** FLOP *** [Ac 6d 3h]
fowlands: bets 40
Mahu2021: raises 60 to 100
fowlands: calls 60
*** TURN *** [Ac 6d 3h] [Kc]
fowlands: checks 
Mahu2021: checks 
*** RIVER *** [Ac 6d 3h Kc] [7d]
fowlands: bets 240
Mahu2021: calls 240
*** SHOW DOWN ***
fowlands: shows [Qd 6s] (a pair of Sixes)
Mahu2021: mucks hand 
fowlands collected 720 from pot
*** SUMMARY ***
Total pot 720 | Rake 0 
Board [Ac 6d 3h Kc 7d]
Seat 1: fowlands (small blind) showed [Qd 6s] and won (720) with a pair of Sixes
Seat 2: Mahu2021 (big blind) mucked [6h 9d]
Seat 3: semirami2 (button) folded before Flop (didn't bet)



PokerStars Hand #253411361679: Tournament #3823715435, $1.84+$0.16 USD Hold'em No Limit - Level II (15/30) - 2024/11/15 13:35:35 CET [2024/11/15 7:35:35 ET]
Table '3823715435 1' 3-max Seat #1 is the button
Seat 1: fowlands (1091 in chips) 
Seat 2: Mahu2021 (160 in chips) 
Seat 3: semirami2 (249 in chips) 
Mahu2021: posts small blind 15
semirami2: posts big blind 30
*** HOLE CARDS ***
Dealt to Mahu2021 [8d Kc]
fowlands: folds 
Mahu2021: raises 130 to 160 and is all-in
semirami2: folds 
Uncalled bet (130) returned to Mahu2021
Mahu2021 collected 60 from pot
Mahu2021: doesn't show hand 
*** SUMMARY ***
Total pot 60 | Rake 0 
Seat 1: fowlands (button) folded before Flop (didn't bet)
Seat 2: Mahu2021 (small blind) collected (60)
Seat 3: semirami2 (big blind) folded before Flop



PokerStars Hand #253411363020: Tournament #3823715435, $1.84+$0.16 USD Hold'em No Limit - Level II (15/30) - 2024/11/15 13:35:44 CET [2024/11/15 7:35:44 ET]
Table '3823715435 1' 3-max Seat #2 is the button
Seat 1: fowlands (1091 in chips) 
Seat 2: Mahu2021 (190 in chips) 
Seat 3: semirami2 (219 in chips) 
semirami2: posts small blind 15
fowlands: posts big blind 30
*** HOLE CARDS ***
Dealt to Mahu2021 [Ts Qs]
Mahu2021: calls 30
semirami2: raises 189 to 219 and is all-in
fowlands: folds 
Mahu2021: calls 160 and is all-in
Uncalled bet (29) returned to semirami2
*** FLOP *** [Ac Jc 5h]
*** TURN *** [Ac Jc 5h] [4h]
*** RIVER *** [Ac Jc 5h 4h] [Ah]
*** SHOW DOWN ***
semirami2: shows [8s Td] (a pair of Aces)
Mahu2021: shows [Ts Qs] (a pair of Aces - Queen kicker)
Mahu2021 collected 410 from pot
*** SUMMARY ***
Total pot 410 | Rake 0 
Board [Ac Jc 5h 4h Ah]
Seat 1: fowlands (big blind) folded before Flop
Seat 2: Mahu2021 (button) showed [Ts Qs] and won (410) with a pair of Aces
Seat 3: semirami2 (small blind) showed [8s Td] and lost with a pair of Aces



PokerStars Hand #253411365148: Tournament #3823715435, $1.84+$0.16 USD Hold'em No Limit - Level II (15/30) - 2024/11/15 13:35:59 CET [2024/11/15 7:35:59 ET]
Table '3823715435 1' 3-max Seat #3 is the button
Seat 1: fowlands (1061 in chips) 
Seat 2: Mahu2021 (410 in chips) 
Seat 3: semirami2 (29 in chips) 
fowlands: posts small blind 15
Mahu2021: posts big blind 30
*** HOLE CARDS ***
Dealt to Mahu2021 [As Qc]
semirami2: calls 29 and is all-in
fowlands: calls 15
Mahu2021: raises 380 to 410 and is all-in
fowlands: folds 
Uncalled bet (380) returned to Mahu2021
*** FLOP *** [Tc Qh Kd]
*** TURN *** [Tc Qh Kd] [2c]
*** RIVER *** [Tc Qh Kd 2c] [4s]
*** SHOW DOWN ***
Mahu2021: shows [As Qc] (a pair of Queens)
Mahu2021 collected 2 from side pot
semirami2: shows [4h 5d] (a pair of Fours)
Mahu2021 collected 87 from main pot
semirami2 finished the tournament in 3rd place
*** SUMMARY ***
Total pot 89 Main pot 87. Side pot 2. | Rake 0 
Board [Tc Qh Kd 2c 4s]
Seat 1: fowlands (small blind) folded before Flop
Seat 2: Mahu2021 (big blind) showed [As Qc] and won (89) with a pair of Queens
Seat 3: semirami2 (button) showed [4h 5d] and lost with a pair of Fours



PokerStars Hand #253411367881: Tournament #3823715435, $1.84+$0.16 USD Hold'em No Limit - Level II (15/30) - 2024/11/15 13:36:18 CET [2024/11/15 7:36:18 ET]
Table '3823715435 1' 3-max Seat #2 is the button
Seat 1: fowlands (1031 in chips) 
Seat 2: Mahu2021 (469 in chips) 
Mahu2021: posts small blind 15
fowlands: posts big blind 30
*** HOLE CARDS ***
Dealt to Mahu2021 [2s 7c]
Mahu2021: folds 
Uncalled bet (15) returned to fowlands
fowlands collected 30 from pot
*** SUMMARY ***
Total pot 30 | Rake 0 
Seat 1: fowlands (big blind) collected (30)
Seat 2: Mahu2021 (button) (small blind) folded before Flop



PokerStars Hand #253411368455: Tournament #3823715435, $1.84+$0.16 USD Hold'em No Limit - Level II (15/30) - 2024/11/15 13:36:22 CET [2024/11/15 7:36:22 ET]
Table '3823715435 1' 3-max Seat #1 is the button
Seat 1: fowlands (1046 in chips) 
Seat 2: Mahu2021 (454 in chips) 
fowlands: posts small blind 15
Mahu2021: posts big blind 30
*** HOLE CARDS ***
Dealt to Mahu2021 [Kc 9h]
fowlands: calls 15
Mahu2021: raises 60 to 90
fowlands: calls 60
*** FLOP *** [Kh 6h 7c]
Mahu2021: checks 
fowlands: bets 180
Mahu2021: raises 184 to 364 and is all-in
fowlands: calls 184
*** TURN *** [Kh 6h 7c] [Ad]
*** RIVER *** [Kh 6h 7c Ad] [9s]
*** SHOW DOWN ***
Mahu2021: shows [Kc 9h] (two pair, Kings and Nines)
fowlands: shows [Ac 7h] (two pair, Aces and Sevens)
fowlands collected 908 from pot
Mahu2021 finished the tournament in 2nd place
fowlands wins the tournament and receives $6.00 - congratulations!
*** SUMMARY ***
Total pot 908 | Rake 0 
Board [Kh 6h 7c Ad 9s]
Seat 1: fowlands (button) (small blind) showed [Ac 7h] and won (908) with two pair, Aces and Sevens
Seat 2: Mahu2021 (big blind) showed [Kc 9h] and lost with two pair, Kings and Nines



