PokerStars Hand #252923530425: Tournament #3811848623, $1.84+$0.16 USD Hold'em No Limit - Level I (10/20) - 2024/10/14 15:50:16 CET [2024/10/14 9:50:16 ET]
Table '3811848623 1' 3-max Seat #1 is the button
Seat 1: opponenttt (500 in chips) 
Seat 2: Mahu2021 (500 in chips) 
Seat 3: Crisan ma263 (500 in chips) 
Mahu2021: posts small blind 10
Crisan ma263: posts big blind 20
*** HOLE CARDS ***
Dealt to Mahu2021 [Th Ks]
opponenttt: raises 20 to 40
Mahu2021: calls 30
Crisan ma263: calls 20
*** FLOP *** [4c 3d 5s]
Mahu2021: checks 
Crisan ma263: checks 
opponenttt: checks 
*** TURN *** [4c 3d 5s] [8s]
Mahu2021: checks 
Crisan ma263: checks 
opponenttt: bets 50
Mahu2021: folds 
Crisan ma263: calls 50
*** RIVER *** [4c 3d 5s 8s] [3s]
Crisan ma263: checks 
opponenttt: bets 80
Crisan ma263: folds 
Uncalled bet (80) returned to opponenttt
opponenttt collected 220 from pot
opponenttt: doesn't show hand 
*** SUMMARY ***
Total pot 220 | Rake 0 
Board [4c 3d 5s 8s 3s]
Seat 1: opponenttt (button) collected (220)
Seat 2: Mahu2021 (small blind) folded on the Turn
Seat 3: Crisan ma263 (big blind) folded on the River



PokerStars Hand #252923539673: Tournament #3811848623, $1.84+$0.16 USD Hold'em No Limit - Level I (10/20) - 2024/10/14 15:51:06 CET [2024/10/14 9:51:06 ET]
Table '3811848623 1' 3-max Seat #2 is the button
Seat 1: opponenttt (630 in chips) 
Seat 2: Mahu2021 (460 in chips) 
Seat 3: Crisan ma263 (410 in chips) 
Crisan ma263: posts small blind 10
opponenttt: posts big blind 20
*** HOLE CARDS ***
Dealt to Mahu2021 [Td 9c]
Mahu2021: calls 20
Crisan ma263: calls 10
opponenttt: checks 
*** FLOP *** [8h Js 8c]
Crisan ma263: checks 
opponenttt: checks 
Mahu2021: bets 60
Crisan ma263: folds 
opponenttt: folds 
Uncalled bet (60) returned to Mahu2021
Mahu2021 collected 60 from pot
Mahu2021: doesn't show hand 
*** SUMMARY ***
Total pot 60 | Rake 0 
Board [8h Js 8c]
Seat 1: opponenttt (big blind) folded on the Flop
Seat 2: Mahu2021 (button) collected (60)
Seat 3: Crisan ma263 (small blind) folded on the Flop



PokerStars Hand #252923545102: Tournament #3811848623, $1.84+$0.16 USD Hold'em No Limit - Level I (10/20) - 2024/10/14 15:51:35 CET [2024/10/14 9:51:35 ET]
Table '3811848623 1' 3-max Seat #3 is the button
Seat 1: opponenttt (610 in chips) 
Seat 2: Mahu2021 (500 in chips) 
Seat 3: Crisan ma263 (390 in chips) 
opponenttt: posts small blind 10
Mahu2021: posts big blind 20
*** HOLE CARDS ***
Dealt to Mahu2021 [Js 3h]
Crisan ma263: folds 
opponenttt: raises 20 to 40
Mahu2021: calls 20
*** FLOP *** [Ah 7c 9h]
opponenttt: bets 26
Mahu2021: folds 
Uncalled bet (26) returned to opponenttt
opponenttt collected 80 from pot
opponenttt: doesn't show hand 
*** SUMMARY ***
Total pot 80 | Rake 0 
Board [Ah 7c 9h]
Seat 1: opponenttt (small blind) collected (80)
Seat 2: Mahu2021 (big blind) folded on the Flop
Seat 3: Crisan ma263 (button) folded before Flop (didn't bet)



PokerStars Hand #252923547416: Tournament #3811848623, $1.84+$0.16 USD Hold'em No Limit - Level I (10/20) - 2024/10/14 15:51:48 CET [2024/10/14 9:51:48 ET]
Table '3811848623 1' 3-max Seat #1 is the button
Seat 1: opponenttt (650 in chips) 
Seat 2: Mahu2021 (460 in chips) 
Seat 3: Crisan ma263 (390 in chips) 
Mahu2021: posts small blind 10
Crisan ma263: posts big blind 20
*** HOLE CARDS ***
Dealt to Mahu2021 [5c Qs]
opponenttt: raises 20 to 40
Mahu2021: folds 
Crisan ma263: calls 20
*** FLOP *** [6c 8d 3s]
Crisan ma263: checks 
opponenttt: bets 30
Crisan ma263: folds 
Uncalled bet (30) returned to opponenttt
opponenttt collected 90 from pot
opponenttt: doesn't show hand 
*** SUMMARY ***
Total pot 90 | Rake 0 
Board [6c 8d 3s]
Seat 1: opponenttt (button) collected (90)
Seat 2: Mahu2021 (small blind) folded before Flop
Seat 3: Crisan ma263 (big blind) folded on the Flop



PokerStars Hand #252923553653: Tournament #3811848623, $1.84+$0.16 USD Hold'em No Limit - Level II (15/30) - 2024/10/14 15:52:23 CET [2024/10/14 9:52:23 ET]
Table '3811848623 1' 3-max Seat #2 is the button
Seat 1: opponenttt (700 in chips) 
Seat 2: Mahu2021 (450 in chips) 
Seat 3: Crisan ma263 (350 in chips) 
Crisan ma263: posts small blind 15
opponenttt: posts big blind 30
*** HOLE CARDS ***
Dealt to Mahu2021 [8c 5c]
Mahu2021: folds 
Crisan ma263: folds 
Uncalled bet (15) returned to opponenttt
opponenttt collected 30 from pot
opponenttt: doesn't show hand 
*** SUMMARY ***
Total pot 30 | Rake 0 
Seat 1: opponenttt (big blind) collected (30)
Seat 2: Mahu2021 (button) folded before Flop (didn't bet)
Seat 3: Crisan ma263 (small blind) folded before Flop



PokerStars Hand #252923555193: Tournament #3811848623, $1.84+$0.16 USD Hold'em No Limit - Level II (15/30) - 2024/10/14 15:52:31 CET [2024/10/14 9:52:31 ET]
Table '3811848623 1' 3-max Seat #3 is the button
Seat 1: opponenttt (715 in chips) 
Seat 2: Mahu2021 (450 in chips) 
Seat 3: Crisan ma263 (335 in chips) 
opponenttt: posts small blind 15
Mahu2021: posts big blind 30
*** HOLE CARDS ***
Dealt to Mahu2021 [Kc 8s]
Crisan ma263: folds 
opponenttt: folds 
Uncalled bet (15) returned to Mahu2021
Mahu2021 collected 30 from pot
Mahu2021: doesn't show hand 
*** SUMMARY ***
Total pot 30 | Rake 0 
Seat 1: opponenttt (small blind) folded before Flop
Seat 2: Mahu2021 (big blind) collected (30)
Seat 3: Crisan ma263 (button) folded before Flop (didn't bet)



PokerStars Hand #252923557253: Tournament #3811848623, $1.84+$0.16 USD Hold'em No Limit - Level II (15/30) - 2024/10/14 15:52:43 CET [2024/10/14 9:52:43 ET]
Table '3811848623 1' 3-max Seat #1 is the button
Seat 1: opponenttt (700 in chips) 
Seat 2: Mahu2021 (465 in chips) 
Seat 3: Crisan ma263 (335 in chips) 
Mahu2021: posts small blind 15
Crisan ma263: posts big blind 30
*** HOLE CARDS ***
Dealt to Mahu2021 [Qs Jd]
opponenttt: folds 
Mahu2021: raises 30 to 60
Crisan ma263: calls 30
*** FLOP *** [6c As 7h]
Mahu2021: checks 
Crisan ma263: checks 
*** TURN *** [6c As 7h] [Js]
Mahu2021: bets 60
Crisan ma263: folds 
Uncalled bet (60) returned to Mahu2021
Mahu2021 collected 120 from pot
Mahu2021: doesn't show hand 
*** SUMMARY ***
Total pot 120 | Rake 0 
Board [6c As 7h Js]
Seat 1: opponenttt (button) folded before Flop (didn't bet)
Seat 2: Mahu2021 (small blind) collected (120)
Seat 3: Crisan ma263 (big blind) folded on the Turn



PokerStars Hand #252923564193: Tournament #3811848623, $1.84+$0.16 USD Hold'em No Limit - Level II (15/30) - 2024/10/14 15:53:20 CET [2024/10/14 9:53:20 ET]
Table '3811848623 1' 3-max Seat #2 is the button
Seat 1: opponenttt (700 in chips) 
Seat 2: Mahu2021 (525 in chips) 
Seat 3: Crisan ma263 (275 in chips) 
Crisan ma263: posts small blind 15
opponenttt: posts big blind 30
*** HOLE CARDS ***
Dealt to Mahu2021 [Js 5h]
Mahu2021: folds 
Crisan ma263: calls 15
opponenttt: checks 
*** FLOP *** [Kh 3c Ah]
Crisan ma263: checks 
opponenttt: bets 30
Crisan ma263: folds 
Uncalled bet (30) returned to opponenttt
opponenttt collected 60 from pot
opponenttt: doesn't show hand 
*** SUMMARY ***
Total pot 60 | Rake 0 
Board [Kh 3c Ah]
Seat 1: opponenttt (big blind) collected (60)
Seat 2: Mahu2021 (button) folded before Flop (didn't bet)
Seat 3: Crisan ma263 (small blind) folded on the Flop



PokerStars Hand #252923568624: Tournament #3811848623, $1.84+$0.16 USD Hold'em No Limit - Level II (15/30) - 2024/10/14 15:53:44 CET [2024/10/14 9:53:44 ET]
Table '3811848623 1' 3-max Seat #3 is the button
Seat 1: opponenttt (730 in chips) 
Seat 2: Mahu2021 (525 in chips) 
Seat 3: Crisan ma263 (245 in chips) 
opponenttt: posts small blind 15
Mahu2021: posts big blind 30
*** HOLE CARDS ***
Dealt to Mahu2021 [7d Qs]
Crisan ma263: folds 
opponenttt: calls 15
Mahu2021: checks 
*** FLOP *** [5s 8s As]
opponenttt: checks 
Mahu2021: bets 60
opponenttt: calls 60
*** TURN *** [5s 8s As] [Jc]
opponenttt: checks 
Mahu2021: checks 
*** RIVER *** [5s 8s As Jc] [4h]
opponenttt: bets 150
Mahu2021: folds 
Uncalled bet (150) returned to opponenttt
opponenttt collected 180 from pot
opponenttt: doesn't show hand 
*** SUMMARY ***
Total pot 180 | Rake 0 
Board [5s 8s As Jc 4h]
Seat 1: opponenttt (small blind) collected (180)
Seat 2: Mahu2021 (big blind) folded on the River
Seat 3: Crisan ma263 (button) folded before Flop (didn't bet)



PokerStars Hand #252923573966: Tournament #3811848623, $1.84+$0.16 USD Hold'em No Limit - Level II (15/30) - 2024/10/14 15:54:13 CET [2024/10/14 9:54:13 ET]
Table '3811848623 1' 3-max Seat #1 is the button
Seat 1: opponenttt (820 in chips) 
Seat 2: Mahu2021 (435 in chips) 
Seat 3: Crisan ma263 (245 in chips) 
Mahu2021: posts small blind 15
Crisan ma263: posts big blind 30
*** HOLE CARDS ***
Dealt to Mahu2021 [7s Ah]
opponenttt: raises 30 to 60
Mahu2021: calls 45
Crisan ma263: calls 30
*** FLOP *** [8d 3c 5s]
Mahu2021: checks 
Crisan ma263: checks 
opponenttt: checks 
*** TURN *** [8d 3c 5s] [2c]
Mahu2021: bets 60
Crisan ma263: calls 60
opponenttt: calls 60
*** RIVER *** [8d 3c 5s 2c] [8c]
Mahu2021: checks 
Crisan ma263: bets 125 and is all-in
opponenttt: folds 
Mahu2021: folds 
Uncalled bet (125) returned to Crisan ma263
Crisan ma263 collected 360 from pot
*** SUMMARY ***
Total pot 360 | Rake 0 
Board [8d 3c 5s 2c 8c]
Seat 1: opponenttt (button) folded on the River
Seat 2: Mahu2021 (small blind) folded on the River
Seat 3: Crisan ma263 (big blind) collected (360)



PokerStars Hand #252923581333: Tournament #3811848623, $1.84+$0.16 USD Hold'em No Limit - Level III (20/40) - 2024/10/14 15:54:54 CET [2024/10/14 9:54:54 ET]
Table '3811848623 1' 3-max Seat #2 is the button
Seat 1: opponenttt (700 in chips) 
Seat 2: Mahu2021 (315 in chips) 
Seat 3: Crisan ma263 (485 in chips) 
Crisan ma263: posts small blind 20
opponenttt: posts big blind 40
*** HOLE CARDS ***
Dealt to Mahu2021 [6d Jd]
Mahu2021: folds 
Crisan ma263: calls 20
opponenttt: raises 60 to 100
Crisan ma263: calls 60
*** FLOP *** [3h 3d Qc]
Crisan ma263: checks 
opponenttt: bets 50
Crisan ma263: folds 
Uncalled bet (50) returned to opponenttt
opponenttt collected 200 from pot
opponenttt: doesn't show hand 
*** SUMMARY ***
Total pot 200 | Rake 0 
Board [3h 3d Qc]
Seat 1: opponenttt (big blind) collected (200)
Seat 2: Mahu2021 (button) folded before Flop (didn't bet)
Seat 3: Crisan ma263 (small blind) folded on the Flop



PokerStars Hand #252923586474: Tournament #3811848623, $1.84+$0.16 USD Hold'em No Limit - Level III (20/40) - 2024/10/14 15:55:25 CET [2024/10/14 9:55:25 ET]
Table '3811848623 1' 3-max Seat #3 is the button
Seat 1: opponenttt (800 in chips) 
Seat 2: Mahu2021 (315 in chips) 
Seat 3: Crisan ma263 (385 in chips) 
opponenttt: posts small blind 20
Mahu2021: posts big blind 40
*** HOLE CARDS ***
Dealt to Mahu2021 [3d Qh]
Crisan ma263: folds 
opponenttt: raises 760 to 800 and is all-in
Mahu2021: folds 
Uncalled bet (760) returned to opponenttt
opponenttt collected 80 from pot
opponenttt: doesn't show hand 
*** SUMMARY ***
Total pot 80 | Rake 0 
Seat 1: opponenttt (small blind) collected (80)
Seat 2: Mahu2021 (big blind) folded before Flop
Seat 3: Crisan ma263 (button) folded before Flop (didn't bet)



PokerStars Hand #252923587976: Tournament #3811848623, $1.84+$0.16 USD Hold'em No Limit - Level III (20/40) - 2024/10/14 15:55:35 CET [2024/10/14 9:55:35 ET]
Table '3811848623 1' 3-max Seat #1 is the button
Seat 1: opponenttt (840 in chips) 
Seat 2: Mahu2021 (275 in chips) 
Seat 3: Crisan ma263 (385 in chips) 
Mahu2021: posts small blind 20
Crisan ma263: posts big blind 40
*** HOLE CARDS ***
Dealt to Mahu2021 [Ts 4h]
opponenttt: folds 
Mahu2021: folds 
Uncalled bet (20) returned to Crisan ma263
Crisan ma263 collected 40 from pot
*** SUMMARY ***
Total pot 40 | Rake 0 
Seat 1: opponenttt (button) folded before Flop (didn't bet)
Seat 2: Mahu2021 (small blind) folded before Flop
Seat 3: Crisan ma263 (big blind) collected (40)



PokerStars Hand #252923588640: Tournament #3811848623, $1.84+$0.16 USD Hold'em No Limit - Level III (20/40) - 2024/10/14 15:55:40 CET [2024/10/14 9:55:40 ET]
Table '3811848623 1' 3-max Seat #2 is the button
Seat 1: opponenttt (840 in chips) 
Seat 2: Mahu2021 (255 in chips) 
Seat 3: Crisan ma263 (405 in chips) 
Crisan ma263: posts small blind 20
opponenttt: posts big blind 40
*** HOLE CARDS ***
Dealt to Mahu2021 [3d 8s]
Mahu2021: folds 
Crisan ma263: calls 20
opponenttt: checks 
*** FLOP *** [2d 4c 5d]
Crisan ma263: checks 
opponenttt: bets 40
Crisan ma263: calls 40
*** TURN *** [2d 4c 5d] [4d]
Crisan ma263: checks 
opponenttt: checks 
*** RIVER *** [2d 4c 5d 4d] [As]
Crisan ma263: bets 160
opponenttt: folds 
Uncalled bet (160) returned to Crisan ma263
Crisan ma263 collected 160 from pot
*** SUMMARY ***
Total pot 160 | Rake 0 
Board [2d 4c 5d 4d As]
Seat 1: opponenttt (big blind) folded on the River
Seat 2: Mahu2021 (button) folded before Flop (didn't bet)
Seat 3: Crisan ma263 (small blind) collected (160)



PokerStars Hand #252923593030: Tournament #3811848623, $1.84+$0.16 USD Hold'em No Limit - Level III (20/40) - 2024/10/14 15:56:09 CET [2024/10/14 9:56:09 ET]
Table '3811848623 1' 3-max Seat #3 is the button
Seat 1: opponenttt (760 in chips) 
Seat 2: Mahu2021 (255 in chips) 
Seat 3: Crisan ma263 (485 in chips) 
opponenttt: posts small blind 20
Mahu2021: posts big blind 40
*** HOLE CARDS ***
Dealt to Mahu2021 [2h 4h]
Crisan ma263: folds 
opponenttt: raises 720 to 760 and is all-in
Mahu2021: folds 
Uncalled bet (720) returned to opponenttt
opponenttt collected 80 from pot
opponenttt: doesn't show hand 
*** SUMMARY ***
Total pot 80 | Rake 0 
Seat 1: opponenttt (small blind) collected (80)
Seat 2: Mahu2021 (big blind) folded before Flop
Seat 3: Crisan ma263 (button) folded before Flop (didn't bet)



PokerStars Hand #252923594085: Tournament #3811848623, $1.84+$0.16 USD Hold'em No Limit - Level III (20/40) - 2024/10/14 15:56:16 CET [2024/10/14 9:56:16 ET]
Table '3811848623 1' 3-max Seat #1 is the button
Seat 1: opponenttt (800 in chips) 
Seat 2: Mahu2021 (215 in chips) 
Seat 3: Crisan ma263 (485 in chips) 
Mahu2021: posts small blind 20
Crisan ma263: posts big blind 40
*** HOLE CARDS ***
Dealt to Mahu2021 [6s As]
opponenttt: folds 
Mahu2021: raises 175 to 215 and is all-in
Crisan ma263: folds 
Uncalled bet (175) returned to Mahu2021
Mahu2021 collected 80 from pot
Mahu2021: doesn't show hand 
*** SUMMARY ***
Total pot 80 | Rake 0 
Seat 1: opponenttt (button) folded before Flop (didn't bet)
Seat 2: Mahu2021 (small blind) collected (80)
Seat 3: Crisan ma263 (big blind) folded before Flop



PokerStars Hand #252923595599: Tournament #3811848623, $1.84+$0.16 USD Hold'em No Limit - Level IV (30/60) - 2024/10/14 15:56:27 CET [2024/10/14 9:56:27 ET]
Table '3811848623 1' 3-max Seat #2 is the button
Seat 1: opponenttt (800 in chips) 
Seat 2: Mahu2021 (255 in chips) 
Seat 3: Crisan ma263 (445 in chips) 
Crisan ma263: posts small blind 30
opponenttt: posts big blind 60
*** HOLE CARDS ***
Dealt to Mahu2021 [Td Qs]
Mahu2021: calls 60
Crisan ma263: calls 30
opponenttt: checks 
*** FLOP *** [4s 3c 6d]
Crisan ma263: checks 
opponenttt: checks 
Mahu2021: checks 
*** TURN *** [4s 3c 6d] [9h]
Crisan ma263: checks 
opponenttt: checks 
Mahu2021: checks 
*** RIVER *** [4s 3c 6d 9h] [6s]
Crisan ma263: checks 
opponenttt: checks 
Mahu2021: checks 
*** SHOW DOWN ***
Crisan ma263: shows [5s Kd] (a pair of Sixes)
opponenttt: mucks hand 
Mahu2021: mucks hand 
Crisan ma263 collected 180 from pot
*** SUMMARY ***
Total pot 180 | Rake 0 
Board [4s 3c 6d 9h 6s]
Seat 1: opponenttt (big blind) mucked [Qd 8c]
Seat 2: Mahu2021 (button) mucked [Td Qs]
Seat 3: Crisan ma263 (small blind) showed [5s Kd] and won (180) with a pair of Sixes



PokerStars Hand #252923600209: Tournament #3811848623, $1.84+$0.16 USD Hold'em No Limit - Level IV (30/60) - 2024/10/14 15:56:58 CET [2024/10/14 9:56:58 ET]
Table '3811848623 1' 3-max Seat #3 is the button
Seat 1: opponenttt (740 in chips) 
Seat 2: Mahu2021 (195 in chips) 
Seat 3: Crisan ma263 (565 in chips) 
opponenttt: posts small blind 30
Mahu2021: posts big blind 60
*** HOLE CARDS ***
Dealt to Mahu2021 [2h 7h]
Crisan ma263: folds 
opponenttt: raises 680 to 740 and is all-in
Mahu2021: folds 
Uncalled bet (680) returned to opponenttt
opponenttt collected 120 from pot
opponenttt: doesn't show hand 
*** SUMMARY ***
Total pot 120 | Rake 0 
Seat 1: opponenttt (small blind) collected (120)
Seat 2: Mahu2021 (big blind) folded before Flop
Seat 3: Crisan ma263 (button) folded before Flop (didn't bet)



PokerStars Hand #252923601326: Tournament #3811848623, $1.84+$0.16 USD Hold'em No Limit - Level IV (30/60) - 2024/10/14 15:57:05 CET [2024/10/14 9:57:05 ET]
Table '3811848623 1' 3-max Seat #1 is the button
Seat 1: opponenttt (800 in chips) 
Seat 2: Mahu2021 (135 in chips) 
Seat 3: Crisan ma263 (565 in chips) 
Mahu2021: posts small blind 30
Crisan ma263: posts big blind 60
*** HOLE CARDS ***
Dealt to Mahu2021 [Ad Kd]
opponenttt: folds 
Mahu2021: raises 75 to 135 and is all-in
Crisan ma263: calls 75
*** FLOP *** [4s 5d Qs]
*** TURN *** [4s 5d Qs] [4c]
*** RIVER *** [4s 5d Qs 4c] [5c]
*** SHOW DOWN ***
Mahu2021: shows [Ad Kd] (two pair, Fives and Fours)
Crisan ma263: shows [Jc As] (two pair, Fives and Fours)
Mahu2021 collected 135 from pot
Crisan ma263 collected 135 from pot
*** SUMMARY ***
Total pot 270 | Rake 0 
Board [4s 5d Qs 4c 5c]
Seat 1: opponenttt (button) folded before Flop (didn't bet)
Seat 2: Mahu2021 (small blind) showed [Ad Kd] and won (135) with two pair, Fives and Fours
Seat 3: Crisan ma263 (big blind) showed [Jc As] and won (135) with two pair, Fives and Fours



PokerStars Hand #252923603533: Tournament #3811848623, $1.84+$0.16 USD Hold'em No Limit - Level IV (30/60) - 2024/10/14 15:57:20 CET [2024/10/14 9:57:20 ET]
Table '3811848623 1' 3-max Seat #2 is the button
Seat 1: opponenttt (800 in chips) 
Seat 2: Mahu2021 (135 in chips) 
Seat 3: Crisan ma263 (565 in chips) 
Crisan ma263: posts small blind 30
opponenttt: posts big blind 60
*** HOLE CARDS ***
Dealt to Mahu2021 [Th 9s]
Mahu2021: folds 
Crisan ma263: calls 30
opponenttt: checks 
*** FLOP *** [Js 5c 3c]
Crisan ma263: checks 
opponenttt: checks 
*** TURN *** [Js 5c 3c] [2d]
Crisan ma263: checks 
opponenttt: bets 60
Crisan ma263: folds 
Uncalled bet (60) returned to opponenttt
opponenttt collected 120 from pot
opponenttt: doesn't show hand 
*** SUMMARY ***
Total pot 120 | Rake 0 
Board [Js 5c 3c 2d]
Seat 1: opponenttt (big blind) collected (120)
Seat 2: Mahu2021 (button) folded before Flop (didn't bet)
Seat 3: Crisan ma263 (small blind) folded on the Turn



PokerStars Hand #252923607364: Tournament #3811848623, $1.84+$0.16 USD Hold'em No Limit - Level IV (30/60) - 2024/10/14 15:57:46 CET [2024/10/14 9:57:46 ET]
Table '3811848623 1' 3-max Seat #3 is the button
Seat 1: opponenttt (860 in chips) 
Seat 2: Mahu2021 (135 in chips) 
Seat 3: Crisan ma263 (505 in chips) 
opponenttt: posts small blind 30
Mahu2021: posts big blind 60
*** HOLE CARDS ***
Dealt to Mahu2021 [6c Jd]
Crisan ma263: folds 
opponenttt: raises 800 to 860 and is all-in
Mahu2021: calls 75 and is all-in
Uncalled bet (725) returned to opponenttt
*** FLOP *** [6s 8c 5c]
*** TURN *** [6s 8c 5c] [4c]
*** RIVER *** [6s 8c 5c 4c] [6d]
*** SHOW DOWN ***
opponenttt: shows [Ac 3s] (a pair of Sixes)
Mahu2021: shows [6c Jd] (three of a kind, Sixes)
Mahu2021 collected 270 from pot
*** SUMMARY ***
Total pot 270 | Rake 0 
Board [6s 8c 5c 4c 6d]
Seat 1: opponenttt (small blind) showed [Ac 3s] and lost with a pair of Sixes
Seat 2: Mahu2021 (big blind) showed [6c Jd] and won (270) with three of a kind, Sixes
Seat 3: Crisan ma263 (button) folded before Flop (didn't bet)



PokerStars Hand #252923609485: Tournament #3811848623, $1.84+$0.16 USD Hold'em No Limit - Level IV (30/60) - 2024/10/14 15:58:00 CET [2024/10/14 9:58:00 ET]
Table '3811848623 1' 3-max Seat #1 is the button
Seat 1: opponenttt (725 in chips) 
Seat 2: Mahu2021 (270 in chips) 
Seat 3: Crisan ma263 (505 in chips) 
Mahu2021: posts small blind 30
Crisan ma263: posts big blind 60
*** HOLE CARDS ***
Dealt to Mahu2021 [3s Qc]
opponenttt: folds 
Mahu2021: folds 
Uncalled bet (30) returned to Crisan ma263
Crisan ma263 collected 60 from pot
*** SUMMARY ***
Total pot 60 | Rake 0 
Seat 1: opponenttt (button) folded before Flop (didn't bet)
Seat 2: Mahu2021 (small blind) folded before Flop
Seat 3: Crisan ma263 (big blind) collected (60)



PokerStars Hand #252923610143: Tournament #3811848623, $1.84+$0.16 USD Hold'em No Limit - Level IV (30/60) - 2024/10/14 15:58:04 CET [2024/10/14 9:58:04 ET]
Table '3811848623 1' 3-max Seat #2 is the button
Seat 1: opponenttt (725 in chips) 
Seat 2: Mahu2021 (240 in chips) 
Seat 3: Crisan ma263 (535 in chips) 
Crisan ma263: posts small blind 30
opponenttt: posts big blind 60
*** HOLE CARDS ***
Dealt to Mahu2021 [8d Tc]
Mahu2021: folds 
Crisan ma263: folds 
Uncalled bet (30) returned to opponenttt
opponenttt collected 60 from pot
opponenttt: doesn't show hand 
*** SUMMARY ***
Total pot 60 | Rake 0 
Seat 1: opponenttt (big blind) collected (60)
Seat 2: Mahu2021 (button) folded before Flop (didn't bet)
Seat 3: Crisan ma263 (small blind) folded before Flop



PokerStars Hand #252923611158: Tournament #3811848623, $1.84+$0.16 USD Hold'em No Limit - Level IV (30/60) - 2024/10/14 15:58:11 CET [2024/10/14 9:58:11 ET]
Table '3811848623 1' 3-max Seat #3 is the button
Seat 1: opponenttt (755 in chips) 
Seat 2: Mahu2021 (240 in chips) 
Seat 3: Crisan ma263 (505 in chips) 
opponenttt: posts small blind 30
Mahu2021: posts big blind 60
*** HOLE CARDS ***
Dealt to Mahu2021 [6c Jd]
Crisan ma263: folds 
opponenttt: raises 695 to 755 and is all-in
Mahu2021: calls 180 and is all-in
Uncalled bet (515) returned to opponenttt
*** FLOP *** [2h 6s 9h]
*** TURN *** [2h 6s 9h] [3s]
*** RIVER *** [2h 6s 9h 3s] [Qs]
*** SHOW DOWN ***
opponenttt: shows [7c Th] (high card Queen)
Mahu2021: shows [6c Jd] (a pair of Sixes)
Mahu2021 collected 480 from pot
*** SUMMARY ***
Total pot 480 | Rake 0 
Board [2h 6s 9h 3s Qs]
Seat 1: opponenttt (small blind) showed [7c Th] and lost with high card Queen
Seat 2: Mahu2021 (big blind) showed [6c Jd] and won (480) with a pair of Sixes
Seat 3: Crisan ma263 (button) folded before Flop (didn't bet)



PokerStars Hand #252923613717: Tournament #3811848623, $1.84+$0.16 USD Hold'em No Limit - Level V (40/80) - 2024/10/14 15:58:29 CET [2024/10/14 9:58:29 ET]
Table '3811848623 1' 3-max Seat #1 is the button
Seat 1: opponenttt (515 in chips) 
Seat 2: Mahu2021 (480 in chips) 
Seat 3: Crisan ma263 (505 in chips) 
Mahu2021: posts small blind 40
Crisan ma263: posts big blind 80
*** HOLE CARDS ***
Dealt to Mahu2021 [4c Ah]
opponenttt: folds 
Mahu2021: raises 400 to 480 and is all-in
Crisan ma263: folds 
Uncalled bet (400) returned to Mahu2021
Mahu2021 collected 160 from pot
Mahu2021: doesn't show hand 
*** SUMMARY ***
Total pot 160 | Rake 0 
Seat 1: opponenttt (button) folded before Flop (didn't bet)
Seat 2: Mahu2021 (small blind) collected (160)
Seat 3: Crisan ma263 (big blind) folded before Flop



PokerStars Hand #252923614932: Tournament #3811848623, $1.84+$0.16 USD Hold'em No Limit - Level V (40/80) - 2024/10/14 15:58:37 CET [2024/10/14 9:58:37 ET]
Table '3811848623 1' 3-max Seat #2 is the button
Seat 1: opponenttt (515 in chips) 
Seat 2: Mahu2021 (560 in chips) 
Seat 3: Crisan ma263 (425 in chips) 
Crisan ma263: posts small blind 40
opponenttt: posts big blind 80
*** HOLE CARDS ***
Dealt to Mahu2021 [Td Th]
Mahu2021: raises 480 to 560 and is all-in
Crisan ma263: folds 
opponenttt: folds 
Uncalled bet (480) returned to Mahu2021
Mahu2021 collected 200 from pot
Mahu2021: doesn't show hand 
*** SUMMARY ***
Total pot 200 | Rake 0 
Seat 1: opponenttt (big blind) folded before Flop
Seat 2: Mahu2021 (button) collected (200)
Seat 3: Crisan ma263 (small blind) folded before Flop



PokerStars Hand #252923616228: Tournament #3811848623, $1.84+$0.16 USD Hold'em No Limit - Level V (40/80) - 2024/10/14 15:58:46 CET [2024/10/14 9:58:46 ET]
Table '3811848623 1' 3-max Seat #3 is the button
Seat 1: opponenttt (435 in chips) 
Seat 2: Mahu2021 (680 in chips) 
Seat 3: Crisan ma263 (385 in chips) 
opponenttt: posts small blind 40
Mahu2021: posts big blind 80
*** HOLE CARDS ***
Dealt to Mahu2021 [3h 6s]
Crisan ma263: folds 
opponenttt: raises 355 to 435 and is all-in
Mahu2021: folds 
Uncalled bet (355) returned to opponenttt
opponenttt collected 160 from pot
opponenttt: doesn't show hand 
*** SUMMARY ***
Total pot 160 | Rake 0 
Seat 1: opponenttt (small blind) collected (160)
Seat 2: Mahu2021 (big blind) folded before Flop
Seat 3: Crisan ma263 (button) folded before Flop (didn't bet)



PokerStars Hand #252923617430: Tournament #3811848623, $1.84+$0.16 USD Hold'em No Limit - Level V (40/80) - 2024/10/14 15:58:54 CET [2024/10/14 9:58:54 ET]
Table '3811848623 1' 3-max Seat #1 is the button
Seat 1: opponenttt (515 in chips) 
Seat 2: Mahu2021 (600 in chips) 
Seat 3: Crisan ma263 (385 in chips) 
Mahu2021: posts small blind 40
Crisan ma263: posts big blind 80
*** HOLE CARDS ***
Dealt to Mahu2021 [5h 4d]
opponenttt: raises 435 to 515 and is all-in
Mahu2021: folds 
Crisan ma263: calls 305 and is all-in
Uncalled bet (130) returned to opponenttt
*** FLOP *** [5c 6s Th]
*** TURN *** [5c 6s Th] [Qs]
*** RIVER *** [5c 6s Th Qs] [3s]
*** SHOW DOWN ***
Crisan ma263: shows [Qh Js] (a pair of Queens)
opponenttt: shows [Tc Kc] (a pair of Tens)
Crisan ma263 collected 810 from pot
*** SUMMARY ***
Total pot 810 | Rake 0 
Board [5c 6s Th Qs 3s]
Seat 1: opponenttt (button) showed [Tc Kc] and lost with a pair of Tens
Seat 2: Mahu2021 (small blind) folded before Flop
Seat 3: Crisan ma263 (big blind) showed [Qh Js] and won (810) with a pair of Queens



PokerStars Hand #252923619754: Tournament #3811848623, $1.84+$0.16 USD Hold'em No Limit - Level V (40/80) - 2024/10/14 15:59:10 CET [2024/10/14 9:59:10 ET]
Table '3811848623 1' 3-max Seat #2 is the button
Seat 1: opponenttt (130 in chips) 
Seat 2: Mahu2021 (560 in chips) 
Seat 3: Crisan ma263 (810 in chips) 
Crisan ma263: posts small blind 40
opponenttt: posts big blind 80
*** HOLE CARDS ***
Dealt to Mahu2021 [7d 3d]
Mahu2021: folds 
Crisan ma263: folds 
Uncalled bet (40) returned to opponenttt
opponenttt collected 80 from pot
opponenttt: doesn't show hand 
*** SUMMARY ***
Total pot 80 | Rake 0 
Seat 1: opponenttt (big blind) collected (80)
Seat 2: Mahu2021 (button) folded before Flop (didn't bet)
Seat 3: Crisan ma263 (small blind) folded before Flop



PokerStars Hand #252923620920: Tournament #3811848623, $1.84+$0.16 USD Hold'em No Limit - Level V (40/80) - 2024/10/14 15:59:18 CET [2024/10/14 9:59:18 ET]
Table '3811848623 1' 3-max Seat #3 is the button
Seat 1: opponenttt (170 in chips) 
Seat 2: Mahu2021 (560 in chips) 
Seat 3: Crisan ma263 (770 in chips) 
opponenttt: posts small blind 40
Mahu2021: posts big blind 80
*** HOLE CARDS ***
Dealt to Mahu2021 [2s 6d]
Crisan ma263: folds 
opponenttt: raises 90 to 170 and is all-in
Mahu2021: folds 
Uncalled bet (90) returned to opponenttt
opponenttt collected 160 from pot
opponenttt: doesn't show hand 
*** SUMMARY ***
Total pot 160 | Rake 0 
Seat 1: opponenttt (small blind) collected (160)
Seat 2: Mahu2021 (big blind) folded before Flop
Seat 3: Crisan ma263 (button) folded before Flop (didn't bet)



PokerStars Hand #252923622442: Tournament #3811848623, $1.84+$0.16 USD Hold'em No Limit - Level V (40/80) - 2024/10/14 15:59:29 CET [2024/10/14 9:59:29 ET]
Table '3811848623 1' 3-max Seat #1 is the button
Seat 1: opponenttt (250 in chips) 
Seat 2: Mahu2021 (480 in chips) 
Seat 3: Crisan ma263 (770 in chips) 
Mahu2021: posts small blind 40
Crisan ma263: posts big blind 80
*** HOLE CARDS ***
Dealt to Mahu2021 [5d 6h]
opponenttt: folds 
Mahu2021: folds 
Uncalled bet (40) returned to Crisan ma263
Crisan ma263 collected 80 from pot
*** SUMMARY ***
Total pot 80 | Rake 0 
Seat 1: opponenttt (button) folded before Flop (didn't bet)
Seat 2: Mahu2021 (small blind) folded before Flop
Seat 3: Crisan ma263 (big blind) collected (80)



PokerStars Hand #252923623062: Tournament #3811848623, $1.84+$0.16 USD Hold'em No Limit - Level V (40/80) - 2024/10/14 15:59:33 CET [2024/10/14 9:59:33 ET]
Table '3811848623 1' 3-max Seat #2 is the button
Seat 1: opponenttt (250 in chips) 
Seat 2: Mahu2021 (440 in chips) 
Seat 3: Crisan ma263 (810 in chips) 
Crisan ma263: posts small blind 40
opponenttt: posts big blind 80
*** HOLE CARDS ***
Dealt to Mahu2021 [3h 9c]
Mahu2021: folds 
Crisan ma263: calls 40
opponenttt: raises 170 to 250 and is all-in
Crisan ma263: calls 170
*** FLOP *** [2d 7h 9d]
*** TURN *** [2d 7h 9d] [9h]
*** RIVER *** [2d 7h 9d 9h] [5s]
*** SHOW DOWN ***
Crisan ma263: shows [Ac 8s] (a pair of Nines)
opponenttt: shows [Qd Th] (a pair of Nines - lower kicker)
Crisan ma263 collected 500 from pot
opponenttt finished the tournament in 3rd place
*** SUMMARY ***
Total pot 500 | Rake 0 
Board [2d 7h 9d 9h 5s]
Seat 1: opponenttt (big blind) showed [Qd Th] and lost with a pair of Nines
Seat 2: Mahu2021 (button) folded before Flop (didn't bet)
Seat 3: Crisan ma263 (small blind) showed [Ac 8s] and won (500) with a pair of Nines



PokerStars Hand #252923627406: Tournament #3811848623, $1.84+$0.16 USD Hold'em No Limit - Level V (40/80) - 2024/10/14 16:00:03 CET [2024/10/14 10:00:03 ET]
Table '3811848623 1' 3-max Seat #3 is the button
Seat 2: Mahu2021 (440 in chips) 
Seat 3: Crisan ma263 (1060 in chips) 
Crisan ma263: posts small blind 40
Mahu2021: posts big blind 80
*** HOLE CARDS ***
Dealt to Mahu2021 [5h 4h]
Crisan ma263: calls 40
Mahu2021: checks 
*** FLOP *** [7s Qc 3s]
Mahu2021: checks 
Crisan ma263: checks 
*** TURN *** [7s Qc 3s] [As]
Mahu2021: checks 
Crisan ma263: bets 80
Mahu2021: calls 80
*** RIVER *** [7s Qc 3s As] [9h]
Mahu2021: checks 
Crisan ma263: bets 160
Mahu2021: folds 
Uncalled bet (160) returned to Crisan ma263
Crisan ma263 collected 320 from pot
*** SUMMARY ***
Total pot 320 | Rake 0 
Board [7s Qc 3s As 9h]
Seat 2: Mahu2021 (big blind) folded on the River
Seat 3: Crisan ma263 (button) (small blind) collected (320)



PokerStars Hand #252923630283: Tournament #3811848623, $1.84+$0.16 USD Hold'em No Limit - Level VI (50/100) - 2024/10/14 16:00:22 CET [2024/10/14 10:00:22 ET]
Table '3811848623 1' 3-max Seat #2 is the button
Seat 2: Mahu2021 (280 in chips) 
Seat 3: Crisan ma263 (1220 in chips) 
Mahu2021: posts small blind 50
Crisan ma263: posts big blind 100
*** HOLE CARDS ***
Dealt to Mahu2021 [3h 4h]
Mahu2021: folds 
Uncalled bet (50) returned to Crisan ma263
Crisan ma263 collected 100 from pot
*** SUMMARY ***
Total pot 100 | Rake 0 
Seat 2: Mahu2021 (button) (small blind) folded before Flop
Seat 3: Crisan ma263 (big blind) collected (100)



PokerStars Hand #252923630985: Tournament #3811848623, $1.84+$0.16 USD Hold'em No Limit - Level VI (50/100) - 2024/10/14 16:00:26 CET [2024/10/14 10:00:26 ET]
Table '3811848623 1' 3-max Seat #3 is the button
Seat 2: Mahu2021 (230 in chips) 
Seat 3: Crisan ma263 (1270 in chips) 
Crisan ma263: posts small blind 50
Mahu2021: posts big blind 100
*** HOLE CARDS ***
Dealt to Mahu2021 [6c 2h]
Crisan ma263: calls 50
Mahu2021: checks 
*** FLOP *** [2s 4c 3h]
Mahu2021: bets 130 and is all-in
Crisan ma263: calls 130
*** TURN *** [2s 4c 3h] [5d]
*** RIVER *** [2s 4c 3h 5d] [Qd]
*** SHOW DOWN ***
Mahu2021: shows [6c 2h] (a straight, Deuce to Six)
Crisan ma263: shows [Qs Kd] (a pair of Queens)
Mahu2021 collected 460 from pot
*** SUMMARY ***
Total pot 460 | Rake 0 
Board [2s 4c 3h 5d Qd]
Seat 2: Mahu2021 (big blind) showed [6c 2h] and won (460) with a straight, Deuce to Six
Seat 3: Crisan ma263 (button) (small blind) showed [Qs Kd] and lost with a pair of Queens



PokerStars Hand #252923633455: Tournament #3811848623, $1.84+$0.16 USD Hold'em No Limit - Level VI (50/100) - 2024/10/14 16:00:42 CET [2024/10/14 10:00:42 ET]
Table '3811848623 1' 3-max Seat #2 is the button
Seat 2: Mahu2021 (460 in chips) 
Seat 3: Crisan ma263 (1040 in chips) 
Mahu2021: posts small blind 50
Crisan ma263: posts big blind 100
*** HOLE CARDS ***
Dealt to Mahu2021 [5s Js]
Mahu2021: calls 50
Crisan ma263: checks 
*** FLOP *** [4h 2c Qs]
Crisan ma263: checks 
Mahu2021: checks 
*** TURN *** [4h 2c Qs] [Ah]
Crisan ma263: checks 
Mahu2021: bets 100
Crisan ma263: calls 100
*** RIVER *** [4h 2c Qs Ah] [9c]
Crisan ma263: checks 
Mahu2021: bets 260 and is all-in
Crisan ma263: calls 260
*** SHOW DOWN ***
Mahu2021: shows [5s Js] (high card Ace)
Crisan ma263: shows [Qd 3c] (a pair of Queens)
Crisan ma263 collected 920 from pot
Mahu2021 finished the tournament in 2nd place
Crisan ma263 wins the tournament and receives $4.00 - congratulations!
*** SUMMARY ***
Total pot 920 | Rake 0 
Board [4h 2c Qs Ah 9c]
Seat 2: Mahu2021 (button) (small blind) showed [5s Js] and lost with high card Ace
Seat 3: Crisan ma263 (big blind) showed [Qd 3c] and won (920) with a pair of Queens



