PokerStars Hand #249026453360: Tournament #3719667393, $1.84+$0.16 USD Hold'em No Limit - Level I (10/20) - 2024/02/22 16:00:00 CET [2024/02/22 10:00:00 ET]
Table '3719667393 1' 3-max Seat #1 is the button
Seat 1: DoNGoRDoNBoY (500 in chips) 
Seat 2: Mahu2021 (500 in chips) 
Seat 3: pocho_kapo (500 in chips) 
Mahu2021: posts small blind 10
pocho_kapo: posts big blind 20
*** HOLE CARDS ***
Dealt to Mahu2021 [3c 4d]
DoNGoRDoNBoY: folds 
Mahu2021: folds 
Uncalled bet (10) returned to pocho_kapo
pocho_kapo collected 20 from pot
pocho_kapo: doesn't show hand 
*** SUMMARY ***
Total pot 20 | Rake 0 
Seat 1: DoNGoRDoNBoY (button) folded before Flop (didn't bet)
Seat 2: Mahu2021 (small blind) folded before Flop
Seat 3: pocho_kapo (big blind) collected (20)



PokerStars Hand #249026454778: Tournament #3719667393, $1.84+$0.16 USD Hold'em No Limit - Level I (10/20) - 2024/02/22 16:00:08 CET [2024/02/22 10:00:08 ET]
Table '3719667393 1' 3-max Seat #2 is the button
Seat 1: DoNGoRDoNBoY (500 in chips) 
Seat 2: Mahu2021 (490 in chips) 
Seat 3: pocho_kapo (510 in chips) 
pocho_kapo: posts small blind 10
DoNGoRDoNBoY: posts big blind 20
*** HOLE CARDS ***
Dealt to Mahu2021 [Kh Ts]
Mahu2021: raises 20 to 40
pocho_kapo: calls 30
DoNGoRDoNBoY: folds 
*** FLOP *** [2c Qc Js]
pocho_kapo: checks 
Mahu2021: bets 100
pocho_kapo: folds 
Uncalled bet (100) returned to Mahu2021
Mahu2021 collected 100 from pot
Mahu2021: doesn't show hand 
*** SUMMARY ***
Total pot 100 | Rake 0 
Board [2c Qc Js]
Seat 1: DoNGoRDoNBoY (big blind) folded before Flop
Seat 2: Mahu2021 (button) collected (100)
Seat 3: pocho_kapo (small blind) folded on the Flop



PokerStars Hand #249026461177: Tournament #3719667393, $1.84+$0.16 USD Hold'em No Limit - Level I (10/20) - 2024/02/22 16:00:42 CET [2024/02/22 10:00:42 ET]
Table '3719667393 1' 3-max Seat #3 is the button
Seat 1: DoNGoRDoNBoY (480 in chips) 
Seat 2: Mahu2021 (550 in chips) 
Seat 3: pocho_kapo (470 in chips) 
DoNGoRDoNBoY: posts small blind 10
Mahu2021: posts big blind 20
*** HOLE CARDS ***
Dealt to Mahu2021 [7s 8h]
pocho_kapo: calls 20
DoNGoRDoNBoY: folds 
Mahu2021: checks 
*** FLOP *** [4h Qc Kd]
Mahu2021: checks 
pocho_kapo: bets 50
Mahu2021: folds 
Uncalled bet (50) returned to pocho_kapo
pocho_kapo collected 50 from pot
pocho_kapo: doesn't show hand 
*** SUMMARY ***
Total pot 50 | Rake 0 
Board [4h Qc Kd]
Seat 1: DoNGoRDoNBoY (small blind) folded before Flop
Seat 2: Mahu2021 (big blind) folded on the Flop
Seat 3: pocho_kapo (button) collected (50)



PokerStars Hand #249026465398: Tournament #3719667393, $1.84+$0.16 USD Hold'em No Limit - Level I (10/20) - 2024/02/22 16:01:04 CET [2024/02/22 10:01:04 ET]
Table '3719667393 1' 3-max Seat #1 is the button
Seat 1: DoNGoRDoNBoY (470 in chips) 
Seat 2: Mahu2021 (530 in chips) 
Seat 3: pocho_kapo (500 in chips) 
Mahu2021: posts small blind 10
pocho_kapo: posts big blind 20
*** HOLE CARDS ***
Dealt to Mahu2021 [Ah 4s]
DoNGoRDoNBoY: folds 
Mahu2021: raises 20 to 40
pocho_kapo: calls 20
*** FLOP *** [3s 7d Jc]
Mahu2021: checks 
pocho_kapo: checks 
*** TURN *** [3s 7d Jc] [Js]
Mahu2021: checks 
pocho_kapo: checks 
*** RIVER *** [3s 7d Jc Js] [5h]
Mahu2021: bets 40
pocho_kapo: folds 
Uncalled bet (40) returned to Mahu2021
Mahu2021 collected 80 from pot
Mahu2021: doesn't show hand 
*** SUMMARY ***
Total pot 80 | Rake 0 
Board [3s 7d Jc Js 5h]
Seat 1: DoNGoRDoNBoY (button) folded before Flop (didn't bet)
Seat 2: Mahu2021 (small blind) collected (80)
Seat 3: pocho_kapo (big blind) folded on the River



PokerStars Hand #249026470765: Tournament #3719667393, $1.84+$0.16 USD Hold'em No Limit - Level I (10/20) - 2024/02/22 16:01:28 CET [2024/02/22 10:01:28 ET]
Table '3719667393 1' 3-max Seat #2 is the button
Seat 1: DoNGoRDoNBoY (470 in chips) 
Seat 2: Mahu2021 (570 in chips) 
Seat 3: pocho_kapo (460 in chips) 
pocho_kapo: posts small blind 10
DoNGoRDoNBoY: posts big blind 20
*** HOLE CARDS ***
Dealt to Mahu2021 [Kc 8d]
Mahu2021: folds 
pocho_kapo: calls 10
DoNGoRDoNBoY: raises 40 to 60
pocho_kapo: folds 
Uncalled bet (40) returned to DoNGoRDoNBoY
DoNGoRDoNBoY collected 40 from pot
DoNGoRDoNBoY: doesn't show hand 
*** SUMMARY ***
Total pot 40 | Rake 0 
Seat 1: DoNGoRDoNBoY (big blind) collected (40)
Seat 2: Mahu2021 (button) folded before Flop (didn't bet)
Seat 3: pocho_kapo (small blind) folded before Flop



PokerStars Hand #249026475494: Tournament #3719667393, $1.84+$0.16 USD Hold'em No Limit - Level I (10/20) - 2024/02/22 16:01:50 CET [2024/02/22 10:01:50 ET]
Table '3719667393 1' 3-max Seat #3 is the button
Seat 1: DoNGoRDoNBoY (490 in chips) 
Seat 2: Mahu2021 (570 in chips) 
Seat 3: pocho_kapo (440 in chips) 
DoNGoRDoNBoY: posts small blind 10
Mahu2021: posts big blind 20
*** HOLE CARDS ***
Dealt to Mahu2021 [Ac 9s]
pocho_kapo: calls 20
DoNGoRDoNBoY: folds 
Mahu2021: checks 
*** FLOP *** [2d Ks 2s]
Mahu2021: checks 
pocho_kapo: bets 50
Mahu2021: folds 
Uncalled bet (50) returned to pocho_kapo
pocho_kapo collected 50 from pot
pocho_kapo: doesn't show hand 
*** SUMMARY ***
Total pot 50 | Rake 0 
Board [2d Ks 2s]
Seat 1: DoNGoRDoNBoY (small blind) folded before Flop
Seat 2: Mahu2021 (big blind) folded on the Flop
Seat 3: pocho_kapo (button) collected (50)



PokerStars Hand #249026479238: Tournament #3719667393, $1.84+$0.16 USD Hold'em No Limit - Level I (10/20) - 2024/02/22 16:02:07 CET [2024/02/22 10:02:07 ET]
Table '3719667393 1' 3-max Seat #1 is the button
Seat 1: DoNGoRDoNBoY (480 in chips) 
Seat 2: Mahu2021 (550 in chips) 
Seat 3: pocho_kapo (470 in chips) 
Mahu2021: posts small blind 10
pocho_kapo: posts big blind 20
*** HOLE CARDS ***
Dealt to Mahu2021 [2h As]
DoNGoRDoNBoY: raises 20 to 40
Mahu2021: calls 30
pocho_kapo: folds 
*** FLOP *** [7s 5s Js]
Mahu2021: checks 
DoNGoRDoNBoY: bets 50
Mahu2021: calls 50
*** TURN *** [7s 5s Js] [Jc]
Mahu2021: checks 
DoNGoRDoNBoY: bets 150
Mahu2021: calls 150
*** RIVER *** [7s 5s Js Jc] [3s]
Mahu2021: bets 100
DoNGoRDoNBoY: folds 
Uncalled bet (100) returned to Mahu2021
Mahu2021 collected 500 from pot
Mahu2021: doesn't show hand 
*** SUMMARY ***
Total pot 500 | Rake 0 
Board [7s 5s Js Jc 3s]
Seat 1: DoNGoRDoNBoY (button) folded on the River
Seat 2: Mahu2021 (small blind) collected (500)
Seat 3: pocho_kapo (big blind) folded before Flop



PokerStars Hand #249026489634: Tournament #3719667393, $1.84+$0.16 USD Hold'em No Limit - Level I (10/20) - 2024/02/22 16:02:55 CET [2024/02/22 10:02:55 ET]
Table '3719667393 1' 3-max Seat #2 is the button
Seat 1: DoNGoRDoNBoY (240 in chips) 
Seat 2: Mahu2021 (810 in chips) 
Seat 3: pocho_kapo (450 in chips) 
pocho_kapo: posts small blind 10
DoNGoRDoNBoY: posts big blind 20
*** HOLE CARDS ***
Dealt to Mahu2021 [8h Qd]
Mahu2021: folds 
pocho_kapo: calls 10
DoNGoRDoNBoY: checks 
*** FLOP *** [4s As 2s]
pocho_kapo: checks 
DoNGoRDoNBoY: bets 20
pocho_kapo: folds 
Uncalled bet (20) returned to DoNGoRDoNBoY
DoNGoRDoNBoY collected 40 from pot
DoNGoRDoNBoY: doesn't show hand 
*** SUMMARY ***
Total pot 40 | Rake 0 
Board [4s As 2s]
Seat 1: DoNGoRDoNBoY (big blind) collected (40)
Seat 2: Mahu2021 (button) folded before Flop (didn't bet)
Seat 3: pocho_kapo (small blind) folded on the Flop



PokerStars Hand #249026494669: Tournament #3719667393, $1.84+$0.16 USD Hold'em No Limit - Level II (15/30) - 2024/02/22 16:03:17 CET [2024/02/22 10:03:17 ET]
Table '3719667393 1' 3-max Seat #3 is the button
Seat 1: DoNGoRDoNBoY (260 in chips) 
Seat 2: Mahu2021 (810 in chips) 
Seat 3: pocho_kapo (430 in chips) 
DoNGoRDoNBoY: posts small blind 15
Mahu2021: posts big blind 30
*** HOLE CARDS ***
Dealt to Mahu2021 [3s 3c]
pocho_kapo: folds 
DoNGoRDoNBoY: folds 
Uncalled bet (15) returned to Mahu2021
Mahu2021 collected 30 from pot
Mahu2021: doesn't show hand 
*** SUMMARY ***
Total pot 30 | Rake 0 
Seat 1: DoNGoRDoNBoY (small blind) folded before Flop
Seat 2: Mahu2021 (big blind) collected (30)
Seat 3: pocho_kapo (button) folded before Flop (didn't bet)



PokerStars Hand #249026496249: Tournament #3719667393, $1.84+$0.16 USD Hold'em No Limit - Level II (15/30) - 2024/02/22 16:03:24 CET [2024/02/22 10:03:24 ET]
Table '3719667393 1' 3-max Seat #1 is the button
Seat 1: DoNGoRDoNBoY (245 in chips) 
Seat 2: Mahu2021 (825 in chips) 
Seat 3: pocho_kapo (430 in chips) 
Mahu2021: posts small blind 15
pocho_kapo: posts big blind 30
*** HOLE CARDS ***
Dealt to Mahu2021 [7h Ac]
DoNGoRDoNBoY: folds 
Mahu2021: raises 30 to 60
pocho_kapo: calls 30
*** FLOP *** [Jd 6c Js]
Mahu2021: checks 
pocho_kapo: checks 
*** TURN *** [Jd 6c Js] [6h]
Mahu2021: bets 60
pocho_kapo: folds 
Uncalled bet (60) returned to Mahu2021
Mahu2021 collected 120 from pot
Mahu2021: doesn't show hand 
*** SUMMARY ***
Total pot 120 | Rake 0 
Board [Jd 6c Js 6h]
Seat 1: DoNGoRDoNBoY (button) folded before Flop (didn't bet)
Seat 2: Mahu2021 (small blind) collected (120)
Seat 3: pocho_kapo (big blind) folded on the Turn



PokerStars Hand #249026501276: Tournament #3719667393, $1.84+$0.16 USD Hold'em No Limit - Level II (15/30) - 2024/02/22 16:03:47 CET [2024/02/22 10:03:47 ET]
Table '3719667393 1' 3-max Seat #2 is the button
Seat 1: DoNGoRDoNBoY (245 in chips) 
Seat 2: Mahu2021 (885 in chips) 
Seat 3: pocho_kapo (370 in chips) 
pocho_kapo: posts small blind 15
DoNGoRDoNBoY: posts big blind 30
*** HOLE CARDS ***
Dealt to Mahu2021 [Qs 7h]
Mahu2021: folds 
pocho_kapo: calls 15
DoNGoRDoNBoY: checks 
*** FLOP *** [9s 3h Js]
pocho_kapo: checks 
DoNGoRDoNBoY: checks 
*** TURN *** [9s 3h Js] [Kc]
pocho_kapo: checks 
DoNGoRDoNBoY: bets 30
pocho_kapo: folds 
Uncalled bet (30) returned to DoNGoRDoNBoY
DoNGoRDoNBoY collected 60 from pot
DoNGoRDoNBoY: doesn't show hand 
*** SUMMARY ***
Total pot 60 | Rake 0 
Board [9s 3h Js Kc]
Seat 1: DoNGoRDoNBoY (big blind) collected (60)
Seat 2: Mahu2021 (button) folded before Flop (didn't bet)
Seat 3: pocho_kapo (small blind) folded on the Turn



PokerStars Hand #249026507391: Tournament #3719667393, $1.84+$0.16 USD Hold'em No Limit - Level II (15/30) - 2024/02/22 16:04:14 CET [2024/02/22 10:04:14 ET]
Table '3719667393 1' 3-max Seat #3 is the button
Seat 1: DoNGoRDoNBoY (275 in chips) 
Seat 2: Mahu2021 (885 in chips) 
Seat 3: pocho_kapo (340 in chips) 
DoNGoRDoNBoY: posts small blind 15
Mahu2021: posts big blind 30
*** HOLE CARDS ***
Dealt to Mahu2021 [Td As]
pocho_kapo: folds 
DoNGoRDoNBoY: raises 245 to 275 and is all-in
Mahu2021: calls 245
*** FLOP *** [Ac Ad Jh]
*** TURN *** [Ac Ad Jh] [7c]
*** RIVER *** [Ac Ad Jh 7c] [4s]
*** SHOW DOWN ***
DoNGoRDoNBoY: shows [2h Kh] (a pair of Aces)
Mahu2021: shows [Td As] (three of a kind, Aces)
Mahu2021 collected 550 from pot
DoNGoRDoNBoY finished the tournament in 3rd place
*** SUMMARY ***
Total pot 550 | Rake 0 
Board [Ac Ad Jh 7c 4s]
Seat 1: DoNGoRDoNBoY (small blind) showed [2h Kh] and lost with a pair of Aces
Seat 2: Mahu2021 (big blind) showed [Td As] and won (550) with three of a kind, Aces
Seat 3: pocho_kapo (button) folded before Flop (didn't bet)



PokerStars Hand #249026512303: Tournament #3719667393, $1.84+$0.16 USD Hold'em No Limit - Level II (15/30) - 2024/02/22 16:04:36 CET [2024/02/22 10:04:36 ET]
Table '3719667393 1' 3-max Seat #2 is the button
Seat 2: Mahu2021 (1160 in chips) 
Seat 3: pocho_kapo (340 in chips) 
Mahu2021: posts small blind 15
pocho_kapo: posts big blind 30
*** HOLE CARDS ***
Dealt to Mahu2021 [5d 8s]
Mahu2021: calls 15
pocho_kapo: checks 
*** FLOP *** [As 4h Ad]
pocho_kapo: bets 60
Mahu2021: folds 
Uncalled bet (60) returned to pocho_kapo
pocho_kapo collected 60 from pot
pocho_kapo: doesn't show hand 
*** SUMMARY ***
Total pot 60 | Rake 0 
Board [As 4h Ad]
Seat 2: Mahu2021 (button) (small blind) folded on the Flop
Seat 3: pocho_kapo (big blind) collected (60)



PokerStars Hand #249026515086: Tournament #3719667393, $1.84+$0.16 USD Hold'em No Limit - Level II (15/30) - 2024/02/22 16:04:49 CET [2024/02/22 10:04:49 ET]
Table '3719667393 1' 3-max Seat #3 is the button
Seat 2: Mahu2021 (1130 in chips) 
Seat 3: pocho_kapo (370 in chips) 
pocho_kapo: posts small blind 15
Mahu2021: posts big blind 30
*** HOLE CARDS ***
Dealt to Mahu2021 [Kc 3h]
pocho_kapo: calls 15
Mahu2021: raises 60 to 90
pocho_kapo: calls 60
*** FLOP *** [6h Ac Jd]
Mahu2021: checks 
pocho_kapo: checks 
*** TURN *** [6h Ac Jd] [Tc]
Mahu2021: checks 
pocho_kapo: checks 
*** RIVER *** [6h Ac Jd Tc] [7h]
Mahu2021: bets 90
pocho_kapo: calls 90
*** SHOW DOWN ***
Mahu2021: shows [Kc 3h] (high card Ace)
pocho_kapo: shows [8c Ts] (a pair of Tens)
pocho_kapo collected 360 from pot
*** SUMMARY ***
Total pot 360 | Rake 0 
Board [6h Ac Jd Tc 7h]
Seat 2: Mahu2021 (big blind) showed [Kc 3h] and lost with high card Ace
Seat 3: pocho_kapo (button) (small blind) showed [8c Ts] and won (360) with a pair of Tens



PokerStars Hand #249026520075: Tournament #3719667393, $1.84+$0.16 USD Hold'em No Limit - Level II (15/30) - 2024/02/22 16:05:10 CET [2024/02/22 10:05:10 ET]
Table '3719667393 1' 3-max Seat #2 is the button
Seat 2: Mahu2021 (950 in chips) 
Seat 3: pocho_kapo (550 in chips) 
Mahu2021: posts small blind 15
pocho_kapo: posts big blind 30
*** HOLE CARDS ***
Dealt to Mahu2021 [5d Ad]
Mahu2021: raises 60 to 90
pocho_kapo: calls 60
*** FLOP *** [5s 6d Js]
pocho_kapo: checks 
Mahu2021: bets 90
pocho_kapo: folds 
Uncalled bet (90) returned to Mahu2021
Mahu2021 collected 180 from pot
Mahu2021: doesn't show hand 
*** SUMMARY ***
Total pot 180 | Rake 0 
Board [5s 6d Js]
Seat 2: Mahu2021 (button) (small blind) collected (180)
Seat 3: pocho_kapo (big blind) folded on the Flop



PokerStars Hand #249026523194: Tournament #3719667393, $1.84+$0.16 USD Hold'em No Limit - Level II (15/30) - 2024/02/22 16:05:24 CET [2024/02/22 10:05:24 ET]
Table '3719667393 1' 3-max Seat #3 is the button
Seat 2: Mahu2021 (1040 in chips) 
Seat 3: pocho_kapo (460 in chips) 
pocho_kapo: posts small blind 15
Mahu2021: posts big blind 30
*** HOLE CARDS ***
Dealt to Mahu2021 [Ac 9d]
pocho_kapo: raises 430 to 460 and is all-in
Mahu2021: calls 430
*** FLOP *** [9s Jh 2h]
*** TURN *** [9s Jh 2h] [As]
*** RIVER *** [9s Jh 2h As] [9c]
*** SHOW DOWN ***
Mahu2021: shows [Ac 9d] (a full house, Nines full of Aces)
pocho_kapo: shows [5h 5c] (two pair, Nines and Fives)
Mahu2021 collected 920 from pot
pocho_kapo finished the tournament in 2nd place
Mahu2021 wins the tournament and receives $6.00 - congratulations!
*** SUMMARY ***
Total pot 920 | Rake 0 
Board [9s Jh 2h As 9c]
Seat 2: Mahu2021 (big blind) showed [Ac 9d] and won (920) with a full house, Nines full of Aces
Seat 3: pocho_kapo (button) (small blind) showed [5h 5c] and lost with two pair, Nines and Fives



