PokerStars Hand #251138689637: Tournament #3769769208, $1.84+$0.16 USD Hold'em No Limit - Level I (10/20) - 2024/06/22 15:24:18 CET [2024/06/22 9:24:18 ET]
Table '3769769208 1' 3-max Seat #1 is the button
Seat 1: TheRealWoG (500 in chips) 
Seat 2: florin_nicu (500 in chips) 
Seat 3: Mahu2021 (500 in chips) 
florin_nicu: posts small blind 10
Mahu2021: posts big blind 20
*** HOLE CARDS ***
Dealt to Mahu2021 [Jc 6h]
TheRealWoG: raises 20 to 40
florin_nicu: folds 
Mahu2021: folds 
Uncalled bet (20) returned to TheRealWoG
TheRealWoG collected 50 from pot
TheRealWoG: doesn't show hand 
*** SUMMARY ***
Total pot 50 | Rake 0 
Seat 1: TheRealWoG (button) collected (50)
Seat 2: florin_nicu (small blind) folded before Flop
Seat 3: Mahu2021 (big blind) folded before Flop



PokerStars Hand #251138690933: Tournament #3769769208, $1.84+$0.16 USD Hold'em No Limit - Level I (10/20) - 2024/06/22 15:24:25 CET [2024/06/22 9:24:25 ET]
Table '3769769208 1' 3-max Seat #2 is the button
Seat 1: TheRealWoG (530 in chips) 
Seat 2: florin_nicu (490 in chips) 
Seat 3: Mahu2021 (480 in chips) 
Mahu2021: posts small blind 10
TheRealWoG: posts big blind 20
*** HOLE CARDS ***
Dealt to Mahu2021 [Kc 7s]
florin_nicu: folds 
Mahu2021: raises 20 to 40
TheRealWoG: calls 20
*** FLOP *** [8c 3d 5d]
Mahu2021: checks 
TheRealWoG: bets 40
Mahu2021: folds 
Uncalled bet (40) returned to TheRealWoG
TheRealWoG collected 80 from pot
TheRealWoG: doesn't show hand 
*** SUMMARY ***
Total pot 80 | Rake 0 
Board [8c 3d 5d]
Seat 1: TheRealWoG (big blind) collected (80)
Seat 2: florin_nicu (button) folded before Flop (didn't bet)
Seat 3: Mahu2021 (small blind) folded on the Flop



PokerStars Hand #251138693363: Tournament #3769769208, $1.84+$0.16 USD Hold'em No Limit - Level I (10/20) - 2024/06/22 15:24:39 CET [2024/06/22 9:24:39 ET]
Table '3769769208 1' 3-max Seat #3 is the button
Seat 1: TheRealWoG (570 in chips) 
Seat 2: florin_nicu (490 in chips) 
Seat 3: Mahu2021 (440 in chips) 
TheRealWoG: posts small blind 10
florin_nicu: posts big blind 20
*** HOLE CARDS ***
Dealt to Mahu2021 [8h 5d]
Mahu2021: folds 
TheRealWoG: calls 10
florin_nicu: checks 
*** FLOP *** [Ad 7d 5s]
TheRealWoG: bets 30
florin_nicu: folds 
Uncalled bet (30) returned to TheRealWoG
TheRealWoG collected 40 from pot
TheRealWoG: doesn't show hand 
*** SUMMARY ***
Total pot 40 | Rake 0 
Board [Ad 7d 5s]
Seat 1: TheRealWoG (small blind) collected (40)
Seat 2: florin_nicu (big blind) folded on the Flop
Seat 3: Mahu2021 (button) folded before Flop (didn't bet)



PokerStars Hand #251138695376: Tournament #3769769208, $1.84+$0.16 USD Hold'em No Limit - Level I (10/20) - 2024/06/22 15:24:50 CET [2024/06/22 9:24:50 ET]
Table '3769769208 1' 3-max Seat #1 is the button
Seat 1: TheRealWoG (590 in chips) 
Seat 2: florin_nicu (470 in chips) 
Seat 3: Mahu2021 (440 in chips) 
florin_nicu: posts small blind 10
Mahu2021: posts big blind 20
*** HOLE CARDS ***
Dealt to Mahu2021 [6d 5s]
TheRealWoG: folds 
florin_nicu: folds 
Uncalled bet (10) returned to Mahu2021
Mahu2021 collected 20 from pot
Mahu2021: doesn't show hand 
*** SUMMARY ***
Total pot 20 | Rake 0 
Seat 1: TheRealWoG (button) folded before Flop (didn't bet)
Seat 2: florin_nicu (small blind) folded before Flop
Seat 3: Mahu2021 (big blind) collected (20)



PokerStars Hand #251138696445: Tournament #3769769208, $1.84+$0.16 USD Hold'em No Limit - Level I (10/20) - 2024/06/22 15:24:56 CET [2024/06/22 9:24:56 ET]
Table '3769769208 1' 3-max Seat #2 is the button
Seat 1: TheRealWoG (590 in chips) 
Seat 2: florin_nicu (460 in chips) 
Seat 3: Mahu2021 (450 in chips) 
Mahu2021: posts small blind 10
TheRealWoG: posts big blind 20
*** HOLE CARDS ***
Dealt to Mahu2021 [Td 2h]
florin_nicu: folds 
Mahu2021: folds 
Uncalled bet (10) returned to TheRealWoG
TheRealWoG collected 20 from pot
TheRealWoG: doesn't show hand 
*** SUMMARY ***
Total pot 20 | Rake 0 
Seat 1: TheRealWoG (big blind) collected (20)
Seat 2: florin_nicu (button) folded before Flop (didn't bet)
Seat 3: Mahu2021 (small blind) folded before Flop



PokerStars Hand #251138697359: Tournament #3769769208, $1.84+$0.16 USD Hold'em No Limit - Level I (10/20) - 2024/06/22 15:25:01 CET [2024/06/22 9:25:01 ET]
Table '3769769208 1' 3-max Seat #3 is the button
Seat 1: TheRealWoG (600 in chips) 
Seat 2: florin_nicu (460 in chips) 
Seat 3: Mahu2021 (440 in chips) 
TheRealWoG: posts small blind 10
florin_nicu: posts big blind 20
*** HOLE CARDS ***
Dealt to Mahu2021 [9d Qc]
Mahu2021: folds 
TheRealWoG: calls 10
florin_nicu: raises 440 to 460 and is all-in
TheRealWoG: folds 
Uncalled bet (440) returned to florin_nicu
florin_nicu collected 40 from pot
florin_nicu: doesn't show hand 
*** SUMMARY ***
Total pot 40 | Rake 0 
Seat 1: TheRealWoG (small blind) folded before Flop
Seat 2: florin_nicu (big blind) collected (40)
Seat 3: Mahu2021 (button) folded before Flop (didn't bet)



PokerStars Hand #251138698776: Tournament #3769769208, $1.84+$0.16 USD Hold'em No Limit - Level I (10/20) - 2024/06/22 15:25:08 CET [2024/06/22 9:25:08 ET]
Table '3769769208 1' 3-max Seat #1 is the button
Seat 1: TheRealWoG (580 in chips) 
Seat 2: florin_nicu (480 in chips) 
Seat 3: Mahu2021 (440 in chips) 
florin_nicu: posts small blind 10
Mahu2021: posts big blind 20
*** HOLE CARDS ***
Dealt to Mahu2021 [Ad Qh]
TheRealWoG: raises 20 to 40
florin_nicu: folds 
Mahu2021: raises 60 to 100
TheRealWoG: folds 
Uncalled bet (60) returned to Mahu2021
Mahu2021 collected 90 from pot
Mahu2021: doesn't show hand 
*** SUMMARY ***
Total pot 90 | Rake 0 
Seat 1: TheRealWoG (button) folded before Flop
Seat 2: florin_nicu (small blind) folded before Flop
Seat 3: Mahu2021 (big blind) collected (90)



PokerStars Hand #251138701195: Tournament #3769769208, $1.84+$0.16 USD Hold'em No Limit - Level I (10/20) - 2024/06/22 15:25:22 CET [2024/06/22 9:25:22 ET]
Table '3769769208 1' 3-max Seat #2 is the button
Seat 1: TheRealWoG (540 in chips) 
Seat 2: florin_nicu (470 in chips) 
Seat 3: Mahu2021 (490 in chips) 
Mahu2021: posts small blind 10
TheRealWoG: posts big blind 20
*** HOLE CARDS ***
Dealt to Mahu2021 [4h 9c]
florin_nicu: folds 
Mahu2021: folds 
Uncalled bet (10) returned to TheRealWoG
TheRealWoG collected 20 from pot
TheRealWoG: doesn't show hand 
*** SUMMARY ***
Total pot 20 | Rake 0 
Seat 1: TheRealWoG (big blind) collected (20)
Seat 2: florin_nicu (button) folded before Flop (didn't bet)
Seat 3: Mahu2021 (small blind) folded before Flop



PokerStars Hand #251138702022: Tournament #3769769208, $1.84+$0.16 USD Hold'em No Limit - Level I (10/20) - 2024/06/22 15:25:26 CET [2024/06/22 9:25:26 ET]
Table '3769769208 1' 3-max Seat #3 is the button
Seat 1: TheRealWoG (550 in chips) 
Seat 2: florin_nicu (470 in chips) 
Seat 3: Mahu2021 (480 in chips) 
TheRealWoG: posts small blind 10
florin_nicu: posts big blind 20
*** HOLE CARDS ***
Dealt to Mahu2021 [6h Ks]
Mahu2021: folds 
TheRealWoG: raises 40 to 60
florin_nicu: raises 410 to 470 and is all-in
TheRealWoG: folds 
Uncalled bet (410) returned to florin_nicu
florin_nicu collected 120 from pot
florin_nicu: doesn't show hand 
*** SUMMARY ***
Total pot 120 | Rake 0 
Seat 1: TheRealWoG (small blind) folded before Flop
Seat 2: florin_nicu (big blind) collected (120)
Seat 3: Mahu2021 (button) folded before Flop (didn't bet)



PokerStars Hand #251138703469: Tournament #3769769208, $1.84+$0.16 USD Hold'em No Limit - Level I (10/20) - 2024/06/22 15:25:35 CET [2024/06/22 9:25:35 ET]
Table '3769769208 1' 3-max Seat #1 is the button
Seat 1: TheRealWoG (490 in chips) 
Seat 2: florin_nicu (530 in chips) 
Seat 3: Mahu2021 (480 in chips) 
florin_nicu: posts small blind 10
Mahu2021: posts big blind 20
*** HOLE CARDS ***
Dealt to Mahu2021 [2d Qs]
TheRealWoG: folds 
florin_nicu: raises 510 to 530 and is all-in
Mahu2021: folds 
Uncalled bet (510) returned to florin_nicu
florin_nicu collected 40 from pot
florin_nicu: doesn't show hand 
*** SUMMARY ***
Total pot 40 | Rake 0 
Seat 1: TheRealWoG (button) folded before Flop (didn't bet)
Seat 2: florin_nicu (small blind) collected (40)
Seat 3: Mahu2021 (big blind) folded before Flop



PokerStars Hand #251138704784: Tournament #3769769208, $1.84+$0.16 USD Hold'em No Limit - Level I (10/20) - 2024/06/22 15:25:42 CET [2024/06/22 9:25:42 ET]
Table '3769769208 1' 3-max Seat #2 is the button
Seat 1: TheRealWoG (490 in chips) 
Seat 2: florin_nicu (550 in chips) 
Seat 3: Mahu2021 (460 in chips) 
Mahu2021: posts small blind 10
TheRealWoG: posts big blind 20
*** HOLE CARDS ***
Dealt to Mahu2021 [4d Jc]
florin_nicu: folds 
Mahu2021: folds 
Uncalled bet (10) returned to TheRealWoG
TheRealWoG collected 20 from pot
TheRealWoG: doesn't show hand 
*** SUMMARY ***
Total pot 20 | Rake 0 
Seat 1: TheRealWoG (big blind) collected (20)
Seat 2: florin_nicu (button) folded before Flop (didn't bet)
Seat 3: Mahu2021 (small blind) folded before Flop



PokerStars Hand #251138705661: Tournament #3769769208, $1.84+$0.16 USD Hold'em No Limit - Level I (10/20) - 2024/06/22 15:25:47 CET [2024/06/22 9:25:47 ET]
Table '3769769208 1' 3-max Seat #3 is the button
Seat 1: TheRealWoG (500 in chips) 
Seat 2: florin_nicu (550 in chips) 
Seat 3: Mahu2021 (450 in chips) 
TheRealWoG: posts small blind 10
florin_nicu: posts big blind 20
*** HOLE CARDS ***
Dealt to Mahu2021 [4s 9d]
Mahu2021: folds 
TheRealWoG: calls 10
florin_nicu: checks 
*** FLOP *** [Kc 3h 7s]
TheRealWoG: bets 20
florin_nicu: folds 
Uncalled bet (20) returned to TheRealWoG
TheRealWoG collected 40 from pot
TheRealWoG: doesn't show hand 
*** SUMMARY ***
Total pot 40 | Rake 0 
Board [Kc 3h 7s]
Seat 1: TheRealWoG (small blind) collected (40)
Seat 2: florin_nicu (big blind) folded on the Flop
Seat 3: Mahu2021 (button) folded before Flop (didn't bet)



PokerStars Hand #251138707385: Tournament #3769769208, $1.84+$0.16 USD Hold'em No Limit - Level I (10/20) - 2024/06/22 15:25:56 CET [2024/06/22 9:25:56 ET]
Table '3769769208 1' 3-max Seat #1 is the button
Seat 1: TheRealWoG (520 in chips) 
Seat 2: florin_nicu (530 in chips) 
Seat 3: Mahu2021 (450 in chips) 
florin_nicu: posts small blind 10
Mahu2021: posts big blind 20
*** HOLE CARDS ***
Dealt to Mahu2021 [Qh 9c]
TheRealWoG: raises 20 to 40
florin_nicu: folds 
Mahu2021: calls 20
*** FLOP *** [7h 6c 9h]
Mahu2021: checks 
TheRealWoG: bets 90
Mahu2021: folds 
Uncalled bet (90) returned to TheRealWoG
TheRealWoG collected 90 from pot
TheRealWoG: doesn't show hand 
*** SUMMARY ***
Total pot 90 | Rake 0 
Board [7h 6c 9h]
Seat 1: TheRealWoG (button) collected (90)
Seat 2: florin_nicu (small blind) folded before Flop
Seat 3: Mahu2021 (big blind) folded on the Flop



PokerStars Hand #251138712060: Tournament #3769769208, $1.84+$0.16 USD Hold'em No Limit - Level II (15/30) - 2024/06/22 15:26:22 CET [2024/06/22 9:26:22 ET]
Table '3769769208 1' 3-max Seat #2 is the button
Seat 1: TheRealWoG (570 in chips) 
Seat 2: florin_nicu (520 in chips) 
Seat 3: Mahu2021 (410 in chips) 
Mahu2021: posts small blind 15
TheRealWoG: posts big blind 30
*** HOLE CARDS ***
Dealt to Mahu2021 [Kd 8h]
florin_nicu: raises 490 to 520 and is all-in
Mahu2021: folds 
TheRealWoG: folds 
Uncalled bet (490) returned to florin_nicu
florin_nicu collected 75 from pot
florin_nicu: doesn't show hand 
*** SUMMARY ***
Total pot 75 | Rake 0 
Seat 1: TheRealWoG (big blind) folded before Flop
Seat 2: florin_nicu (button) collected (75)
Seat 3: Mahu2021 (small blind) folded before Flop



PokerStars Hand #251138713426: Tournament #3769769208, $1.84+$0.16 USD Hold'em No Limit - Level II (15/30) - 2024/06/22 15:26:30 CET [2024/06/22 9:26:30 ET]
Table '3769769208 1' 3-max Seat #3 is the button
Seat 1: TheRealWoG (540 in chips) 
Seat 2: florin_nicu (565 in chips) 
Seat 3: Mahu2021 (395 in chips) 
TheRealWoG: posts small blind 15
florin_nicu: posts big blind 30
*** HOLE CARDS ***
Dealt to Mahu2021 [Ah 2d]
Mahu2021: folds 
TheRealWoG: folds 
Uncalled bet (15) returned to florin_nicu
florin_nicu collected 30 from pot
florin_nicu: doesn't show hand 
*** SUMMARY ***
Total pot 30 | Rake 0 
Seat 1: TheRealWoG (small blind) folded before Flop
Seat 2: florin_nicu (big blind) collected (30)
Seat 3: Mahu2021 (button) folded before Flop (didn't bet)



PokerStars Hand #251138714468: Tournament #3769769208, $1.84+$0.16 USD Hold'em No Limit - Level II (15/30) - 2024/06/22 15:26:36 CET [2024/06/22 9:26:36 ET]
Table '3769769208 1' 3-max Seat #1 is the button
Seat 1: TheRealWoG (525 in chips) 
Seat 2: florin_nicu (580 in chips) 
Seat 3: Mahu2021 (395 in chips) 
florin_nicu: posts small blind 15
Mahu2021: posts big blind 30
*** HOLE CARDS ***
Dealt to Mahu2021 [5d 7s]
TheRealWoG: raises 30 to 60
florin_nicu: folds 
Mahu2021: folds 
Uncalled bet (30) returned to TheRealWoG
TheRealWoG collected 75 from pot
TheRealWoG: doesn't show hand 
*** SUMMARY ***
Total pot 75 | Rake 0 
Seat 1: TheRealWoG (button) collected (75)
Seat 2: florin_nicu (small blind) folded before Flop
Seat 3: Mahu2021 (big blind) folded before Flop



PokerStars Hand #251138715672: Tournament #3769769208, $1.84+$0.16 USD Hold'em No Limit - Level II (15/30) - 2024/06/22 15:26:42 CET [2024/06/22 9:26:42 ET]
Table '3769769208 1' 3-max Seat #2 is the button
Seat 1: TheRealWoG (570 in chips) 
Seat 2: florin_nicu (565 in chips) 
Seat 3: Mahu2021 (365 in chips) 
Mahu2021: posts small blind 15
TheRealWoG: posts big blind 30
*** HOLE CARDS ***
Dealt to Mahu2021 [2d 5h]
florin_nicu: raises 60 to 90
Mahu2021: folds 
TheRealWoG: raises 480 to 570 and is all-in
florin_nicu: calls 475 and is all-in
Uncalled bet (5) returned to TheRealWoG
*** FLOP *** [9c 9s 4d]
*** TURN *** [9c 9s 4d] [6c]
*** RIVER *** [9c 9s 4d 6c] [2h]
*** SHOW DOWN ***
TheRealWoG: shows [Jh Jc] (two pair, Jacks and Nines)
florin_nicu: shows [Kc Kh] (two pair, Kings and Nines)
florin_nicu collected 1145 from pot
*** SUMMARY ***
Total pot 1145 | Rake 0 
Board [9c 9s 4d 6c 2h]
Seat 1: TheRealWoG (big blind) showed [Jh Jc] and lost with two pair, Jacks and Nines
Seat 2: florin_nicu (button) showed [Kc Kh] and won (1145) with two pair, Kings and Nines
Seat 3: Mahu2021 (small blind) folded before Flop



PokerStars Hand #251138718312: Tournament #3769769208, $1.84+$0.16 USD Hold'em No Limit - Level II (15/30) - 2024/06/22 15:26:57 CET [2024/06/22 9:26:57 ET]
Table '3769769208 1' 3-max Seat #3 is the button
Seat 1: TheRealWoG (5 in chips) 
Seat 2: florin_nicu (1145 in chips) 
Seat 3: Mahu2021 (350 in chips) 
TheRealWoG: posts small blind 5 and is all-in
florin_nicu: posts big blind 30
*** HOLE CARDS ***
Dealt to Mahu2021 [3h 2c]
Mahu2021: folds 
Uncalled bet (25) returned to florin_nicu
*** FLOP *** [4s Ad Kh]
*** TURN *** [4s Ad Kh] [7c]
*** RIVER *** [4s Ad Kh 7c] [9c]
*** SHOW DOWN ***
TheRealWoG: shows [8h Ks] (a pair of Kings)
florin_nicu: shows [Kd 5d] (a pair of Kings - lower kicker)
TheRealWoG collected 10 from pot
*** SUMMARY ***
Total pot 10 | Rake 0 
Board [4s Ad Kh 7c 9c]
Seat 1: TheRealWoG (small blind) showed [8h Ks] and won (10) with a pair of Kings
Seat 2: florin_nicu (big blind) showed [Kd 5d] and lost with a pair of Kings
Seat 3: Mahu2021 (button) folded before Flop (didn't bet)



PokerStars Hand #251138720237: Tournament #3769769208, $1.84+$0.16 USD Hold'em No Limit - Level II (15/30) - 2024/06/22 15:27:07 CET [2024/06/22 9:27:07 ET]
Table '3769769208 1' 3-max Seat #1 is the button
Seat 1: TheRealWoG (10 in chips) 
Seat 2: florin_nicu (1140 in chips) 
Seat 3: Mahu2021 (350 in chips) 
florin_nicu: posts small blind 15
Mahu2021: posts big blind 30
*** HOLE CARDS ***
Dealt to Mahu2021 [6d 7h]
TheRealWoG: calls 10 and is all-in
florin_nicu: folds 
Uncalled bet (15) returned to Mahu2021
*** FLOP *** [7c 6h Th]
*** TURN *** [7c 6h Th] [2s]
*** RIVER *** [7c 6h Th 2s] [Jc]
*** SHOW DOWN ***
Mahu2021: shows [6d 7h] (two pair, Sevens and Sixes)
Mahu2021 collected 10 from side pot
TheRealWoG: shows [3s Ks] (high card King)
Mahu2021 collected 30 from main pot
TheRealWoG finished the tournament in 3rd place
*** SUMMARY ***
Total pot 40 Main pot 30. Side pot 10. | Rake 0 
Board [7c 6h Th 2s Jc]
Seat 1: TheRealWoG (button) showed [3s Ks] and lost with high card King
Seat 2: florin_nicu (small blind) folded before Flop
Seat 3: Mahu2021 (big blind) showed [6d 7h] and won (40) with two pair, Sevens and Sixes



PokerStars Hand #251138724045: Tournament #3769769208, $1.84+$0.16 USD Hold'em No Limit - Level II (15/30) - 2024/06/22 15:27:28 CET [2024/06/22 9:27:28 ET]
Table '3769769208 1' 3-max Seat #3 is the button
Seat 2: florin_nicu (1125 in chips) 
Seat 3: Mahu2021 (375 in chips) 
Mahu2021: posts small blind 15
florin_nicu: posts big blind 30
*** HOLE CARDS ***
Dealt to Mahu2021 [Td Ah]
Mahu2021: raises 30 to 60
florin_nicu: calls 30
*** FLOP *** [6s 2d 8s]
florin_nicu: checks 
Mahu2021: checks 
*** TURN *** [6s 2d 8s] [4h]
florin_nicu: checks 
Mahu2021: checks 
*** RIVER *** [6s 2d 8s 4h] [Jh]
florin_nicu: bets 60
Mahu2021: folds 
Uncalled bet (60) returned to florin_nicu
florin_nicu collected 120 from pot
florin_nicu: doesn't show hand 
*** SUMMARY ***
Total pot 120 | Rake 0 
Board [6s 2d 8s 4h Jh]
Seat 2: florin_nicu (big blind) collected (120)
Seat 3: Mahu2021 (button) (small blind) folded on the River



PokerStars Hand #251138728424: Tournament #3769769208, $1.84+$0.16 USD Hold'em No Limit - Level II (15/30) - 2024/06/22 15:27:52 CET [2024/06/22 9:27:52 ET]
Table '3769769208 1' 3-max Seat #2 is the button
Seat 2: florin_nicu (1185 in chips) 
Seat 3: Mahu2021 (315 in chips) 
florin_nicu: posts small blind 15
Mahu2021: posts big blind 30
*** HOLE CARDS ***
Dealt to Mahu2021 [4h Ks]
florin_nicu: calls 15
Mahu2021: checks 
*** FLOP *** [Ad 9h Jh]
Mahu2021: checks 
florin_nicu: bets 30
Mahu2021: folds 
Uncalled bet (30) returned to florin_nicu
florin_nicu collected 60 from pot
florin_nicu: doesn't show hand 
*** SUMMARY ***
Total pot 60 | Rake 0 
Board [Ad 9h Jh]
Seat 2: florin_nicu (button) (small blind) collected (60)
Seat 3: Mahu2021 (big blind) folded on the Flop



PokerStars Hand #251138730379: Tournament #3769769208, $1.84+$0.16 USD Hold'em No Limit - Level II (15/30) - 2024/06/22 15:28:03 CET [2024/06/22 9:28:03 ET]
Table '3769769208 1' 3-max Seat #3 is the button
Seat 2: florin_nicu (1215 in chips) 
Seat 3: Mahu2021 (285 in chips) 
Mahu2021: posts small blind 15
florin_nicu: posts big blind 30
*** HOLE CARDS ***
Dealt to Mahu2021 [Jc Jh]
Mahu2021: calls 15
florin_nicu: checks 
*** FLOP *** [2h Ah Tc]
florin_nicu: bets 30
Mahu2021: calls 30
*** TURN *** [2h Ah Tc] [6s]
florin_nicu: bets 30
Mahu2021: calls 30
*** RIVER *** [2h Ah Tc 6s] [5c]
florin_nicu: bets 1125 and is all-in
Mahu2021: calls 195 and is all-in
Uncalled bet (930) returned to florin_nicu
*** SHOW DOWN ***
florin_nicu: shows [Ad 7h] (a pair of Aces)
Mahu2021: shows [Jc Jh] (a pair of Jacks)
florin_nicu collected 570 from pot
Mahu2021 finished the tournament in 2nd place
florin_nicu wins the tournament and receives $4.00 - congratulations!
*** SUMMARY ***
Total pot 570 | Rake 0 
Board [2h Ah Tc 6s 5c]
Seat 2: florin_nicu (big blind) showed [Ad 7h] and won (570) with a pair of Aces
Seat 3: Mahu2021 (button) (small blind) showed [Jc Jh] and lost with a pair of Jacks



