PokerStars Zoom Hand #254819557199:  Hold'em No Limit ($0.05/$0.10) - 2025/02/11 20:33:10 CET [2025/02/11 14:33:10 ET]
Table 'Aludra' 6-max Seat #1 is the button
Seat 1: diamantes123 ($10 in chips) 
Seat 2: airsphere ($11.57 in chips) 
Seat 3: Mahu2021 ($10 in chips) 
Seat 4: AllInYourAsZ ($8.43 in chips) 
Seat 5: Gregory.M23 ($28.24 in chips) 
Seat 6: rojit07L ($25.60 in chips) 
airsphere: posts small blind $0.05
Mahu2021: posts big blind $0.10
*** HOLE CARDS ***
Dealt to Mahu2021 [3h 9d]
AllInYourAsZ: folds 
Gregory.M23: folds 
rojit07L: raises $0.15 to $0.25
diamantes123: folds 
airsphere: folds 
Mahu2021: folds 
Uncalled bet ($0.15) returned to rojit07L
rojit07L collected $0.25 from pot
rojit07L: doesn't show hand 
*** SUMMARY ***
Total pot $0.25 | Rake $0 
Seat 1: diamantes123 (button) folded before Flop (didn't bet)
Seat 2: airsphere (small blind) folded before Flop
Seat 3: Mahu2021 (big blind) folded before Flop
Seat 4: AllInYourAsZ folded before Flop (didn't bet)
Seat 5: Gregory.M23 folded before Flop (didn't bet)
Seat 6: rojit07L collected ($0.25)



PokerStars Zoom Hand #254819563727:  Hold'em No Limit ($0.05/$0.10) - 2025/02/11 20:33:32 CET [2025/02/11 14:33:32 ET]
Table 'Aludra' 6-max Seat #1 is the button
Seat 1: Mahu2021 ($9.90 in chips) 
Seat 2: SnarkyP ($27.13 in chips) 
Seat 3: Jannemann1999 ($17.99 in chips) 
Seat 4: UNKNOWN_x_13 ($6.25 in chips) 
Seat 5: rossjack89 ($23.03 in chips) 
Seat 6: dombunning ($10 in chips) 
SnarkyP: posts small blind $0.05
Jannemann1999: posts big blind $0.10
*** HOLE CARDS ***
Dealt to Mahu2021 [4d Jd]
UNKNOWN_x_13: raises $0.20 to $0.30
rossjack89: folds 
dombunning: folds 
Mahu2021: folds 
SnarkyP: folds 
Jannemann1999: calls $0.20
*** FLOP *** [3s 6h Kc]
Jannemann1999: checks 
UNKNOWN_x_13: bets $0.36
Jannemann1999: folds 
Uncalled bet ($0.36) returned to UNKNOWN_x_13
UNKNOWN_x_13 collected $0.62 from pot
UNKNOWN_x_13: doesn't show hand 
*** SUMMARY ***
Total pot $0.65 | Rake $0.03 
Board [3s 6h Kc]
Seat 1: Mahu2021 (button) folded before Flop (didn't bet)
Seat 2: SnarkyP (small blind) folded before Flop
Seat 3: Jannemann1999 (big blind) folded on the Flop
Seat 4: UNKNOWN_x_13 collected ($0.62)
Seat 5: rossjack89 folded before Flop (didn't bet)
Seat 6: dombunning folded before Flop (didn't bet)



PokerStars Zoom Hand #254819566847:  Hold'em No Limit ($0.05/$0.10) - 2025/02/11 20:33:43 CET [2025/02/11 14:33:43 ET]
Table 'Aludra' 6-max Seat #1 is the button
Seat 1: husky_sc85 ($10.62 in chips) 
Seat 2: Mahu2021 ($9.90 in chips) 
Seat 3: Kretschmeister ($37.01 in chips) 
Seat 4: labbi59 ($19.38 in chips) 
Seat 5: Gregory.M23 ($68.83 in chips) 
Seat 6: PavanaTTo23 ($10 in chips) 
Mahu2021: posts small blind $0.05
Kretschmeister: posts big blind $0.10
*** HOLE CARDS ***
Dealt to Mahu2021 [Jd Kh]
labbi59: folds 
Gregory.M23: folds 
PavanaTTo23: raises $0.15 to $0.25
husky_sc85: folds 
Mahu2021: calls $0.20
Kretschmeister: folds 
*** FLOP *** [Kc 3d Tc]
Mahu2021: checks 
PavanaTTo23: bets $0.19
Mahu2021: calls $0.19
*** TURN *** [Kc 3d Tc] [5d]
Mahu2021: checks 
PavanaTTo23: bets $0.78
Mahu2021: calls $0.78
*** RIVER *** [Kc 3d Tc 5d] [Jh]
Mahu2021: bets $2.43
PavanaTTo23: calls $2.43
*** SHOW DOWN ***
Mahu2021: shows [Jd Kh] (two pair, Kings and Jacks)
PavanaTTo23: shows [Td Th] (three of a kind, Tens)
PavanaTTo23 collected $7.07 from pot
*** SUMMARY ***
Total pot $7.40 | Rake $0.33 
Board [Kc 3d Tc 5d Jh]
Seat 1: husky_sc85 (button) folded before Flop (didn't bet)
Seat 2: Mahu2021 (small blind) showed [Jd Kh] and lost with two pair, Kings and Jacks
Seat 3: Kretschmeister (big blind) folded before Flop
Seat 4: labbi59 folded before Flop (didn't bet)
Seat 5: Gregory.M23 folded before Flop (didn't bet)
Seat 6: PavanaTTo23 showed [Td Th] and won ($7.07) with three of a kind, Tens



PokerStars Zoom Hand #254819576893:  Hold'em No Limit ($0.05/$0.10) - 2025/02/11 20:34:17 CET [2025/02/11 14:34:17 ET]
Table 'Aludra' 6-max Seat #1 is the button
Seat 1: oyuka1988 ($9.78 in chips) 
Seat 2: Gregory.M23 ($10.25 in chips) 
Seat 3: Allvisa ($10.60 in chips) 
Seat 4: Matzet1ka ($10 in chips) 
Seat 5: husky_sc85 ($10.67 in chips) 
Seat 6: Mahu2021 ($6.25 in chips) 
Gregory.M23: posts small blind $0.05
Allvisa: posts big blind $0.10
*** HOLE CARDS ***
Dealt to Mahu2021 [Ks Ac]
Matzet1ka: folds 
husky_sc85: folds 
Mahu2021: raises $0.10 to $0.20
oyuka1988: calls $0.20
Gregory.M23: raises $1 to $1.20
Allvisa: folds 
Mahu2021: calls $1
oyuka1988: calls $1
*** FLOP *** [Qd 8s Ah]
Gregory.M23: bets $0.88
Mahu2021: raises $4.17 to $5.05 and is all-in
oyuka1988: folds 
Gregory.M23: calls $4.17
*** TURN *** [Qd 8s Ah] [5s]
*** RIVER *** [Qd 8s Ah 5s] [5d]
*** SHOW DOWN ***
Gregory.M23: shows [Kh As] (two pair, Aces and Fives)
Mahu2021: shows [Ks Ac] (two pair, Aces and Fives)
Gregory.M23 collected $6.59 from pot
Mahu2021 collected $6.59 from pot
*** SUMMARY ***
Total pot $13.80 | Rake $0.62 
Board [Qd 8s Ah 5s 5d]
Seat 1: oyuka1988 (button) folded on the Flop
Seat 2: Gregory.M23 (small blind) showed [Kh As] and won ($6.59) with two pair, Aces and Fives
Seat 3: Allvisa (big blind) folded before Flop
Seat 4: Matzet1ka folded before Flop (didn't bet)
Seat 5: husky_sc85 folded before Flop (didn't bet)
Seat 6: Mahu2021 showed [Ks Ac] and won ($6.59) with two pair, Aces and Fives



PokerStars Zoom Hand #254819588858:  Hold'em No Limit ($0.05/$0.10) - 2025/02/11 20:34:58 CET [2025/02/11 14:34:58 ET]
Table 'Aludra' 6-max Seat #1 is the button
Seat 1: PavanaTTo23 ($13.42 in chips) 
Seat 2: k12s12v87 ($7.71 in chips) 
Seat 3: Bur1k ($5.56 in chips) 
Seat 4: Mahu2021 ($6.59 in chips) 
Seat 5: sigmanolimit ($19.46 in chips) 
Seat 6: crysjuhyan ($11.19 in chips) 
k12s12v87: posts small blind $0.05
Bur1k: posts big blind $0.10
*** HOLE CARDS ***
Dealt to Mahu2021 [3h 6h]
Mahu2021: folds 
sigmanolimit: raises $0.15 to $0.25
crysjuhyan: folds 
PavanaTTo23: raises $0.50 to $0.75
k12s12v87: folds 
Bur1k: folds 
sigmanolimit: raises $1.40 to $2.15
PavanaTTo23: folds 
Uncalled bet ($1.40) returned to sigmanolimit
sigmanolimit collected $1.65 from pot
sigmanolimit: doesn't show hand 
*** SUMMARY ***
Total pot $1.65 | Rake $0 
Seat 1: PavanaTTo23 (button) folded before Flop
Seat 2: k12s12v87 (small blind) folded before Flop
Seat 3: Bur1k (big blind) folded before Flop
Seat 4: Mahu2021 folded before Flop (didn't bet)
Seat 5: sigmanolimit collected ($1.65)
Seat 6: crysjuhyan folded before Flop (didn't bet)



PokerStars Zoom Hand #254819592644:  Hold'em No Limit ($0.05/$0.10) - 2025/02/11 20:35:11 CET [2025/02/11 14:35:11 ET]
Table 'Aludra' 6-max Seat #1 is the button
Seat 1: acd_045 ($17.41 in chips) 
Seat 2: NicBrotzu ($10.72 in chips) 
Seat 3: Mahu2021 ($6.59 in chips) 
Seat 4: Cl8rker ($11.45 in chips) 
Seat 5: Blaackie ($13.09 in chips) 
Seat 6: breezzzy88 ($11.40 in chips) 
NicBrotzu: posts small blind $0.05
Mahu2021: posts big blind $0.10
*** HOLE CARDS ***
Dealt to Mahu2021 [9s Ks]
Cl8rker: folds 
Blaackie is disconnected 
Blaackie has timed out while disconnected
Blaackie: folds 
breezzzy88: folds 
acd_045: raises $0.15 to $0.25
NicBrotzu: folds 
Mahu2021: calls $0.15
*** FLOP *** [Qd 2h Tc]
Mahu2021: checks 
acd_045: bets $0.40
Mahu2021: folds 
Uncalled bet ($0.40) returned to acd_045
acd_045 collected $0.53 from pot
acd_045: doesn't show hand 
*** SUMMARY ***
Total pot $0.55 | Rake $0.02 
Board [Qd 2h Tc]
Seat 1: acd_045 (button) collected ($0.53)
Seat 2: NicBrotzu (small blind) folded before Flop
Seat 3: Mahu2021 (big blind) folded on the Flop
Seat 4: Cl8rker folded before Flop (didn't bet)
Seat 5: Blaackie folded before Flop (didn't bet)
Seat 6: breezzzy88 folded before Flop (didn't bet)



PokerStars Zoom Hand #254819602683:  Hold'em No Limit ($0.05/$0.10) - 2025/02/11 20:35:46 CET [2025/02/11 14:35:46 ET]
Table 'Aludra' 6-max Seat #1 is the button
Seat 1: Gandalf412 ($6.35 in chips) 
Seat 2: chessismorefun ($10.35 in chips) 
Seat 3: RenoRosco ($10 in chips) 
Seat 4: iceballantyne ($22.15 in chips) 
Seat 5: Mahu2021 ($6.34 in chips) 
Seat 6: miseyukas75 ($13.93 in chips) 
chessismorefun: posts small blind $0.05
RenoRosco: posts big blind $0.10
*** HOLE CARDS ***
Dealt to Mahu2021 [6s Ac]
iceballantyne: raises $0.10 to $0.20
Mahu2021: folds 
miseyukas75: folds 
Gandalf412: folds 
chessismorefun: folds 
RenoRosco: folds 
Uncalled bet ($0.10) returned to iceballantyne
iceballantyne collected $0.25 from pot
iceballantyne: doesn't show hand 
*** SUMMARY ***
Total pot $0.25 | Rake $0 
Seat 1: Gandalf412 (button) folded before Flop (didn't bet)
Seat 2: chessismorefun (small blind) folded before Flop
Seat 3: RenoRosco (big blind) folded before Flop
Seat 4: iceballantyne collected ($0.25)
Seat 5: Mahu2021 folded before Flop (didn't bet)
Seat 6: miseyukas75 folded before Flop (didn't bet)



PokerStars Zoom Hand #254819604033:  Hold'em No Limit ($0.05/$0.10) - 2025/02/11 20:35:50 CET [2025/02/11 14:35:50 ET]
Table 'Aludra' 6-max Seat #1 is the button
Seat 1: BuBBleBoy548 ($10.05 in chips) 
Seat 2: Mahu2021 ($6.34 in chips) 
Seat 3: Civil07 ($11.05 in chips) 
Seat 4: kokalakias ($9.88 in chips) 
Seat 5: chessismorefun ($10 in chips) 
Seat 6: Perdido III ($18.15 in chips) 
Mahu2021: posts small blind $0.05
Civil07: posts big blind $0.10
*** HOLE CARDS ***
Dealt to Mahu2021 [Ah 5s]
kokalakias: folds 
chessismorefun: folds 
Perdido III: folds 
BuBBleBoy548: folds 
Mahu2021: raises $0.20 to $0.30
Civil07: folds 
Uncalled bet ($0.20) returned to Mahu2021
Mahu2021 collected $0.20 from pot
Mahu2021: doesn't show hand 
*** SUMMARY ***
Total pot $0.20 | Rake $0 
Seat 1: BuBBleBoy548 (button) folded before Flop (didn't bet)
Seat 2: Mahu2021 (small blind) collected ($0.20)
Seat 3: Civil07 (big blind) folded before Flop
Seat 4: kokalakias folded before Flop (didn't bet)
Seat 5: chessismorefun folded before Flop (didn't bet)
Seat 6: Perdido III folded before Flop (didn't bet)



PokerStars Zoom Hand #254819608775:  Hold'em No Limit ($0.05/$0.10) - 2025/02/11 20:36:06 CET [2025/02/11 14:36:06 ET]
Table 'Aludra' 6-max Seat #1 is the button
Seat 1: Civil07 ($10.95 in chips) 
Seat 2: aimaisan ($31.98 in chips) 
Seat 3: NicBrotzu ($10.67 in chips) 
Seat 4: diamantes123 ($11.34 in chips) 
Seat 5: breezzzy88 ($14.02 in chips) 
Seat 6: Mahu2021 ($6.44 in chips) 
aimaisan: posts small blind $0.05
NicBrotzu: posts big blind $0.10
*** HOLE CARDS ***
Dealt to Mahu2021 [Tc 7s]
diamantes123: folds 
breezzzy88: folds 
Mahu2021: folds 
Civil07: folds 
aimaisan: folds 
Uncalled bet ($0.05) returned to NicBrotzu
NicBrotzu collected $0.10 from pot
NicBrotzu: doesn't show hand 
*** SUMMARY ***
Total pot $0.10 | Rake $0 
Seat 1: Civil07 (button) folded before Flop (didn't bet)
Seat 2: aimaisan (small blind) folded before Flop
Seat 3: NicBrotzu (big blind) collected ($0.10)
Seat 4: diamantes123 folded before Flop (didn't bet)
Seat 5: breezzzy88 folded before Flop (didn't bet)
Seat 6: Mahu2021 folded before Flop (didn't bet)



PokerStars Zoom Hand #254819591168:  Hold'em No Limit ($0.05/$0.10) - 2025/02/11 20:35:06 CET [2025/02/11 14:35:06 ET]
Table 'Aludra' 6-max Seat #1 is the button
Seat 1: Al Fr€d 69 ($15.09 in chips) 
Seat 2: m0nster1989_ ($10.50 in chips) 
Seat 3: serotonine91 ($10 in chips) 
Seat 4: metel-sky ($13.07 in chips) 
Seat 5: Mahu2021 ($6.59 in chips) 
Seat 6: jjkop17 ($22.49 in chips) 
m0nster1989_: posts small blind $0.05
serotonine91: posts big blind $0.10
*** HOLE CARDS ***
Dealt to Mahu2021 [7d Qd]
metel-sky: calls $0.10
Mahu2021: folds 
jjkop17: folds 
Al Fr€d 69: folds 
m0nster1989_: calls $0.05
serotonine91: checks 
*** FLOP *** [9s 4h 4s]
m0nster1989_: checks 
serotonine91: checks 
metel-sky: bets $0.15
m0nster1989_: folds 
serotonine91: calls $0.15
*** TURN *** [9s 4h 4s] [Kc]
serotonine91: checks 
metel-sky: bets $0.39
serotonine91: folds 
Uncalled bet ($0.39) returned to metel-sky
metel-sky collected $0.57 from pot
metel-sky: doesn't show hand 
*** SUMMARY ***
Total pot $0.60 | Rake $0.03 
Board [9s 4h 4s Kc]
Seat 1: Al Fr€d 69 (button) folded before Flop (didn't bet)
Seat 2: m0nster1989_ (small blind) folded on the Flop
Seat 3: serotonine91 (big blind) folded on the Turn
Seat 4: metel-sky collected ($0.57)
Seat 5: Mahu2021 folded before Flop (didn't bet)
Seat 6: jjkop17 folded before Flop (didn't bet)



PokerStars Zoom Hand #254819609908:  Hold'em No Limit ($0.05/$0.10) - 2025/02/11 20:36:10 CET [2025/02/11 14:36:10 ET]
Table 'Aludra' 6-max Seat #1 is the button
Seat 1: Mahu2021 ($6.44 in chips) 
Seat 2: jksgoodgz ($13.89 in chips) 
Seat 3: aimaisan ($31.93 in chips) 
Seat 4: acd_045 ($13.10 in chips) 
Seat 5: NetoXorro ($4.82 in chips) 
Seat 6: bcflaw ($16.86 in chips) 
jksgoodgz: posts small blind $0.05
aimaisan: posts big blind $0.10
*** HOLE CARDS ***
Dealt to Mahu2021 [5d 6d]
acd_045: raises $0.15 to $0.25
NetoXorro: folds 
bcflaw: calls $0.25
Mahu2021: calls $0.25
jksgoodgz: folds 
aimaisan: calls $0.15
*** FLOP *** [9h 7c Ah]
aimaisan: checks 
acd_045: checks 
bcflaw: checks 
Mahu2021: checks 
*** TURN *** [9h 7c Ah] [2h]
aimaisan: checks 
acd_045: checks 
bcflaw: checks 
Mahu2021: checks 
*** RIVER *** [9h 7c Ah 2h] [Jc]
aimaisan: checks 
acd_045: bets $0.30
bcflaw: folds 
Mahu2021: folds 
aimaisan: folds 
Uncalled bet ($0.30) returned to acd_045
acd_045 collected $1 from pot
acd_045: doesn't show hand 
*** SUMMARY ***
Total pot $1.05 | Rake $0.05 
Board [9h 7c Ah 2h Jc]
Seat 1: Mahu2021 (button) folded on the River
Seat 2: jksgoodgz (small blind) folded before Flop
Seat 3: aimaisan (big blind) folded on the River
Seat 4: acd_045 collected ($1)
Seat 5: NetoXorro folded before Flop (didn't bet)
Seat 6: bcflaw folded on the River



PokerStars Zoom Hand #254819620107:  Hold'em No Limit ($0.05/$0.10) - 2025/02/11 20:36:46 CET [2025/02/11 14:36:46 ET]
Table 'Aludra' 6-max Seat #1 is the button
Seat 1: PavanaTTo23 ($12.38 in chips) 
Seat 2: Blackstone1895 ($9.08 in chips) 
Seat 3: Black199509 ($10 in chips) 
Seat 4: lordpeezus ($7.12 in chips) 
Seat 5: Mahu2021 ($6.19 in chips) 
Seat 6: henkkaass ($7.30 in chips) 
Blackstone1895: posts small blind $0.05
Black199509: posts big blind $0.10
*** HOLE CARDS ***
Dealt to Mahu2021 [6h Jc]
lordpeezus: folds 
Mahu2021: folds 
henkkaass: calls $0.10
PavanaTTo23: folds 
Blackstone1895: raises $0.20 to $0.30
Black199509: folds 
henkkaass: calls $0.20
*** FLOP *** [5d Ac 9h]
Blackstone1895: checks 
henkkaass: checks 
*** TURN *** [5d Ac 9h] [9d]
Blackstone1895: bets $0.40
henkkaass: folds 
Uncalled bet ($0.40) returned to Blackstone1895
Blackstone1895 collected $0.66 from pot
Blackstone1895: doesn't show hand 
*** SUMMARY ***
Total pot $0.70 | Rake $0.04 
Board [5d Ac 9h 9d]
Seat 1: PavanaTTo23 (button) folded before Flop (didn't bet)
Seat 2: Blackstone1895 (small blind) collected ($0.66)
Seat 3: Black199509 (big blind) folded before Flop
Seat 4: lordpeezus folded before Flop (didn't bet)
Seat 5: Mahu2021 folded before Flop (didn't bet)
Seat 6: henkkaass folded on the Turn



PokerStars Zoom Hand #254819627170:  Hold'em No Limit ($0.05/$0.10) - 2025/02/11 20:37:10 CET [2025/02/11 14:37:10 ET]
Table 'Aludra' 6-max Seat #1 is the button
Seat 1: iceballantyne ($18.76 in chips) 
Seat 2: pougia777 ($10 in chips) 
Seat 3: MrRooob9899 ($6.38 in chips) 
Seat 4: pap-wwa ($9.71 in chips) 
Seat 5: TANEV78 ($10.64 in chips) 
Seat 6: Mahu2021 ($6.09 in chips) 
pougia777: posts small blind $0.05
MrRooob9899: posts big blind $0.10
*** HOLE CARDS ***
Dealt to Mahu2021 [Ts 2c]
pap-wwa: folds 
TANEV78: folds 
Mahu2021: folds 
iceballantyne: folds 
pougia777: folds 
Uncalled bet ($0.05) returned to MrRooob9899
MrRooob9899 collected $0.10 from pot
MrRooob9899: doesn't show hand 
*** SUMMARY ***
Total pot $0.10 | Rake $0 
Seat 1: iceballantyne (button) folded before Flop (didn't bet)
Seat 2: pougia777 (small blind) folded before Flop
Seat 3: MrRooob9899 (big blind) collected ($0.10)
Seat 4: pap-wwa folded before Flop (didn't bet)
Seat 5: TANEV78 folded before Flop (didn't bet)
Seat 6: Mahu2021 folded before Flop (didn't bet)



PokerStars Zoom Hand #254819628190:  Hold'em No Limit ($0.05/$0.10) - 2025/02/11 20:37:13 CET [2025/02/11 14:37:13 ET]
Table 'Aludra' 6-max Seat #1 is the button
Seat 1: RenoRosco ($10.95 in chips) 
Seat 2: Mahu2021 ($6.09 in chips) 
Seat 3: thirionet ($34.94 in chips) 
Seat 4: bcflaw ($31.12 in chips) 
Seat 5: vinaof ($6.83 in chips) 
Seat 6: Gandalf412 ($6.49 in chips) 
Mahu2021: posts small blind $0.05
thirionet: posts big blind $0.10
*** HOLE CARDS ***
Dealt to Mahu2021 [3d 7c]
bcflaw: folds 
vinaof: folds 
Gandalf412: folds 
RenoRosco: folds 
Mahu2021: folds 
Uncalled bet ($0.05) returned to thirionet
thirionet collected $0.10 from pot
thirionet: doesn't show hand 
*** SUMMARY ***
Total pot $0.10 | Rake $0 
Seat 1: RenoRosco (button) folded before Flop (didn't bet)
Seat 2: Mahu2021 (small blind) folded before Flop
Seat 3: thirionet (big blind) collected ($0.10)
Seat 4: bcflaw folded before Flop (didn't bet)
Seat 5: vinaof folded before Flop (didn't bet)
Seat 6: Gandalf412 folded before Flop (didn't bet)



PokerStars Zoom Hand #254819625908:  Hold'em No Limit ($0.05/$0.10) - 2025/02/11 20:37:06 CET [2025/02/11 14:37:06 ET]
Table 'Aludra' 6-max Seat #1 is the button
Seat 1: Machestr ($9.65 in chips) 
Seat 2: aimaisan ($36.62 in chips) 
Seat 3: fss99 ($11.11 in chips) 
Seat 4: Mahu2021 ($6.09 in chips) 
Seat 5: k12s12v87 ($7.54 in chips) 
Seat 6: dombunning ($11.44 in chips) 
aimaisan: posts small blind $0.05
fss99: posts big blind $0.10
*** HOLE CARDS ***
Dealt to Mahu2021 [8s 7h]
Mahu2021: folds 
k12s12v87: raises $0.10 to $0.20
dombunning: folds 
Machestr: folds 
aimaisan: raises $0.60 to $0.80
fss99: folds 
k12s12v87: folds 
Uncalled bet ($0.60) returned to aimaisan
aimaisan collected $0.50 from pot
aimaisan: doesn't show hand 
*** SUMMARY ***
Total pot $0.50 | Rake $0 
Seat 1: Machestr (button) folded before Flop (didn't bet)
Seat 2: aimaisan (small blind) collected ($0.50)
Seat 3: fss99 (big blind) folded before Flop
Seat 4: Mahu2021 folded before Flop (didn't bet)
Seat 5: k12s12v87 folded before Flop
Seat 6: dombunning folded before Flop (didn't bet)



PokerStars Zoom Hand #254819630265:  Hold'em No Limit ($0.05/$0.10) - 2025/02/11 20:37:20 CET [2025/02/11 14:37:20 ET]
Table 'Aludra' 6-max Seat #1 is the button
Seat 1: jksgoodgz ($15.35 in chips) 
Seat 2: Losimas(LT) ($10 in chips) 
Seat 3: Mahu2021 ($6.04 in chips) 
Seat 4: husky_sc85 ($10.80 in chips) 
Seat 5: acd_045 ($12.80 in chips) 
Seat 6: Jinzoo1 ($26.46 in chips) 
Losimas(LT): posts small blind $0.05
Mahu2021: posts big blind $0.10
*** HOLE CARDS ***
Dealt to Mahu2021 [Qs 7d]
husky_sc85: folds 
acd_045: raises $0.15 to $0.25
Jinzoo1: folds 
jksgoodgz: folds 
Losimas(LT): folds 
Mahu2021: folds 
Uncalled bet ($0.15) returned to acd_045
acd_045 collected $0.25 from pot
acd_045: doesn't show hand 
*** SUMMARY ***
Total pot $0.25 | Rake $0 
Seat 1: jksgoodgz (button) folded before Flop (didn't bet)
Seat 2: Losimas(LT) (small blind) folded before Flop
Seat 3: Mahu2021 (big blind) folded before Flop
Seat 4: husky_sc85 folded before Flop (didn't bet)
Seat 5: acd_045 collected ($0.25)
Seat 6: Jinzoo1 folded before Flop (didn't bet)



PokerStars Zoom Hand #254819621550:  Hold'em No Limit ($0.05/$0.10) - 2025/02/11 20:36:51 CET [2025/02/11 14:36:51 ET]
Table 'Aludra' 6-max Seat #1 is the button
Seat 1: NetoXorro ($4.92 in chips) 
Seat 2: fss99 ($11.37 in chips) 
Seat 3: Mahu2021 ($6.19 in chips) 
Seat 4: lordpeezus ($7.12 in chips) 
Seat 5: PavanaTTo23 ($12.34 in chips) 
Seat 6: Arg3ntum1337 ($21.26 in chips) 
fss99: posts small blind $0.05
Mahu2021: posts big blind $0.10
*** HOLE CARDS ***
Dealt to Mahu2021 [6c Qc]
lordpeezus: folds 
PavanaTTo23: folds 
Arg3ntum1337: folds 
NetoXorro: raises $0.20 to $0.30
fss99: raises $0.80 to $1.10
Mahu2021: folds 
NetoXorro: calls $0.80
*** FLOP *** [Qh 8h 6d]
fss99: bets $0.66
NetoXorro: calls $0.66
*** TURN *** [Qh 8h 6d] [6s]
fss99: checks 
NetoXorro: checks 
*** RIVER *** [Qh 8h 6d 6s] [9s]
fss99: bets $3.46
NetoXorro: folds 
Uncalled bet ($3.46) returned to fss99
fss99 collected $3.46 from pot
fss99: doesn't show hand 
*** SUMMARY ***
Total pot $3.62 | Rake $0.16 
Board [Qh 8h 6d 6s 9s]
Seat 1: NetoXorro (button) folded on the River
Seat 2: fss99 (small blind) collected ($3.46)
Seat 3: Mahu2021 (big blind) folded before Flop
Seat 4: lordpeezus folded before Flop (didn't bet)
Seat 5: PavanaTTo23 folded before Flop (didn't bet)
Seat 6: Arg3ntum1337 folded before Flop (didn't bet)



PokerStars Zoom Hand #254819632561:  Hold'em No Limit ($0.05/$0.10) - 2025/02/11 20:37:29 CET [2025/02/11 14:37:29 ET]
Table 'Aludra' 6-max Seat #1 is the button
Seat 1: Poklrll02 ($23.91 in chips) 
Seat 2: Mahu2021 ($5.94 in chips) 
Seat 3: bogek210 ($10 in chips) 
Seat 4: serotonine91 ($15.67 in chips) 
Seat 5: Iness521 ($4.99 in chips) 
Seat 6: jksgoodgz ($15.35 in chips) 
Mahu2021: posts small blind $0.05
bogek210: posts big blind $0.10
*** HOLE CARDS ***
Dealt to Mahu2021 [Tc 4d]
serotonine91: folds 
Iness521: folds 
jksgoodgz: raises $0.13 to $0.23
Poklrll02: folds 
Mahu2021: folds 
bogek210: folds 
Uncalled bet ($0.13) returned to jksgoodgz
jksgoodgz collected $0.25 from pot
jksgoodgz: doesn't show hand 
*** SUMMARY ***
Total pot $0.25 | Rake $0 
Seat 1: Poklrll02 (button) folded before Flop (didn't bet)
Seat 2: Mahu2021 (small blind) folded before Flop
Seat 3: bogek210 (big blind) folded before Flop
Seat 4: serotonine91 folded before Flop (didn't bet)
Seat 5: Iness521 folded before Flop (didn't bet)
Seat 6: jksgoodgz collected ($0.25)



PokerStars Zoom Hand #254819629153:  Hold'em No Limit ($0.05/$0.10) - 2025/02/11 20:37:17 CET [2025/02/11 14:37:17 ET]
Table 'Aludra' 6-max Seat #1 is the button
Seat 1: Mahu2021 ($6.04 in chips) 
Seat 2: dombunning ($11.44 in chips) 
Seat 3: Poklrll02 ($24.01 in chips) 
Seat 4: the_bankace ($6.30 in chips) 
Seat 5: iceballantyne ($18.76 in chips) 
Seat 6: BuBBleBoy548 ($10.56 in chips) 
dombunning: posts small blind $0.05
Poklrll02: posts big blind $0.10
*** HOLE CARDS ***
Dealt to Mahu2021 [2d Js]
the_bankace: raises $0.20 to $0.30
iceballantyne: folds 
BuBBleBoy548: folds 
Mahu2021: folds 
dombunning: calls $0.25
Poklrll02: folds 
*** FLOP *** [2s 5s 9c]
dombunning: checks 
the_bankace: checks 
*** TURN *** [2s 5s 9c] [5c]
dombunning: bets $0.28
the_bankace: folds 
Uncalled bet ($0.28) returned to dombunning
dombunning collected $0.67 from pot
dombunning: doesn't show hand 
*** SUMMARY ***
Total pot $0.70 | Rake $0.03 
Board [2s 5s 9c 5c]
Seat 1: Mahu2021 (button) folded before Flop (didn't bet)
Seat 2: dombunning (small blind) collected ($0.67)
Seat 3: Poklrll02 (big blind) folded before Flop
Seat 4: the_bankace folded on the Turn
Seat 5: iceballantyne folded before Flop (didn't bet)
Seat 6: BuBBleBoy548 folded before Flop (didn't bet)



PokerStars Zoom Hand #254819634016:  Hold'em No Limit ($0.05/$0.10) - 2025/02/11 20:37:33 CET [2025/02/11 14:37:33 ET]
Table 'Aludra' 6-max Seat #1 is the button
Seat 1: Mahu2021 ($5.89 in chips) 
Seat 2: serotonine91 ($15.67 in chips) 
Seat 3: annok1 ($2.37 in chips) 
Seat 4: Poklrll02 ($10.25 in chips) 
Seat 5: PavanaTTo23 ($12.19 in chips) 
Seat 6: alanindublin ($19.77 in chips) 
serotonine91: posts small blind $0.05
annok1: posts big blind $0.10
*** HOLE CARDS ***
Dealt to Mahu2021 [Qs 2s]
Poklrll02: folds 
PavanaTTo23: folds 
alanindublin: raises $0.15 to $0.25
Mahu2021: folds 
serotonine91: folds 
annok1: calls $0.15
*** FLOP *** [9d 4h As]
annok1: checks 
alanindublin: bets $19.52 and is all-in
annok1: folds 
Uncalled bet ($19.52) returned to alanindublin
alanindublin collected $0.53 from pot
alanindublin: doesn't show hand 
*** SUMMARY ***
Total pot $0.55 | Rake $0.02 
Board [9d 4h As]
Seat 1: Mahu2021 (button) folded before Flop (didn't bet)
Seat 2: serotonine91 (small blind) folded before Flop
Seat 3: annok1 (big blind) folded on the Flop
Seat 4: Poklrll02 folded before Flop (didn't bet)
Seat 5: PavanaTTo23 folded before Flop (didn't bet)
Seat 6: alanindublin collected ($0.53)



PokerStars Zoom Hand #254819635242:  Hold'em No Limit ($0.05/$0.10) - 2025/02/11 20:37:38 CET [2025/02/11 14:37:38 ET]
Table 'Aludra' 6-max Seat #1 is the button
Seat 1: Dulvagan ($10.42 in chips) 
Seat 2: Ton_Tizz ($14.87 in chips) 
Seat 3: bcflaw ($15.84 in chips) 
Seat 4: UNKNOWN_x_13 ($4.81 in chips) 
Seat 5: Jinzoo1 ($26.36 in chips) 
Seat 6: Mahu2021 ($5.89 in chips) 
Ton_Tizz: posts small blind $0.05
bcflaw: posts big blind $0.10
*** HOLE CARDS ***
Dealt to Mahu2021 [Qd Kc]
UNKNOWN_x_13: folds 
Jinzoo1: folds 
Mahu2021: raises $0.14 to $0.24
Dulvagan: folds 
Ton_Tizz: calls $0.19
bcflaw: folds 
*** FLOP *** [3d 8s Jh]
Ton_Tizz: checks 
Mahu2021: checks 
*** TURN *** [3d 8s Jh] [6c]
Ton_Tizz: bets $0.55
Mahu2021: folds 
Uncalled bet ($0.55) returned to Ton_Tizz
Ton_Tizz collected $0.55 from pot
Ton_Tizz: doesn't show hand 
*** SUMMARY ***
Total pot $0.58 | Rake $0.03 
Board [3d 8s Jh 6c]
Seat 1: Dulvagan (button) folded before Flop (didn't bet)
Seat 2: Ton_Tizz (small blind) collected ($0.55)
Seat 3: bcflaw (big blind) folded before Flop
Seat 4: UNKNOWN_x_13 folded before Flop (didn't bet)
Seat 5: Jinzoo1 folded before Flop (didn't bet)
Seat 6: Mahu2021 folded on the Turn



PokerStars Zoom Hand #254819645002:  Hold'em No Limit ($0.05/$0.10) - 2025/02/11 20:38:12 CET [2025/02/11 14:38:12 ET]
Table 'Aludra' 6-max Seat #1 is the button
Seat 1: iceballantyne ($25.08 in chips) 
Seat 2: Mahu2021 ($5.65 in chips) 
Seat 3: MR_HKO_DK ($11.92 in chips) 
Seat 4: Machestr ($10.13 in chips) 
Seat 5: sigmanolimit ($12.78 in chips) 
Seat 6: jksgoodgz ($29.26 in chips) 
Mahu2021: posts small blind $0.05
MR_HKO_DK: posts big blind $0.10
*** HOLE CARDS ***
Dealt to Mahu2021 [3h Qs]
Machestr: folds 
sigmanolimit: folds 
jksgoodgz: raises $0.13 to $0.23
iceballantyne: folds 
Mahu2021: folds 
MR_HKO_DK: folds 
Uncalled bet ($0.13) returned to jksgoodgz
jksgoodgz collected $0.25 from pot
jksgoodgz: doesn't show hand 
*** SUMMARY ***
Total pot $0.25 | Rake $0 
Seat 1: iceballantyne (button) folded before Flop (didn't bet)
Seat 2: Mahu2021 (small blind) folded before Flop
Seat 3: MR_HKO_DK (big blind) folded before Flop
Seat 4: Machestr folded before Flop (didn't bet)
Seat 5: sigmanolimit folded before Flop (didn't bet)
Seat 6: jksgoodgz collected ($0.25)



PokerStars Zoom Hand #254819646196:  Hold'em No Limit ($0.05/$0.10) - 2025/02/11 20:38:16 CET [2025/02/11 14:38:16 ET]
Table 'Aludra' 6-max Seat #1 is the button
Seat 1: timoti777386 ($10.71 in chips) 
Seat 2: ACTN3 ($20.83 in chips) 
Seat 3: sigmanolimit ($10.25 in chips) 
Seat 4: Machestr ($10.01 in chips) 
Seat 5: Tompi2510 ($10.60 in chips) 
Seat 6: Mahu2021 ($5.60 in chips) 
ACTN3: posts small blind $0.05
sigmanolimit: posts big blind $0.10
*** HOLE CARDS ***
Dealt to Mahu2021 [2c 4h]
Machestr: raises $0.10 to $0.20
Tompi2510: folds 
Mahu2021: folds 
timoti777386: folds 
ACTN3: folds 
sigmanolimit: folds 
Uncalled bet ($0.10) returned to Machestr
Machestr collected $0.25 from pot
Machestr: doesn't show hand 
*** SUMMARY ***
Total pot $0.25 | Rake $0 
Seat 1: timoti777386 (button) folded before Flop (didn't bet)
Seat 2: ACTN3 (small blind) folded before Flop
Seat 3: sigmanolimit (big blind) folded before Flop
Seat 4: Machestr collected ($0.25)
Seat 5: Tompi2510 folded before Flop (didn't bet)
Seat 6: Mahu2021 folded before Flop (didn't bet)



PokerStars Zoom Hand #254819647200:  Hold'em No Limit ($0.05/$0.10) - 2025/02/11 20:38:19 CET [2025/02/11 14:38:19 ET]
Table 'Aludra' 6-max Seat #1 is the button
Seat 1: top4eto860 ($15.05 in chips) 
Seat 2: LittleBigWil ($10 in chips) 
Seat 3: Matzet1ka ($10 in chips) 
Seat 4: Mahu2021 ($5.60 in chips) 
Seat 5: diamantes123 ($10.82 in chips) 
Seat 6: Haesigster ($15.85 in chips) 
LittleBigWil: posts small blind $0.05
Matzet1ka: posts big blind $0.10
*** HOLE CARDS ***
Dealt to Mahu2021 [7d 5s]
Mahu2021: folds 
diamantes123: raises $0.20 to $0.30
Haesigster: folds 
top4eto860: folds 
LittleBigWil: folds 
Matzet1ka: folds 
Uncalled bet ($0.20) returned to diamantes123
diamantes123 collected $0.25 from pot
diamantes123: doesn't show hand 
*** SUMMARY ***
Total pot $0.25 | Rake $0 
Seat 1: top4eto860 (button) folded before Flop (didn't bet)
Seat 2: LittleBigWil (small blind) folded before Flop
Seat 3: Matzet1ka (big blind) folded before Flop
Seat 4: Mahu2021 folded before Flop (didn't bet)
Seat 5: diamantes123 collected ($0.25)
Seat 6: Haesigster folded before Flop (didn't bet)



PokerStars Zoom Hand #254819648509:  Hold'em No Limit ($0.05/$0.10) - 2025/02/11 20:38:24 CET [2025/02/11 14:38:24 ET]
Table 'Aludra' 6-max Seat #1 is the button
Seat 1: aoi_0509 ($11.08 in chips) 
Seat 2: MrRooob9899 ($10.29 in chips) 
Seat 3: Mahu2021 ($5.60 in chips) 
Seat 4: PavanaTTo23 ($12.09 in chips) 
Seat 5: Machestr ($10.13 in chips) 
Seat 6: timoti777386 ($10.71 in chips) 
MrRooob9899: posts small blind $0.05
Mahu2021: posts big blind $0.10
*** HOLE CARDS ***
Dealt to Mahu2021 [6d Ac]
PavanaTTo23: folds 
Machestr: folds 
timoti777386: folds 
aoi_0509: folds 
MrRooob9899: folds 
Uncalled bet ($0.05) returned to Mahu2021
Mahu2021 collected $0.10 from pot
Mahu2021: doesn't show hand 
*** SUMMARY ***
Total pot $0.10 | Rake $0 
Seat 1: aoi_0509 (button) folded before Flop (didn't bet)
Seat 2: MrRooob9899 (small blind) folded before Flop
Seat 3: Mahu2021 (big blind) collected ($0.10)
Seat 4: PavanaTTo23 folded before Flop (didn't bet)
Seat 5: Machestr folded before Flop (didn't bet)
Seat 6: timoti777386 folded before Flop (didn't bet)



PokerStars Zoom Hand #254819643846:  Hold'em No Limit ($0.05/$0.10) - 2025/02/11 20:38:08 CET [2025/02/11 14:38:08 ET]
Table 'Aludra' 6-max Seat #1 is the button
Seat 1: jksgoodgz ($29.26 in chips) 
Seat 2: pap-wwa ($9.14 in chips) 
Seat 3: Larrycall ($10.68 in chips) 
Seat 4: diamantes123 ($10.82 in chips) 
Seat 5: Mahu2021 ($5.65 in chips) 
Seat 6: GSanf ($8.25 in chips) 
pap-wwa: posts small blind $0.05
Larrycall: posts big blind $0.10
*** HOLE CARDS ***
Dealt to Mahu2021 [Ac 6d]
diamantes123: folds 
Mahu2021: folds 
GSanf: raises $0.14 to $0.24
jksgoodgz: folds 
pap-wwa: calls $0.19
Larrycall: folds 
*** FLOP *** [8h 9c 4c]
pap-wwa: checks 
GSanf: bets $0.18
pap-wwa: raises $0.46 to $0.64
GSanf: calls $0.46
*** TURN *** [8h 9c 4c] [Td]
pap-wwa: bets $1.30
GSanf: raises $6.07 to $7.37 and is all-in
pap-wwa: calls $6.07
*** RIVER *** [8h 9c 4c Td] [6h]
*** SHOW DOWN ***
pap-wwa: shows [Qc Th] (a pair of Tens)
GSanf: shows [As Ad] (a pair of Aces)
GSanf collected $15.85 from pot
*** SUMMARY ***
Total pot $16.60 | Rake $0.75 
Board [8h 9c 4c Td 6h]
Seat 1: jksgoodgz (button) folded before Flop (didn't bet)
Seat 2: pap-wwa (small blind) showed [Qc Th] and lost with a pair of Tens
Seat 3: Larrycall (big blind) folded before Flop
Seat 4: diamantes123 folded before Flop (didn't bet)
Seat 5: Mahu2021 folded before Flop (didn't bet)
Seat 6: GSanf showed [As Ad] and won ($15.85) with a pair of Aces



PokerStars Zoom Hand #254819651905:  Hold'em No Limit ($0.05/$0.10) - 2025/02/11 20:38:35 CET [2025/02/11 14:38:35 ET]
Table 'Aludra' 6-max Seat #1 is the button
Seat 1: Mahu2021 ($5.65 in chips) 
Seat 2: acd_045 ($12.08 in chips) 
Seat 3: Pavlik_Thebest ($17.24 in chips) 
Seat 4: vovo4kapooh ($10.45 in chips) 
Seat 5: Haesigster ($15.85 in chips) 
Seat 6: BONGO1208 ($13.72 in chips) 
acd_045: posts small blind $0.05
Pavlik_Thebest: posts big blind $0.10
*** HOLE CARDS ***
Dealt to Mahu2021 [Qs Ks]
vovo4kapooh: folds 
Haesigster: folds 
BONGO1208: folds 
Mahu2021: raises $0.20 to $0.30
acd_045: folds 
Pavlik_Thebest: raises $0.95 to $1.25
Mahu2021: calls $0.95
*** FLOP *** [Qc 3d 2c]
Pavlik_Thebest: bets $0.82
Mahu2021: raises $3.58 to $4.40 and is all-in
Pavlik_Thebest: folds 
Uncalled bet ($3.58) returned to Mahu2021
Mahu2021 collected $4 from pot
Mahu2021: doesn't show hand 
*** SUMMARY ***
Total pot $4.19 | Rake $0.19 
Board [Qc 3d 2c]
Seat 1: Mahu2021 (button) collected ($4)
Seat 2: acd_045 (small blind) folded before Flop
Seat 3: Pavlik_Thebest (big blind) folded on the Flop
Seat 4: vovo4kapooh folded before Flop (didn't bet)
Seat 5: Haesigster folded before Flop (didn't bet)
Seat 6: BONGO1208 folded before Flop (didn't bet)



PokerStars Zoom Hand #254819661438:  Hold'em No Limit ($0.05/$0.10) - 2025/02/11 20:39:08 CET [2025/02/11 14:39:08 ET]
Table 'Aludra' 6-max Seat #1 is the button
Seat 1: husky_sc85 ($10 in chips) 
Seat 2: BuBBleBoy548 ($10.31 in chips) 
Seat 3: bcflaw ($17.36 in chips) 
Seat 4: acd_045 ($14.05 in chips) 
Seat 5: Mahu2021 ($7.58 in chips) 
Seat 6: BONGO1208 ($13.57 in chips) 
BuBBleBoy548: posts small blind $0.05
bcflaw: posts big blind $0.10
*** HOLE CARDS ***
Dealt to Mahu2021 [9d 7c]
acd_045: folds 
Mahu2021: folds 
BONGO1208: folds 
husky_sc85: folds 
BuBBleBoy548: folds 
Uncalled bet ($0.05) returned to bcflaw
bcflaw collected $0.10 from pot
bcflaw: doesn't show hand 
*** SUMMARY ***
Total pot $0.10 | Rake $0 
Seat 1: husky_sc85 (button) folded before Flop (didn't bet)
Seat 2: BuBBleBoy548 (small blind) folded before Flop
Seat 3: bcflaw (big blind) collected ($0.10)
Seat 4: acd_045 folded before Flop (didn't bet)
Seat 5: Mahu2021 folded before Flop (didn't bet)
Seat 6: BONGO1208 folded before Flop (didn't bet)



PokerStars Zoom Hand #254819663300:  Hold'em No Limit ($0.05/$0.10) - 2025/02/11 20:39:15 CET [2025/02/11 14:39:15 ET]
Table 'Aludra' 6-max Seat #1 is the button
Seat 1: danyeul ($10 in chips) 
Seat 2: Mahu2021 ($7.58 in chips) 
Seat 3: Cl8rker ($22.46 in chips) 
Seat 4: Gregory.M23 ($28.79 in chips) 
Seat 5: Matzet1ka ($10 in chips) 
Seat 6: tobey18 ($8.50 in chips) 
Mahu2021: posts small blind $0.05
Cl8rker: posts big blind $0.10
*** HOLE CARDS ***
Dealt to Mahu2021 [Ts Jh]
Gregory.M23: folds 
Matzet1ka: folds 
tobey18: raises $0.12 to $0.22
danyeul: folds 
Mahu2021: calls $0.17
Cl8rker: folds 
*** FLOP *** [8c Kh 3d]
Mahu2021: checks 
tobey18: bets $0.36
Mahu2021: folds 
Uncalled bet ($0.36) returned to tobey18
tobey18 collected $0.52 from pot
tobey18: doesn't show hand 
*** SUMMARY ***
Total pot $0.54 | Rake $0.02 
Board [8c Kh 3d]
Seat 1: danyeul (button) folded before Flop (didn't bet)
Seat 2: Mahu2021 (small blind) folded on the Flop
Seat 3: Cl8rker (big blind) folded before Flop
Seat 4: Gregory.M23 folded before Flop (didn't bet)
Seat 5: Matzet1ka folded before Flop (didn't bet)
Seat 6: tobey18 collected ($0.52)



PokerStars Zoom Hand #254819671339:  Hold'em No Limit ($0.05/$0.10) - 2025/02/11 20:39:42 CET [2025/02/11 14:39:42 ET]
Table 'Aludra' 6-max Seat #1 is the button
Seat 1: metel-sky ($13.33 in chips) 
Seat 2: acd_045 ($16.14 in chips) 
Seat 3: Mahu2021 ($7.36 in chips) 
Seat 4: davidshell ($10.50 in chips) 
Seat 5: Losimas(LT) ($11.05 in chips) 
Seat 6: gini777gini ($8.04 in chips) 
acd_045: posts small blind $0.05
Mahu2021: posts big blind $0.10
*** HOLE CARDS ***
Dealt to Mahu2021 [9h 4d]
davidshell: folds 
Losimas(LT): folds 
gini777gini: folds 
metel-sky: raises $0.20 to $0.30
acd_045: folds 
Mahu2021: folds 
Uncalled bet ($0.20) returned to metel-sky
metel-sky collected $0.25 from pot
metel-sky: doesn't show hand 
*** SUMMARY ***
Total pot $0.25 | Rake $0 
Seat 1: metel-sky (button) collected ($0.25)
Seat 2: acd_045 (small blind) folded before Flop
Seat 3: Mahu2021 (big blind) folded before Flop
Seat 4: davidshell folded before Flop (didn't bet)
Seat 5: Losimas(LT) folded before Flop (didn't bet)
Seat 6: gini777gini folded before Flop (didn't bet)



PokerStars Zoom Hand #254819675931:  Hold'em No Limit ($0.05/$0.10) - 2025/02/11 20:39:58 CET [2025/02/11 14:39:58 ET]
Table 'Aludra' 6-max Seat #1 is the button
Seat 1: HurricaneO1 ($21.60 in chips) 
Seat 2: Johnagall ($9.90 in chips) 
Seat 3: diamantes123 ($11.74 in chips) 
Seat 4: xbengi ($6.22 in chips) 
Seat 5: BONGO1208 ($15.11 in chips) 
Seat 6: Mahu2021 ($7.26 in chips) 
Johnagall: posts small blind $0.05
diamantes123: posts big blind $0.10
*** HOLE CARDS ***
Dealt to Mahu2021 [2d Ts]
xbengi: folds 
BONGO1208: folds 
Mahu2021: folds 
HurricaneO1: folds 
Johnagall: folds 
Uncalled bet ($0.05) returned to diamantes123
diamantes123 collected $0.10 from pot
diamantes123: doesn't show hand 
*** SUMMARY ***
Total pot $0.10 | Rake $0 
Seat 1: HurricaneO1 (button) folded before Flop (didn't bet)
Seat 2: Johnagall (small blind) folded before Flop
Seat 3: diamantes123 (big blind) collected ($0.10)
Seat 4: xbengi folded before Flop (didn't bet)
Seat 5: BONGO1208 folded before Flop (didn't bet)
Seat 6: Mahu2021 folded before Flop (didn't bet)



PokerStars Zoom Hand #254819678949:  Hold'em No Limit ($0.05/$0.10) - 2025/02/11 20:40:09 CET [2025/02/11 14:40:09 ET]
Table 'Aludra' 6-max Seat #1 is the button
Seat 1: Mahu2021 ($7.26 in chips) 
Seat 2: anderson ca6 ($14.81 in chips) 
Seat 3: vovo4kapooh ($10 in chips) 
Seat 4: timoti777386 ($9.14 in chips) 
Seat 5: SnarkyP ($28.07 in chips) 
Seat 6: Jinzoo1 ($27.32 in chips) 
anderson ca6: posts small blind $0.05
vovo4kapooh: posts big blind $0.10
*** HOLE CARDS ***
Dealt to Mahu2021 [3c Ad]
timoti777386: raises $0.25 to $0.35
SnarkyP: folds 
Jinzoo1: folds 
Mahu2021: folds 
anderson ca6: folds 
vovo4kapooh: folds 
Uncalled bet ($0.25) returned to timoti777386
timoti777386 collected $0.25 from pot
timoti777386: doesn't show hand 
*** SUMMARY ***
Total pot $0.25 | Rake $0 
Seat 1: Mahu2021 (button) folded before Flop (didn't bet)
Seat 2: anderson ca6 (small blind) folded before Flop
Seat 3: vovo4kapooh (big blind) folded before Flop
Seat 4: timoti777386 collected ($0.25)
Seat 5: SnarkyP folded before Flop (didn't bet)
Seat 6: Jinzoo1 folded before Flop (didn't bet)



PokerStars Zoom Hand #254819682354:  Hold'em No Limit ($0.05/$0.10) - 2025/02/11 20:40:21 CET [2025/02/11 14:40:21 ET]
Table 'Aludra' 6-max Seat #1 is the button
Seat 1: Machestr ($9.81 in chips) 
Seat 2: Al Fr€d 69 ($12.29 in chips) 
Seat 3: Allvisa ($14.60 in chips) 
Seat 4: rojit07L ($27.58 in chips) 
Seat 5: unclebur ($4.02 in chips) 
Seat 6: Mahu2021 ($7.26 in chips) 
Al Fr€d 69: posts small blind $0.05
Allvisa: posts big blind $0.10
*** HOLE CARDS ***
Dealt to Mahu2021 [Ac 2d]
rojit07L: folds 
unclebur: raises $0.20 to $0.30
Mahu2021: folds 
Machestr: folds 
Al Fr€d 69: folds 
Allvisa: folds 
Uncalled bet ($0.20) returned to unclebur
unclebur collected $0.25 from pot
unclebur: doesn't show hand 
*** SUMMARY ***
Total pot $0.25 | Rake $0 
Seat 1: Machestr (button) folded before Flop (didn't bet)
Seat 2: Al Fr€d 69 (small blind) folded before Flop
Seat 3: Allvisa (big blind) folded before Flop
Seat 4: rojit07L folded before Flop (didn't bet)
Seat 5: unclebur collected ($0.25)
Seat 6: Mahu2021 folded before Flop (didn't bet)



PokerStars Zoom Hand #254819684678:  Hold'em No Limit ($0.05/$0.10) - 2025/02/11 20:40:29 CET [2025/02/11 14:40:29 ET]
Table 'Aludra' 6-max Seat #1 is the button
Seat 1: airsphere ($13.35 in chips) 
Seat 2: MrRooob9899 ($13.97 in chips) 
Seat 3: vovo4kapooh ($10 in chips) 
Seat 4: Mahu2021 ($7.21 in chips) 
Seat 5: dakatabr ($9.60 in chips) 
Seat 6: FIOMAD ($10 in chips) 
MrRooob9899: posts small blind $0.05
vovo4kapooh: posts big blind $0.10
*** HOLE CARDS ***
Dealt to Mahu2021 [Th 9d]
Mahu2021: folds 
dakatabr: folds 
FIOMAD: folds 
airsphere: folds 
MrRooob9899: folds 
Uncalled bet ($0.05) returned to vovo4kapooh
vovo4kapooh collected $0.10 from pot
vovo4kapooh: doesn't show hand 
*** SUMMARY ***
Total pot $0.10 | Rake $0 
Seat 1: airsphere (button) folded before Flop (didn't bet)
Seat 2: MrRooob9899 (small blind) folded before Flop
Seat 3: vovo4kapooh (big blind) collected ($0.10)
Seat 4: Mahu2021 folded before Flop (didn't bet)
Seat 5: dakatabr folded before Flop (didn't bet)
Seat 6: FIOMAD folded before Flop (didn't bet)



PokerStars Zoom Hand #254819677484:  Hold'em No Limit ($0.05/$0.10) - 2025/02/11 20:40:04 CET [2025/02/11 14:40:04 ET]
Table 'Aludra' 6-max Seat #1 is the button
Seat 1: Poklrll02 ($24.57 in chips) 
Seat 2: aimaisan ($36.52 in chips) 
Seat 3: Matzet1ka ($10 in chips) 
Seat 4: Mahu2021 ($7.26 in chips) 
Seat 5: pougia777 ($10.15 in chips) 
Seat 6: bcflaw ($31.71 in chips) 
aimaisan: posts small blind $0.05
Matzet1ka: posts big blind $0.10
*** HOLE CARDS ***
Dealt to Mahu2021 [Jd 3h]
Mahu2021: folds 
pougia777: folds 
bcflaw: raises $0.12 to $0.22
Poklrll02: raises $0.48 to $0.70
aimaisan: folds 
Matzet1ka: folds 
bcflaw: raises $1.30 to $2
Poklrll02: folds 
Uncalled bet ($1.30) returned to bcflaw
bcflaw collected $1.55 from pot
bcflaw: doesn't show hand 
*** SUMMARY ***
Total pot $1.55 | Rake $0 
Seat 1: Poklrll02 (button) folded before Flop
Seat 2: aimaisan (small blind) folded before Flop
Seat 3: Matzet1ka (big blind) folded before Flop
Seat 4: Mahu2021 folded before Flop (didn't bet)
Seat 5: pougia777 folded before Flop (didn't bet)
Seat 6: bcflaw collected ($1.55)



PokerStars Zoom Hand #254819685619:  Hold'em No Limit ($0.05/$0.10) - 2025/02/11 20:40:32 CET [2025/02/11 14:40:32 ET]
Table 'Aludra' 6-max Seat #1 is the button
Seat 1: lesantos0111 ($10.90 in chips) 
Seat 2: UNKNOWN_x_13 ($6.35 in chips) 
Seat 3: Mahu2021 ($7.21 in chips) 
Seat 4: thorindorf ($18.49 in chips) 
Seat 5: KrysuSkerdikas ($10.20 in chips) 
Seat 6: vinaof ($6.37 in chips) 
UNKNOWN_x_13: posts small blind $0.05
Mahu2021: posts big blind $0.10
*** HOLE CARDS ***
Dealt to Mahu2021 [8h Qs]
thorindorf: folds 
KrysuSkerdikas: folds 
vinaof: folds 
lesantos0111: folds 
UNKNOWN_x_13: folds 
Uncalled bet ($0.05) returned to Mahu2021
Mahu2021 collected $0.10 from pot
Mahu2021: doesn't show hand 
*** SUMMARY ***
Total pot $0.10 | Rake $0 
Seat 1: lesantos0111 (button) folded before Flop (didn't bet)
Seat 2: UNKNOWN_x_13 (small blind) folded before Flop
Seat 3: Mahu2021 (big blind) collected ($0.10)
Seat 4: thorindorf folded before Flop (didn't bet)
Seat 5: KrysuSkerdikas folded before Flop (didn't bet)
Seat 6: vinaof folded before Flop (didn't bet)



PokerStars Zoom Hand #254819683548:  Hold'em No Limit ($0.05/$0.10) - 2025/02/11 20:40:25 CET [2025/02/11 14:40:25 ET]
Table 'Aludra' 6-max Seat #1 is the button
Seat 1: timoti777386 ($9.19 in chips) 
Seat 2: Mahu2021 ($7.26 in chips) 
Seat 3: Haesigster ($22.66 in chips) 
Seat 4: Tompi2510 ($10.05 in chips) 
Seat 5: PavanaTTo23 ($12.47 in chips) 
Seat 6: LittleBigWil ($14.82 in chips) 
Mahu2021: posts small blind $0.05
Haesigster: posts big blind $0.10
*** HOLE CARDS ***
Dealt to Mahu2021 [Td 7c]
Tompi2510: folds 
PavanaTTo23: folds 
LittleBigWil: raises $0.12 to $0.22
timoti777386: calls $0.22
Mahu2021: folds 
Haesigster: calls $0.12
*** FLOP *** [Qh Ks 8h]
Haesigster: checks 
LittleBigWil: checks 
timoti777386: checks 
*** TURN *** [Qh Ks 8h] [2d]
Haesigster: bets $0.68
LittleBigWil: folds 
timoti777386: folds 
Uncalled bet ($0.68) returned to Haesigster
Haesigster collected $0.67 from pot
Haesigster: doesn't show hand 
*** SUMMARY ***
Total pot $0.71 | Rake $0.04 
Board [Qh Ks 8h 2d]
Seat 1: timoti777386 (button) folded on the Turn
Seat 2: Mahu2021 (small blind) folded before Flop
Seat 3: Haesigster (big blind) collected ($0.67)
Seat 4: Tompi2510 folded before Flop (didn't bet)
Seat 5: PavanaTTo23 folded before Flop (didn't bet)
Seat 6: LittleBigWil folded on the Turn



PokerStars Zoom Hand #254819680076:  Hold'em No Limit ($0.05/$0.10) - 2025/02/11 20:40:13 CET [2025/02/11 14:40:13 ET]
Table 'Aludra' 6-max Seat #1 is the button
Seat 1: aoi_0509 ($10 in chips) 
Seat 2: kokalakias ($9.52 in chips) 
Seat 3: TANEV78 ($16.70 in chips) 
Seat 4: azielsilvagv ($24.05 in chips) 
Seat 5: Mahu2021 ($7.26 in chips) 
Seat 6: FIOMAD ($10 in chips) 
kokalakias: posts small blind $0.05
TANEV78: posts big blind $0.10
*** HOLE CARDS ***
Dealt to Mahu2021 [Ts Qh]
azielsilvagv: folds 
Mahu2021: folds 
FIOMAD: folds 
aoi_0509: folds 
kokalakias: raises $0.12 to $0.22
TANEV78: calls $0.12
*** FLOP *** [Ac 4d 6h]
kokalakias: bets $0.21
TANEV78: calls $0.21
*** TURN *** [Ac 4d 6h] [Qs]
kokalakias: checks 
TANEV78: checks 
*** RIVER *** [Ac 4d 6h Qs] [5d]
kokalakias: checks 
TANEV78: bets $1
kokalakias: folds 
Uncalled bet ($1) returned to TANEV78
TANEV78 collected $0.82 from pot
TANEV78: doesn't show hand 
*** SUMMARY ***
Total pot $0.86 | Rake $0.04 
Board [Ac 4d 6h Qs 5d]
Seat 1: aoi_0509 (button) folded before Flop (didn't bet)
Seat 2: kokalakias (small blind) folded on the River
Seat 3: TANEV78 (big blind) collected ($0.82)
Seat 4: azielsilvagv folded before Flop (didn't bet)
Seat 5: Mahu2021 folded before Flop (didn't bet)
Seat 6: FIOMAD folded before Flop (didn't bet)



PokerStars Zoom Hand #254819688996:  Hold'em No Limit ($0.05/$0.10) - 2025/02/11 20:40:44 CET [2025/02/11 14:40:44 ET]
Table 'Aludra' 6-max Seat #1 is the button
Seat 1: tiodor1972 ($10.40 in chips) 
Seat 2: unclebur ($4.17 in chips) 
Seat 3: Kretschmeister ($35.07 in chips) 
Seat 4: MPKH509 ($12.36 in chips) 
Seat 5: Mahu2021 ($7.26 in chips) 
Seat 6: Dulvagan ($22.96 in chips) 
unclebur: posts small blind $0.05
Kretschmeister: posts big blind $0.10
*** HOLE CARDS ***
Dealt to Mahu2021 [Tc As]
MPKH509: folds 
Mahu2021: raises $0.14 to $0.24
Dulvagan: folds 
tiodor1972: raises $0.54 to $0.78
unclebur: folds 
Kretschmeister: folds 
Mahu2021: folds 
Uncalled bet ($0.54) returned to tiodor1972
tiodor1972 collected $0.63 from pot
tiodor1972: doesn't show hand 
*** SUMMARY ***
Total pot $0.63 | Rake $0 
Seat 1: tiodor1972 (button) collected ($0.63)
Seat 2: unclebur (small blind) folded before Flop
Seat 3: Kretschmeister (big blind) folded before Flop
Seat 4: MPKH509 folded before Flop (didn't bet)
Seat 5: Mahu2021 folded before Flop
Seat 6: Dulvagan folded before Flop (didn't bet)



PokerStars Zoom Hand #254819694872:  Hold'em No Limit ($0.05/$0.10) - 2025/02/11 20:41:04 CET [2025/02/11 14:41:04 ET]
Table 'Aludra' 6-max Seat #1 is the button
Seat 1: Kretschmeister ($34.92 in chips) 
Seat 2: Mahu2021 ($7.02 in chips) 
Seat 3: cibor74 ($11.50 in chips) 
Seat 4: Marczi20 ($10.74 in chips) 
Seat 5: jksgoodgz ($15.19 in chips) 
Seat 6: pomoriepower ($21.10 in chips) 
Mahu2021: posts small blind $0.05
cibor74: posts big blind $0.10
*** HOLE CARDS ***
Dealt to Mahu2021 [2h 7c]
Marczi20: folds 
jksgoodgz: folds 
pomoriepower: folds 
Kretschmeister: folds 
Mahu2021: folds 
Uncalled bet ($0.05) returned to cibor74
cibor74 collected $0.10 from pot
cibor74: doesn't show hand 
*** SUMMARY ***
Total pot $0.10 | Rake $0 
Seat 1: Kretschmeister (button) folded before Flop (didn't bet)
Seat 2: Mahu2021 (small blind) folded before Flop
Seat 3: cibor74 (big blind) collected ($0.10)
Seat 4: Marczi20 folded before Flop (didn't bet)
Seat 5: jksgoodgz folded before Flop (didn't bet)
Seat 6: pomoriepower folded before Flop (didn't bet)



PokerStars Zoom Hand #254819693717:  Hold'em No Limit ($0.05/$0.10) - 2025/02/11 20:41:00 CET [2025/02/11 14:41:00 ET]
Table 'Aludra' 6-max Seat #1 is the button
Seat 1: jksgoodgz ($33.02 in chips) 
Seat 2: top4eto860 ($14.42 in chips) 
Seat 3: KrysuSkerdikas ($14.18 in chips) 
Seat 4: Mahu2021 ($7.02 in chips) 
Seat 5: Blackstone1895 ($8.27 in chips) 
Seat 6: unclebur ($4.17 in chips) 
top4eto860: posts small blind $0.05
KrysuSkerdikas: posts big blind $0.10
*** HOLE CARDS ***
Dealt to Mahu2021 [6d Qh]
Mahu2021: folds 
Blackstone1895: folds 
unclebur: folds 
jksgoodgz: raises $0.15 to $0.25
top4eto860: folds 
KrysuSkerdikas: folds 
Uncalled bet ($0.15) returned to jksgoodgz
jksgoodgz collected $0.25 from pot
jksgoodgz: doesn't show hand 
*** SUMMARY ***
Total pot $0.25 | Rake $0 
Seat 1: jksgoodgz (button) collected ($0.25)
Seat 2: top4eto860 (small blind) folded before Flop
Seat 3: KrysuSkerdikas (big blind) folded before Flop
Seat 4: Mahu2021 folded before Flop (didn't bet)
Seat 5: Blackstone1895 folded before Flop (didn't bet)
Seat 6: unclebur folded before Flop (didn't bet)



PokerStars Zoom Hand #254819697148:  Hold'em No Limit ($0.05/$0.10) - 2025/02/11 20:41:12 CET [2025/02/11 14:41:12 ET]
Table 'Aludra' 6-max Seat #1 is the button
Seat 1: rossjack89 ($25.32 in chips) 
Seat 2: rojit07L ($30.07 in chips) 
Seat 3: tiodor1972 ($10.79 in chips) 
Seat 4: aimaisan ($29.30 in chips) 
Seat 5: Mahu2021 ($6.97 in chips) 
Seat 6: breezzzy88 ($13.43 in chips) 
rojit07L: posts small blind $0.05
tiodor1972: posts big blind $0.10
*** HOLE CARDS ***
Dealt to Mahu2021 [Th 2s]
aimaisan: folds 
Mahu2021: folds 
breezzzy88: folds 
rossjack89: folds 
rojit07L: folds 
Uncalled bet ($0.05) returned to tiodor1972
tiodor1972 collected $0.10 from pot
tiodor1972: doesn't show hand 
*** SUMMARY ***
Total pot $0.10 | Rake $0 
Seat 1: rossjack89 (button) folded before Flop (didn't bet)
Seat 2: rojit07L (small blind) folded before Flop
Seat 3: tiodor1972 (big blind) collected ($0.10)
Seat 4: aimaisan folded before Flop (didn't bet)
Seat 5: Mahu2021 folded before Flop (didn't bet)
Seat 6: breezzzy88 folded before Flop (didn't bet)



PokerStars Zoom Hand #254819696022:  Hold'em No Limit ($0.05/$0.10) - 2025/02/11 20:41:08 CET [2025/02/11 14:41:08 ET]
Table 'Aludra' 6-max Seat #1 is the button
Seat 1: Mahu2021 ($6.97 in chips) 
Seat 2: rossjack89 ($25.37 in chips) 
Seat 3: bcflaw ($11.79 in chips) 
Seat 4: vitalijus674 ($7.30 in chips) 
Seat 5: Kretschmeister ($34.92 in chips) 
Seat 6: NicBrotzu ($12.83 in chips) 
rossjack89: posts small blind $0.05
bcflaw: posts big blind $0.10
*** HOLE CARDS ***
Dealt to Mahu2021 [Qc 9d]
vitalijus674: calls $0.10
Kretschmeister: folds 
NicBrotzu: raises $0.35 to $0.45
Mahu2021: folds 
rossjack89: folds 
bcflaw: raises $1.05 to $1.50
vitalijus674: folds 
NicBrotzu: folds 
Uncalled bet ($1.05) returned to bcflaw
bcflaw collected $1.05 from pot
bcflaw: doesn't show hand 
*** SUMMARY ***
Total pot $1.05 | Rake $0 
Seat 1: Mahu2021 (button) folded before Flop (didn't bet)
Seat 2: rossjack89 (small blind) folded before Flop
Seat 3: bcflaw (big blind) collected ($1.05)
Seat 4: vitalijus674 folded before Flop
Seat 5: Kretschmeister folded before Flop (didn't bet)
Seat 6: NicBrotzu folded before Flop



PokerStars Zoom Hand #254819698049:  Hold'em No Limit ($0.05/$0.10) - 2025/02/11 20:41:15 CET [2025/02/11 14:41:15 ET]
Table 'Aludra' 6-max Seat #1 is the button
Seat 1: GSanf ($17.26 in chips) 
Seat 2: alanindublin ($11.28 in chips) 
Seat 3: Mahu2021 ($6.97 in chips) 
Seat 4: diamantes123 ($10 in chips) 
Seat 5: Tompi2510 ($10 in chips) 
Seat 6: Pavlik_Thebest ($14.50 in chips) 
alanindublin: posts small blind $0.05
Mahu2021: posts big blind $0.10
*** HOLE CARDS ***
Dealt to Mahu2021 [Ah 9d]
diamantes123: folds 
Tompi2510: folds 
Pavlik_Thebest: folds 
GSanf: folds 
alanindublin: folds 
Uncalled bet ($0.05) returned to Mahu2021
Mahu2021 collected $0.10 from pot
Mahu2021: doesn't show hand 
*** SUMMARY ***
Total pot $0.10 | Rake $0 
Seat 1: GSanf (button) folded before Flop (didn't bet)
Seat 2: alanindublin (small blind) folded before Flop
Seat 3: Mahu2021 (big blind) collected ($0.10)
Seat 4: diamantes123 folded before Flop (didn't bet)
Seat 5: Tompi2510 folded before Flop (didn't bet)
Seat 6: Pavlik_Thebest folded before Flop (didn't bet)



PokerStars Zoom Hand #254819702960:  Hold'em No Limit ($0.05/$0.10) - 2025/02/11 20:41:32 CET [2025/02/11 14:41:32 ET]
Table 'Aludra' 6-max Seat #1 is the button
Seat 1: pap-wwa ($2.50 in chips) 
Seat 2: Mahu2021 ($7.02 in chips) 
Seat 3: Tompi2510 ($10 in chips) 
Seat 4: Jannemann1999 ($22.06 in chips) 
Seat 5: Marczi20 ($10.74 in chips) 
Seat 6: MR_HKO_DK ($10 in chips) 
Mahu2021: posts small blind $0.05
Tompi2510: posts big blind $0.10
*** HOLE CARDS ***
Dealt to Mahu2021 [Td 2d]
Jannemann1999: folds 
Marczi20: folds 
MR_HKO_DK: folds 
pap-wwa: folds 
Mahu2021: folds 
Uncalled bet ($0.05) returned to Tompi2510
Tompi2510 collected $0.10 from pot
Tompi2510: doesn't show hand 
*** SUMMARY ***
Total pot $0.10 | Rake $0 
Seat 1: pap-wwa (button) folded before Flop (didn't bet)
Seat 2: Mahu2021 (small blind) folded before Flop
Seat 3: Tompi2510 (big blind) collected ($0.10)
Seat 4: Jannemann1999 folded before Flop (didn't bet)
Seat 5: Marczi20 folded before Flop (didn't bet)
Seat 6: MR_HKO_DK folded before Flop (didn't bet)



PokerStars Zoom Hand #254819703958:  Hold'em No Limit ($0.05/$0.10) - 2025/02/11 20:41:35 CET [2025/02/11 14:41:35 ET]
Table 'Aludra' 6-max Seat #1 is the button
Seat 1: Jannemann1999 ($22.06 in chips) 
Seat 2: timoti777386 ($8.72 in chips) 
Seat 3: rossjack89 ($25.27 in chips) 
Seat 4: Matzet1ka ($10.95 in chips) 
Seat 5: BrittaRB ($11.35 in chips) 
Seat 6: Mahu2021 ($6.97 in chips) 
timoti777386: posts small blind $0.05
rossjack89: posts big blind $0.10
*** HOLE CARDS ***
Dealt to Mahu2021 [Jc 7d]
Matzet1ka: folds 
BrittaRB: calls $0.10
Mahu2021: folds 
Jannemann1999: folds 
timoti777386: folds 
rossjack89: checks 
*** FLOP *** [3s 8c Tc]
rossjack89: checks 
BrittaRB: checks 
*** TURN *** [3s 8c Tc] [7h]
rossjack89: checks 
BrittaRB: bets $0.20
rossjack89: calls $0.20
*** RIVER *** [3s 8c Tc 7h] [As]
rossjack89: checks 
BrittaRB: bets $0.50
rossjack89: folds 
Uncalled bet ($0.50) returned to BrittaRB
BrittaRB collected $0.62 from pot
BrittaRB: doesn't show hand 
*** SUMMARY ***
Total pot $0.65 | Rake $0.03 
Board [3s 8c Tc 7h As]
Seat 1: Jannemann1999 (button) folded before Flop (didn't bet)
Seat 2: timoti777386 (small blind) folded before Flop
Seat 3: rossjack89 (big blind) folded on the River
Seat 4: Matzet1ka folded before Flop (didn't bet)
Seat 5: BrittaRB collected ($0.62)
Seat 6: Mahu2021 folded before Flop (didn't bet)



PokerStars Zoom Hand #254819705301:  Hold'em No Limit ($0.05/$0.10) - 2025/02/11 20:41:40 CET [2025/02/11 14:41:40 ET]
Table 'Aludra' 6-max Seat #1 is the button
Seat 1: bogek210 ($10.73 in chips) 
Seat 2: aimaisan ($29.65 in chips) 
Seat 3: oyuka1988 ($8.30 in chips) 
Seat 4: Mahu2021 ($6.97 in chips) 
Seat 5: lesantos0111 ($11.05 in chips) 
Seat 6: pougia777 ($10.05 in chips) 
aimaisan: posts small blind $0.05
oyuka1988: posts big blind $0.10
*** HOLE CARDS ***
Dealt to Mahu2021 [8d Qd]
Mahu2021: raises $0.14 to $0.24
lesantos0111: folds 
pougia777: folds 
bogek210: folds 
aimaisan: folds 
oyuka1988: calls $0.14
*** FLOP *** [Ks Ad 6d]
oyuka1988: checks 
Mahu2021: checks 
*** TURN *** [Ks Ad 6d] [Ac]
oyuka1988: bets $0.46
Mahu2021: calls $0.46
*** RIVER *** [Ks Ad 6d Ac] [5h]
oyuka1988: bets $1.28
Mahu2021: folds 
Uncalled bet ($1.28) returned to oyuka1988
oyuka1988 collected $1.38 from pot
oyuka1988: doesn't show hand 
*** SUMMARY ***
Total pot $1.45 | Rake $0.07 
Board [Ks Ad 6d Ac 5h]
Seat 1: bogek210 (button) folded before Flop (didn't bet)
Seat 2: aimaisan (small blind) folded before Flop
Seat 3: oyuka1988 (big blind) collected ($1.38)
Seat 4: Mahu2021 folded on the River
Seat 5: lesantos0111 folded before Flop (didn't bet)
Seat 6: pougia777 folded before Flop (didn't bet)



PokerStars Zoom Hand #254819716602:  Hold'em No Limit ($0.05/$0.10) - 2025/02/11 20:42:19 CET [2025/02/11 14:42:19 ET]
Table 'Aludra' 6-max Seat #1 is the button
Seat 1: diamantes123 ($10.42 in chips) 
Seat 2: cibor74 ($10.65 in chips) 
Seat 3: rossjack89 ($14.57 in chips) 
Seat 4: Mahu2021 ($6.27 in chips) 
Seat 5: LittleBigWil ($14.75 in chips) 
Seat 6: TANEV78 ($20.98 in chips) 
cibor74: posts small blind $0.05
rossjack89: posts big blind $0.10
*** HOLE CARDS ***
Dealt to Mahu2021 [3s Qs]
Mahu2021: folds 
LittleBigWil: folds 
TANEV78: folds 
diamantes123: folds 
cibor74: raises $0.20 to $0.30
rossjack89: folds 
Uncalled bet ($0.20) returned to cibor74
cibor74 collected $0.20 from pot
cibor74: doesn't show hand 
*** SUMMARY ***
Total pot $0.20 | Rake $0 
Seat 1: diamantes123 (button) folded before Flop (didn't bet)
Seat 2: cibor74 (small blind) collected ($0.20)
Seat 3: rossjack89 (big blind) folded before Flop
Seat 4: Mahu2021 folded before Flop (didn't bet)
Seat 5: LittleBigWil folded before Flop (didn't bet)
Seat 6: TANEV78 folded before Flop (didn't bet)



PokerStars Zoom Hand #254819717730:  Hold'em No Limit ($0.05/$0.10) - 2025/02/11 20:42:23 CET [2025/02/11 14:42:23 ET]
Table 'Aludra' 6-max Seat #1 is the button
Seat 1: TANEV78 ($18.23 in chips) 
Seat 2: megaloshara ($13.13 in chips) 
Seat 3: Mahu2021 ($6.27 in chips) 
Seat 4: PavanaTTo23 ($12.89 in chips) 
Seat 5: breezzzy88 ($10 in chips) 
Seat 6: Losimas(LT) ($10 in chips) 
megaloshara: posts small blind $0.05
Mahu2021: posts big blind $0.10
*** HOLE CARDS ***
Dealt to Mahu2021 [9h Qd]
PavanaTTo23: raises $0.10 to $0.20
breezzzy88: folds 
Losimas(LT): folds 
TANEV78: folds 
megaloshara: folds 
Mahu2021: calls $0.10
*** FLOP *** [3h 4c Ad]
Mahu2021: checks 
PavanaTTo23: bets $0.14
Mahu2021: folds 
Uncalled bet ($0.14) returned to PavanaTTo23
PavanaTTo23 collected $0.43 from pot
PavanaTTo23: doesn't show hand 
*** SUMMARY ***
Total pot $0.45 | Rake $0.02 
Board [3h 4c Ad]
Seat 1: TANEV78 (button) folded before Flop (didn't bet)
Seat 2: megaloshara (small blind) folded before Flop
Seat 3: Mahu2021 (big blind) folded on the Flop
Seat 4: PavanaTTo23 collected ($0.43)
Seat 5: breezzzy88 folded before Flop (didn't bet)
Seat 6: Losimas(LT) folded before Flop (didn't bet)



PokerStars Zoom Hand #254819715036:  Hold'em No Limit ($0.05/$0.10) - 2025/02/11 20:42:14 CET [2025/02/11 14:42:14 ET]
Table 'Aludra' 6-max Seat #1 is the button
Seat 1: megaloshara ($13.13 in chips) 
Seat 2: diamantes123 ($12.05 in chips) 
Seat 3: hiding.by ($10 in chips) 
Seat 4: top4eto860 ($14.74 in chips) 
Seat 5: anderson ca6 ($10.27 in chips) 
Seat 6: Mahu2021 ($6.27 in chips) 
diamantes123: posts small blind $0.05
hiding.by: posts big blind $0.10
*** HOLE CARDS ***
Dealt to Mahu2021 [3c Ah]
top4eto860: folds 
anderson ca6: raises $0.15 to $0.25
Mahu2021: folds 
megaloshara: folds 
diamantes123: folds 
hiding.by: calls $0.15
*** FLOP *** [9h 8s As]
hiding.by: checks 
anderson ca6: bets $0.30
hiding.by: calls $0.30
*** TURN *** [9h 8s As] [8c]
hiding.by: checks 
anderson ca6: bets $0.83
hiding.by: calls $0.83
*** RIVER *** [9h 8s As 8c] [Jd]
hiding.by: checks 
anderson ca6: bets $2.68
hiding.by: folds 
Uncalled bet ($2.68) returned to anderson ca6
anderson ca6 collected $2.68 from pot
anderson ca6: doesn't show hand 
*** SUMMARY ***
Total pot $2.81 | Rake $0.13 
Board [9h 8s As 8c Jd]
Seat 1: megaloshara (button) folded before Flop (didn't bet)
Seat 2: diamantes123 (small blind) folded before Flop
Seat 3: hiding.by (big blind) folded on the River
Seat 4: top4eto860 folded before Flop (didn't bet)
Seat 5: anderson ca6 collected ($2.68)
Seat 6: Mahu2021 folded before Flop (didn't bet)



PokerStars Zoom Hand #254819715992:  Hold'em No Limit ($0.05/$0.10) - 2025/02/11 20:42:17 CET [2025/02/11 14:42:17 ET]
Table 'Aludra' 6-max Seat #1 is the button
Seat 1: Tompi2510 ($10.15 in chips) 
Seat 2: thegostface ($13.97 in chips) 
Seat 3: husky_sc85 ($11.99 in chips) 
Seat 4: Mahu2021 ($6.27 in chips) 
Seat 5: Haesigster ($22.22 in chips) 
Seat 6: Al Fr€d 69 ($12.09 in chips) 
thegostface: posts small blind $0.05
husky_sc85: posts big blind $0.10
*** HOLE CARDS ***
Dealt to Mahu2021 [5c Kh]
Mahu2021: folds 
Haesigster: calls $0.10
Al Fr€d 69: raises $0.40 to $0.50
Tompi2510: folds 
thegostface: folds 
husky_sc85: folds 
Haesigster: calls $0.40
*** FLOP *** [9h Jc 2s]
Haesigster: checks 
Al Fr€d 69: bets $0.55
Haesigster: folds 
Uncalled bet ($0.55) returned to Al Fr€d 69
Al Fr€d 69 collected $1.09 from pot
Al Fr€d 69: doesn't show hand 
*** SUMMARY ***
Total pot $1.15 | Rake $0.06 
Board [9h Jc 2s]
Seat 1: Tompi2510 (button) folded before Flop (didn't bet)
Seat 2: thegostface (small blind) folded before Flop
Seat 3: husky_sc85 (big blind) folded before Flop
Seat 4: Mahu2021 folded before Flop (didn't bet)
Seat 5: Haesigster folded on the Flop
Seat 6: Al Fr€d 69 collected ($1.09)



PokerStars Zoom Hand #254819713866:  Hold'em No Limit ($0.05/$0.10) - 2025/02/11 20:42:10 CET [2025/02/11 14:42:10 ET]
Table 'Aludra' 6-max Seat #1 is the button
Seat 1: Mahu2021 ($6.27 in chips) 
Seat 2: Losimas(LT) ($10 in chips) 
Seat 3: karo_wpc ($11.82 in chips) 
Seat 4: Kretschmeister ($34.92 in chips) 
Seat 5: tiodor1972 ($10.64 in chips) 
Seat 6: m0nster1989_ ($10 in chips) 
Losimas(LT): posts small blind $0.05
karo_wpc: posts big blind $0.10
*** HOLE CARDS ***
Dealt to Mahu2021 [4h 6s]
Kretschmeister: raises $0.15 to $0.25
tiodor1972: folds 
m0nster1989_: folds 
Mahu2021: folds 
Losimas(LT): folds 
karo_wpc: calls $0.15
*** FLOP *** [9s Js Qs]
karo_wpc: checks 
Kretschmeister: bets $0.33
karo_wpc: calls $0.33
*** TURN *** [9s Js Qs] [2h]
karo_wpc: checks 
Kretschmeister: bets $0.66
karo_wpc: calls $0.66
*** RIVER *** [9s Js Qs 2h] [Ac]
karo_wpc: checks 
Kretschmeister: checks 
*** SHOW DOWN ***
karo_wpc: shows [Qc Jd] (two pair, Queens and Jacks)
Kretschmeister: mucks hand 
karo_wpc collected $2.42 from pot
*** SUMMARY ***
Total pot $2.53 | Rake $0.11 
Board [9s Js Qs 2h Ac]
Seat 1: Mahu2021 (button) folded before Flop (didn't bet)
Seat 2: Losimas(LT) (small blind) folded before Flop
Seat 3: karo_wpc (big blind) showed [Qc Jd] and won ($2.42) with two pair, Queens and Jacks
Seat 4: Kretschmeister mucked [6c 6h]
Seat 5: tiodor1972 folded before Flop (didn't bet)
Seat 6: m0nster1989_ folded before Flop (didn't bet)



PokerStars Zoom Hand #254819722959:  Hold'em No Limit ($0.05/$0.10) - 2025/02/11 20:42:41 CET [2025/02/11 14:42:41 ET]
Table 'Aludra' 6-max Seat #1 is the button
Seat 1: kokalakias ($9.31 in chips) 
Seat 2: Matzet1ka ($11.12 in chips) 
Seat 3: LigoL ($10.10 in chips) 
Seat 4: YoloPôker ($11.16 in chips) 
Seat 5: rojit07L ($12.28 in chips) 
Seat 6: Mahu2021 ($6.07 in chips) 
Matzet1ka: posts small blind $0.05
LigoL: posts big blind $0.10
*** HOLE CARDS ***
Dealt to Mahu2021 [Js Qc]
YoloPôker: folds 
rojit07L: folds 
Mahu2021: raises $0.14 to $0.24
kokalakias: calls $0.24
Matzet1ka: folds 
LigoL: folds 
*** FLOP *** [3s 9d 6c]
Mahu2021: checks 
kokalakias: bets $0.30
Mahu2021: calls $0.30
*** TURN *** [3s 9d 6c] [2h]
Mahu2021: checks 
kokalakias: bets $0.60
Mahu2021: folds 
Uncalled bet ($0.60) returned to kokalakias
kokalakias collected $1.17 from pot
kokalakias: doesn't show hand 
*** SUMMARY ***
Total pot $1.23 | Rake $0.06 
Board [3s 9d 6c 2h]
Seat 1: kokalakias (button) collected ($1.17)
Seat 2: Matzet1ka (small blind) folded before Flop
Seat 3: LigoL (big blind) folded before Flop
Seat 4: YoloPôker folded before Flop (didn't bet)
Seat 5: rojit07L folded before Flop (didn't bet)
Seat 6: Mahu2021 folded on the Turn



PokerStars Zoom Hand #254819731979:  Hold'em No Limit ($0.05/$0.10) - 2025/02/11 20:43:12 CET [2025/02/11 14:43:12 ET]
Table 'Aludra' 6-max Seat #1 is the button
Seat 1: davidshell ($22.50 in chips) 
Seat 2: Mahu2021 ($5.53 in chips) 
Seat 3: pap-wwa ($5.37 in chips) 
Seat 4: Losimas(LT) ($10 in chips) 
Seat 5: Jannemann1999 ($19.77 in chips) 
Seat 6: pougia777 ($10.45 in chips) 
Mahu2021: posts small blind $0.05
pap-wwa: posts big blind $0.10
*** HOLE CARDS ***
Dealt to Mahu2021 [Ts Ac]
Losimas(LT): folds 
Jannemann1999: folds 
pougia777: raises $0.15 to $0.25
davidshell: raises $0.50 to $0.75
Mahu2021: folds 
pap-wwa: folds 
pougia777: calls $0.50
*** FLOP *** [Kh 9c 2c]
pougia777: checks 
davidshell: bets $0.70
pougia777: folds 
Uncalled bet ($0.70) returned to davidshell
davidshell collected $1.58 from pot
davidshell: doesn't show hand 
*** SUMMARY ***
Total pot $1.65 | Rake $0.07 
Board [Kh 9c 2c]
Seat 1: davidshell (button) collected ($1.58)
Seat 2: Mahu2021 (small blind) folded before Flop
Seat 3: pap-wwa (big blind) folded before Flop
Seat 4: Losimas(LT) folded before Flop (didn't bet)
Seat 5: Jannemann1999 folded before Flop (didn't bet)
Seat 6: pougia777 folded on the Flop



PokerStars Zoom Hand #254819735666:  Hold'em No Limit ($0.05/$0.10) - 2025/02/11 20:43:25 CET [2025/02/11 14:43:25 ET]
Table 'Aludra' 6-max Seat #1 is the button
Seat 1: Mahu2021 ($5.48 in chips) 
Seat 2: pap-wwa ($5.27 in chips) 
Seat 3: MR_HKO_DK ($10.55 in chips) 
Seat 4: Al Fr€d 69 ($12.58 in chips) 
Seat 5: Zwenni24 ($10.85 in chips) 
Seat 6: t1a2n330 ($29.60 in chips) 
pap-wwa: posts small blind $0.05
MR_HKO_DK: posts big blind $0.10
*** HOLE CARDS ***
Dealt to Mahu2021 [Jd Ts]
Al Fr€d 69: folds 
Zwenni24: folds 
t1a2n330: folds 
Mahu2021: raises $0.20 to $0.30
pap-wwa: folds 
MR_HKO_DK: calls $0.20
*** FLOP *** [5h Ac Qs]
MR_HKO_DK: checks 
Mahu2021: bets $0.30
MR_HKO_DK: folds 
Uncalled bet ($0.30) returned to Mahu2021
Mahu2021 collected $0.62 from pot
Mahu2021: doesn't show hand 
*** SUMMARY ***
Total pot $0.65 | Rake $0.03 
Board [5h Ac Qs]
Seat 1: Mahu2021 (button) collected ($0.62)
Seat 2: pap-wwa (small blind) folded before Flop
Seat 3: MR_HKO_DK (big blind) folded on the Flop
Seat 4: Al Fr€d 69 folded before Flop (didn't bet)
Seat 5: Zwenni24 folded before Flop (didn't bet)
Seat 6: t1a2n330 folded before Flop (didn't bet)



PokerStars Zoom Hand #254819750902:  Hold'em No Limit ($0.05/$0.10) - 2025/02/11 20:44:18 CET [2025/02/11 14:44:18 ET]
Table 'Aludra' 6-max Seat #1 is the button
Seat 1: Tompi2510 ($10 in chips) 
Seat 2: oyuka1988 ($7.67 in chips) 
Seat 3: kokalakias ($9.84 in chips) 
Seat 4: @Marco@5439 ($45.58 in chips) 
Seat 5: Mahu2021 ($5.70 in chips) 
Seat 6: iamknight ($5.25 in chips) 
oyuka1988: posts small blind $0.05
kokalakias: posts big blind $0.10
*** HOLE CARDS ***
Dealt to Mahu2021 [Tc Td]
@Marco@5439: folds 
Mahu2021: raises $0.14 to $0.24
iamknight: folds 
Tompi2510: folds 
oyuka1988: folds 
kokalakias: folds 
Uncalled bet ($0.14) returned to Mahu2021
Mahu2021 collected $0.25 from pot
Mahu2021: doesn't show hand 
*** SUMMARY ***
Total pot $0.25 | Rake $0 
Seat 1: Tompi2510 (button) folded before Flop (didn't bet)
Seat 2: oyuka1988 (small blind) folded before Flop
Seat 3: kokalakias (big blind) folded before Flop
Seat 4: @Marco@5439 folded before Flop (didn't bet)
Seat 5: Mahu2021 collected ($0.25)
Seat 6: iamknight folded before Flop (didn't bet)



PokerStars Zoom Hand #254819749738:  Hold'em No Limit ($0.05/$0.10) - 2025/02/11 20:44:14 CET [2025/02/11 14:44:14 ET]
Table 'Aludra' 6-max Seat #1 is the button
Seat 1: Baygirl50 ($8.75 in chips) 
Seat 2: aalewee56 ($6.23 in chips) 
Seat 3: TANEV78 ($13.87 in chips) 
Seat 4: aimaisan ($37.88 in chips) 
Seat 5: Mahu2021 ($5.70 in chips) 
Seat 6: oyuka1988 ($7.67 in chips) 
aalewee56: posts small blind $0.05
TANEV78: posts big blind $0.10
*** HOLE CARDS ***
Dealt to Mahu2021 [7c Ks]
aimaisan: raises $0.10 to $0.20
Mahu2021: folds 
oyuka1988: folds 
Baygirl50: calls $0.20
aalewee56: folds 
TANEV78: folds 
*** FLOP *** [5s Qc 3c]
aimaisan: bets $0.17
Baygirl50: folds 
Uncalled bet ($0.17) returned to aimaisan
aimaisan collected $0.53 from pot
aimaisan: doesn't show hand 
*** SUMMARY ***
Total pot $0.55 | Rake $0.02 
Board [5s Qc 3c]
Seat 1: Baygirl50 (button) folded on the Flop
Seat 2: aalewee56 (small blind) folded before Flop
Seat 3: TANEV78 (big blind) folded before Flop
Seat 4: aimaisan collected ($0.53)
Seat 5: Mahu2021 folded before Flop (didn't bet)
Seat 6: oyuka1988 folded before Flop (didn't bet)



PokerStars Zoom Hand #254819743188:  Hold'em No Limit ($0.05/$0.10) - 2025/02/11 20:43:51 CET [2025/02/11 14:43:51 ET]
Table 'Aludra' 6-max Seat #1 is the button
Seat 1: FIOMAD ($10 in chips) 
Seat 2: aimaisan ($23.69 in chips) 
Seat 3: Mahu2021 ($5.80 in chips) 
Seat 4: sigmanolimit ($28.84 in chips) 
Seat 5: dombunning ($10.70 in chips) 
Seat 6: gini777gini ($7.49 in chips) 
aimaisan: posts small blind $0.05
Mahu2021: posts big blind $0.10
*** HOLE CARDS ***
Dealt to Mahu2021 [Ad 7h]
sigmanolimit: folds 
dombunning: folds 
gini777gini: raises $0.20 to $0.30
FIOMAD: folds 
aimaisan: raises $0.90 to $1.20
Mahu2021: folds 
gini777gini: calls $0.90
*** FLOP *** [7c 4h Th]
aimaisan: bets $0.79
gini777gini: folds 
Uncalled bet ($0.79) returned to aimaisan
aimaisan collected $2.39 from pot
aimaisan: doesn't show hand 
*** SUMMARY ***
Total pot $2.50 | Rake $0.11 
Board [7c 4h Th]
Seat 1: FIOMAD (button) folded before Flop (didn't bet)
Seat 2: aimaisan (small blind) collected ($2.39)
Seat 3: Mahu2021 (big blind) folded before Flop
Seat 4: sigmanolimit folded before Flop (didn't bet)
Seat 5: dombunning folded before Flop (didn't bet)
Seat 6: gini777gini folded on the Flop



PokerStars Zoom Hand #254819756250:  Hold'em No Limit ($0.05/$0.10) - 2025/02/11 20:44:37 CET [2025/02/11 14:44:37 ET]
Table 'Aludra' 6-max Seat #1 is the button
Seat 1: Mahu2021 ($5.80 in chips) 
Seat 2: Zwenni24 ($10.20 in chips) 
Seat 3: xbengi ($10.18 in chips) 
Seat 4: gini777gini ($6.29 in chips) 
Seat 5: Matzet1ka ($10.34 in chips) 
Seat 6: Machestr ($9.85 in chips) 
Zwenni24: posts small blind $0.05
xbengi: posts big blind $0.10
*** HOLE CARDS ***
Dealt to Mahu2021 [4h Jd]
gini777gini: folds 
Matzet1ka: folds 
Machestr: folds 
Mahu2021: folds 
Zwenni24: folds 
Uncalled bet ($0.05) returned to xbengi
xbengi collected $0.10 from pot
xbengi: doesn't show hand 
*** SUMMARY ***
Total pot $0.10 | Rake $0 
Seat 1: Mahu2021 (button) folded before Flop (didn't bet)
Seat 2: Zwenni24 (small blind) folded before Flop
Seat 3: xbengi (big blind) collected ($0.10)
Seat 4: gini777gini folded before Flop (didn't bet)
Seat 5: Matzet1ka folded before Flop (didn't bet)
Seat 6: Machestr folded before Flop (didn't bet)



PokerStars Zoom Hand #254819754316:  Hold'em No Limit ($0.05/$0.10) - 2025/02/11 20:44:30 CET [2025/02/11 14:44:30 ET]
Table 'Aludra' 6-max Seat #1 is the button
Seat 1: Losimas(LT) ($10 in chips) 
Seat 2: Mahu2021 ($5.85 in chips) 
Seat 3: aimaisan ($37.42 in chips) 
Seat 4: acd_045 ($15.28 in chips) 
Seat 5: LukksAA ($10.26 in chips) 
Seat 6: Chakman1990 ($9.85 in chips) 
Mahu2021: posts small blind $0.05
aimaisan: posts big blind $0.10
*** HOLE CARDS ***
Dealt to Mahu2021 [As 6c]
acd_045: raises $0.15 to $0.25
LukksAA: folds 
Chakman1990: folds 
Losimas(LT): raises $0.50 to $0.75
Mahu2021: folds 
aimaisan: folds 
acd_045: folds 
Uncalled bet ($0.50) returned to Losimas(LT)
Losimas(LT) collected $0.65 from pot
Losimas(LT): doesn't show hand 
*** SUMMARY ***
Total pot $0.65 | Rake $0 
Seat 1: Losimas(LT) (button) collected ($0.65)
Seat 2: Mahu2021 (small blind) folded before Flop
Seat 3: aimaisan (big blind) folded before Flop
Seat 4: acd_045 folded before Flop
Seat 5: LukksAA folded before Flop (didn't bet)
Seat 6: Chakman1990 folded before Flop (didn't bet)



PokerStars Zoom Hand #254819757555:  Hold'em No Limit ($0.05/$0.10) - 2025/02/11 20:44:41 CET [2025/02/11 14:44:41 ET]
Table 'Aludra' 6-max Seat #1 is the button
Seat 1: BuBBleBoy548 ($10 in chips) 
Seat 2: m0nster1989_ ($10.47 in chips) 
Seat 3: SwishTiroCerto ($8.46 in chips) 
Seat 4: Matzet1ka ($10.34 in chips) 
Seat 5: com8 ($8.84 in chips) 
Seat 6: Mahu2021 ($5.80 in chips) 
m0nster1989_: posts small blind $0.05
SwishTiroCerto: posts big blind $0.10
*** HOLE CARDS ***
Dealt to Mahu2021 [9d Qs]
Matzet1ka: raises $0.15 to $0.25
com8: folds 
Mahu2021: folds 
BuBBleBoy548: folds 
m0nster1989_: folds 
SwishTiroCerto: folds 
Uncalled bet ($0.15) returned to Matzet1ka
Matzet1ka collected $0.25 from pot
Matzet1ka: doesn't show hand 
*** SUMMARY ***
Total pot $0.25 | Rake $0 
Seat 1: BuBBleBoy548 (button) folded before Flop (didn't bet)
Seat 2: m0nster1989_ (small blind) folded before Flop
Seat 3: SwishTiroCerto (big blind) folded before Flop
Seat 4: Matzet1ka collected ($0.25)
Seat 5: com8 folded before Flop (didn't bet)
Seat 6: Mahu2021 folded before Flop (didn't bet)



PokerStars Zoom Hand #254819758982:  Hold'em No Limit ($0.05/$0.10) - 2025/02/11 20:44:46 CET [2025/02/11 14:44:46 ET]
Table 'Aludra' 6-max Seat #1 is the button
Seat 1: maldobex ($10.38 in chips) 
Seat 2: MR_HKO_DK ($22.67 in chips) 
Seat 3: Mahu2021 ($5.80 in chips) 
Seat 4: MrRooob9899 ($11.67 in chips) 
Seat 5: Tompi2510 ($10.05 in chips) 
Seat 6: airsphere ($11.29 in chips) 
MR_HKO_DK: posts small blind $0.05
Mahu2021: posts big blind $0.10
*** HOLE CARDS ***
Dealt to Mahu2021 [5d Ad]
MrRooob9899: folds 
Tompi2510: folds 
airsphere: folds 
maldobex: raises $0.10 to $0.20
MR_HKO_DK: folds 
Mahu2021: calls $0.10
*** FLOP *** [Qh 8s 6c]
Mahu2021: checks 
maldobex: bets $0.14
Mahu2021: calls $0.14
*** TURN *** [Qh 8s 6c] [Js]
Mahu2021: checks 
maldobex: checks 
*** RIVER *** [Qh 8s 6c Js] [9d]
Mahu2021: bets $1.60
maldobex: folds 
Uncalled bet ($1.60) returned to Mahu2021
Mahu2021 collected $0.70 from pot
Mahu2021: doesn't show hand 
*** SUMMARY ***
Total pot $0.73 | Rake $0.03 
Board [Qh 8s 6c Js 9d]
Seat 1: maldobex (button) folded on the River
Seat 2: MR_HKO_DK (small blind) folded before Flop
Seat 3: Mahu2021 (big blind) collected ($0.70)
Seat 4: MrRooob9899 folded before Flop (didn't bet)
Seat 5: Tompi2510 folded before Flop (didn't bet)
Seat 6: airsphere folded before Flop (didn't bet)



PokerStars Zoom Hand #254819773651:  Hold'em No Limit ($0.05/$0.10) - 2025/02/11 20:45:37 CET [2025/02/11 14:45:37 ET]
Table 'Aludra' 6-max Seat #1 is the button
Seat 1: Mahu2021 ($6.16 in chips) 
Seat 2: dombunning ($10.50 in chips) 
Seat 3: maxiboi1987 ($14.55 in chips) 
Seat 4: Machestr ($9.70 in chips) 
Seat 5: Dulvagan ($17.76 in chips) 
Seat 6: acd_045 ($15.77 in chips) 
dombunning: posts small blind $0.05
maxiboi1987: posts big blind $0.10
*** HOLE CARDS ***
Dealt to Mahu2021 [Qh 9s]
Machestr: folds 
Dulvagan: folds 
acd_045: folds 
Mahu2021: folds 
dombunning: folds 
Uncalled bet ($0.05) returned to maxiboi1987
maxiboi1987 collected $0.10 from pot
maxiboi1987: doesn't show hand 
*** SUMMARY ***
Total pot $0.10 | Rake $0 
Seat 1: Mahu2021 (button) folded before Flop (didn't bet)
Seat 2: dombunning (small blind) folded before Flop
Seat 3: maxiboi1987 (big blind) collected ($0.10)
Seat 4: Machestr folded before Flop (didn't bet)
Seat 5: Dulvagan folded before Flop (didn't bet)
Seat 6: acd_045 folded before Flop (didn't bet)



PokerStars Zoom Hand #254819778051:  Hold'em No Limit ($0.05/$0.10) - 2025/02/11 20:45:52 CET [2025/02/11 14:45:52 ET]
Table 'Aludra' 6-max Seat #1 is the button
Seat 1: danyeul ($10.85 in chips) 
Seat 2: Losimas(LT) ($11.75 in chips) 
Seat 3: lynochkina ($5.84 in chips) 
Seat 4: pougia777 ($10.15 in chips) 
Seat 5: Mahu2021 ($6.11 in chips) 
Seat 6: dombunning ($10.45 in chips) 
Losimas(LT): posts small blind $0.05
lynochkina: posts big blind $0.10
*** HOLE CARDS ***
Dealt to Mahu2021 [2h 5d]
pougia777: folds 
Mahu2021: folds 
dombunning: raises $0.20 to $0.30
danyeul: folds 
Losimas(LT): folds 
lynochkina: folds 
Uncalled bet ($0.20) returned to dombunning
dombunning collected $0.25 from pot
dombunning: doesn't show hand 
*** SUMMARY ***
Total pot $0.25 | Rake $0 
Seat 1: danyeul (button) folded before Flop (didn't bet)
Seat 2: Losimas(LT) (small blind) folded before Flop
Seat 3: lynochkina (big blind) folded before Flop
Seat 4: pougia777 folded before Flop (didn't bet)
Seat 5: Mahu2021 folded before Flop (didn't bet)
Seat 6: dombunning collected ($0.25)



PokerStars Zoom Hand #254819779825:  Hold'em No Limit ($0.05/$0.10) - 2025/02/11 20:45:58 CET [2025/02/11 14:45:58 ET]
Table 'Aludra' 6-max Seat #1 is the button
Seat 1: davidshell ($10.77 in chips) 
Seat 2: xbengi ($1.03 in chips) 
Seat 3: airsphere ($11.97 in chips) 
Seat 4: Mahu2021 ($6.11 in chips) 
Seat 5: kunkku_okko ($5.72 in chips) 
Seat 6: Cl8rker ($22.65 in chips) 
xbengi: posts small blind $0.05
airsphere: posts big blind $0.10
*** HOLE CARDS ***
Dealt to Mahu2021 [Jh 7d]
Mahu2021: folds 
kunkku_okko: folds 
Cl8rker: folds 
davidshell: raises $0.15 to $0.25
xbengi: folds 
airsphere: folds 
Uncalled bet ($0.15) returned to davidshell
davidshell collected $0.25 from pot
davidshell: doesn't show hand 
*** SUMMARY ***
Total pot $0.25 | Rake $0 
Seat 1: davidshell (button) collected ($0.25)
Seat 2: xbengi (small blind) folded before Flop
Seat 3: airsphere (big blind) folded before Flop
Seat 4: Mahu2021 folded before Flop (didn't bet)
Seat 5: kunkku_okko folded before Flop (didn't bet)
Seat 6: Cl8rker folded before Flop (didn't bet)



PokerStars Zoom Hand #254819776929:  Hold'em No Limit ($0.05/$0.10) - 2025/02/11 20:45:48 CET [2025/02/11 14:45:48 ET]
Table 'Aludra' 6-max Seat #1 is the button
Seat 1: TOMBAR_777 ($7.48 in chips) 
Seat 2: husky_sc85 ($12.49 in chips) 
Seat 3: Marczi20 ($26.29 in chips) 
Seat 4: Mahu2021 ($6.11 in chips) 
Seat 5: maxiboi1987 ($15.68 in chips) 
Seat 6: Cl8rker ($11.64 in chips) 
husky_sc85: posts small blind $0.05
Marczi20: posts big blind $0.10
*** HOLE CARDS ***
Dealt to Mahu2021 [2h 4h]
Mahu2021: folds 
maxiboi1987: folds 
Cl8rker: folds 
TOMBAR_777: folds 
husky_sc85: folds 
Uncalled bet ($0.05) returned to Marczi20
Marczi20 collected $0.10 from pot
Marczi20: doesn't show hand 
*** SUMMARY ***
Total pot $0.10 | Rake $0 
Seat 1: TOMBAR_777 (button) folded before Flop (didn't bet)
Seat 2: husky_sc85 (small blind) folded before Flop
Seat 3: Marczi20 (big blind) collected ($0.10)
Seat 4: Mahu2021 folded before Flop (didn't bet)
Seat 5: maxiboi1987 folded before Flop (didn't bet)
Seat 6: Cl8rker folded before Flop (didn't bet)



PokerStars Zoom Hand #254819778820:  Hold'em No Limit ($0.05/$0.10) - 2025/02/11 20:45:55 CET [2025/02/11 14:45:55 ET]
Table 'Aludra' 6-max Seat #1 is the button
Seat 1: jksgoodgz ($15.93 in chips) 
Seat 2: TANEV78 ($20.65 in chips) 
Seat 3: Cl8rker ($11.64 in chips) 
Seat 4: Mahu2021 ($6.11 in chips) 
Seat 5: Dulvagan ($17.71 in chips) 
Seat 6: taxido1982 ($6.40 in chips) 
TANEV78: posts small blind $0.05
Cl8rker: posts big blind $0.10
*** HOLE CARDS ***
Dealt to Mahu2021 [5c 7c]
Mahu2021: folds 
Dulvagan: folds 
taxido1982: folds 
jksgoodgz: raises $0.15 to $0.25
TANEV78: folds 
Cl8rker: folds 
Uncalled bet ($0.15) returned to jksgoodgz
jksgoodgz collected $0.25 from pot
jksgoodgz: doesn't show hand 
*** SUMMARY ***
Total pot $0.25 | Rake $0 
Seat 1: jksgoodgz (button) collected ($0.25)
Seat 2: TANEV78 (small blind) folded before Flop
Seat 3: Cl8rker (big blind) folded before Flop
Seat 4: Mahu2021 folded before Flop (didn't bet)
Seat 5: Dulvagan folded before Flop (didn't bet)
Seat 6: taxido1982 folded before Flop (didn't bet)



PokerStars Zoom Hand #254819781131:  Hold'em No Limit ($0.05/$0.10) - 2025/02/11 20:46:03 CET [2025/02/11 14:46:03 ET]
Table 'Aludra' 6-max Seat #1 is the button
Seat 1: kunkku_okko ($5.72 in chips) 
Seat 2: Machestr ($9.60 in chips) 
Seat 3: Mahu2021 ($6.11 in chips) 
Seat 4: jjkop17 ($22.24 in chips) 
Seat 5: BrittaRB ($6.82 in chips) 
Seat 6: lesantos0111 ($117.69 in chips) 
Machestr: posts small blind $0.05
Mahu2021: posts big blind $0.10
*** HOLE CARDS ***
Dealt to Mahu2021 [6d 5s]
jjkop17: folds 
BrittaRB: calls $0.10
lesantos0111: raises $0.55 to $0.65
kunkku_okko: folds 
Machestr: folds 
Mahu2021: folds 
BrittaRB: calls $0.55
*** FLOP *** [7d 5d Kh]
BrittaRB: bets $1
lesantos0111: folds 
Uncalled bet ($1) returned to BrittaRB
BrittaRB collected $1.38 from pot
BrittaRB: doesn't show hand 
*** SUMMARY ***
Total pot $1.45 | Rake $0.07 
Board [7d 5d Kh]
Seat 1: kunkku_okko (button) folded before Flop (didn't bet)
Seat 2: Machestr (small blind) folded before Flop
Seat 3: Mahu2021 (big blind) folded before Flop
Seat 4: jjkop17 folded before Flop (didn't bet)
Seat 5: BrittaRB collected ($1.38)
Seat 6: lesantos0111 folded on the Flop



PokerStars Zoom Hand #254819775423:  Hold'em No Limit ($0.05/$0.10) - 2025/02/11 20:45:43 CET [2025/02/11 14:45:43 ET]
Table 'Aludra' 6-max Seat #1 is the button
Seat 1: xbengi ($1.03 in chips) 
Seat 2: Mahu2021 ($6.16 in chips) 
Seat 3: NicBrotzu ($11.04 in chips) 
Seat 4: Esdras Botelho ($18.04 in chips) 
Seat 5: Blackstone1895 ($9.07 in chips) 
Seat 6: lynochkina ($5.84 in chips) 
Mahu2021: posts small blind $0.05
NicBrotzu: posts big blind $0.10
*** HOLE CARDS ***
Dealt to Mahu2021 [4d 3s]
Esdras Botelho: folds 
Blackstone1895: raises $0.20 to $0.30
lynochkina: folds 
xbengi: folds 
Mahu2021: folds 
NicBrotzu: calls $0.20
*** FLOP *** [5c 9h As]
NicBrotzu: checks 
Blackstone1895: bets $0.31
NicBrotzu: calls $0.31
*** TURN *** [5c 9h As] [7c]
NicBrotzu: checks 
Blackstone1895: bets $0.40
NicBrotzu: raises $0.80 to $1.20
Blackstone1895: calls $0.80
*** RIVER *** [5c 9h As 7c] [3d]
NicBrotzu: checks 
Blackstone1895: checks 
*** SHOW DOWN ***
NicBrotzu: shows [Jh Ad] (a pair of Aces)
Blackstone1895: shows [Ac Ks] (a pair of Aces - King kicker)
Blackstone1895 collected $3.46 from pot
*** SUMMARY ***
Total pot $3.67 | Rake $0.21 
Board [5c 9h As 7c 3d]
Seat 1: xbengi (button) folded before Flop (didn't bet)
Seat 2: Mahu2021 (small blind) folded before Flop
Seat 3: NicBrotzu (big blind) showed [Jh Ad] and lost with a pair of Aces
Seat 4: Esdras Botelho folded before Flop (didn't bet)
Seat 5: Blackstone1895 showed [Ac Ks] and won ($3.46) with a pair of Aces
Seat 6: lynochkina folded before Flop (didn't bet)



PokerStars Zoom Hand #254819784269:  Hold'em No Limit ($0.05/$0.10) - 2025/02/11 20:46:14 CET [2025/02/11 14:46:14 ET]
Table 'Aludra' 6-max Seat #1 is the button
Seat 1: lynochkina ($5.69 in chips) 
Seat 2: Mahu2021 ($6.01 in chips) 
Seat 3: Baygirl50 ($9.39 in chips) 
Seat 4: Matzet1ka ($10 in chips) 
Seat 5: aimaisan ($37.54 in chips) 
Seat 6: maxiboi1987 ($14.55 in chips) 
Mahu2021: posts small blind $0.05
Baygirl50: posts big blind $0.10
*** HOLE CARDS ***
Dealt to Mahu2021 [Ah 5h]
Matzet1ka: folds 
aimaisan: folds 
maxiboi1987: folds 
lynochkina: raises $0.20 to $0.30
Mahu2021: calls $0.25
Baygirl50: folds 
*** FLOP *** [Ks 8s Ac]
Mahu2021: checks 
lynochkina: bets $0.20
Mahu2021: calls $0.20
*** TURN *** [Ks 8s Ac] [Jh]
Mahu2021: checks 
lynochkina: checks 
*** RIVER *** [Ks 8s Ac Jh] [Qc]
Mahu2021: checks 
lynochkina: checks 
*** SHOW DOWN ***
Mahu2021: shows [Ah 5h] (a pair of Aces)
lynochkina: mucks hand 
Mahu2021 collected $1.05 from pot
*** SUMMARY ***
Total pot $1.10 | Rake $0.05 
Board [Ks 8s Ac Jh Qc]
Seat 1: lynochkina (button) mucked [7s 7d]
Seat 2: Mahu2021 (small blind) showed [Ah 5h] and won ($1.05) with a pair of Aces
Seat 3: Baygirl50 (big blind) folded before Flop
Seat 4: Matzet1ka folded before Flop (didn't bet)
Seat 5: aimaisan folded before Flop (didn't bet)
Seat 6: maxiboi1987 folded before Flop (didn't bet)



PokerStars Zoom Hand #254819794025:  Hold'em No Limit ($0.05/$0.10) - 2025/02/11 20:46:48 CET [2025/02/11 14:46:48 ET]
Table 'Aludra' 6-max Seat #1 is the button
Seat 1: acd_045 ($12.70 in chips) 
Seat 2: tiodor1972 ($10.39 in chips) 
Seat 3: MR_HKO_DK ($11.16 in chips) 
Seat 4: iamknight ($8.69 in chips) 
Seat 5: aoi_0509 ($19.48 in chips) 
Seat 6: Mahu2021 ($6.56 in chips) 
tiodor1972: posts small blind $0.05
MR_HKO_DK: posts big blind $0.10
*** HOLE CARDS ***
Dealt to Mahu2021 [Jh Ac]
iamknight: folds 
aoi_0509: folds 
Mahu2021: raises $0.14 to $0.24
acd_045: folds 
tiodor1972: folds 
MR_HKO_DK: folds 
Uncalled bet ($0.14) returned to Mahu2021
Mahu2021 collected $0.25 from pot
Mahu2021: doesn't show hand 
*** SUMMARY ***
Total pot $0.25 | Rake $0 
Seat 1: acd_045 (button) folded before Flop (didn't bet)
Seat 2: tiodor1972 (small blind) folded before Flop
Seat 3: MR_HKO_DK (big blind) folded before Flop
Seat 4: iamknight folded before Flop (didn't bet)
Seat 5: aoi_0509 folded before Flop (didn't bet)
Seat 6: Mahu2021 collected ($0.25)



PokerStars Zoom Hand #254819792620:  Hold'em No Limit ($0.05/$0.10) - 2025/02/11 20:46:43 CET [2025/02/11 14:46:43 ET]
Table 'Aludra' 6-max Seat #1 is the button
Seat 1: Mahu2021 ($6.56 in chips) 
Seat 2: gini777gini ($7.82 in chips) 
Seat 3: miseyukas75 ($12.27 in chips) 
Seat 4: Esdras Botelho ($18.41 in chips) 
Seat 5: lynochkina ($5.19 in chips) 
Seat 6: maxiboi1987 ($15.38 in chips) 
gini777gini: posts small blind $0.05
miseyukas75: posts big blind $0.10
*** HOLE CARDS ***
Dealt to Mahu2021 [2s Kh]
Esdras Botelho: folds 
lynochkina: folds 
maxiboi1987: raises $0.20 to $0.30
Mahu2021: folds 
gini777gini: folds 
miseyukas75: raises $0.90 to $1.20
maxiboi1987: folds 
Uncalled bet ($0.90) returned to miseyukas75
miseyukas75 collected $0.65 from pot
miseyukas75: doesn't show hand 
*** SUMMARY ***
Total pot $0.65 | Rake $0 
Seat 1: Mahu2021 (button) folded before Flop (didn't bet)
Seat 2: gini777gini (small blind) folded before Flop
Seat 3: miseyukas75 (big blind) collected ($0.65)
Seat 4: Esdras Botelho folded before Flop (didn't bet)
Seat 5: lynochkina folded before Flop (didn't bet)
Seat 6: maxiboi1987 folded before Flop



PokerStars Zoom Hand #254819801154:  Hold'em No Limit ($0.05/$0.10) - 2025/02/11 20:47:13 CET [2025/02/11 14:47:13 ET]
Table 'Aludra' 6-max Seat #1 is the button
Seat 1: BONGO1208 ($14.55 in chips) 
Seat 2: pougia777 ($10.62 in chips) 
Seat 3: RenoRosco ($10.05 in chips) 
Seat 4: lynochkina ($5.04 in chips) 
Seat 5: Mahu2021 ($6.61 in chips) 
Seat 6: rojit07L ($29.77 in chips) 
pougia777: posts small blind $0.05
RenoRosco: posts big blind $0.10
*** HOLE CARDS ***
Dealt to Mahu2021 [Ks 8s]
lynochkina: folds 
Mahu2021: raises $0.14 to $0.24
rojit07L: folds 
BONGO1208: folds 
pougia777: folds 
RenoRosco: folds 
Uncalled bet ($0.14) returned to Mahu2021
Mahu2021 collected $0.25 from pot
Mahu2021: doesn't show hand 
*** SUMMARY ***
Total pot $0.25 | Rake $0 
Seat 1: BONGO1208 (button) folded before Flop (didn't bet)
Seat 2: pougia777 (small blind) folded before Flop
Seat 3: RenoRosco (big blind) folded before Flop
Seat 4: lynochkina folded before Flop (didn't bet)
Seat 5: Mahu2021 collected ($0.25)
Seat 6: rojit07L folded before Flop (didn't bet)



PokerStars Zoom Hand #254819804566:  Hold'em No Limit ($0.05/$0.10) - 2025/02/11 20:47:25 CET [2025/02/11 14:47:25 ET]
Table 'Aludra' 6-max Seat #1 is the button
Seat 1: vovo4kapooh ($11.48 in chips) 
Seat 2: Mahu2021 ($6.76 in chips) 
Seat 3: maldobex ($11.78 in chips) 
Seat 4: Marczi20 ($13.67 in chips) 
Seat 5: Arg3ntum1337 ($20.77 in chips) 
Seat 6: dakatabr ($5.16 in chips) 
Mahu2021: posts small blind $0.05
maldobex: posts big blind $0.10
*** HOLE CARDS ***
Dealt to Mahu2021 [2c Ah]
Marczi20: folds 
Arg3ntum1337: folds 
dakatabr: folds 
vovo4kapooh: raises $0.15 to $0.25
Mahu2021: folds 
maldobex: folds 
Uncalled bet ($0.15) returned to vovo4kapooh
vovo4kapooh collected $0.25 from pot
vovo4kapooh: doesn't show hand 
*** SUMMARY ***
Total pot $0.25 | Rake $0 
Seat 1: vovo4kapooh (button) collected ($0.25)
Seat 2: Mahu2021 (small blind) folded before Flop
Seat 3: maldobex (big blind) folded before Flop
Seat 4: Marczi20 folded before Flop (didn't bet)
Seat 5: Arg3ntum1337 folded before Flop (didn't bet)
Seat 6: dakatabr folded before Flop (didn't bet)



PokerStars Zoom Hand #254819799137:  Hold'em No Limit ($0.05/$0.10) - 2025/02/11 20:47:06 CET [2025/02/11 14:47:06 ET]
Table 'Aludra' 6-max Seat #1 is the button
Seat 1: jksgoodgz ($35.99 in chips) 
Seat 2: cibor74 ($8.64 in chips) 
Seat 3: Mahu2021 ($6.71 in chips) 
Seat 4: Matzet1ka ($12.01 in chips) 
Seat 5: pougia777 ($10.62 in chips) 
Seat 6: bogek210 ($16.26 in chips) 
cibor74: posts small blind $0.05
Mahu2021: posts big blind $0.10
*** HOLE CARDS ***
Dealt to Mahu2021 [6c 2h]
Matzet1ka: folds 
pougia777: folds 
bogek210: raises $0.15 to $0.25
jksgoodgz: raises $0.60 to $0.85
cibor74: folds 
Mahu2021: folds 
bogek210: calls $0.60
*** FLOP *** [9d Qd 6h]
bogek210: checks 
jksgoodgz: checks 
*** TURN *** [9d Qd 6h] [9s]
bogek210: bets $1.33
jksgoodgz: folds 
Uncalled bet ($1.33) returned to bogek210
bogek210 collected $1.77 from pot
bogek210: doesn't show hand 
*** SUMMARY ***
Total pot $1.85 | Rake $0.08 
Board [9d Qd 6h 9s]
Seat 1: jksgoodgz (button) folded on the Turn
Seat 2: cibor74 (small blind) folded before Flop
Seat 3: Mahu2021 (big blind) folded before Flop
Seat 4: Matzet1ka folded before Flop (didn't bet)
Seat 5: pougia777 folded before Flop (didn't bet)
Seat 6: bogek210 collected ($1.77)



PokerStars Zoom Hand #254819805733:  Hold'em No Limit ($0.05/$0.10) - 2025/02/11 20:47:29 CET [2025/02/11 14:47:29 ET]
Table 'Aludra' 6-max Seat #1 is the button
Seat 1: Mahu2021 ($6.71 in chips) 
Seat 2: m0nster1989_ ($17.20 in chips) 
Seat 3: Marczi20 ($13.67 in chips) 
Seat 4: Kretschmeister ($32.24 in chips) 
Seat 5: davidshell ($11.60 in chips) 
Seat 6: 00O-2Z ($14.93 in chips) 
m0nster1989_: posts small blind $0.05
Marczi20: posts big blind $0.10
*** HOLE CARDS ***
Dealt to Mahu2021 [As 9d]
Kretschmeister: folds 
davidshell: folds 
00O-2Z: folds 
Mahu2021: raises $0.20 to $0.30
m0nster1989_: folds 
Marczi20: folds 
Uncalled bet ($0.20) returned to Mahu2021
Mahu2021 collected $0.25 from pot
Mahu2021: doesn't show hand 
*** SUMMARY ***
Total pot $0.25 | Rake $0 
Seat 1: Mahu2021 (button) collected ($0.25)
Seat 2: m0nster1989_ (small blind) folded before Flop
Seat 3: Marczi20 (big blind) folded before Flop
Seat 4: Kretschmeister folded before Flop (didn't bet)
Seat 5: davidshell folded before Flop (didn't bet)
Seat 6: 00O-2Z folded before Flop (didn't bet)



PokerStars Zoom Hand #254819797966:  Hold'em No Limit ($0.05/$0.10) - 2025/02/11 20:47:02 CET [2025/02/11 14:47:02 ET]
Table 'Aludra' 6-max Seat #1 is the button
Seat 1: lynochkina ($5.09 in chips) 
Seat 2: FIOMAD ($12.96 in chips) 
Seat 3: tobey18 ($18.83 in chips) 
Seat 4: gini777gini ($7.77 in chips) 
Seat 5: breezzzy88 ($10 in chips) 
Seat 6: Mahu2021 ($6.71 in chips) 
FIOMAD: posts small blind $0.05
tobey18: posts big blind $0.10
*** HOLE CARDS ***
Dealt to Mahu2021 [6s 2c]
gini777gini: raises $0.10 to $0.20
breezzzy88: folds 
Mahu2021: folds 
lynochkina: folds 
FIOMAD: folds 
tobey18: calls $0.10
*** FLOP *** [6d Kh Qs]
tobey18: checks 
gini777gini: bets $0.22
tobey18: folds 
Uncalled bet ($0.22) returned to gini777gini
gini777gini collected $0.43 from pot
gini777gini: doesn't show hand 
*** SUMMARY ***
Total pot $0.45 | Rake $0.02 
Board [6d Kh Qs]
Seat 1: lynochkina (button) folded before Flop (didn't bet)
Seat 2: FIOMAD (small blind) folded before Flop
Seat 3: tobey18 (big blind) folded on the Flop
Seat 4: gini777gini collected ($0.43)
Seat 5: breezzzy88 folded before Flop (didn't bet)
Seat 6: Mahu2021 folded before Flop (didn't bet)



PokerStars Zoom Hand #254819811695:  Hold'em No Limit ($0.05/$0.10) - 2025/02/11 20:47:50 CET [2025/02/11 14:47:50 ET]
Table 'Aludra' 6-max Seat #1 is the button
Seat 1: m0nster1989_ ($14.04 in chips) 
Seat 2: Esdras Botelho ($15.83 in chips) 
Seat 3: tiodor1972 ($10.34 in chips) 
Seat 4: Cl8rker ($12.64 in chips) 
Seat 5: Jannemann1999 ($16.59 in chips) 
Seat 6: Mahu2021 ($6.86 in chips) 
Esdras Botelho: posts small blind $0.05
tiodor1972: posts big blind $0.10
*** HOLE CARDS ***
Dealt to Mahu2021 [Qc 8s]
Cl8rker: folds 
Jannemann1999: folds 
Mahu2021: folds 
m0nster1989_: folds 
Esdras Botelho: folds 
Uncalled bet ($0.05) returned to tiodor1972
tiodor1972 collected $0.10 from pot
tiodor1972: doesn't show hand 
*** SUMMARY ***
Total pot $0.10 | Rake $0 
Seat 1: m0nster1989_ (button) folded before Flop (didn't bet)
Seat 2: Esdras Botelho (small blind) folded before Flop
Seat 3: tiodor1972 (big blind) collected ($0.10)
Seat 4: Cl8rker folded before Flop (didn't bet)
Seat 5: Jannemann1999 folded before Flop (didn't bet)
Seat 6: Mahu2021 folded before Flop (didn't bet)



PokerStars Zoom Hand #254819812603:  Hold'em No Limit ($0.05/$0.10) - 2025/02/11 20:47:53 CET [2025/02/11 14:47:53 ET]
Table 'Aludra' 6-max Seat #1 is the button
Seat 1: miseyukas75 ($12.67 in chips) 
Seat 2: tiodor1972 ($10 in chips) 
Seat 3: 18-SG-79 ($11.44 in chips) 
Seat 4: Cl8rker ($22.55 in chips) 
Seat 5: Mahu2021 ($6.86 in chips) 
Seat 6: maxiboi1987 ($14.93 in chips) 
tiodor1972: posts small blind $0.05
18-SG-79: posts big blind $0.10
*** HOLE CARDS ***
Dealt to Mahu2021 [Td Ts]
Cl8rker: folds 
Mahu2021: raises $0.14 to $0.24
maxiboi1987: raises $0.51 to $0.75
miseyukas75: folds 
tiodor1972: folds 
18-SG-79: folds 
Mahu2021: calls $0.51
*** FLOP *** [9c Kd 4s]
Mahu2021: checks 
maxiboi1987: bets $0.52
Mahu2021: calls $0.52
*** TURN *** [9c Kd 4s] [Kh]
Mahu2021: checks 
maxiboi1987: checks 
*** RIVER *** [9c Kd 4s Kh] [5d]
Mahu2021: checks 
maxiboi1987: checks 
*** SHOW DOWN ***
Mahu2021: shows [Td Ts] (two pair, Kings and Tens)
maxiboi1987: mucks hand 
Mahu2021 collected $2.57 from pot
*** SUMMARY ***
Total pot $2.69 | Rake $0.12 
Board [9c Kd 4s Kh 5d]
Seat 1: miseyukas75 (button) folded before Flop (didn't bet)
Seat 2: tiodor1972 (small blind) folded before Flop
Seat 3: 18-SG-79 (big blind) folded before Flop
Seat 4: Cl8rker folded before Flop (didn't bet)
Seat 5: Mahu2021 showed [Td Ts] and won ($2.57) with two pair, Kings and Tens
Seat 6: maxiboi1987 mucked [Jh Ac]



PokerStars Zoom Hand #254819828146:  Hold'em No Limit ($0.05/$0.10) - 2025/02/11 20:48:49 CET [2025/02/11 14:48:49 ET]
Table 'Aludra' 6-max Seat #1 is the button
Seat 1: megaloshara ($15.97 in chips) 
Seat 2: taxido1982 ($6.50 in chips) 
Seat 3: Mahu2021 ($8.16 in chips) 
Seat 4: jksgoodgz ($15.66 in chips) 
Seat 5: rileylay ($17.63 in chips) 
Seat 6: Machestr ($9.85 in chips) 
taxido1982: posts small blind $0.05
Mahu2021: posts big blind $0.10
*** HOLE CARDS ***
Dealt to Mahu2021 [8s 7c]
jksgoodgz: folds 
rileylay: folds 
Machestr: folds 
megaloshara: folds 
taxido1982: raises $0.10 to $0.20
Mahu2021: calls $0.10
*** FLOP *** [8h 4s Kc]
taxido1982: bets $0.20
Mahu2021: calls $0.20
*** TURN *** [8h 4s Kc] [7s]
taxido1982: bets $0.20
Mahu2021: calls $0.20
*** RIVER *** [8h 4s Kc 7s] [7d]
taxido1982: bets $0.20
Mahu2021: raises $7.36 to $7.56 and is all-in
taxido1982: folds 
Uncalled bet ($7.36) returned to Mahu2021
Mahu2021 collected $1.53 from pot
Mahu2021: doesn't show hand 
*** SUMMARY ***
Total pot $1.60 | Rake $0.07 
Board [8h 4s Kc 7s 7d]
Seat 1: megaloshara (button) folded before Flop (didn't bet)
Seat 2: taxido1982 (small blind) folded on the River
Seat 3: Mahu2021 (big blind) collected ($1.53)
Seat 4: jksgoodgz folded before Flop (didn't bet)
Seat 5: rileylay folded before Flop (didn't bet)
Seat 6: Machestr folded before Flop (didn't bet)



PokerStars Zoom Hand #254819826534:  Hold'em No Limit ($0.05/$0.10) - 2025/02/11 20:48:43 CET [2025/02/11 14:48:43 ET]
Table 'Aludra' 6-max Seat #1 is the button
Seat 1: LittleBigWil ($13.23 in chips) 
Seat 2: dakatabr ($4.78 in chips) 
Seat 3: Marczi20 ($26.02 in chips) 
Seat 4: Mahu2021 ($8.16 in chips) 
Seat 5: cibor74 ($8.44 in chips) 
Seat 6: Poklrll02 ($15.38 in chips) 
dakatabr: posts small blind $0.05
Marczi20: posts big blind $0.10
*** HOLE CARDS ***
Dealt to Mahu2021 [5s 2s]
Mahu2021: folds 
cibor74: raises $0.20 to $0.30
Poklrll02: folds 
LittleBigWil: folds 
dakatabr: raises $0.70 to $1
Marczi20: folds 
cibor74: folds 
Uncalled bet ($0.70) returned to dakatabr
dakatabr collected $0.70 from pot
dakatabr: doesn't show hand 
*** SUMMARY ***
Total pot $0.70 | Rake $0 
Seat 1: LittleBigWil (button) folded before Flop (didn't bet)
Seat 2: dakatabr (small blind) collected ($0.70)
Seat 3: Marczi20 (big blind) folded before Flop
Seat 4: Mahu2021 folded before Flop (didn't bet)
Seat 5: cibor74 folded before Flop
Seat 6: Poklrll02 folded before Flop (didn't bet)



PokerStars Zoom Hand #254819839477:  Hold'em No Limit ($0.05/$0.10) - 2025/02/11 20:49:29 CET [2025/02/11 14:49:29 ET]
Table 'Aludra' 6-max Seat #1 is the button
Seat 1: Alejandro85s ($10.51 in chips) 
Seat 2: Mahu2021 ($8.89 in chips) 
Seat 3: rojit07L ($22.36 in chips) 
Seat 4: stelio83 ($2.17 in chips) 
Seat 5: MrRooob9899 ($10.13 in chips) 
Seat 6: Wiktor Slany ($10 in chips) 
Mahu2021: posts small blind $0.05
rojit07L: posts big blind $0.10
*** HOLE CARDS ***
Dealt to Mahu2021 [9h Jc]
stelio83: folds 
MrRooob9899: raises $0.25 to $0.35
Wiktor Slany: folds 
Alejandro85s: folds 
Mahu2021: folds 
rojit07L: folds 
Uncalled bet ($0.25) returned to MrRooob9899
MrRooob9899 collected $0.25 from pot
MrRooob9899: doesn't show hand 
*** SUMMARY ***
Total pot $0.25 | Rake $0 
Seat 1: Alejandro85s (button) folded before Flop (didn't bet)
Seat 2: Mahu2021 (small blind) folded before Flop
Seat 3: rojit07L (big blind) folded before Flop
Seat 4: stelio83 folded before Flop (didn't bet)
Seat 5: MrRooob9899 collected ($0.25)
Seat 6: Wiktor Slany folded before Flop (didn't bet)



PokerStars Zoom Hand #254819838403:  Hold'em No Limit ($0.05/$0.10) - 2025/02/11 20:49:25 CET [2025/02/11 14:49:25 ET]
Table 'Aludra' 6-max Seat #1 is the button
Seat 1: fery_a_szabo ($4.90 in chips) 
Seat 2: diamantes123 ($12.31 in chips) 
Seat 3: davidshell ($26.20 in chips) 
Seat 4: Mahu2021 ($8.89 in chips) 
Seat 5: breezzzy88 ($11.69 in chips) 
Seat 6: Zwenni24 ($10.10 in chips) 
diamantes123: posts small blind $0.05
davidshell: posts big blind $0.10
*** HOLE CARDS ***
Dealt to Mahu2021 [6d 5s]
Mahu2021: folds 
breezzzy88: folds 
Zwenni24: folds 
fery_a_szabo: raises $0.20 to $0.30
diamantes123: folds 
davidshell: folds 
Uncalled bet ($0.20) returned to fery_a_szabo
fery_a_szabo collected $0.25 from pot
fery_a_szabo: doesn't show hand 
*** SUMMARY ***
Total pot $0.25 | Rake $0 
Seat 1: fery_a_szabo (button) collected ($0.25)
Seat 2: diamantes123 (small blind) folded before Flop
Seat 3: davidshell (big blind) folded before Flop
Seat 4: Mahu2021 folded before Flop (didn't bet)
Seat 5: breezzzy88 folded before Flop (didn't bet)
Seat 6: Zwenni24 folded before Flop (didn't bet)



PokerStars Zoom Hand #254819840534:  Hold'em No Limit ($0.05/$0.10) - 2025/02/11 20:49:32 CET [2025/02/11 14:49:32 ET]
Table 'Aludra' 6-max Seat #1 is the button
Seat 1: lesantos0111 ($7.10 in chips) 
Seat 2: bogek210 ($10.07 in chips) 
Seat 3: sigmanolimit ($10.73 in chips) 
Seat 4: CraigCasey88 ($10 in chips) 
Seat 5: Mahu2021 ($8.84 in chips) 
Seat 6: t1a2n330 ($25.91 in chips) 
bogek210: posts small blind $0.05
sigmanolimit: posts big blind $0.10
*** HOLE CARDS ***
Dealt to Mahu2021 [5c Qh]
CraigCasey88: folds 
Mahu2021: folds 
t1a2n330: folds 
lesantos0111: folds 
bogek210: folds 
Uncalled bet ($0.05) returned to sigmanolimit
sigmanolimit collected $0.10 from pot
sigmanolimit: doesn't show hand 
*** SUMMARY ***
Total pot $0.10 | Rake $0 
Seat 1: lesantos0111 (button) folded before Flop (didn't bet)
Seat 2: bogek210 (small blind) folded before Flop
Seat 3: sigmanolimit (big blind) collected ($0.10)
Seat 4: CraigCasey88 folded before Flop (didn't bet)
Seat 5: Mahu2021 folded before Flop (didn't bet)
Seat 6: t1a2n330 folded before Flop (didn't bet)



PokerStars Zoom Hand #254819837249:  Hold'em No Limit ($0.05/$0.10) - 2025/02/11 20:49:21 CET [2025/02/11 14:49:21 ET]
Table 'Aludra' 6-max Seat #1 is the button
Seat 1: dakatabr ($5.18 in chips) 
Seat 2: FIOMAD ($10 in chips) 
Seat 3: Tominou BE ($22.78 in chips) 
Seat 4: Losimas(LT) ($10.35 in chips) 
Seat 5: Allvisa ($10.89 in chips) 
Seat 6: Mahu2021 ($8.89 in chips) 
FIOMAD: posts small blind $0.05
Tominou BE: posts big blind $0.10
*** HOLE CARDS ***
Dealt to Mahu2021 [5c Jh]
Losimas(LT): folds 
Allvisa: folds 
Mahu2021: folds 
dakatabr: folds 
FIOMAD: raises $0.20 to $0.30
Tominou BE: calls $0.20
*** FLOP *** [Kh 4h 8h]
FIOMAD: checks 
Tominou BE: bets $0.68
FIOMAD: folds 
Uncalled bet ($0.68) returned to Tominou BE
Tominou BE collected $0.57 from pot
Tominou BE: doesn't show hand 
*** SUMMARY ***
Total pot $0.60 | Rake $0.03 
Board [Kh 4h 8h]
Seat 1: dakatabr (button) folded before Flop (didn't bet)
Seat 2: FIOMAD (small blind) folded on the Flop
Seat 3: Tominou BE (big blind) collected ($0.57)
Seat 4: Losimas(LT) folded before Flop (didn't bet)
Seat 5: Allvisa folded before Flop (didn't bet)
Seat 6: Mahu2021 folded before Flop (didn't bet)



PokerStars Zoom Hand #254819836031:  Hold'em No Limit ($0.05/$0.10) - 2025/02/11 20:49:16 CET [2025/02/11 14:49:16 ET]
Table 'Aludra' 6-max Seat #1 is the button
Seat 1: Mahu2021 ($8.89 in chips) 
Seat 2: Cl8rker ($11.87 in chips) 
Seat 3: m0nster1989_ ($17.41 in chips) 
Seat 4: kicsikezdet ($24.44 in chips) 
Seat 5: top4eto860 ($15.85 in chips) 
Seat 6: aki52857 ($9.90 in chips) 
Cl8rker: posts small blind $0.05
m0nster1989_: posts big blind $0.10
*** HOLE CARDS ***
Dealt to Mahu2021 [2h 7s]
kicsikezdet: raises $0.20 to $0.30
top4eto860: folds 
aki52857: calls $0.30
Mahu2021: folds 
Cl8rker: folds 
m0nster1989_: raises $1.15 to $1.45
kicsikezdet: folds 
aki52857: folds 
Uncalled bet ($1.15) returned to m0nster1989_
m0nster1989_ collected $0.95 from pot
m0nster1989_: doesn't show hand 
*** SUMMARY ***
Total pot $0.95 | Rake $0 
Seat 1: Mahu2021 (button) folded before Flop (didn't bet)
Seat 2: Cl8rker (small blind) folded before Flop
Seat 3: m0nster1989_ (big blind) collected ($0.95)
Seat 4: kicsikezdet folded before Flop
Seat 5: top4eto860 folded before Flop (didn't bet)
Seat 6: aki52857 folded before Flop



PokerStars Zoom Hand #254819841742:  Hold'em No Limit ($0.05/$0.10) - 2025/02/11 20:49:37 CET [2025/02/11 14:49:37 ET]
Table 'Aludra' 6-max Seat #1 is the button
Seat 1: Don Patato's ($13.53 in chips) 
Seat 2: breezzzy88 ($10 in chips) 
Seat 3: Mahu2021 ($8.84 in chips) 
Seat 4: MrRooob9899 ($10.14 in chips) 
Seat 5: janewins ($9.83 in chips) 
Seat 6: Arg3ntum1337 ($20.68 in chips) 
breezzzy88: posts small blind $0.05
Mahu2021: posts big blind $0.10
*** HOLE CARDS ***
Dealt to Mahu2021 [8d Ac]
MrRooob9899: folds 
janewins: folds 
Arg3ntum1337: folds 
Don Patato's: raises $0.20 to $0.30
breezzzy88: folds 
Mahu2021: calls $0.20
*** FLOP *** [6d Kd 8h]
Mahu2021: checks 
Don Patato's: bets $0.20
Mahu2021: calls $0.20
*** TURN *** [6d Kd 8h] [Qd]
Mahu2021: checks 
Don Patato's: checks 
*** RIVER *** [6d Kd 8h Qd] [Jc]
Mahu2021: checks 
Don Patato's: bets $0.30
Mahu2021: folds 
Uncalled bet ($0.30) returned to Don Patato's
Don Patato's collected $1 from pot
Don Patato's: doesn't show hand 
*** SUMMARY ***
Total pot $1.05 | Rake $0.05 
Board [6d Kd 8h Qd Jc]
Seat 1: Don Patato's (button) collected ($1)
Seat 2: breezzzy88 (small blind) folded before Flop
Seat 3: Mahu2021 (big blind) folded on the River
Seat 4: MrRooob9899 folded before Flop (didn't bet)
Seat 5: janewins folded before Flop (didn't bet)
Seat 6: Arg3ntum1337 folded before Flop (didn't bet)



PokerStars Zoom Hand #254819864573:  Hold'em No Limit ($0.05/$0.10) - 2025/02/11 20:50:58 CET [2025/02/11 14:50:58 ET]
Table 'Aludra' 6-max Seat #1 is the button
Seat 1: Mahu2021 ($8.29 in chips) 
Seat 2: Sigvent ($13.19 in chips) 
Seat 3: jksgoodgz ($16.11 in chips) 
Seat 4: thirionet ($33 in chips) 
Seat 5: Jinzoo1 ($32.19 in chips) 
Seat 6: NicBrotzu ($10.25 in chips) 
Sigvent: posts small blind $0.05
jksgoodgz: posts big blind $0.10
*** HOLE CARDS ***
Dealt to Mahu2021 [Ts 6s]
thirionet: folds 
Jinzoo1: folds 
NicBrotzu: raises $0.15 to $0.25
Mahu2021: folds 
Sigvent: folds 
jksgoodgz: folds 
Uncalled bet ($0.15) returned to NicBrotzu
NicBrotzu collected $0.25 from pot
NicBrotzu: doesn't show hand 
*** SUMMARY ***
Total pot $0.25 | Rake $0 
Seat 1: Mahu2021 (button) folded before Flop (didn't bet)
Seat 2: Sigvent (small blind) folded before Flop
Seat 3: jksgoodgz (big blind) folded before Flop
Seat 4: thirionet folded before Flop (didn't bet)
Seat 5: Jinzoo1 folded before Flop (didn't bet)
Seat 6: NicBrotzu collected ($0.25)



PokerStars Zoom Hand #254819865920:  Hold'em No Limit ($0.05/$0.10) - 2025/02/11 20:51:03 CET [2025/02/11 14:51:03 ET]
Table 'Aludra' 6-max Seat #1 is the button
Seat 1: Poklrll02 ($14.80 in chips) 
Seat 2: Mangalove ($10.62 in chips) 
Seat 3: TANEV78 ($11.52 in chips) 
Seat 4: Sigvent ($13.14 in chips) 
Seat 5: maldobex ($10.95 in chips) 
Seat 6: Mahu2021 ($8.29 in chips) 
Mangalove: posts small blind $0.05
TANEV78: posts big blind $0.10
*** HOLE CARDS ***
Dealt to Mahu2021 [9c 2h]
Sigvent: folds 
maldobex: folds 
Mahu2021: folds 
Poklrll02: folds 
Mangalove: calls $0.05
TANEV78: raises $0.20 to $0.30
Mangalove: raises $0.60 to $0.90
TANEV78: folds 
Uncalled bet ($0.60) returned to Mangalove
Mangalove collected $0.60 from pot
Mangalove: doesn't show hand 
*** SUMMARY ***
Total pot $0.60 | Rake $0 
Seat 1: Poklrll02 (button) folded before Flop (didn't bet)
Seat 2: Mangalove (small blind) collected ($0.60)
Seat 3: TANEV78 (big blind) folded before Flop
Seat 4: Sigvent folded before Flop (didn't bet)
Seat 5: maldobex folded before Flop (didn't bet)
Seat 6: Mahu2021 folded before Flop (didn't bet)



PokerStars Zoom Hand #254819869613:  Hold'em No Limit ($0.05/$0.10) - 2025/02/11 20:51:16 CET [2025/02/11 14:51:16 ET]
Table 'Aludra' 6-max Seat #1 is the button
Seat 1: MR_HKO_DK ($10.12 in chips) 
Seat 2: breezzzy88 ($10.54 in chips) 
Seat 3: Mahu2021 ($8.29 in chips) 
Seat 4: PavanaTTo23 ($10 in chips) 
Seat 5: ACTN3 ($17.24 in chips) 
Seat 6: Lentwood ($22.48 in chips) 
breezzzy88: posts small blind $0.05
Mahu2021: posts big blind $0.10
*** HOLE CARDS ***
Dealt to Mahu2021 [2c Jh]
PavanaTTo23: folds 
ACTN3: folds 
Lentwood: folds 
MR_HKO_DK: folds 
breezzzy88: raises $0.20 to $0.30
Mahu2021: folds 
Uncalled bet ($0.20) returned to breezzzy88
breezzzy88 collected $0.20 from pot
breezzzy88: doesn't show hand 
*** SUMMARY ***
Total pot $0.20 | Rake $0 
Seat 1: MR_HKO_DK (button) folded before Flop (didn't bet)
Seat 2: breezzzy88 (small blind) collected ($0.20)
Seat 3: Mahu2021 (big blind) folded before Flop
Seat 4: PavanaTTo23 folded before Flop (didn't bet)
Seat 5: ACTN3 folded before Flop (didn't bet)
Seat 6: Lentwood folded before Flop (didn't bet)



PokerStars Zoom Hand #254819868532:  Hold'em No Limit ($0.05/$0.10) - 2025/02/11 20:51:12 CET [2025/02/11 14:51:12 ET]
Table 'Aludra' 6-max Seat #1 is the button
Seat 1: sigmanolimit ($10.63 in chips) 
Seat 2: Poklrll02 ($10.90 in chips) 
Seat 3: MR_HKO_DK ($11.19 in chips) 
Seat 4: Mahu2021 ($8.29 in chips) 
Seat 5: cibor74 ($10 in chips) 
Seat 6: Boo81223 ($6.65 in chips) 
Poklrll02: posts small blind $0.05
MR_HKO_DK: posts big blind $0.10
*** HOLE CARDS ***
Dealt to Mahu2021 [3h 5d]
Mahu2021: folds 
cibor74: folds 
Boo81223: folds 
sigmanolimit: folds 
Poklrll02: raises $0.20 to $0.30
MR_HKO_DK: folds 
Uncalled bet ($0.20) returned to Poklrll02
Poklrll02 collected $0.20 from pot
Poklrll02: doesn't show hand 
*** SUMMARY ***
Total pot $0.20 | Rake $0 
Seat 1: sigmanolimit (button) folded before Flop (didn't bet)
Seat 2: Poklrll02 (small blind) collected ($0.20)
Seat 3: MR_HKO_DK (big blind) folded before Flop
Seat 4: Mahu2021 folded before Flop (didn't bet)
Seat 5: cibor74 folded before Flop (didn't bet)
Seat 6: Boo81223 folded before Flop (didn't bet)



PokerStars Zoom Hand #254819867033:  Hold'em No Limit ($0.05/$0.10) - 2025/02/11 20:51:07 CET [2025/02/11 14:51:07 ET]
Table 'Aludra' 6-max Seat #1 is the button
Seat 1: jksgoodgz ($16.01 in chips) 
Seat 2: Blackstone1895 ($10.38 in chips) 
Seat 3: Iness521 ($6.47 in chips) 
Seat 4: PavanaTTo23 ($10 in chips) 
Seat 5: Mahu2021 ($8.29 in chips) 
Seat 6: Allvisa ($11.28 in chips) 
Blackstone1895: posts small blind $0.05
Iness521: posts big blind $0.10
*** HOLE CARDS ***
Dealt to Mahu2021 [9d 4c]
PavanaTTo23: folds 
Mahu2021: folds 
Allvisa: folds 
jksgoodgz: folds 
Blackstone1895: raises $0.10 to $0.20
Iness521: calls $0.10
*** FLOP *** [Js 9c 3h]
Blackstone1895: bets $0.20
Iness521: calls $0.20
*** TURN *** [Js 9c 3h] [4s]
Blackstone1895: bets $0.20
Iness521: calls $0.20
*** RIVER *** [Js 9c 3h 4s] [9s]
Blackstone1895: bets $0.78
Iness521: calls $0.78
*** SHOW DOWN ***
Blackstone1895: shows [Tc Qd] (a pair of Nines)
Iness521: shows [Qc Kd] (a pair of Nines - King kicker)
Iness521 collected $2.64 from pot
*** SUMMARY ***
Total pot $2.76 | Rake $0.12 
Board [Js 9c 3h 4s 9s]
Seat 1: jksgoodgz (button) folded before Flop (didn't bet)
Seat 2: Blackstone1895 (small blind) showed [Tc Qd] and lost with a pair of Nines
Seat 3: Iness521 (big blind) showed [Qc Kd] and won ($2.64) with a pair of Nines
Seat 4: PavanaTTo23 folded before Flop (didn't bet)
Seat 5: Mahu2021 folded before Flop (didn't bet)
Seat 6: Allvisa folded before Flop (didn't bet)



PokerStars Zoom Hand #254819873763:  Hold'em No Limit ($0.05/$0.10) - 2025/02/11 20:51:31 CET [2025/02/11 14:51:31 ET]
Table 'Aludra' 6-max Seat #1 is the button
Seat 1: anderson ca6 ($12.10 in chips) 
Seat 2: Alejandro85s ($11.10 in chips) 
Seat 3: davidshell ($10 in chips) 
Seat 4: Mahu2021 ($8.19 in chips) 
Seat 5: breezzzy88 ($10 in chips) 
Seat 6: miseyukas75 ($12.96 in chips) 
Alejandro85s: posts small blind $0.05
davidshell: posts big blind $0.10
*** HOLE CARDS ***
Dealt to Mahu2021 [3d Kd]
Mahu2021: folds 
breezzzy88: folds 
miseyukas75: folds 
anderson ca6: folds 
Alejandro85s: folds 
Uncalled bet ($0.05) returned to davidshell
davidshell collected $0.10 from pot
davidshell: doesn't show hand 
*** SUMMARY ***
Total pot $0.10 | Rake $0 
Seat 1: anderson ca6 (button) folded before Flop (didn't bet)
Seat 2: Alejandro85s (small blind) folded before Flop
Seat 3: davidshell (big blind) collected ($0.10)
Seat 4: Mahu2021 folded before Flop (didn't bet)
Seat 5: breezzzy88 folded before Flop (didn't bet)
Seat 6: miseyukas75 folded before Flop (didn't bet)



PokerStars Zoom Hand #254819863456:  Hold'em No Limit ($0.05/$0.10) - 2025/02/11 20:50:54 CET [2025/02/11 14:50:54 ET]
Table 'Aludra' 6-max Seat #1 is the button
Seat 1: BrittaRB ($5.48 in chips) 
Seat 2: Mahu2021 ($8.34 in chips) 
Seat 3: MrRooob9899 ($10.93 in chips) 
Seat 4: FIOMAD ($10 in chips) 
Seat 5: thorindorf ($9.27 in chips) 
Seat 6: TANEV78 ($17.34 in chips) 
Mahu2021: posts small blind $0.05
MrRooob9899: posts big blind $0.10
*** HOLE CARDS ***
Dealt to Mahu2021 [Qh 7c]
FIOMAD: raises $0.20 to $0.30
thorindorf: raises $0.75 to $1.05
TANEV78: folds 
BrittaRB: calls $1.05
Mahu2021: folds 
MrRooob9899: folds 
FIOMAD: folds 
*** FLOP *** [6s 5d 3c]
thorindorf: bets $2.44
BrittaRB: calls $2.44
*** TURN *** [6s 5d 3c] [Qc]
thorindorf: bets $5.78 and is all-in
BrittaRB: calls $1.99 and is all-in
Uncalled bet ($3.79) returned to thorindorf
*** RIVER *** [6s 5d 3c Qc] [Td]
*** SHOW DOWN ***
thorindorf: shows [Ks Ad] (high card Ace)
BrittaRB: shows [5h 7h] (a pair of Fives)
BrittaRB collected $10.90 from pot
*** SUMMARY ***
Total pot $11.41 | Rake $0.51 
Board [6s 5d 3c Qc Td]
Seat 1: BrittaRB (button) showed [5h 7h] and won ($10.90) with a pair of Fives
Seat 2: Mahu2021 (small blind) folded before Flop
Seat 3: MrRooob9899 (big blind) folded before Flop
Seat 4: FIOMAD folded before Flop
Seat 5: thorindorf showed [Ks Ad] and lost with high card Ace
Seat 6: TANEV78 folded before Flop (didn't bet)



PokerStars Zoom Hand #254819874895:  Hold'em No Limit ($0.05/$0.10) - 2025/02/11 20:51:35 CET [2025/02/11 14:51:35 ET]
Table 'Aludra' 6-max Seat #1 is the button
Seat 1: Wiktor Slany ($10.74 in chips) 
Seat 2: Mahu2021 ($8.19 in chips) 
Seat 3: danyeul ($10 in chips) 
Seat 4: Baygirl50 ($8.27 in chips) 
Seat 5: jksgoodgz ($15.96 in chips) 
Seat 6: anderson ca6 ($12.10 in chips) 
Mahu2021: posts small blind $0.05
danyeul: posts big blind $0.10
*** HOLE CARDS ***
Dealt to Mahu2021 [9d 8h]
Baygirl50: folds 
jksgoodgz: folds 
anderson ca6: folds 
Wiktor Slany: folds 
Mahu2021: folds 
Uncalled bet ($0.05) returned to danyeul
danyeul collected $0.10 from pot
danyeul: doesn't show hand 
*** SUMMARY ***
Total pot $0.10 | Rake $0 
Seat 1: Wiktor Slany (button) folded before Flop (didn't bet)
Seat 2: Mahu2021 (small blind) folded before Flop
Seat 3: danyeul (big blind) collected ($0.10)
Seat 4: Baygirl50 folded before Flop (didn't bet)
Seat 5: jksgoodgz folded before Flop (didn't bet)
Seat 6: anderson ca6 folded before Flop (didn't bet)



PokerStars Zoom Hand #254819877114:  Hold'em No Limit ($0.05/$0.10) - 2025/02/11 20:51:43 CET [2025/02/11 14:51:43 ET]
Table 'Aludra' 6-max Seat #1 is the button
Seat 1: jksgoodgz ($15.66 in chips) 
Seat 2: Boo81223 ($6.55 in chips) 
Seat 3: megaloshara ($17.72 in chips) 
Seat 4: Poklrll02 ($14.80 in chips) 
Seat 5: kokalakias ($10.32 in chips) 
Seat 6: Mahu2021 ($8.14 in chips) 
Boo81223: posts small blind $0.05
megaloshara: posts big blind $0.10
*** HOLE CARDS ***
Dealt to Mahu2021 [6s Qc]
Poklrll02: folds 
kokalakias: raises $0.15 to $0.25
Mahu2021: folds 
jksgoodgz: folds 
Boo81223: folds 
megaloshara: folds 
Uncalled bet ($0.15) returned to kokalakias
kokalakias collected $0.25 from pot
kokalakias: doesn't show hand 
*** SUMMARY ***
Total pot $0.25 | Rake $0 
Seat 1: jksgoodgz (button) folded before Flop (didn't bet)
Seat 2: Boo81223 (small blind) folded before Flop
Seat 3: megaloshara (big blind) folded before Flop
Seat 4: Poklrll02 folded before Flop (didn't bet)
Seat 5: kokalakias collected ($0.25)
Seat 6: Mahu2021 folded before Flop (didn't bet)



PokerStars Zoom Hand #254819879112:  Hold'em No Limit ($0.05/$0.10) - 2025/02/11 20:51:50 CET [2025/02/11 14:51:50 ET]
Table 'Aludra' 6-max Seat #1 is the button
Seat 1: m0nster1989_ ($17.50 in chips) 
Seat 2: Tompi2510 ($10.98 in chips) 
Seat 3: Mahu2021 ($8.14 in chips) 
Seat 4: Blackstone1895 ($9 in chips) 
Seat 5: Machestr ($10.52 in chips) 
Seat 6: rossjack89 ($18.55 in chips) 
Tompi2510: posts small blind $0.05
Mahu2021: posts big blind $0.10
*** HOLE CARDS ***
Dealt to Mahu2021 [Tc 6d]
Blackstone1895: folds 
Machestr: folds 
rossjack89: folds 
m0nster1989_: folds 
Tompi2510: folds 
Uncalled bet ($0.05) returned to Mahu2021
Mahu2021 collected $0.10 from pot
Mahu2021: doesn't show hand 
*** SUMMARY ***
Total pot $0.10 | Rake $0 
Seat 1: m0nster1989_ (button) folded before Flop (didn't bet)
Seat 2: Tompi2510 (small blind) folded before Flop
Seat 3: Mahu2021 (big blind) collected ($0.10)
Seat 4: Blackstone1895 folded before Flop (didn't bet)
Seat 5: Machestr folded before Flop (didn't bet)
Seat 6: rossjack89 folded before Flop (didn't bet)



PokerStars Zoom Hand #254819876010:  Hold'em No Limit ($0.05/$0.10) - 2025/02/11 20:51:39 CET [2025/02/11 14:51:39 ET]
Table 'Aludra' 6-max Seat #1 is the button
Seat 1: SimoDa39 ($10 in chips) 
Seat 2: MR_HKO_DK ($11.09 in chips) 
Seat 3: Cl8rker ($11.57 in chips) 
Seat 4: Mahu2021 ($8.14 in chips) 
Seat 5: Wiktor Slany ($10.74 in chips) 
Seat 6: Tompi2510 ($10.28 in chips) 
MR_HKO_DK: posts small blind $0.05
Cl8rker: posts big blind $0.10
*** HOLE CARDS ***
Dealt to Mahu2021 [2d 6h]
Mahu2021: folds 
Wiktor Slany: folds 
Tompi2510: folds 
SimoDa39: raises $0.15 to $0.25
MR_HKO_DK: calls $0.20
Cl8rker: folds 
*** FLOP *** [6s 9d 9h]
MR_HKO_DK: checks 
SimoDa39: checks 
*** TURN *** [6s 9d 9h] [Td]
MR_HKO_DK: checks 
SimoDa39: checks 
*** RIVER *** [6s 9d 9h Td] [Ac]
MR_HKO_DK: checks 
SimoDa39: bets $0.50
MR_HKO_DK: calls $0.50
*** SHOW DOWN ***
SimoDa39: shows [Ah Qh] (two pair, Aces and Nines)
MR_HKO_DK: mucks hand 
SimoDa39 collected $1.53 from pot
*** SUMMARY ***
Total pot $1.60 | Rake $0.07 
Board [6s 9d 9h Td Ac]
Seat 1: SimoDa39 (button) showed [Ah Qh] and won ($1.53) with two pair, Aces and Nines
Seat 2: MR_HKO_DK (small blind) mucked [As 4s]
Seat 3: Cl8rker (big blind) folded before Flop
Seat 4: Mahu2021 folded before Flop (didn't bet)
Seat 5: Wiktor Slany folded before Flop (didn't bet)
Seat 6: Tompi2510 folded before Flop (didn't bet)



PokerStars Zoom Hand #254819885667:  Hold'em No Limit ($0.05/$0.10) - 2025/02/11 20:52:13 CET [2025/02/11 14:52:13 ET]
Table 'Aludra' 6-max Seat #1 is the button
Seat 1: Allvisa ($11.31 in chips) 
Seat 2: PavanaTTo23 ($10 in chips) 
Seat 3: cibor74 ($14.20 in chips) 
Seat 4: Dulvagan ($12.18 in chips) 
Seat 5: Mahu2021 ($8.14 in chips) 
Seat 6: TANEV78 ($17.04 in chips) 
PavanaTTo23: posts small blind $0.05
cibor74: posts big blind $0.10
*** HOLE CARDS ***
Dealt to Mahu2021 [Ad 4s]
Dulvagan: folds 
Mahu2021: folds 
TANEV78: folds 
Allvisa: folds 
PavanaTTo23: folds 
Uncalled bet ($0.05) returned to cibor74
cibor74 collected $0.10 from pot
cibor74: doesn't show hand 
*** SUMMARY ***
Total pot $0.10 | Rake $0 
Seat 1: Allvisa (button) folded before Flop (didn't bet)
Seat 2: PavanaTTo23 (small blind) folded before Flop
Seat 3: cibor74 (big blind) collected ($0.10)
Seat 4: Dulvagan folded before Flop (didn't bet)
Seat 5: Mahu2021 folded before Flop (didn't bet)
Seat 6: TANEV78 folded before Flop (didn't bet)



PokerStars Zoom Hand #254819877951:  Hold'em No Limit ($0.05/$0.10) - 2025/02/11 20:51:46 CET [2025/02/11 14:51:46 ET]
Table 'Aludra' 6-max Seat #1 is the button
Seat 1: CraigCasey88 ($10.10 in chips) 
Seat 2: lynochkina ($2.51 in chips) 
Seat 3: PavanaTTo23 ($10 in chips) 
Seat 4: serotonine91 ($22.47 in chips) 
Seat 5: aimaisan ($33.52 in chips) 
Seat 6: Mahu2021 ($8.14 in chips) 
lynochkina: posts small blind $0.05
PavanaTTo23: posts big blind $0.10
*** HOLE CARDS ***
Dealt to Mahu2021 [2c Jd]
serotonine91: raises $0.15 to $0.25
aimaisan: folds 
Mahu2021: folds 
CraigCasey88: calls $0.25
lynochkina: raises $2.26 to $2.51 and is all-in
PavanaTTo23: folds 
serotonine91: folds 
CraigCasey88: folds 
Uncalled bet ($2.26) returned to lynochkina
lynochkina collected $0.85 from pot
lynochkina: doesn't show hand 
*** SUMMARY ***
Total pot $0.85 | Rake $0 
Seat 1: CraigCasey88 (button) folded before Flop
Seat 2: lynochkina (small blind) collected ($0.85)
Seat 3: PavanaTTo23 (big blind) folded before Flop
Seat 4: serotonine91 folded before Flop
Seat 5: aimaisan folded before Flop (didn't bet)
Seat 6: Mahu2021 folded before Flop (didn't bet)



PokerStars Zoom Hand #254819883285:  Hold'em No Limit ($0.05/$0.10) - 2025/02/11 20:52:05 CET [2025/02/11 14:52:05 ET]
Table 'Aludra' 6-max Seat #1 is the button
Seat 1: seiji140 ($16.06 in chips) 
Seat 2: Mahu2021 ($8.19 in chips) 
Seat 3: Pavlik_Thebest ($18.21 in chips) 
Seat 4: miseyukas75 ($12.91 in chips) 
Seat 5: Esdras Botelho ($18.12 in chips) 
Seat 6: Iness521 ($7.78 in chips) 
Mahu2021: posts small blind $0.05
Pavlik_Thebest: posts big blind $0.10
*** HOLE CARDS ***
Dealt to Mahu2021 [6s 4d]
miseyukas75: folds 
Esdras Botelho: folds 
Iness521: folds 
seiji140: raises $0.15 to $0.25
Mahu2021: folds 
Pavlik_Thebest: folds 
Uncalled bet ($0.15) returned to seiji140
seiji140 collected $0.25 from pot
seiji140: doesn't show hand 
*** SUMMARY ***
Total pot $0.25 | Rake $0 
Seat 1: seiji140 (button) collected ($0.25)
Seat 2: Mahu2021 (small blind) folded before Flop
Seat 3: Pavlik_Thebest (big blind) folded before Flop
Seat 4: miseyukas75 folded before Flop (didn't bet)
Seat 5: Esdras Botelho folded before Flop (didn't bet)
Seat 6: Iness521 folded before Flop (didn't bet)



PokerStars Zoom Hand #254819884419:  Hold'em No Limit ($0.05/$0.10) - 2025/02/11 20:52:09 CET [2025/02/11 14:52:09 ET]
Table 'Aludra' 6-max Seat #1 is the button
Seat 1: Mahu2021 ($8.14 in chips) 
Seat 2: MPKH509 ($10.13 in chips) 
Seat 3: CraigCasey88 ($10 in chips) 
Seat 4: cibor74 ($10 in chips) 
Seat 5: PavanaTTo23 ($10 in chips) 
Seat 6: lesantos0111 ($7.34 in chips) 
MPKH509: posts small blind $0.05
CraigCasey88: posts big blind $0.10
*** HOLE CARDS ***
Dealt to Mahu2021 [Ts 4s]
cibor74: folds 
PavanaTTo23: folds 
lesantos0111: folds 
Mahu2021: folds 
MPKH509: raises $0.20 to $0.30
CraigCasey88: calls $0.20
*** FLOP *** [4d 6d Ks]
MPKH509: bets $0.43
CraigCasey88: folds 
Uncalled bet ($0.43) returned to MPKH509
MPKH509 collected $0.56 from pot
MPKH509: doesn't show hand 
*** SUMMARY ***
Total pot $0.60 | Rake $0.04 
Board [4d 6d Ks]
Seat 1: Mahu2021 (button) folded before Flop (didn't bet)
Seat 2: MPKH509 (small blind) collected ($0.56)
Seat 3: CraigCasey88 (big blind) folded on the Flop
Seat 4: cibor74 folded before Flop (didn't bet)
Seat 5: PavanaTTo23 folded before Flop (didn't bet)
Seat 6: lesantos0111 folded before Flop (didn't bet)



PokerStars Zoom Hand #254819886591:  Hold'em No Limit ($0.05/$0.10) - 2025/02/11 20:52:17 CET [2025/02/11 14:52:17 ET]
Table 'Aludra' 6-max Seat #1 is the button
Seat 1: oyuka1988 ($15.49 in chips) 
Seat 2: Klevner ($10.47 in chips) 
Seat 3: maldobex ($10.80 in chips) 
Seat 4: Mahu2021 ($8.14 in chips) 
Seat 5: BrittaRB ($10.60 in chips) 
Seat 6: Cl8rker ($24.02 in chips) 
Klevner: posts small blind $0.05
maldobex: posts big blind $0.10
*** HOLE CARDS ***
Dealt to Mahu2021 [7d Kc]
Mahu2021: folds 
BrittaRB: calls $0.10
Cl8rker: folds 
oyuka1988: folds 
Klevner: calls $0.05
maldobex: checks 
*** FLOP *** [2h 8d Qs]
Klevner: checks 
maldobex: checks 
BrittaRB: bets $0.30
Klevner: folds 
maldobex: folds 
Uncalled bet ($0.30) returned to BrittaRB
BrittaRB collected $0.29 from pot
BrittaRB: doesn't show hand 
*** SUMMARY ***
Total pot $0.30 | Rake $0.01 
Board [2h 8d Qs]
Seat 1: oyuka1988 (button) folded before Flop (didn't bet)
Seat 2: Klevner (small blind) folded on the Flop
Seat 3: maldobex (big blind) folded on the Flop
Seat 4: Mahu2021 folded before Flop (didn't bet)
Seat 5: BrittaRB collected ($0.29)
Seat 6: Cl8rker folded before Flop (didn't bet)



PokerStars Zoom Hand #254819872630:  Hold'em No Limit ($0.05/$0.10) - 2025/02/11 20:51:27 CET [2025/02/11 14:51:27 ET]
Table 'Aludra' 6-max Seat #1 is the button
Seat 1: Mahu2021 ($8.19 in chips) 
Seat 2: aimaisan ($41.59 in chips) 
Seat 3: Allvisa ($11.38 in chips) 
Seat 4: serotonine91 ($15.62 in chips) 
Seat 5: MrRooob9899 ($10.78 in chips) 
Seat 6: PavanaTTo23 ($10 in chips) 
aimaisan: posts small blind $0.05
Allvisa: posts big blind $0.10
*** HOLE CARDS ***
Dealt to Mahu2021 [9s 2s]
serotonine91: raises $0.15 to $0.25
MrRooob9899: calls $0.25
PavanaTTo23: folds 
Mahu2021: folds 
aimaisan: folds 
Allvisa: folds 
*** FLOP *** [4s Th 4c]
serotonine91: bets $0.31
MrRooob9899: raises $0.31 to $0.62
serotonine91: raises $0.58 to $1.20
MrRooob9899: calls $0.58
*** TURN *** [4s Th 4c] [2c]
serotonine91: checks 
MrRooob9899: checks 
*** RIVER *** [4s Th 4c 2c] [6d]
serotonine91: checks 
MrRooob9899: checks 
*** SHOW DOWN ***
serotonine91: shows [Ac As] (two pair, Aces and Fours)
MrRooob9899: mucks hand 
serotonine91 collected $2.91 from pot
*** SUMMARY ***
Total pot $3.05 | Rake $0.14 
Board [4s Th 4c 2c 6d]
Seat 1: Mahu2021 (button) folded before Flop (didn't bet)
Seat 2: aimaisan (small blind) folded before Flop
Seat 3: Allvisa (big blind) folded before Flop
Seat 4: serotonine91 showed [Ac As] and won ($2.91) with two pair, Aces and Fours
Seat 5: MrRooob9899 mucked [8h 8d]
Seat 6: PavanaTTo23 folded before Flop (didn't bet)



PokerStars Zoom Hand #254819887548:  Hold'em No Limit ($0.05/$0.10) - 2025/02/11 20:52:20 CET [2025/02/11 14:52:20 ET]
Table 'Aludra' 6-max Seat #1 is the button
Seat 1: kokalakias ($10.47 in chips) 
Seat 2: m0nster1989_ ($13.94 in chips) 
Seat 3: Mahu2021 ($8.14 in chips) 
Seat 4: oyuka1988 ($10 in chips) 
Seat 5: bogek210 ($15.53 in chips) 
Seat 6: tobey18 ($7.95 in chips) 
m0nster1989_: posts small blind $0.05
Mahu2021: posts big blind $0.10
*** HOLE CARDS ***
Dealt to Mahu2021 [Ks Td]
oyuka1988: folds 
bogek210: folds 
tobey18: folds 
kokalakias: folds 
m0nster1989_: raises $0.20 to $0.30
Mahu2021: calls $0.20
*** FLOP *** [4d 8s 6h]
m0nster1989_: bets $0.17
Mahu2021: folds 
Uncalled bet ($0.17) returned to m0nster1989_
m0nster1989_ collected $0.57 from pot
m0nster1989_: doesn't show hand 
*** SUMMARY ***
Total pot $0.60 | Rake $0.03 
Board [4d 8s 6h]
Seat 1: kokalakias (button) folded before Flop (didn't bet)
Seat 2: m0nster1989_ (small blind) collected ($0.57)
Seat 3: Mahu2021 (big blind) folded on the Flop
Seat 4: oyuka1988 folded before Flop (didn't bet)
Seat 5: bogek210 folded before Flop (didn't bet)
Seat 6: tobey18 folded before Flop (didn't bet)



PokerStars Zoom Hand #254819896423:  Hold'em No Limit ($0.05/$0.10) - 2025/02/11 20:52:52 CET [2025/02/11 14:52:52 ET]
Table 'Aludra' 6-max Seat #1 is the button
Seat 1: Dulvagan ($11.88 in chips) 
Seat 2: danyeul ($10.20 in chips) 
Seat 3: MR_HKO_DK ($27.71 in chips) 
Seat 4: TANEV78 ($19.98 in chips) 
Seat 5: Mahu2021 ($7.84 in chips) 
Seat 6: maldobex ($10.70 in chips) 
danyeul: posts small blind $0.05
MR_HKO_DK: posts big blind $0.10
*** HOLE CARDS ***
Dealt to Mahu2021 [5d 5c]
TANEV78: folds 
Mahu2021: raises $0.14 to $0.24
maldobex: folds 
Dulvagan: folds 
danyeul: folds 
MR_HKO_DK: folds 
Uncalled bet ($0.14) returned to Mahu2021
Mahu2021 collected $0.25 from pot
Mahu2021: doesn't show hand 
*** SUMMARY ***
Total pot $0.25 | Rake $0 
Seat 1: Dulvagan (button) folded before Flop (didn't bet)
Seat 2: danyeul (small blind) folded before Flop
Seat 3: MR_HKO_DK (big blind) folded before Flop
Seat 4: TANEV78 folded before Flop (didn't bet)
Seat 5: Mahu2021 collected ($0.25)
Seat 6: maldobex folded before Flop (didn't bet)



PokerStars Zoom Hand #254819899796:  Hold'em No Limit ($0.05/$0.10) - 2025/02/11 20:53:04 CET [2025/02/11 14:53:04 ET]
Table 'Aludra' 6-max Seat #1 is the button
Seat 1: PavanaTTo23 ($23.47 in chips) 
Seat 2: rf1258 ($7.02 in chips) 
Seat 3: Losimas(LT) ($10 in chips) 
Seat 4: MrRooob9899 ($10.05 in chips) 
Seat 5: bcflaw ($21.76 in chips) 
Seat 6: Mahu2021 ($7.99 in chips) 
rf1258: posts small blind $0.05
Losimas(LT): posts big blind $0.10
*** HOLE CARDS ***
Dealt to Mahu2021 [4h Ts]
MrRooob9899: folds 
bcflaw: raises $0.12 to $0.22
Mahu2021: folds 
PavanaTTo23: folds 
rf1258: folds 
Losimas(LT): folds 
Uncalled bet ($0.12) returned to bcflaw
bcflaw collected $0.25 from pot
bcflaw: doesn't show hand 
*** SUMMARY ***
Total pot $0.25 | Rake $0 
Seat 1: PavanaTTo23 (button) folded before Flop (didn't bet)
Seat 2: rf1258 (small blind) folded before Flop
Seat 3: Losimas(LT) (big blind) folded before Flop
Seat 4: MrRooob9899 folded before Flop (didn't bet)
Seat 5: bcflaw collected ($0.25)
Seat 6: Mahu2021 folded before Flop (didn't bet)



PokerStars Zoom Hand #254819900751:  Hold'em No Limit ($0.05/$0.10) - 2025/02/11 20:53:07 CET [2025/02/11 14:53:07 ET]
Table 'Aludra' 6-max Seat #1 is the button
Seat 1: KrysuSkerdikas ($10 in chips) 
Seat 2: Mahu2021 ($7.99 in chips) 
Seat 3: serotonine91 ($17.03 in chips) 
Seat 4: jjkop17 ($17.66 in chips) 
Seat 5: YoloPôker ($10.30 in chips) 
Seat 6: pomoriepower ($25.55 in chips) 
Mahu2021: posts small blind $0.05
serotonine91: posts big blind $0.10
*** HOLE CARDS ***
Dealt to Mahu2021 [6s 6d]
jjkop17: raises $0.20 to $0.30
YoloPôker: folds 
pomoriepower: folds 
KrysuSkerdikas: folds 
Mahu2021: calls $0.25
serotonine91: folds 
*** FLOP *** [6h Qc Ad]
Mahu2021: checks 
jjkop17: bets $0.34
Mahu2021: calls $0.34
*** TURN *** [6h Qc Ad] [2c]
Mahu2021: checks 
jjkop17: bets $0.66
Mahu2021: calls $0.66
*** RIVER *** [6h Qc Ad 2c] [5h]
Mahu2021: bets $2.58
jjkop17: raises $3.28 to $5.86
Mahu2021: calls $3.28
*** SHOW DOWN ***
jjkop17: shows [Ac 5c] (two pair, Aces and Fives)
Mahu2021: shows [6s 6d] (three of a kind, Sixes)
Mahu2021 collected $13.77 from pot
*** SUMMARY ***
Total pot $14.42 | Rake $0.65 
Board [6h Qc Ad 2c 5h]
Seat 1: KrysuSkerdikas (button) folded before Flop (didn't bet)
Seat 2: Mahu2021 (small blind) showed [6s 6d] and won ($13.77) with three of a kind, Sixes
Seat 3: serotonine91 (big blind) folded before Flop
Seat 4: jjkop17 showed [Ac 5c] and lost with two pair, Aces and Fives
Seat 5: YoloPôker folded before Flop (didn't bet)
Seat 6: pomoriepower folded before Flop (didn't bet)



