PokerStars Hand #247560279394: Tournament #3684064112, $1.84+$0.16 USD Hold'em No Limit - Level I (10/20) - 2023/12/09 10:02:52 CET [2023/12/09 4:02:52 ET]
Table '3684064112 1' 3-max Seat #1 is the button
Seat 1: rookie5666 (500 in chips) 
Seat 2: Mahu2021 (500 in chips) 
Seat 3: xandasso (500 in chips) 
Mahu2021: posts small blind 10
xandasso: posts big blind 20
*** HOLE CARDS ***
Dealt to Mahu2021 [9d Kh]
rookie5666: folds 
Mahu2021: calls 10
xandasso: checks 
*** FLOP *** [4d Ts Kc]
Mahu2021: bets 20
xandasso: calls 20
*** TURN *** [4d Ts Kc] [As]
Mahu2021: bets 20
xandasso: calls 20
*** RIVER *** [4d Ts Kc As] [5h]
Mahu2021: bets 20
xandasso: raises 20 to 40
Mahu2021: calls 20
*** SHOW DOWN ***
xandasso: shows [6h Ah] (a pair of Aces)
Mahu2021: mucks hand 
xandasso collected 200 from pot
*** SUMMARY ***
Total pot 200 | Rake 0 
Board [4d Ts Kc As 5h]
Seat 1: rookie5666 (button) folded before Flop (didn't bet)
Seat 2: Mahu2021 (small blind) mucked [9d Kh]
Seat 3: xandasso (big blind) showed [6h Ah] and won (200) with a pair of Aces



PokerStars Hand #247560281973: Tournament #3684064112, $1.84+$0.16 USD Hold'em No Limit - Level I (10/20) - 2023/12/09 10:03:14 CET [2023/12/09 4:03:14 ET]
Table '3684064112 1' 3-max Seat #2 is the button
Seat 1: rookie5666 (500 in chips) 
Seat 2: Mahu2021 (400 in chips) 
Seat 3: xandasso (600 in chips) 
xandasso: posts small blind 10
rookie5666: posts big blind 20
*** HOLE CARDS ***
Dealt to Mahu2021 [Td Th]
Mahu2021: raises 20 to 40
xandasso: calls 30
rookie5666: calls 20
*** FLOP *** [Qh 8s 2c]
xandasso: checks 
rookie5666: checks 
Mahu2021: bets 40
xandasso: calls 40
rookie5666: folds 
*** TURN *** [Qh 8s 2c] [5s]
xandasso: checks 
Mahu2021: checks 
*** RIVER *** [Qh 8s 2c 5s] [Ks]
xandasso: checks 
Mahu2021: checks 
*** SHOW DOWN ***
xandasso: shows [8h 9h] (a pair of Eights)
Mahu2021: shows [Td Th] (a pair of Tens)
Mahu2021 collected 200 from pot
*** SUMMARY ***
Total pot 200 | Rake 0 
Board [Qh 8s 2c 5s Ks]
Seat 1: rookie5666 (big blind) folded on the Flop
Seat 2: Mahu2021 (button) showed [Td Th] and won (200) with a pair of Tens
Seat 3: xandasso (small blind) showed [8h 9h] and lost with a pair of Eights



PokerStars Hand #247560284848: Tournament #3684064112, $1.84+$0.16 USD Hold'em No Limit - Level I (10/20) - 2023/12/09 10:03:39 CET [2023/12/09 4:03:39 ET]
Table '3684064112 1' 3-max Seat #3 is the button
Seat 1: rookie5666 (460 in chips) 
Seat 2: Mahu2021 (520 in chips) 
Seat 3: xandasso (520 in chips) 
rookie5666: posts small blind 10
Mahu2021: posts big blind 20
*** HOLE CARDS ***
Dealt to Mahu2021 [Qc Js]
xandasso: calls 20
rookie5666: raises 60 to 80
Mahu2021: calls 60
xandasso: calls 60
*** FLOP *** [9s 9h 2d]
rookie5666: bets 240
Mahu2021: folds 
xandasso: folds 
Uncalled bet (240) returned to rookie5666
rookie5666 collected 240 from pot
*** SUMMARY ***
Total pot 240 | Rake 0 
Board [9s 9h 2d]
Seat 1: rookie5666 (small blind) collected (240)
Seat 2: Mahu2021 (big blind) folded on the Flop
Seat 3: xandasso (button) folded on the Flop



PokerStars Hand #247560287164: Tournament #3684064112, $1.84+$0.16 USD Hold'em No Limit - Level I (10/20) - 2023/12/09 10:03:58 CET [2023/12/09 4:03:58 ET]
Table '3684064112 1' 3-max Seat #1 is the button
Seat 1: rookie5666 (620 in chips) 
Seat 2: Mahu2021 (440 in chips) 
Seat 3: xandasso (440 in chips) 
Mahu2021: posts small blind 10
xandasso: posts big blind 20
*** HOLE CARDS ***
Dealt to Mahu2021 [2d Ks]
rookie5666: folds 
Mahu2021: folds 
Uncalled bet (10) returned to xandasso
xandasso collected 20 from pot
xandasso: doesn't show hand 
*** SUMMARY ***
Total pot 20 | Rake 0 
Seat 1: rookie5666 (button) folded before Flop (didn't bet)
Seat 2: Mahu2021 (small blind) folded before Flop
Seat 3: xandasso (big blind) collected (20)



PokerStars Hand #247560287902: Tournament #3684064112, $1.84+$0.16 USD Hold'em No Limit - Level I (10/20) - 2023/12/09 10:04:04 CET [2023/12/09 4:04:04 ET]
Table '3684064112 1' 3-max Seat #2 is the button
Seat 1: rookie5666 (620 in chips) 
Seat 2: Mahu2021 (430 in chips) 
Seat 3: xandasso (450 in chips) 
xandasso: posts small blind 10
rookie5666: posts big blind 20
*** HOLE CARDS ***
Dealt to Mahu2021 [7c Th]
Mahu2021: folds 
xandasso: calls 10
rookie5666: raises 80 to 100
xandasso: folds 
Uncalled bet (80) returned to rookie5666
rookie5666 collected 40 from pot
*** SUMMARY ***
Total pot 40 | Rake 0 
Seat 1: rookie5666 (big blind) collected (40)
Seat 2: Mahu2021 (button) folded before Flop (didn't bet)
Seat 3: xandasso (small blind) folded before Flop



PokerStars Hand #247560290006: Tournament #3684064112, $1.84+$0.16 USD Hold'em No Limit - Level I (10/20) - 2023/12/09 10:04:23 CET [2023/12/09 4:04:23 ET]
Table '3684064112 1' 3-max Seat #3 is the button
Seat 1: rookie5666 (640 in chips) 
Seat 2: Mahu2021 (430 in chips) 
Seat 3: xandasso (430 in chips) 
rookie5666: posts small blind 10
Mahu2021: posts big blind 20
*** HOLE CARDS ***
Dealt to Mahu2021 [9h Qs]
xandasso: folds 
rookie5666: folds 
Uncalled bet (10) returned to Mahu2021
Mahu2021 collected 20 from pot
Mahu2021: doesn't show hand 
*** SUMMARY ***
Total pot 20 | Rake 0 
Seat 1: rookie5666 (small blind) folded before Flop
Seat 2: Mahu2021 (big blind) collected (20)
Seat 3: xandasso (button) folded before Flop (didn't bet)



PokerStars Hand #247560290822: Tournament #3684064112, $1.84+$0.16 USD Hold'em No Limit - Level I (10/20) - 2023/12/09 10:04:30 CET [2023/12/09 4:04:30 ET]
Table '3684064112 1' 3-max Seat #1 is the button
Seat 1: rookie5666 (630 in chips) 
Seat 2: Mahu2021 (440 in chips) 
Seat 3: xandasso (430 in chips) 
Mahu2021: posts small blind 10
xandasso: posts big blind 20
*** HOLE CARDS ***
Dealt to Mahu2021 [Qd 7s]
rookie5666: raises 60 to 80
Mahu2021: folds 
xandasso: calls 60
*** FLOP *** [Qc 2s 3s]
xandasso: checks 
rookie5666: checks 
*** TURN *** [Qc 2s 3s] [6c]
xandasso: bets 80
rookie5666: calls 80
*** RIVER *** [Qc 2s 3s 6c] [4d]
xandasso: checks 
rookie5666: checks 
*** SHOW DOWN ***
xandasso: shows [Qs Jh] (a pair of Queens)
rookie5666: mucks hand 
xandasso collected 330 from pot
*** SUMMARY ***
Total pot 330 | Rake 0 
Board [Qc 2s 3s 6c 4d]
Seat 1: rookie5666 (button) mucked [As Kc]
Seat 2: Mahu2021 (small blind) folded before Flop
Seat 3: xandasso (big blind) showed [Qs Jh] and won (330) with a pair of Queens



PokerStars Hand #247560294106: Tournament #3684064112, $1.84+$0.16 USD Hold'em No Limit - Level II (15/30) - 2023/12/09 10:04:57 CET [2023/12/09 4:04:57 ET]
Table '3684064112 1' 3-max Seat #2 is the button
Seat 1: rookie5666 (470 in chips) 
Seat 2: Mahu2021 (430 in chips) 
Seat 3: xandasso (600 in chips) 
xandasso: posts small blind 15
rookie5666: posts big blind 30
*** HOLE CARDS ***
Dealt to Mahu2021 [7d 7c]
Mahu2021: raises 30 to 60
xandasso: calls 45
rookie5666: folds 
*** FLOP *** [3s 5s 5c]
xandasso: checks 
Mahu2021: bets 150
xandasso: calls 150
*** TURN *** [3s 5s 5c] [2d]
xandasso: checks 
Mahu2021: bets 220 and is all-in
xandasso: calls 220
*** RIVER *** [3s 5s 5c 2d] [Kd]
*** SHOW DOWN ***
xandasso: shows [Qd Ac] (a pair of Fives)
Mahu2021: shows [7d 7c] (two pair, Sevens and Fives)
Mahu2021 collected 890 from pot
*** SUMMARY ***
Total pot 890 | Rake 0 
Board [3s 5s 5c 2d Kd]
Seat 1: rookie5666 (big blind) folded before Flop
Seat 2: Mahu2021 (button) showed [7d 7c] and won (890) with two pair, Sevens and Fives
Seat 3: xandasso (small blind) showed [Qd Ac] and lost with a pair of Fives



PokerStars Hand #247560297318: Tournament #3684064112, $1.84+$0.16 USD Hold'em No Limit - Level II (15/30) - 2023/12/09 10:05:24 CET [2023/12/09 4:05:24 ET]
Table '3684064112 1' 3-max Seat #3 is the button
Seat 1: rookie5666 (440 in chips) 
Seat 2: Mahu2021 (890 in chips) 
Seat 3: xandasso (170 in chips) 
rookie5666: posts small blind 15
Mahu2021: posts big blind 30
*** HOLE CARDS ***
Dealt to Mahu2021 [3h 7d]
xandasso: calls 30
rookie5666: folds 
Mahu2021: checks 
*** FLOP *** [Ac 6h 4d]
Mahu2021: checks 
xandasso: checks 
*** TURN *** [Ac 6h 4d] [Kd]
Mahu2021: checks 
xandasso: checks 
*** RIVER *** [Ac 6h 4d Kd] [4h]
Mahu2021: checks 
xandasso: checks 
*** SHOW DOWN ***
Mahu2021: shows [3h 7d] (a pair of Fours)
xandasso: shows [7c Qc] (a pair of Fours - Ace+King+Queen kicker)
xandasso collected 75 from pot
*** SUMMARY ***
Total pot 75 | Rake 0 
Board [Ac 6h 4d Kd 4h]
Seat 1: rookie5666 (small blind) folded before Flop
Seat 2: Mahu2021 (big blind) showed [3h 7d] and lost with a pair of Fours
Seat 3: xandasso (button) showed [7c Qc] and won (75) with a pair of Fours



PokerStars Hand #247560299422: Tournament #3684064112, $1.84+$0.16 USD Hold'em No Limit - Level II (15/30) - 2023/12/09 10:05:41 CET [2023/12/09 4:05:41 ET]
Table '3684064112 1' 3-max Seat #1 is the button
Seat 1: rookie5666 (425 in chips) 
Seat 2: Mahu2021 (860 in chips) 
Seat 3: xandasso (215 in chips) 
Mahu2021: posts small blind 15
xandasso: posts big blind 30
*** HOLE CARDS ***
Dealt to Mahu2021 [Jc Th]
rookie5666: raises 90 to 120
Mahu2021: folds 
xandasso: calls 90
*** FLOP *** [2s 2h 9h]
xandasso: checks 
rookie5666: bets 255
xandasso: folds 
Uncalled bet (255) returned to rookie5666
rookie5666 collected 255 from pot
*** SUMMARY ***
Total pot 255 | Rake 0 
Board [2s 2h 9h]
Seat 1: rookie5666 (button) collected (255)
Seat 2: Mahu2021 (small blind) folded before Flop
Seat 3: xandasso (big blind) folded on the Flop



PokerStars Hand #247560301482: Tournament #3684064112, $1.84+$0.16 USD Hold'em No Limit - Level II (15/30) - 2023/12/09 10:05:59 CET [2023/12/09 4:05:59 ET]
Table '3684064112 1' 3-max Seat #2 is the button
Seat 1: rookie5666 (560 in chips) 
Seat 2: Mahu2021 (845 in chips) 
Seat 3: xandasso (95 in chips) 
xandasso: posts small blind 15
rookie5666: posts big blind 30
*** HOLE CARDS ***
Dealt to Mahu2021 [Ts 8s]
Mahu2021: calls 30
xandasso: calls 15
rookie5666: checks 
*** FLOP *** [6s 8c Kc]
xandasso: bets 65 and is all-in
rookie5666: calls 65
Mahu2021: calls 65
*** TURN *** [6s 8c Kc] [3d]
rookie5666: checks 
Mahu2021: checks 
*** RIVER *** [6s 8c Kc 3d] [Ac]
rookie5666: checks 
Mahu2021: checks 
*** SHOW DOWN ***
xandasso: shows [9s 8d] (a pair of Eights)
rookie5666: mucks hand 
Mahu2021: shows [Ts 8s] (a pair of Eights - Ace+King+Ten kicker)
Mahu2021 collected 285 from pot
xandasso finished the tournament in 3rd place
*** SUMMARY ***
Total pot 285 | Rake 0 
Board [6s 8c Kc 3d Ac]
Seat 1: rookie5666 (big blind) mucked [4d 8h]
Seat 2: Mahu2021 (button) showed [Ts 8s] and won (285) with a pair of Eights
Seat 3: xandasso (small blind) showed [9s 8d] and lost with a pair of Eights



PokerStars Hand #247560304737: Tournament #3684064112, $1.84+$0.16 USD Hold'em No Limit - Level II (15/30) - 2023/12/09 10:06:26 CET [2023/12/09 4:06:26 ET]
Table '3684064112 1' 3-max Seat #1 is the button
Seat 1: rookie5666 (465 in chips) 
Seat 2: Mahu2021 (1035 in chips) 
rookie5666: posts small blind 15
Mahu2021: posts big blind 30
*** HOLE CARDS ***
Dealt to Mahu2021 [4d 6s]
rookie5666: folds 
Uncalled bet (15) returned to Mahu2021
Mahu2021 collected 30 from pot
Mahu2021: doesn't show hand 
*** SUMMARY ***
Total pot 30 | Rake 0 
Seat 1: rookie5666 (button) (small blind) folded before Flop
Seat 2: Mahu2021 (big blind) collected (30)



PokerStars Hand #247560305328: Tournament #3684064112, $1.84+$0.16 USD Hold'em No Limit - Level II (15/30) - 2023/12/09 10:06:31 CET [2023/12/09 4:06:31 ET]
Table '3684064112 1' 3-max Seat #2 is the button
Seat 1: rookie5666 (450 in chips) 
Seat 2: Mahu2021 (1050 in chips) 
Mahu2021: posts small blind 15
rookie5666: posts big blind 30
*** HOLE CARDS ***
Dealt to Mahu2021 [Ks Qc]
Mahu2021: raises 30 to 60
rookie5666: raises 390 to 450 and is all-in
Mahu2021: calls 390
*** FLOP *** [Jc Qh 6h]
*** TURN *** [Jc Qh 6h] [7s]
*** RIVER *** [Jc Qh 6h 7s] [Js]
*** SHOW DOWN ***
rookie5666: shows [Th 9h] (a pair of Jacks)
Mahu2021: shows [Ks Qc] (two pair, Queens and Jacks)
Mahu2021 collected 900 from pot
rookie5666 finished the tournament in 2nd place
Mahu2021 wins the tournament and receives $4.00 - congratulations!
*** SUMMARY ***
Total pot 900 | Rake 0 
Board [Jc Qh 6h 7s Js]
Seat 1: rookie5666 (big blind) showed [Th 9h] and lost with a pair of Jacks
Seat 2: Mahu2021 (button) (small blind) showed [Ks Qc] and won (900) with two pair, Queens and Jacks



