PokerStars Hand #242964481667: Tournament #3574105341, $0.92+$0.08 USD Hold'em No Limit - Level I (10/20) - 2023/04/08 17:48:57 CET [2023/04/08 11:48:57 ET]
Table '3574105341 1' 3-max Seat #1 is the button
Seat 1: ikapusta1992 (500 in chips) 
Seat 2: Mahu2021 (500 in chips) 
Seat 3: Yuri Chance (500 in chips) 
Mahu2021: posts small blind 10
Yuri Chance: posts big blind 20
*** HOLE CARDS ***
Dealt to Mahu2021 [Kc 7c]
ikapusta1992: raises 20 to 40
Mahu2021: calls 30
Yuri Chance: calls 20
*** FLOP *** [2s Ks 3c]
Mahu2021: checks 
Yuri Chance: checks 
ikapusta1992: checks 
*** TURN *** [2s Ks 3c] [8c]
Mahu2021: bets 120
Yuri Chance: calls 120
ikapusta1992: folds 
*** RIVER *** [2s Ks 3c 8c] [5s]
Mahu2021: checks 
Yuri Chance: checks 
*** SHOW DOWN ***
Mahu2021: shows [Kc 7c] (a pair of Kings)
Yuri Chance: shows [Qd Kh] (a pair of Kings - Queen kicker)
Yuri Chance collected 360 from pot
*** SUMMARY ***
Total pot 360 | Rake 0 
Board [2s Ks 3c 8c 5s]
Seat 1: ikapusta1992 (button) folded on the Turn
Seat 2: Mahu2021 (small blind) showed [Kc 7c] and lost with a pair of Kings
Seat 3: Yuri Chance (big blind) showed [Qd Kh] and won (360) with a pair of Kings



PokerStars Hand #242964491585: Tournament #3574105341, $0.92+$0.08 USD Hold'em No Limit - Level I (10/20) - 2023/04/08 17:49:29 CET [2023/04/08 11:49:29 ET]
Table '3574105341 1' 3-max Seat #2 is the button
Seat 1: ikapusta1992 (460 in chips) 
Seat 2: Mahu2021 (340 in chips) 
Seat 3: Yuri Chance (700 in chips) 
Yuri Chance: posts small blind 10
ikapusta1992: posts big blind 20
*** HOLE CARDS ***
Dealt to Mahu2021 [Qc Kh]
Mahu2021: calls 20
Yuri Chance: folds 
ikapusta1992: checks 
*** FLOP *** [Ah Jc Kc]
ikapusta1992: checks 
Mahu2021: bets 50
ikapusta1992: folds 
Uncalled bet (50) returned to Mahu2021
Mahu2021 collected 50 from pot
Mahu2021: doesn't show hand 
*** SUMMARY ***
Total pot 50 | Rake 0 
Board [Ah Jc Kc]
Seat 1: ikapusta1992 (big blind) folded on the Flop
Seat 2: Mahu2021 (button) collected (50)
Seat 3: Yuri Chance (small blind) folded before Flop



PokerStars Hand #242964496261: Tournament #3574105341, $0.92+$0.08 USD Hold'em No Limit - Level I (10/20) - 2023/04/08 17:49:45 CET [2023/04/08 11:49:45 ET]
Table '3574105341 1' 3-max Seat #3 is the button
Seat 1: ikapusta1992 (440 in chips) 
Seat 2: Mahu2021 (370 in chips) 
Seat 3: Yuri Chance (690 in chips) 
ikapusta1992: posts small blind 10
Mahu2021: posts big blind 20
*** HOLE CARDS ***
Dealt to Mahu2021 [Jd 4s]
Yuri Chance: raises 20 to 40
ikapusta1992: folds 
Mahu2021: folds 
Uncalled bet (20) returned to Yuri Chance
Yuri Chance collected 50 from pot
Yuri Chance: doesn't show hand 
*** SUMMARY ***
Total pot 50 | Rake 0 
Seat 1: ikapusta1992 (small blind) folded before Flop
Seat 2: Mahu2021 (big blind) folded before Flop
Seat 3: Yuri Chance (button) collected (50)



PokerStars Hand #242964498087: Tournament #3574105341, $0.92+$0.08 USD Hold'em No Limit - Level I (10/20) - 2023/04/08 17:49:51 CET [2023/04/08 11:49:51 ET]
Table '3574105341 1' 3-max Seat #1 is the button
Seat 1: ikapusta1992 (430 in chips) 
Seat 2: Mahu2021 (350 in chips) 
Seat 3: Yuri Chance (720 in chips) 
Mahu2021: posts small blind 10
Yuri Chance: posts big blind 20
*** HOLE CARDS ***
Dealt to Mahu2021 [Qd 5c]
ikapusta1992: raises 20 to 40
Mahu2021: folds 
Yuri Chance: calls 20
*** FLOP *** [2c Jc 5d]
Yuri Chance: checks 
ikapusta1992: checks 
*** TURN *** [2c Jc 5d] [8c]
Yuri Chance: checks 
ikapusta1992: checks 
*** RIVER *** [2c Jc 5d 8c] [Qh]
Yuri Chance: checks 
ikapusta1992: checks 
*** SHOW DOWN ***
Yuri Chance: shows [9h Ah] (high card Ace)
ikapusta1992: mucks hand 
Yuri Chance collected 90 from pot
*** SUMMARY ***
Total pot 90 | Rake 0 
Board [2c Jc 5d 8c Qh]
Seat 1: ikapusta1992 (button) mucked [9d Kd]
Seat 2: Mahu2021 (small blind) folded before Flop
Seat 3: Yuri Chance (big blind) showed [9h Ah] and won (90) with high card Ace



PokerStars Hand #242964504875: Tournament #3574105341, $0.92+$0.08 USD Hold'em No Limit - Level I (10/20) - 2023/04/08 17:50:13 CET [2023/04/08 11:50:13 ET]
Table '3574105341 1' 3-max Seat #2 is the button
Seat 1: ikapusta1992 (390 in chips) 
Seat 2: Mahu2021 (340 in chips) 
Seat 3: Yuri Chance (770 in chips) 
Yuri Chance: posts small blind 10
ikapusta1992: posts big blind 20
*** HOLE CARDS ***
Dealt to Mahu2021 [Qd 8h]
Mahu2021: calls 20
Yuri Chance: raises 100 to 120
ikapusta1992: folds 
Mahu2021: folds 
Uncalled bet (100) returned to Yuri Chance
Yuri Chance collected 60 from pot
Yuri Chance: doesn't show hand 
*** SUMMARY ***
Total pot 60 | Rake 0 
Seat 1: ikapusta1992 (big blind) folded before Flop
Seat 2: Mahu2021 (button) folded before Flop
Seat 3: Yuri Chance (small blind) collected (60)



PokerStars Hand #242964509152: Tournament #3574105341, $0.92+$0.08 USD Hold'em No Limit - Level I (10/20) - 2023/04/08 17:50:28 CET [2023/04/08 11:50:28 ET]
Table '3574105341 1' 3-max Seat #3 is the button
Seat 1: ikapusta1992 (370 in chips) 
Seat 2: Mahu2021 (320 in chips) 
Seat 3: Yuri Chance (810 in chips) 
ikapusta1992: posts small blind 10
Mahu2021: posts big blind 20
*** HOLE CARDS ***
Dealt to Mahu2021 [6h Qd]
Yuri Chance: folds 
ikapusta1992: folds 
Uncalled bet (10) returned to Mahu2021
Mahu2021 collected 20 from pot
Mahu2021: doesn't show hand 
*** SUMMARY ***
Total pot 20 | Rake 0 
Seat 1: ikapusta1992 (small blind) folded before Flop
Seat 2: Mahu2021 (big blind) collected (20)
Seat 3: Yuri Chance (button) folded before Flop (didn't bet)



PokerStars Hand #242964510630: Tournament #3574105341, $0.92+$0.08 USD Hold'em No Limit - Level I (10/20) - 2023/04/08 17:50:32 CET [2023/04/08 11:50:32 ET]
Table '3574105341 1' 3-max Seat #1 is the button
Seat 1: ikapusta1992 (360 in chips) 
Seat 2: Mahu2021 (330 in chips) 
Seat 3: Yuri Chance (810 in chips) 
Mahu2021: posts small blind 10
Yuri Chance: posts big blind 20
*** HOLE CARDS ***
Dealt to Mahu2021 [Td Kc]
ikapusta1992: folds 
Mahu2021: calls 10
Yuri Chance: checks 
*** FLOP *** [9s 8d Ah]
Mahu2021: checks 
Yuri Chance: checks 
*** TURN *** [9s 8d Ah] [As]
Mahu2021: bets 40
Yuri Chance: folds 
Uncalled bet (40) returned to Mahu2021
Mahu2021 collected 40 from pot
Mahu2021: doesn't show hand 
*** SUMMARY ***
Total pot 40 | Rake 0 
Board [9s 8d Ah As]
Seat 1: ikapusta1992 (button) folded before Flop (didn't bet)
Seat 2: Mahu2021 (small blind) collected (40)
Seat 3: Yuri Chance (big blind) folded on the Turn



PokerStars Hand #242964516405: Tournament #3574105341, $0.92+$0.08 USD Hold'em No Limit - Level I (10/20) - 2023/04/08 17:50:52 CET [2023/04/08 11:50:52 ET]
Table '3574105341 1' 3-max Seat #2 is the button
Seat 1: ikapusta1992 (360 in chips) 
Seat 2: Mahu2021 (350 in chips) 
Seat 3: Yuri Chance (790 in chips) 
Yuri Chance: posts small blind 10
ikapusta1992: posts big blind 20
*** HOLE CARDS ***
Dealt to Mahu2021 [8c 2s]
Mahu2021: folds 
Yuri Chance: folds 
Uncalled bet (10) returned to ikapusta1992
ikapusta1992 collected 20 from pot
ikapusta1992: doesn't show hand 
*** SUMMARY ***
Total pot 20 | Rake 0 
Seat 1: ikapusta1992 (big blind) collected (20)
Seat 2: Mahu2021 (button) folded before Flop (didn't bet)
Seat 3: Yuri Chance (small blind) folded before Flop



PokerStars Hand #242964518390: Tournament #3574105341, $0.92+$0.08 USD Hold'em No Limit - Level I (10/20) - 2023/04/08 17:50:58 CET [2023/04/08 11:50:58 ET]
Table '3574105341 1' 3-max Seat #3 is the button
Seat 1: ikapusta1992 (370 in chips) 
Seat 2: Mahu2021 (350 in chips) 
Seat 3: Yuri Chance (780 in chips) 
ikapusta1992: posts small blind 10
Mahu2021: posts big blind 20
*** HOLE CARDS ***
Dealt to Mahu2021 [Td 8c]
Yuri Chance: raises 20 to 40
ikapusta1992: calls 30
Mahu2021: calls 20
*** FLOP *** [5s 6d 3h]
ikapusta1992: checks 
Mahu2021: checks 
Yuri Chance: checks 
*** TURN *** [5s 6d 3h] [2h]
ikapusta1992: checks 
Mahu2021: checks 
Yuri Chance: checks 
*** RIVER *** [5s 6d 3h 2h] [5h]
ikapusta1992: checks 
Mahu2021: checks 
Yuri Chance: checks 
*** SHOW DOWN ***
ikapusta1992: shows [Qd Jh] (a pair of Fives)
Mahu2021: mucks hand 
Yuri Chance: shows [Ah Jd] (a pair of Fives - Ace kicker)
Yuri Chance collected 120 from pot
*** SUMMARY ***
Total pot 120 | Rake 0 
Board [5s 6d 3h 2h 5h]
Seat 1: ikapusta1992 (small blind) showed [Qd Jh] and lost with a pair of Fives
Seat 2: Mahu2021 (big blind) mucked [Td 8c]
Seat 3: Yuri Chance (button) showed [Ah Jd] and won (120) with a pair of Fives



PokerStars Hand #242964527429: Tournament #3574105341, $0.92+$0.08 USD Hold'em No Limit - Level I (10/20) - 2023/04/08 17:51:28 CET [2023/04/08 11:51:28 ET]
Table '3574105341 1' 3-max Seat #1 is the button
Seat 1: ikapusta1992 (330 in chips) 
Seat 2: Mahu2021 (310 in chips) 
Seat 3: Yuri Chance (860 in chips) 
Mahu2021: posts small blind 10
Yuri Chance: posts big blind 20
*** HOLE CARDS ***
Dealt to Mahu2021 [8d 5s]
ikapusta1992: folds 
Mahu2021: folds 
Uncalled bet (10) returned to Yuri Chance
Yuri Chance collected 20 from pot
Yuri Chance: doesn't show hand 
*** SUMMARY ***
Total pot 20 | Rake 0 
Seat 1: ikapusta1992 (button) folded before Flop (didn't bet)
Seat 2: Mahu2021 (small blind) folded before Flop
Seat 3: Yuri Chance (big blind) collected (20)



PokerStars Hand #242964528892: Tournament #3574105341, $0.92+$0.08 USD Hold'em No Limit - Level I (10/20) - 2023/04/08 17:51:33 CET [2023/04/08 11:51:33 ET]
Table '3574105341 1' 3-max Seat #2 is the button
Seat 1: ikapusta1992 (330 in chips) 
Seat 2: Mahu2021 (300 in chips) 
Seat 3: Yuri Chance (870 in chips) 
Yuri Chance: posts small blind 10
ikapusta1992: posts big blind 20
*** HOLE CARDS ***
Dealt to Mahu2021 [Kc Qc]
Mahu2021: raises 20 to 40
Yuri Chance: folds 
ikapusta1992: calls 20
*** FLOP *** [6c 7h 5c]
ikapusta1992: checks 
Mahu2021: bets 260 and is all-in
ikapusta1992: calls 260
*** TURN *** [6c 7h 5c] [Tc]
*** RIVER *** [6c 7h 5c Tc] [8s]
*** SHOW DOWN ***
ikapusta1992: shows [4s 4c] (a straight, Four to Eight)
Mahu2021: shows [Kc Qc] (a flush, King high)
Mahu2021 collected 610 from pot
*** SUMMARY ***
Total pot 610 | Rake 0 
Board [6c 7h 5c Tc 8s]
Seat 1: ikapusta1992 (big blind) showed [4s 4c] and lost with a straight, Four to Eight
Seat 2: Mahu2021 (button) showed [Kc Qc] and won (610) with a flush, King high
Seat 3: Yuri Chance (small blind) folded before Flop



PokerStars Hand #242964538804: Tournament #3574105341, $0.92+$0.08 USD Hold'em No Limit - Level II (15/30) - 2023/04/08 17:52:06 CET [2023/04/08 11:52:06 ET]
Table '3574105341 1' 3-max Seat #3 is the button
Seat 1: ikapusta1992 (30 in chips) 
Seat 2: Mahu2021 (610 in chips) 
Seat 3: Yuri Chance (860 in chips) 
ikapusta1992: posts small blind 15
Mahu2021: posts big blind 30
*** HOLE CARDS ***
Dealt to Mahu2021 [Td 7s]
Yuri Chance: folds 
ikapusta1992: calls 15 and is all-in
*** FLOP *** [7h 6s 8d]
*** TURN *** [7h 6s 8d] [Ad]
*** RIVER *** [7h 6s 8d Ad] [4h]
*** SHOW DOWN ***
ikapusta1992: shows [9d 5s] (a straight, Five to Nine)
Mahu2021: shows [Td 7s] (a pair of Sevens)
ikapusta1992 collected 60 from pot
*** SUMMARY ***
Total pot 60 | Rake 0 
Board [7h 6s 8d Ad 4h]
Seat 1: ikapusta1992 (small blind) showed [9d 5s] and won (60) with a straight, Five to Nine
Seat 2: Mahu2021 (big blind) showed [Td 7s] and lost with a pair of Sevens
Seat 3: Yuri Chance (button) folded before Flop (didn't bet)



PokerStars Hand #242964542217: Tournament #3574105341, $0.92+$0.08 USD Hold'em No Limit - Level II (15/30) - 2023/04/08 17:52:17 CET [2023/04/08 11:52:17 ET]
Table '3574105341 1' 3-max Seat #1 is the button
Seat 1: ikapusta1992 (60 in chips) 
Seat 2: Mahu2021 (580 in chips) 
Seat 3: Yuri Chance (860 in chips) 
Mahu2021: posts small blind 15
Yuri Chance: posts big blind 30
*** HOLE CARDS ***
Dealt to Mahu2021 [5s 3c]
ikapusta1992: folds 
Mahu2021: folds 
Uncalled bet (15) returned to Yuri Chance
Yuri Chance collected 30 from pot
Yuri Chance: doesn't show hand 
*** SUMMARY ***
Total pot 30 | Rake 0 
Seat 1: ikapusta1992 (button) folded before Flop (didn't bet)
Seat 2: Mahu2021 (small blind) folded before Flop
Seat 3: Yuri Chance (big blind) collected (30)



PokerStars Hand #242964543729: Tournament #3574105341, $0.92+$0.08 USD Hold'em No Limit - Level II (15/30) - 2023/04/08 17:52:22 CET [2023/04/08 11:52:22 ET]
Table '3574105341 1' 3-max Seat #2 is the button
Seat 1: ikapusta1992 (60 in chips) 
Seat 2: Mahu2021 (565 in chips) 
Seat 3: Yuri Chance (875 in chips) 
Yuri Chance: posts small blind 15
ikapusta1992: posts big blind 30
*** HOLE CARDS ***
Dealt to Mahu2021 [8s Th]
Mahu2021: folds 
Yuri Chance: raises 845 to 875 and is all-in
ikapusta1992: calls 30 and is all-in
Uncalled bet (815) returned to Yuri Chance
*** FLOP *** [5h Qh 2h]
*** TURN *** [5h Qh 2h] [5c]
*** RIVER *** [5h Qh 2h 5c] [6h]
*** SHOW DOWN ***
Yuri Chance: shows [Ah 7d] (a flush, Ace high)
ikapusta1992: shows [3h Kd] (a flush, Queen high)
Yuri Chance collected 120 from pot
ikapusta1992 finished the tournament in 3rd place
*** SUMMARY ***
Total pot 120 | Rake 0 
Board [5h Qh 2h 5c 6h]
Seat 1: ikapusta1992 (big blind) showed [3h Kd] and lost with a flush, Queen high
Seat 2: Mahu2021 (button) folded before Flop (didn't bet)
Seat 3: Yuri Chance (small blind) showed [Ah 7d] and won (120) with a flush, Ace high



PokerStars Hand #242964549293: Tournament #3574105341, $0.92+$0.08 USD Hold'em No Limit - Level II (15/30) - 2023/04/08 17:52:40 CET [2023/04/08 11:52:40 ET]
Table '3574105341 1' 3-max Seat #3 is the button
Seat 2: Mahu2021 (565 in chips) 
Seat 3: Yuri Chance (935 in chips) 
Yuri Chance: posts small blind 15
Mahu2021: posts big blind 30
*** HOLE CARDS ***
Dealt to Mahu2021 [Jc 5h]
Yuri Chance: calls 15
Mahu2021: checks 
*** FLOP *** [8d 3h 2h]
Mahu2021: checks 
Yuri Chance: bets 30
Mahu2021: folds 
Uncalled bet (30) returned to Yuri Chance
Yuri Chance collected 60 from pot
Yuri Chance: doesn't show hand 
*** SUMMARY ***
Total pot 60 | Rake 0 
Board [8d 3h 2h]
Seat 2: Mahu2021 (big blind) folded on the Flop
Seat 3: Yuri Chance (button) (small blind) collected (60)



PokerStars Hand #242964553464: Tournament #3574105341, $0.92+$0.08 USD Hold'em No Limit - Level II (15/30) - 2023/04/08 17:52:54 CET [2023/04/08 11:52:54 ET]
Table '3574105341 1' 3-max Seat #2 is the button
Seat 2: Mahu2021 (535 in chips) 
Seat 3: Yuri Chance (965 in chips) 
Mahu2021: posts small blind 15
Yuri Chance: posts big blind 30
*** HOLE CARDS ***
Dealt to Mahu2021 [3h 3d]
Mahu2021: calls 15
Yuri Chance: checks 
*** FLOP *** [Kd 5h 7d]
Yuri Chance: checks 
Mahu2021: bets 30
Yuri Chance: calls 30
*** TURN *** [Kd 5h 7d] [Kh]
Yuri Chance: checks 
Mahu2021: bets 120
Yuri Chance: folds 
Uncalled bet (120) returned to Mahu2021
Mahu2021 collected 120 from pot
Mahu2021: doesn't show hand 
*** SUMMARY ***
Total pot 120 | Rake 0 
Board [Kd 5h 7d Kh]
Seat 2: Mahu2021 (button) (small blind) collected (120)
Seat 3: Yuri Chance (big blind) folded on the Turn



PokerStars Hand #242964560627: Tournament #3574105341, $0.92+$0.08 USD Hold'em No Limit - Level II (15/30) - 2023/04/08 17:53:17 CET [2023/04/08 11:53:17 ET]
Table '3574105341 1' 3-max Seat #3 is the button
Seat 2: Mahu2021 (595 in chips) 
Seat 3: Yuri Chance (905 in chips) 
Yuri Chance: posts small blind 15
Mahu2021: posts big blind 30
*** HOLE CARDS ***
Dealt to Mahu2021 [5c Ac]
Yuri Chance: calls 15
Mahu2021: checks 
*** FLOP *** [6h Kh 9s]
Mahu2021: checks 
Yuri Chance: bets 30
Mahu2021: folds 
Uncalled bet (30) returned to Yuri Chance
Yuri Chance collected 60 from pot
Yuri Chance: doesn't show hand 
*** SUMMARY ***
Total pot 60 | Rake 0 
Board [6h Kh 9s]
Seat 2: Mahu2021 (big blind) folded on the Flop
Seat 3: Yuri Chance (button) (small blind) collected (60)



PokerStars Hand #242964563948: Tournament #3574105341, $0.92+$0.08 USD Hold'em No Limit - Level II (15/30) - 2023/04/08 17:53:29 CET [2023/04/08 11:53:29 ET]
Table '3574105341 1' 3-max Seat #2 is the button
Seat 2: Mahu2021 (565 in chips) 
Seat 3: Yuri Chance (935 in chips) 
Mahu2021: posts small blind 15
Yuri Chance: posts big blind 30
*** HOLE CARDS ***
Dealt to Mahu2021 [9s 6s]
Mahu2021: calls 15
Yuri Chance: checks 
*** FLOP *** [6h 9c 2h]
Yuri Chance: checks 
Mahu2021: checks 
*** TURN *** [6h 9c 2h] [5h]
Yuri Chance: checks 
Mahu2021: checks 
*** RIVER *** [6h 9c 2h 5h] [3c]
Yuri Chance: checks 
Mahu2021: bets 60
Yuri Chance: folds 
Uncalled bet (60) returned to Mahu2021
Mahu2021 collected 60 from pot
Mahu2021: doesn't show hand 
*** SUMMARY ***
Total pot 60 | Rake 0 
Board [6h 9c 2h 5h 3c]
Seat 2: Mahu2021 (button) (small blind) collected (60)
Seat 3: Yuri Chance (big blind) folded on the River



PokerStars Hand #242964571341: Tournament #3574105341, $0.92+$0.08 USD Hold'em No Limit - Level II (15/30) - 2023/04/08 17:53:53 CET [2023/04/08 11:53:53 ET]
Table '3574105341 1' 3-max Seat #3 is the button
Seat 2: Mahu2021 (595 in chips) 
Seat 3: Yuri Chance (905 in chips) 
Yuri Chance: posts small blind 15
Mahu2021: posts big blind 30
*** HOLE CARDS ***
Dealt to Mahu2021 [9d Jc]
Yuri Chance: calls 15
Mahu2021: checks 
*** FLOP *** [2s Qc Ad]
Mahu2021: checks 
Yuri Chance: bets 30
Mahu2021: folds 
Uncalled bet (30) returned to Yuri Chance
Yuri Chance collected 60 from pot
Yuri Chance: doesn't show hand 
*** SUMMARY ***
Total pot 60 | Rake 0 
Board [2s Qc Ad]
Seat 2: Mahu2021 (big blind) folded on the Flop
Seat 3: Yuri Chance (button) (small blind) collected (60)



PokerStars Hand #242964574296: Tournament #3574105341, $0.92+$0.08 USD Hold'em No Limit - Level II (15/30) - 2023/04/08 17:54:03 CET [2023/04/08 11:54:03 ET]
Table '3574105341 1' 3-max Seat #2 is the button
Seat 2: Mahu2021 (565 in chips) 
Seat 3: Yuri Chance (935 in chips) 
Mahu2021: posts small blind 15
Yuri Chance: posts big blind 30
*** HOLE CARDS ***
Dealt to Mahu2021 [5c Ac]
Mahu2021: calls 15
Yuri Chance: checks 
*** FLOP *** [9d Kd Ad]
Yuri Chance: checks 
Mahu2021: bets 30
Yuri Chance: folds 
Uncalled bet (30) returned to Mahu2021
Mahu2021 collected 60 from pot
Mahu2021: doesn't show hand 
*** SUMMARY ***
Total pot 60 | Rake 0 
Board [9d Kd Ad]
Seat 2: Mahu2021 (button) (small blind) collected (60)
Seat 3: Yuri Chance (big blind) folded on the Flop



PokerStars Hand #242964577637: Tournament #3574105341, $0.92+$0.08 USD Hold'em No Limit - Level II (15/30) - 2023/04/08 17:54:14 CET [2023/04/08 11:54:14 ET]
Table '3574105341 1' 3-max Seat #3 is the button
Seat 2: Mahu2021 (595 in chips) 
Seat 3: Yuri Chance (905 in chips) 
Yuri Chance: posts small blind 15
Mahu2021: posts big blind 30
*** HOLE CARDS ***
Dealt to Mahu2021 [Kd Ad]
Yuri Chance: calls 15
Mahu2021: raises 90 to 120
Yuri Chance: folds 
Uncalled bet (90) returned to Mahu2021
Mahu2021 collected 60 from pot
Mahu2021: doesn't show hand 
*** SUMMARY ***
Total pot 60 | Rake 0 
Seat 2: Mahu2021 (big blind) collected (60)
Seat 3: Yuri Chance (button) (small blind) folded before Flop



PokerStars Hand #242964580366: Tournament #3574105341, $0.92+$0.08 USD Hold'em No Limit - Level II (15/30) - 2023/04/08 17:54:23 CET [2023/04/08 11:54:23 ET]
Table '3574105341 1' 3-max Seat #2 is the button
Seat 2: Mahu2021 (625 in chips) 
Seat 3: Yuri Chance (875 in chips) 
Mahu2021: posts small blind 15
Yuri Chance: posts big blind 30
*** HOLE CARDS ***
Dealt to Mahu2021 [Qc 6d]
Mahu2021: folds 
Uncalled bet (15) returned to Yuri Chance
Yuri Chance collected 30 from pot
Yuri Chance: doesn't show hand 
*** SUMMARY ***
Total pot 30 | Rake 0 
Seat 2: Mahu2021 (button) (small blind) folded before Flop
Seat 3: Yuri Chance (big blind) collected (30)



PokerStars Hand #242964582393: Tournament #3574105341, $0.92+$0.08 USD Hold'em No Limit - Level II (15/30) - 2023/04/08 17:54:29 CET [2023/04/08 11:54:29 ET]
Table '3574105341 1' 3-max Seat #3 is the button
Seat 2: Mahu2021 (610 in chips) 
Seat 3: Yuri Chance (890 in chips) 
Yuri Chance: posts small blind 15
Mahu2021: posts big blind 30
*** HOLE CARDS ***
Dealt to Mahu2021 [6d Ks]
Yuri Chance: calls 15
Mahu2021: checks 
*** FLOP *** [Qc 7h Ac]
Mahu2021: checks 
Yuri Chance: bets 30
Mahu2021: folds 
Uncalled bet (30) returned to Yuri Chance
Yuri Chance collected 60 from pot
Yuri Chance: doesn't show hand 
*** SUMMARY ***
Total pot 60 | Rake 0 
Board [Qc 7h Ac]
Seat 2: Mahu2021 (big blind) folded on the Flop
Seat 3: Yuri Chance (button) (small blind) collected (60)



PokerStars Hand #242964586478: Tournament #3574105341, $0.92+$0.08 USD Hold'em No Limit - Level II (15/30) - 2023/04/08 17:54:43 CET [2023/04/08 11:54:43 ET]
Table '3574105341 1' 3-max Seat #2 is the button
Seat 2: Mahu2021 (580 in chips) 
Seat 3: Yuri Chance (920 in chips) 
Mahu2021: posts small blind 15
Yuri Chance: posts big blind 30
*** HOLE CARDS ***
Dealt to Mahu2021 [4h 3s]
Mahu2021: calls 15
Yuri Chance: checks 
*** FLOP *** [7h 5c 9h]
Yuri Chance: checks 
Mahu2021: checks 
*** TURN *** [7h 5c 9h] [6c]
Yuri Chance: checks 
Mahu2021: checks 
*** RIVER *** [7h 5c 9h 6c] [6s]
Yuri Chance: checks 
Mahu2021: bets 60
Yuri Chance: calls 60
*** SHOW DOWN ***
Mahu2021: shows [4h 3s] (a straight, Three to Seven)
Yuri Chance: mucks hand 
Mahu2021 collected 180 from pot
*** SUMMARY ***
Total pot 180 | Rake 0 
Board [7h 5c 9h 6c 6s]
Seat 2: Mahu2021 (button) (small blind) showed [4h 3s] and won (180) with a straight, Three to Seven
Seat 3: Yuri Chance (big blind) mucked [Jc 9c]



PokerStars Hand #242964595990: Tournament #3574105341, $0.92+$0.08 USD Hold'em No Limit - Level III (20/40) - 2023/04/08 17:55:16 CET [2023/04/08 11:55:16 ET]
Table '3574105341 1' 3-max Seat #3 is the button
Seat 2: Mahu2021 (670 in chips) 
Seat 3: Yuri Chance (830 in chips) 
Yuri Chance: posts small blind 20
Mahu2021: posts big blind 40
*** HOLE CARDS ***
Dealt to Mahu2021 [3d Ah]
Yuri Chance: calls 20
Mahu2021: checks 
*** FLOP *** [5s 2c 6s]
Mahu2021: checks 
Yuri Chance: bets 40
Mahu2021: calls 40
*** TURN *** [5s 2c 6s] [3s]
Mahu2021: checks 
Yuri Chance: bets 100
Mahu2021: folds 
Uncalled bet (100) returned to Yuri Chance
Yuri Chance collected 160 from pot
Yuri Chance: doesn't show hand 
*** SUMMARY ***
Total pot 160 | Rake 0 
Board [5s 2c 6s 3s]
Seat 2: Mahu2021 (big blind) folded on the Turn
Seat 3: Yuri Chance (button) (small blind) collected (160)



PokerStars Hand #242964599408: Tournament #3574105341, $0.92+$0.08 USD Hold'em No Limit - Level III (20/40) - 2023/04/08 17:55:31 CET [2023/04/08 11:55:31 ET]
Table '3574105341 1' 3-max Seat #2 is the button
Seat 2: Mahu2021 (590 in chips) 
Seat 3: Yuri Chance (910 in chips) 
Mahu2021: posts small blind 20
Yuri Chance: posts big blind 40
*** HOLE CARDS ***
Dealt to Mahu2021 [Kh 5d]
Mahu2021: calls 20
Yuri Chance: checks 
*** FLOP *** [3d Jc As]
Yuri Chance: checks 
Mahu2021: checks 
*** TURN *** [3d Jc As] [6s]
Yuri Chance: checks 
Mahu2021: bets 40
Yuri Chance: folds 
Uncalled bet (40) returned to Mahu2021
Mahu2021 collected 80 from pot
Mahu2021: doesn't show hand 
*** SUMMARY ***
Total pot 80 | Rake 0 
Board [3d Jc As 6s]
Seat 2: Mahu2021 (button) (small blind) collected (80)
Seat 3: Yuri Chance (big blind) folded on the Turn



PokerStars Hand #242964603219: Tournament #3574105341, $0.92+$0.08 USD Hold'em No Limit - Level III (20/40) - 2023/04/08 17:55:48 CET [2023/04/08 11:55:48 ET]
Table '3574105341 1' 3-max Seat #3 is the button
Seat 2: Mahu2021 (630 in chips) 
Seat 3: Yuri Chance (870 in chips) 
Yuri Chance: posts small blind 20
Mahu2021: posts big blind 40
*** HOLE CARDS ***
Dealt to Mahu2021 [As 2s]
Yuri Chance: calls 20
Mahu2021: checks 
*** FLOP *** [8d 7s Qh]
Mahu2021: checks 
Yuri Chance: bets 40
Mahu2021: folds 
Uncalled bet (40) returned to Yuri Chance
Yuri Chance collected 80 from pot
Yuri Chance: doesn't show hand 
*** SUMMARY ***
Total pot 80 | Rake 0 
Board [8d 7s Qh]
Seat 2: Mahu2021 (big blind) folded on the Flop
Seat 3: Yuri Chance (button) (small blind) collected (80)



PokerStars Hand #242964605643: Tournament #3574105341, $0.92+$0.08 USD Hold'em No Limit - Level III (20/40) - 2023/04/08 17:55:58 CET [2023/04/08 11:55:58 ET]
Table '3574105341 1' 3-max Seat #2 is the button
Seat 2: Mahu2021 (590 in chips) 
Seat 3: Yuri Chance (910 in chips) 
Mahu2021: posts small blind 20
Yuri Chance: posts big blind 40
*** HOLE CARDS ***
Dealt to Mahu2021 [Ac 5s]
Mahu2021: calls 20
Yuri Chance: raises 870 to 910 and is all-in
Mahu2021: folds 
Uncalled bet (870) returned to Yuri Chance
Yuri Chance collected 80 from pot
Yuri Chance: doesn't show hand 
*** SUMMARY ***
Total pot 80 | Rake 0 
Seat 2: Mahu2021 (button) (small blind) folded before Flop
Seat 3: Yuri Chance (big blind) collected (80)



PokerStars Hand #242964607366: Tournament #3574105341, $0.92+$0.08 USD Hold'em No Limit - Level III (20/40) - 2023/04/08 17:56:06 CET [2023/04/08 11:56:06 ET]
Table '3574105341 1' 3-max Seat #3 is the button
Seat 2: Mahu2021 (550 in chips) 
Seat 3: Yuri Chance (950 in chips) 
Yuri Chance: posts small blind 20
Mahu2021: posts big blind 40
*** HOLE CARDS ***
Dealt to Mahu2021 [Ks Td]
Yuri Chance: calls 20
Mahu2021: raises 80 to 120
Yuri Chance: calls 80
*** FLOP *** [3h 3d 7c]
Mahu2021: checks 
Yuri Chance: checks 
*** TURN *** [3h 3d 7c] [5d]
Mahu2021: checks 
Yuri Chance: checks 
*** RIVER *** [3h 3d 7c 5d] [Jc]
Mahu2021: checks 
Yuri Chance: checks 
*** SHOW DOWN ***
Mahu2021: shows [Ks Td] (a pair of Threes)
Yuri Chance: shows [Qh Jd] (two pair, Jacks and Threes)
Yuri Chance collected 240 from pot
*** SUMMARY ***
Total pot 240 | Rake 0 
Board [3h 3d 7c 5d Jc]
Seat 2: Mahu2021 (big blind) showed [Ks Td] and lost with a pair of Threes
Seat 3: Yuri Chance (button) (small blind) showed [Qh Jd] and won (240) with two pair, Jacks and Threes



PokerStars Hand #242964612181: Tournament #3574105341, $0.92+$0.08 USD Hold'em No Limit - Level III (20/40) - 2023/04/08 17:56:26 CET [2023/04/08 11:56:26 ET]
Table '3574105341 1' 3-max Seat #2 is the button
Seat 2: Mahu2021 (430 in chips) 
Seat 3: Yuri Chance (1070 in chips) 
Mahu2021: posts small blind 20
Yuri Chance: posts big blind 40
*** HOLE CARDS ***
Dealt to Mahu2021 [9d 2h]
Mahu2021: folds 
Uncalled bet (20) returned to Yuri Chance
Yuri Chance collected 40 from pot
Yuri Chance: doesn't show hand 
*** SUMMARY ***
Total pot 40 | Rake 0 
Seat 2: Mahu2021 (button) (small blind) folded before Flop
Seat 3: Yuri Chance (big blind) collected (40)



PokerStars Hand #242964613290: Tournament #3574105341, $0.92+$0.08 USD Hold'em No Limit - Level III (20/40) - 2023/04/08 17:56:31 CET [2023/04/08 11:56:31 ET]
Table '3574105341 1' 3-max Seat #3 is the button
Seat 2: Mahu2021 (410 in chips) 
Seat 3: Yuri Chance (1090 in chips) 
Yuri Chance: posts small blind 20
Mahu2021: posts big blind 40
*** HOLE CARDS ***
Dealt to Mahu2021 [Kd Qc]
Yuri Chance: calls 20
Mahu2021: raises 370 to 410 and is all-in
Yuri Chance: folds 
Uncalled bet (370) returned to Mahu2021
Mahu2021 collected 80 from pot
Mahu2021: doesn't show hand 
*** SUMMARY ***
Total pot 80 | Rake 0 
Seat 2: Mahu2021 (big blind) collected (80)
Seat 3: Yuri Chance (button) (small blind) folded before Flop



PokerStars Hand #242964614861: Tournament #3574105341, $0.92+$0.08 USD Hold'em No Limit - Level III (20/40) - 2023/04/08 17:56:38 CET [2023/04/08 11:56:38 ET]
Table '3574105341 1' 3-max Seat #2 is the button
Seat 2: Mahu2021 (450 in chips) 
Seat 3: Yuri Chance (1050 in chips) 
Mahu2021: posts small blind 20
Yuri Chance: posts big blind 40
*** HOLE CARDS ***
Dealt to Mahu2021 [4d 2c]
Mahu2021: folds 
Uncalled bet (20) returned to Yuri Chance
Yuri Chance collected 40 from pot
Yuri Chance: doesn't show hand 
*** SUMMARY ***
Total pot 40 | Rake 0 
Seat 2: Mahu2021 (button) (small blind) folded before Flop
Seat 3: Yuri Chance (big blind) collected (40)



PokerStars Hand #242964615867: Tournament #3574105341, $0.92+$0.08 USD Hold'em No Limit - Level III (20/40) - 2023/04/08 17:56:42 CET [2023/04/08 11:56:42 ET]
Table '3574105341 1' 3-max Seat #3 is the button
Seat 2: Mahu2021 (430 in chips) 
Seat 3: Yuri Chance (1070 in chips) 
Yuri Chance: posts small blind 20
Mahu2021: posts big blind 40
*** HOLE CARDS ***
Dealt to Mahu2021 [Qs 8c]
Yuri Chance: calls 20
Mahu2021: checks 
*** FLOP *** [Td Kd 8d]
Mahu2021: checks 
Yuri Chance: bets 40
Mahu2021: folds 
Uncalled bet (40) returned to Yuri Chance
Yuri Chance collected 80 from pot
Yuri Chance: doesn't show hand 
*** SUMMARY ***
Total pot 80 | Rake 0 
Board [Td Kd 8d]
Seat 2: Mahu2021 (big blind) folded on the Flop
Seat 3: Yuri Chance (button) (small blind) collected (80)



PokerStars Hand #242964618501: Tournament #3574105341, $0.92+$0.08 USD Hold'em No Limit - Level III (20/40) - 2023/04/08 17:56:54 CET [2023/04/08 11:56:54 ET]
Table '3574105341 1' 3-max Seat #2 is the button
Seat 2: Mahu2021 (390 in chips) 
Seat 3: Yuri Chance (1110 in chips) 
Mahu2021: posts small blind 20
Yuri Chance: posts big blind 40
*** HOLE CARDS ***
Dealt to Mahu2021 [Ts Kh]
Mahu2021: calls 20
Yuri Chance: raises 1070 to 1110 and is all-in
Mahu2021: calls 350 and is all-in
Uncalled bet (720) returned to Yuri Chance
*** FLOP *** [Ks 4h 2c]
*** TURN *** [Ks 4h 2c] [5c]
*** RIVER *** [Ks 4h 2c 5c] [Jd]
*** SHOW DOWN ***
Yuri Chance: shows [Ad 6s] (high card Ace)
Mahu2021: shows [Ts Kh] (a pair of Kings)
Mahu2021 collected 780 from pot
*** SUMMARY ***
Total pot 780 | Rake 0 
Board [Ks 4h 2c 5c Jd]
Seat 2: Mahu2021 (button) (small blind) showed [Ts Kh] and won (780) with a pair of Kings
Seat 3: Yuri Chance (big blind) showed [Ad 6s] and lost with high card Ace



PokerStars Hand #242964621863: Tournament #3574105341, $0.92+$0.08 USD Hold'em No Limit - Level III (20/40) - 2023/04/08 17:57:08 CET [2023/04/08 11:57:08 ET]
Table '3574105341 1' 3-max Seat #3 is the button
Seat 2: Mahu2021 (780 in chips) 
Seat 3: Yuri Chance (720 in chips) 
Yuri Chance: posts small blind 20
Mahu2021: posts big blind 40
*** HOLE CARDS ***
Dealt to Mahu2021 [Kc Qc]
Yuri Chance: calls 20
Mahu2021: raises 740 to 780 and is all-in
Yuri Chance: folds 
Uncalled bet (740) returned to Mahu2021
Mahu2021 collected 80 from pot
Mahu2021: doesn't show hand 
*** SUMMARY ***
Total pot 80 | Rake 0 
Seat 2: Mahu2021 (big blind) collected (80)
Seat 3: Yuri Chance (button) (small blind) folded before Flop



PokerStars Hand #242964623709: Tournament #3574105341, $0.92+$0.08 USD Hold'em No Limit - Level III (20/40) - 2023/04/08 17:57:16 CET [2023/04/08 11:57:16 ET]
Table '3574105341 1' 3-max Seat #2 is the button
Seat 2: Mahu2021 (820 in chips) 
Seat 3: Yuri Chance (680 in chips) 
Mahu2021: posts small blind 20
Yuri Chance: posts big blind 40
*** HOLE CARDS ***
Dealt to Mahu2021 [Jd 6s]
Mahu2021: calls 20
Yuri Chance: checks 
*** FLOP *** [5s 3h 3d]
Yuri Chance: checks 
Mahu2021: bets 40
Yuri Chance: calls 40
*** TURN *** [5s 3h 3d] [Jc]
Yuri Chance: checks 
Mahu2021: checks 
*** RIVER *** [5s 3h 3d Jc] [9s]
Yuri Chance: bets 100
Mahu2021: calls 100
*** SHOW DOWN ***
Yuri Chance: shows [Ks 3s] (three of a kind, Threes)
Mahu2021: mucks hand 
Yuri Chance collected 360 from pot
*** SUMMARY ***
Total pot 360 | Rake 0 
Board [5s 3h 3d Jc 9s]
Seat 2: Mahu2021 (button) (small blind) mucked [Jd 6s]
Seat 3: Yuri Chance (big blind) showed [Ks 3s] and won (360) with three of a kind, Threes



PokerStars Hand #242964628713: Tournament #3574105341, $0.92+$0.08 USD Hold'em No Limit - Level III (20/40) - 2023/04/08 17:57:38 CET [2023/04/08 11:57:38 ET]
Table '3574105341 1' 3-max Seat #3 is the button
Seat 2: Mahu2021 (640 in chips) 
Seat 3: Yuri Chance (860 in chips) 
Yuri Chance: posts small blind 20
Mahu2021: posts big blind 40
*** HOLE CARDS ***
Dealt to Mahu2021 [Th 7d]
Yuri Chance: calls 20
Mahu2021: checks 
*** FLOP *** [5h Tc 6h]
Mahu2021: bets 80
Yuri Chance: folds 
Uncalled bet (80) returned to Mahu2021
Mahu2021 collected 80 from pot
Mahu2021: doesn't show hand 
*** SUMMARY ***
Total pot 80 | Rake 0 
Board [5h Tc 6h]
Seat 2: Mahu2021 (big blind) collected (80)
Seat 3: Yuri Chance (button) (small blind) folded on the Flop



PokerStars Hand #242964631702: Tournament #3574105341, $0.92+$0.08 USD Hold'em No Limit - Level III (20/40) - 2023/04/08 17:57:51 CET [2023/04/08 11:57:51 ET]
Table '3574105341 1' 3-max Seat #2 is the button
Seat 2: Mahu2021 (680 in chips) 
Seat 3: Yuri Chance (820 in chips) 
Mahu2021: posts small blind 20
Yuri Chance: posts big blind 40
*** HOLE CARDS ***
Dealt to Mahu2021 [Ah Kc]
Mahu2021: calls 20
Yuri Chance: checks 
*** FLOP *** [4h Kd 2c]
Yuri Chance: checks 
Mahu2021: bets 40
Yuri Chance: folds 
Uncalled bet (40) returned to Mahu2021
Mahu2021 collected 80 from pot
Mahu2021: doesn't show hand 
*** SUMMARY ***
Total pot 80 | Rake 0 
Board [4h Kd 2c]
Seat 2: Mahu2021 (button) (small blind) collected (80)
Seat 3: Yuri Chance (big blind) folded on the Flop



PokerStars Hand #242964635762: Tournament #3574105341, $0.92+$0.08 USD Hold'em No Limit - Level IV (30/60) - 2023/04/08 17:58:08 CET [2023/04/08 11:58:08 ET]
Table '3574105341 1' 3-max Seat #3 is the button
Seat 2: Mahu2021 (720 in chips) 
Seat 3: Yuri Chance (780 in chips) 
Yuri Chance: posts small blind 30
Mahu2021: posts big blind 60
*** HOLE CARDS ***
Dealt to Mahu2021 [8d Jh]
Yuri Chance: calls 30
Mahu2021: checks 
*** FLOP *** [Qd 2h 6c]
Mahu2021: checks 
Yuri Chance: bets 60
Mahu2021: folds 
Uncalled bet (60) returned to Yuri Chance
Yuri Chance collected 120 from pot
Yuri Chance: doesn't show hand 
*** SUMMARY ***
Total pot 120 | Rake 0 
Board [Qd 2h 6c]
Seat 2: Mahu2021 (big blind) folded on the Flop
Seat 3: Yuri Chance (button) (small blind) collected (120)



PokerStars Hand #242964638481: Tournament #3574105341, $0.92+$0.08 USD Hold'em No Limit - Level IV (30/60) - 2023/04/08 17:58:20 CET [2023/04/08 11:58:20 ET]
Table '3574105341 1' 3-max Seat #2 is the button
Seat 2: Mahu2021 (660 in chips) 
Seat 3: Yuri Chance (840 in chips) 
Mahu2021: posts small blind 30
Yuri Chance: posts big blind 60
*** HOLE CARDS ***
Dealt to Mahu2021 [9d 7h]
Mahu2021: calls 30
Yuri Chance: checks 
*** FLOP *** [6h 8d Ah]
Yuri Chance: checks 
Mahu2021: bets 60
Yuri Chance: folds 
Uncalled bet (60) returned to Mahu2021
Mahu2021 collected 120 from pot
Mahu2021: doesn't show hand 
*** SUMMARY ***
Total pot 120 | Rake 0 
Board [6h 8d Ah]
Seat 2: Mahu2021 (button) (small blind) collected (120)
Seat 3: Yuri Chance (big blind) folded on the Flop



PokerStars Hand #242964641464: Tournament #3574105341, $0.92+$0.08 USD Hold'em No Limit - Level IV (30/60) - 2023/04/08 17:58:32 CET [2023/04/08 11:58:32 ET]
Table '3574105341 1' 3-max Seat #3 is the button
Seat 2: Mahu2021 (720 in chips) 
Seat 3: Yuri Chance (780 in chips) 
Yuri Chance: posts small blind 30
Mahu2021: posts big blind 60
*** HOLE CARDS ***
Dealt to Mahu2021 [5h 7s]
Yuri Chance: calls 30
Mahu2021: checks 
*** FLOP *** [5d 8s 7d]
Mahu2021: checks 
Yuri Chance: bets 60
Mahu2021: calls 60
*** TURN *** [5d 8s 7d] [8d]
Mahu2021: checks 
Yuri Chance: checks 
*** RIVER *** [5d 8s 7d 8d] [9d]
Mahu2021: checks 
Yuri Chance: checks 
*** SHOW DOWN ***
Mahu2021: shows [5h 7s] (two pair, Eights and Sevens)
Yuri Chance: shows [Tc 3d] (a flush, Nine high)
Yuri Chance collected 240 from pot
*** SUMMARY ***
Total pot 240 | Rake 0 
Board [5d 8s 7d 8d 9d]
Seat 2: Mahu2021 (big blind) showed [5h 7s] and lost with two pair, Eights and Sevens
Seat 3: Yuri Chance (button) (small blind) showed [Tc 3d] and won (240) with a flush, Nine high



PokerStars Hand #242964645883: Tournament #3574105341, $0.92+$0.08 USD Hold'em No Limit - Level IV (30/60) - 2023/04/08 17:58:52 CET [2023/04/08 11:58:52 ET]
Table '3574105341 1' 3-max Seat #2 is the button
Seat 2: Mahu2021 (600 in chips) 
Seat 3: Yuri Chance (900 in chips) 
Mahu2021: posts small blind 30
Yuri Chance: posts big blind 60
*** HOLE CARDS ***
Dealt to Mahu2021 [8d 6c]
Mahu2021: folds 
Uncalled bet (30) returned to Yuri Chance
Yuri Chance collected 60 from pot
Yuri Chance: doesn't show hand 
*** SUMMARY ***
Total pot 60 | Rake 0 
Seat 2: Mahu2021 (button) (small blind) folded before Flop
Seat 3: Yuri Chance (big blind) collected (60)



PokerStars Hand #242964647181: Tournament #3574105341, $0.92+$0.08 USD Hold'em No Limit - Level IV (30/60) - 2023/04/08 17:58:57 CET [2023/04/08 11:58:57 ET]
Table '3574105341 1' 3-max Seat #3 is the button
Seat 2: Mahu2021 (570 in chips) 
Seat 3: Yuri Chance (930 in chips) 
Yuri Chance: posts small blind 30
Mahu2021: posts big blind 60
*** HOLE CARDS ***
Dealt to Mahu2021 [8h 9d]
Yuri Chance: raises 870 to 930 and is all-in
Mahu2021: folds 
Uncalled bet (870) returned to Yuri Chance
Yuri Chance collected 120 from pot
Yuri Chance: doesn't show hand 
*** SUMMARY ***
Total pot 120 | Rake 0 
Seat 2: Mahu2021 (big blind) folded before Flop
Seat 3: Yuri Chance (button) (small blind) collected (120)



PokerStars Hand #242964648635: Tournament #3574105341, $0.92+$0.08 USD Hold'em No Limit - Level IV (30/60) - 2023/04/08 17:59:04 CET [2023/04/08 11:59:04 ET]
Table '3574105341 1' 3-max Seat #2 is the button
Seat 2: Mahu2021 (510 in chips) 
Seat 3: Yuri Chance (990 in chips) 
Mahu2021: posts small blind 30
Yuri Chance: posts big blind 60
*** HOLE CARDS ***
Dealt to Mahu2021 [2d 9s]
Mahu2021: folds 
Uncalled bet (30) returned to Yuri Chance
Yuri Chance collected 60 from pot
Yuri Chance: doesn't show hand 
*** SUMMARY ***
Total pot 60 | Rake 0 
Seat 2: Mahu2021 (button) (small blind) folded before Flop
Seat 3: Yuri Chance (big blind) collected (60)



PokerStars Hand #242964649696: Tournament #3574105341, $0.92+$0.08 USD Hold'em No Limit - Level IV (30/60) - 2023/04/08 17:59:08 CET [2023/04/08 11:59:08 ET]
Table '3574105341 1' 3-max Seat #3 is the button
Seat 2: Mahu2021 (480 in chips) 
Seat 3: Yuri Chance (1020 in chips) 
Yuri Chance: posts small blind 30
Mahu2021: posts big blind 60
*** HOLE CARDS ***
Dealt to Mahu2021 [8h 9d]
Yuri Chance: raises 960 to 1020 and is all-in
Mahu2021: folds 
Uncalled bet (960) returned to Yuri Chance
Yuri Chance collected 120 from pot
Yuri Chance: doesn't show hand 
*** SUMMARY ***
Total pot 120 | Rake 0 
Seat 2: Mahu2021 (big blind) folded before Flop
Seat 3: Yuri Chance (button) (small blind) collected (120)



PokerStars Hand #242964650830: Tournament #3574105341, $0.92+$0.08 USD Hold'em No Limit - Level IV (30/60) - 2023/04/08 17:59:13 CET [2023/04/08 11:59:13 ET]
Table '3574105341 1' 3-max Seat #2 is the button
Seat 2: Mahu2021 (420 in chips) 
Seat 3: Yuri Chance (1080 in chips) 
Mahu2021: posts small blind 30
Yuri Chance: posts big blind 60
*** HOLE CARDS ***
Dealt to Mahu2021 [Th 9s]
Mahu2021: calls 30
Yuri Chance: raises 1020 to 1080 and is all-in
Mahu2021: folds 
Uncalled bet (1020) returned to Yuri Chance
Yuri Chance collected 120 from pot
Yuri Chance: doesn't show hand 
*** SUMMARY ***
Total pot 120 | Rake 0 
Seat 2: Mahu2021 (button) (small blind) folded before Flop
Seat 3: Yuri Chance (big blind) collected (120)



PokerStars Hand #242964652976: Tournament #3574105341, $0.92+$0.08 USD Hold'em No Limit - Level IV (30/60) - 2023/04/08 17:59:22 CET [2023/04/08 11:59:22 ET]
Table '3574105341 1' 3-max Seat #3 is the button
Seat 2: Mahu2021 (360 in chips) 
Seat 3: Yuri Chance (1140 in chips) 
Yuri Chance: posts small blind 30
Mahu2021: posts big blind 60
*** HOLE CARDS ***
Dealt to Mahu2021 [Ts Js]
Yuri Chance: calls 30
Mahu2021: checks 
*** FLOP *** [3d Kh 6d]
Mahu2021: checks 
Yuri Chance: bets 60
Mahu2021: folds 
Uncalled bet (60) returned to Yuri Chance
Yuri Chance collected 120 from pot
Yuri Chance: doesn't show hand 
*** SUMMARY ***
Total pot 120 | Rake 0 
Board [3d Kh 6d]
Seat 2: Mahu2021 (big blind) folded on the Flop
Seat 3: Yuri Chance (button) (small blind) collected (120)



PokerStars Hand #242964655464: Tournament #3574105341, $0.92+$0.08 USD Hold'em No Limit - Level IV (30/60) - 2023/04/08 17:59:33 CET [2023/04/08 11:59:33 ET]
Table '3574105341 1' 3-max Seat #2 is the button
Seat 2: Mahu2021 (300 in chips) 
Seat 3: Yuri Chance (1200 in chips) 
Mahu2021: posts small blind 30
Yuri Chance: posts big blind 60
*** HOLE CARDS ***
Dealt to Mahu2021 [Ts Ah]
Mahu2021: calls 30
Yuri Chance: checks 
*** FLOP *** [Qd 8s 6d]
Yuri Chance: checks 
Mahu2021: checks 
*** TURN *** [Qd 8s 6d] [8h]
Yuri Chance: checks 
Mahu2021: checks 
*** RIVER *** [Qd 8s 6d 8h] [9h]
Yuri Chance: checks 
Mahu2021: bets 60
Yuri Chance: calls 60
*** SHOW DOWN ***
Mahu2021: shows [Ts Ah] (a pair of Eights)
Yuri Chance: shows [2c 9s] (two pair, Nines and Eights)
Yuri Chance collected 240 from pot
*** SUMMARY ***
Total pot 240 | Rake 0 
Board [Qd 8s 6d 8h 9h]
Seat 2: Mahu2021 (button) (small blind) showed [Ts Ah] and lost with a pair of Eights
Seat 3: Yuri Chance (big blind) showed [2c 9s] and won (240) with two pair, Nines and Eights



PokerStars Hand #242964660565: Tournament #3574105341, $0.92+$0.08 USD Hold'em No Limit - Level IV (30/60) - 2023/04/08 17:59:54 CET [2023/04/08 11:59:54 ET]
Table '3574105341 1' 3-max Seat #3 is the button
Seat 2: Mahu2021 (180 in chips) 
Seat 3: Yuri Chance (1320 in chips) 
Yuri Chance: posts small blind 30
Mahu2021: posts big blind 60
*** HOLE CARDS ***
Dealt to Mahu2021 [Qd 9d]
Yuri Chance: raises 1260 to 1320 and is all-in
Mahu2021: calls 120 and is all-in
Uncalled bet (1140) returned to Yuri Chance
*** FLOP *** [Qc 6s 6c]
*** TURN *** [Qc 6s 6c] [Kc]
*** RIVER *** [Qc 6s 6c Kc] [Td]
*** SHOW DOWN ***
Mahu2021: shows [Qd 9d] (two pair, Queens and Sixes)
Yuri Chance: shows [3h 3c] (two pair, Sixes and Threes)
Mahu2021 collected 360 from pot
*** SUMMARY ***
Total pot 360 | Rake 0 
Board [Qc 6s 6c Kc Td]
Seat 2: Mahu2021 (big blind) showed [Qd 9d] and won (360) with two pair, Queens and Sixes
Seat 3: Yuri Chance (button) (small blind) showed [3h 3c] and lost with two pair, Sixes and Threes



PokerStars Hand #242964664221: Tournament #3574105341, $0.92+$0.08 USD Hold'em No Limit - Level IV (30/60) - 2023/04/08 18:00:10 CET [2023/04/08 12:00:10 ET]
Table '3574105341 1' 3-max Seat #2 is the button
Seat 2: Mahu2021 (360 in chips) 
Seat 3: Yuri Chance (1140 in chips) 
Mahu2021: posts small blind 30
Yuri Chance: posts big blind 60
*** HOLE CARDS ***
Dealt to Mahu2021 [5h Js]
Mahu2021: folds 
Uncalled bet (30) returned to Yuri Chance
Yuri Chance collected 60 from pot
Yuri Chance: doesn't show hand 
*** SUMMARY ***
Total pot 60 | Rake 0 
Seat 2: Mahu2021 (button) (small blind) folded before Flop
Seat 3: Yuri Chance (big blind) collected (60)



PokerStars Hand #242964665304: Tournament #3574105341, $0.92+$0.08 USD Hold'em No Limit - Level IV (30/60) - 2023/04/08 18:00:14 CET [2023/04/08 12:00:14 ET]
Table '3574105341 1' 3-max Seat #3 is the button
Seat 2: Mahu2021 (330 in chips) 
Seat 3: Yuri Chance (1170 in chips) 
Yuri Chance: posts small blind 30
Mahu2021: posts big blind 60
*** HOLE CARDS ***
Dealt to Mahu2021 [7s 9d]
Yuri Chance: raises 1110 to 1170 and is all-in
Mahu2021: folds 
Uncalled bet (1110) returned to Yuri Chance
Yuri Chance collected 120 from pot
Yuri Chance: doesn't show hand 
*** SUMMARY ***
Total pot 120 | Rake 0 
Seat 2: Mahu2021 (big blind) folded before Flop
Seat 3: Yuri Chance (button) (small blind) collected (120)



PokerStars Hand #242964666408: Tournament #3574105341, $0.92+$0.08 USD Hold'em No Limit - Level IV (30/60) - 2023/04/08 18:00:19 CET [2023/04/08 12:00:19 ET]
Table '3574105341 1' 3-max Seat #2 is the button
Seat 2: Mahu2021 (270 in chips) 
Seat 3: Yuri Chance (1230 in chips) 
Mahu2021: posts small blind 30
Yuri Chance: posts big blind 60
*** HOLE CARDS ***
Dealt to Mahu2021 [9d 8s]
Mahu2021: folds 
Uncalled bet (30) returned to Yuri Chance
Yuri Chance collected 60 from pot
Yuri Chance: doesn't show hand 
*** SUMMARY ***
Total pot 60 | Rake 0 
Seat 2: Mahu2021 (button) (small blind) folded before Flop
Seat 3: Yuri Chance (big blind) collected (60)



PokerStars Hand #242964667640: Tournament #3574105341, $0.92+$0.08 USD Hold'em No Limit - Level IV (30/60) - 2023/04/08 18:00:24 CET [2023/04/08 12:00:24 ET]
Table '3574105341 1' 3-max Seat #3 is the button
Seat 2: Mahu2021 (240 in chips) 
Seat 3: Yuri Chance (1260 in chips) 
Yuri Chance: posts small blind 30
Mahu2021: posts big blind 60
*** HOLE CARDS ***
Dealt to Mahu2021 [As Kd]
Yuri Chance: raises 1200 to 1260 and is all-in
Mahu2021: calls 180 and is all-in
Uncalled bet (1020) returned to Yuri Chance
*** FLOP *** [Ks 2c 2h]
*** TURN *** [Ks 2c 2h] [3c]
*** RIVER *** [Ks 2c 2h 3c] [7h]
*** SHOW DOWN ***
Mahu2021: shows [As Kd] (two pair, Kings and Deuces)
Yuri Chance: shows [4c Jc] (a pair of Deuces)
Mahu2021 collected 480 from pot
*** SUMMARY ***
Total pot 480 | Rake 0 
Board [Ks 2c 2h 3c 7h]
Seat 2: Mahu2021 (big blind) showed [As Kd] and won (480) with two pair, Kings and Deuces
Seat 3: Yuri Chance (button) (small blind) showed [4c Jc] and lost with a pair of Deuces



PokerStars Hand #242964671145: Tournament #3574105341, $0.92+$0.08 USD Hold'em No Limit - Level IV (30/60) - 2023/04/08 18:00:39 CET [2023/04/08 12:00:39 ET]
Table '3574105341 1' 3-max Seat #2 is the button
Seat 2: Mahu2021 (480 in chips) 
Seat 3: Yuri Chance (1020 in chips) 
Mahu2021: posts small blind 30
Yuri Chance: posts big blind 60
*** HOLE CARDS ***
Dealt to Mahu2021 [4s 5h]
Mahu2021: folds 
Uncalled bet (30) returned to Yuri Chance
Yuri Chance collected 60 from pot
Yuri Chance: doesn't show hand 
*** SUMMARY ***
Total pot 60 | Rake 0 
Seat 2: Mahu2021 (button) (small blind) folded before Flop
Seat 3: Yuri Chance (big blind) collected (60)



PokerStars Hand #242964672462: Tournament #3574105341, $0.92+$0.08 USD Hold'em No Limit - Level IV (30/60) - 2023/04/08 18:00:43 CET [2023/04/08 12:00:43 ET]
Table '3574105341 1' 3-max Seat #3 is the button
Seat 2: Mahu2021 (450 in chips) 
Seat 3: Yuri Chance (1050 in chips) 
Yuri Chance: posts small blind 30
Mahu2021: posts big blind 60
*** HOLE CARDS ***
Dealt to Mahu2021 [9s Kh]
Yuri Chance: calls 30
Mahu2021: raises 390 to 450 and is all-in
Yuri Chance: folds 
Uncalled bet (390) returned to Mahu2021
Mahu2021 collected 120 from pot
Mahu2021: doesn't show hand 
*** SUMMARY ***
Total pot 120 | Rake 0 
Seat 2: Mahu2021 (big blind) collected (120)
Seat 3: Yuri Chance (button) (small blind) folded before Flop



PokerStars Hand #242964674501: Tournament #3574105341, $0.92+$0.08 USD Hold'em No Limit - Level IV (30/60) - 2023/04/08 18:00:51 CET [2023/04/08 12:00:51 ET]
Table '3574105341 1' 3-max Seat #2 is the button
Seat 2: Mahu2021 (510 in chips) 
Seat 3: Yuri Chance (990 in chips) 
Mahu2021: posts small blind 30
Yuri Chance: posts big blind 60
*** HOLE CARDS ***
Dealt to Mahu2021 [Kh Th]
Mahu2021: raises 450 to 510 and is all-in
Yuri Chance: folds 
Uncalled bet (450) returned to Mahu2021
Mahu2021 collected 120 from pot
Mahu2021: doesn't show hand 
*** SUMMARY ***
Total pot 120 | Rake 0 
Seat 2: Mahu2021 (button) (small blind) collected (120)
Seat 3: Yuri Chance (big blind) folded before Flop



PokerStars Hand #242964677489: Tournament #3574105341, $0.92+$0.08 USD Hold'em No Limit - Level V (40/80) - 2023/04/08 18:01:02 CET [2023/04/08 12:01:02 ET]
Table '3574105341 1' 3-max Seat #3 is the button
Seat 2: Mahu2021 (570 in chips) 
Seat 3: Yuri Chance (930 in chips) 
Yuri Chance: posts small blind 40
Mahu2021: posts big blind 80
*** HOLE CARDS ***
Dealt to Mahu2021 [Jc 3d]
Yuri Chance: calls 40
Mahu2021: checks 
*** FLOP *** [8h 5d 9s]
Mahu2021: checks 
Yuri Chance: bets 80
Mahu2021: folds 
Uncalled bet (80) returned to Yuri Chance
Yuri Chance collected 160 from pot
Yuri Chance: doesn't show hand 
*** SUMMARY ***
Total pot 160 | Rake 0 
Board [8h 5d 9s]
Seat 2: Mahu2021 (big blind) folded on the Flop
Seat 3: Yuri Chance (button) (small blind) collected (160)



PokerStars Hand #242964680494: Tournament #3574105341, $0.92+$0.08 USD Hold'em No Limit - Level V (40/80) - 2023/04/08 18:01:13 CET [2023/04/08 12:01:13 ET]
Table '3574105341 1' 3-max Seat #2 is the button
Seat 2: Mahu2021 (490 in chips) 
Seat 3: Yuri Chance (1010 in chips) 
Mahu2021: posts small blind 40
Yuri Chance: posts big blind 80
*** HOLE CARDS ***
Dealt to Mahu2021 [8d Jd]
Mahu2021: calls 40
Yuri Chance: checks 
*** FLOP *** [9c 7d 8h]
Yuri Chance: checks 
Mahu2021: bets 410 and is all-in
Yuri Chance: folds 
Uncalled bet (410) returned to Mahu2021
Mahu2021 collected 160 from pot
Mahu2021: doesn't show hand 
*** SUMMARY ***
Total pot 160 | Rake 0 
Board [9c 7d 8h]
Seat 2: Mahu2021 (button) (small blind) collected (160)
Seat 3: Yuri Chance (big blind) folded on the Flop



PokerStars Hand #242964684371: Tournament #3574105341, $0.92+$0.08 USD Hold'em No Limit - Level V (40/80) - 2023/04/08 18:01:27 CET [2023/04/08 12:01:27 ET]
Table '3574105341 1' 3-max Seat #3 is the button
Seat 2: Mahu2021 (570 in chips) 
Seat 3: Yuri Chance (930 in chips) 
Yuri Chance: posts small blind 40
Mahu2021: posts big blind 80
*** HOLE CARDS ***
Dealt to Mahu2021 [6s Js]
Yuri Chance: calls 40
Mahu2021: checks 
*** FLOP *** [9s 6d 6h]
Mahu2021: checks 
Yuri Chance: bets 80
Mahu2021: calls 80
*** TURN *** [9s 6d 6h] [3c]
Mahu2021: checks 
Yuri Chance: bets 160
Mahu2021: calls 160
*** RIVER *** [9s 6d 6h 3c] [3d]
Mahu2021: bets 250 and is all-in
Yuri Chance: folds 
Uncalled bet (250) returned to Mahu2021
Mahu2021 collected 640 from pot
Mahu2021: doesn't show hand 
*** SUMMARY ***
Total pot 640 | Rake 0 
Board [9s 6d 6h 3c 3d]
Seat 2: Mahu2021 (big blind) collected (640)
Seat 3: Yuri Chance (button) (small blind) folded on the River



PokerStars Hand #242964691929: Tournament #3574105341, $0.92+$0.08 USD Hold'em No Limit - Level V (40/80) - 2023/04/08 18:01:53 CET [2023/04/08 12:01:53 ET]
Table '3574105341 1' 3-max Seat #2 is the button
Seat 2: Mahu2021 (890 in chips) 
Seat 3: Yuri Chance (610 in chips) 
Mahu2021: posts small blind 40
Yuri Chance: posts big blind 80
*** HOLE CARDS ***
Dealt to Mahu2021 [Jd Ad]
Mahu2021: raises 810 to 890 and is all-in
Yuri Chance: folds 
Uncalled bet (810) returned to Mahu2021
Mahu2021 collected 160 from pot
Mahu2021: doesn't show hand 
*** SUMMARY ***
Total pot 160 | Rake 0 
Seat 2: Mahu2021 (button) (small blind) collected (160)
Seat 3: Yuri Chance (big blind) folded before Flop



PokerStars Hand #242964694121: Tournament #3574105341, $0.92+$0.08 USD Hold'em No Limit - Level V (40/80) - 2023/04/08 18:02:00 CET [2023/04/08 12:02:00 ET]
Table '3574105341 1' 3-max Seat #3 is the button
Seat 2: Mahu2021 (970 in chips) 
Seat 3: Yuri Chance (530 in chips) 
Yuri Chance: posts small blind 40
Mahu2021: posts big blind 80
*** HOLE CARDS ***
Dealt to Mahu2021 [7d Td]
Yuri Chance: calls 40
Mahu2021: checks 
*** FLOP *** [Jc 2h Ts]
Mahu2021: bets 890 and is all-in
Yuri Chance: folds 
Uncalled bet (890) returned to Mahu2021
Mahu2021 collected 160 from pot
Mahu2021: doesn't show hand 
*** SUMMARY ***
Total pot 160 | Rake 0 
Board [Jc 2h Ts]
Seat 2: Mahu2021 (big blind) collected (160)
Seat 3: Yuri Chance (button) (small blind) folded on the Flop



PokerStars Hand #242964697485: Tournament #3574105341, $0.92+$0.08 USD Hold'em No Limit - Level V (40/80) - 2023/04/08 18:02:12 CET [2023/04/08 12:02:12 ET]
Table '3574105341 1' 3-max Seat #2 is the button
Seat 2: Mahu2021 (1050 in chips) 
Seat 3: Yuri Chance (450 in chips) 
Mahu2021: posts small blind 40
Yuri Chance: posts big blind 80
*** HOLE CARDS ***
Dealt to Mahu2021 [4s Td]
Mahu2021: folds 
Uncalled bet (40) returned to Yuri Chance
Yuri Chance collected 80 from pot
Yuri Chance: doesn't show hand 
*** SUMMARY ***
Total pot 80 | Rake 0 
Seat 2: Mahu2021 (button) (small blind) folded before Flop
Seat 3: Yuri Chance (big blind) collected (80)



PokerStars Hand #242964698835: Tournament #3574105341, $0.92+$0.08 USD Hold'em No Limit - Level V (40/80) - 2023/04/08 18:02:17 CET [2023/04/08 12:02:17 ET]
Table '3574105341 1' 3-max Seat #3 is the button
Seat 2: Mahu2021 (1010 in chips) 
Seat 3: Yuri Chance (490 in chips) 
Yuri Chance: posts small blind 40
Mahu2021: posts big blind 80
*** HOLE CARDS ***
Dealt to Mahu2021 [9d 8s]
Yuri Chance: calls 40
Mahu2021: checks 
*** FLOP *** [8c 7d 3c]
Mahu2021: bets 930 and is all-in
Yuri Chance: folds 
Uncalled bet (930) returned to Mahu2021
Mahu2021 collected 160 from pot
Mahu2021: doesn't show hand 
*** SUMMARY ***
Total pot 160 | Rake 0 
Board [8c 7d 3c]
Seat 2: Mahu2021 (big blind) collected (160)
Seat 3: Yuri Chance (button) (small blind) folded on the Flop



PokerStars Hand #242964702502: Tournament #3574105341, $0.92+$0.08 USD Hold'em No Limit - Level V (40/80) - 2023/04/08 18:02:29 CET [2023/04/08 12:02:29 ET]
Table '3574105341 1' 3-max Seat #2 is the button
Seat 2: Mahu2021 (1090 in chips) 
Seat 3: Yuri Chance (410 in chips) 
Mahu2021: posts small blind 40
Yuri Chance: posts big blind 80
*** HOLE CARDS ***
Dealt to Mahu2021 [As 4s]
Mahu2021: raises 1010 to 1090 and is all-in
Yuri Chance: calls 330 and is all-in
Uncalled bet (680) returned to Mahu2021
*** FLOP *** [Ks 5c Tc]
*** TURN *** [Ks 5c Tc] [Qd]
*** RIVER *** [Ks 5c Tc Qd] [9s]
*** SHOW DOWN ***
Yuri Chance: shows [Kd Th] (two pair, Kings and Tens)
Mahu2021: shows [As 4s] (high card Ace)
Yuri Chance collected 820 from pot
*** SUMMARY ***
Total pot 820 | Rake 0 
Board [Ks 5c Tc Qd 9s]
Seat 2: Mahu2021 (button) (small blind) showed [As 4s] and lost with high card Ace
Seat 3: Yuri Chance (big blind) showed [Kd Th] and won (820) with two pair, Kings and Tens



PokerStars Hand #242964706423: Tournament #3574105341, $0.92+$0.08 USD Hold'em No Limit - Level V (40/80) - 2023/04/08 18:02:43 CET [2023/04/08 12:02:43 ET]
Table '3574105341 1' 3-max Seat #3 is the button
Seat 2: Mahu2021 (680 in chips) 
Seat 3: Yuri Chance (820 in chips) 
Yuri Chance: posts small blind 40
Mahu2021: posts big blind 80
*** HOLE CARDS ***
Dealt to Mahu2021 [Jh 6s]
Yuri Chance: raises 740 to 820 and is all-in
Mahu2021: folds 
Uncalled bet (740) returned to Yuri Chance
Yuri Chance collected 160 from pot
Yuri Chance: doesn't show hand 
*** SUMMARY ***
Total pot 160 | Rake 0 
Seat 2: Mahu2021 (big blind) folded before Flop
Seat 3: Yuri Chance (button) (small blind) collected (160)



PokerStars Hand #242964707970: Tournament #3574105341, $0.92+$0.08 USD Hold'em No Limit - Level V (40/80) - 2023/04/08 18:02:48 CET [2023/04/08 12:02:48 ET]
Table '3574105341 1' 3-max Seat #2 is the button
Seat 2: Mahu2021 (600 in chips) 
Seat 3: Yuri Chance (900 in chips) 
Mahu2021: posts small blind 40
Yuri Chance: posts big blind 80
*** HOLE CARDS ***
Dealt to Mahu2021 [7s 7d]
Mahu2021: raises 520 to 600 and is all-in
Yuri Chance: calls 520
*** FLOP *** [5d 4s 2d]
*** TURN *** [5d 4s 2d] [Th]
*** RIVER *** [5d 4s 2d Th] [Js]
*** SHOW DOWN ***
Yuri Chance: shows [As 3d] (a straight, Ace to Five)
Mahu2021: shows [7s 7d] (a pair of Sevens)
Yuri Chance collected 1200 from pot
Mahu2021 finished the tournament in 2nd place
Yuri Chance wins the tournament and receives $5.00 - congratulations!
*** SUMMARY ***
Total pot 1200 | Rake 0 
Board [5d 4s 2d Th Js]
Seat 2: Mahu2021 (button) (small blind) showed [7s 7d] and lost with a pair of Sevens
Seat 3: Yuri Chance (big blind) showed [As 3d] and won (1200) with a straight, Ace to Five



