PokerStars Hand #243265155208: Tournament #3581494844, $0.92+$0.08 USD Hold'em No Limit - Level I (10/20) - 2023/04/23 12:34:52 CET [2023/04/23 6:34:52 ET]
Table '3581494844 1' 3-max Seat #1 is the button
Seat 1: AlvesJason (500 in chips) 
Seat 2: Mahu2021 (500 in chips) 
Seat 3: nonigr77 (500 in chips) 
Mahu2021: posts small blind 10
nonigr77: posts big blind 20
*** HOLE CARDS ***
Dealt to Mahu2021 [4s 2c]
AlvesJason: raises 20 to 40
Mahu2021: folds 
nonigr77: calls 20
*** FLOP *** [2h Ah 8c]
nonigr77: checks 
AlvesJason: bets 47
nonigr77: calls 47
*** TURN *** [2h Ah 8c] [Kh]
nonigr77: checks 
AlvesJason: bets 96
nonigr77: calls 96
*** RIVER *** [2h Ah 8c Kh] [7s]
nonigr77: checks 
AlvesJason: checks 
*** SHOW DOWN ***
nonigr77: shows [Ad 5c] (a pair of Aces)
AlvesJason: shows [Ks 8d] (two pair, Kings and Eights)
AlvesJason collected 376 from pot
*** SUMMARY ***
Total pot 376 | Rake 0 
Board [2h Ah 8c Kh 7s]
Seat 1: AlvesJason (button) showed [Ks 8d] and won (376) with two pair, Kings and Eights
Seat 2: Mahu2021 (small blind) folded before Flop
Seat 3: nonigr77 (big blind) showed [Ad 5c] and lost with a pair of Aces



PokerStars Hand #243265160445: Tournament #3581494844, $0.92+$0.08 USD Hold'em No Limit - Level I (10/20) - 2023/04/23 12:35:25 CET [2023/04/23 6:35:25 ET]
Table '3581494844 1' 3-max Seat #2 is the button
Seat 1: AlvesJason (693 in chips) 
Seat 2: Mahu2021 (490 in chips) 
Seat 3: nonigr77 (317 in chips) 
nonigr77: posts small blind 10
AlvesJason: posts big blind 20
*** HOLE CARDS ***
Dealt to Mahu2021 [2d 5c]
Mahu2021: folds 
nonigr77: folds 
Uncalled bet (10) returned to AlvesJason
AlvesJason collected 20 from pot
AlvesJason: doesn't show hand 
*** SUMMARY ***
Total pot 20 | Rake 0 
Seat 1: AlvesJason (big blind) collected (20)
Seat 2: Mahu2021 (button) folded before Flop (didn't bet)
Seat 3: nonigr77 (small blind) folded before Flop



PokerStars Hand #243265161345: Tournament #3581494844, $0.92+$0.08 USD Hold'em No Limit - Level I (10/20) - 2023/04/23 12:35:31 CET [2023/04/23 6:35:31 ET]
Table '3581494844 1' 3-max Seat #3 is the button
Seat 1: AlvesJason (703 in chips) 
Seat 2: Mahu2021 (490 in chips) 
Seat 3: nonigr77 (307 in chips) 
AlvesJason: posts small blind 10
Mahu2021: posts big blind 20
*** HOLE CARDS ***
Dealt to Mahu2021 [9c 2s]
nonigr77: folds 
AlvesJason: raises 20 to 40
Mahu2021: folds 
Uncalled bet (20) returned to AlvesJason
AlvesJason collected 40 from pot
AlvesJason: doesn't show hand 
*** SUMMARY ***
Total pot 40 | Rake 0 
Seat 1: AlvesJason (small blind) collected (40)
Seat 2: Mahu2021 (big blind) folded before Flop
Seat 3: nonigr77 (button) folded before Flop (didn't bet)



PokerStars Hand #243265163141: Tournament #3581494844, $0.92+$0.08 USD Hold'em No Limit - Level I (10/20) - 2023/04/23 12:35:43 CET [2023/04/23 6:35:43 ET]
Table '3581494844 1' 3-max Seat #1 is the button
Seat 1: AlvesJason (723 in chips) 
Seat 2: Mahu2021 (470 in chips) 
Seat 3: nonigr77 (307 in chips) 
Mahu2021: posts small blind 10
nonigr77: posts big blind 20
*** HOLE CARDS ***
Dealt to Mahu2021 [6d Kc]
AlvesJason: folds 
Mahu2021: calls 10
nonigr77: raises 20 to 40
Mahu2021: calls 20
*** FLOP *** [5c Qs 9c]
Mahu2021: checks 
nonigr77: checks 
*** TURN *** [5c Qs 9c] [8c]
Mahu2021: bets 40
nonigr77: calls 40
*** RIVER *** [5c Qs 9c 8c] [9s]
Mahu2021: bets 160
nonigr77: folds 
Uncalled bet (160) returned to Mahu2021
Mahu2021 collected 160 from pot
Mahu2021: doesn't show hand 
*** SUMMARY ***
Total pot 160 | Rake 0 
Board [5c Qs 9c 8c 9s]
Seat 1: AlvesJason (button) folded before Flop (didn't bet)
Seat 2: Mahu2021 (small blind) collected (160)
Seat 3: nonigr77 (big blind) folded on the River



PokerStars Hand #243265167501: Tournament #3581494844, $0.92+$0.08 USD Hold'em No Limit - Level I (10/20) - 2023/04/23 12:36:09 CET [2023/04/23 6:36:09 ET]
Table '3581494844 1' 3-max Seat #2 is the button
Seat 1: AlvesJason (723 in chips) 
Seat 2: Mahu2021 (550 in chips) 
Seat 3: nonigr77 (227 in chips) 
nonigr77: posts small blind 10
AlvesJason: posts big blind 20
*** HOLE CARDS ***
Dealt to Mahu2021 [3c 3h]
Mahu2021: calls 20
nonigr77: calls 10
AlvesJason: raises 703 to 723 and is all-in
Mahu2021: folds 
nonigr77: folds 
Uncalled bet (703) returned to AlvesJason
AlvesJason collected 60 from pot
AlvesJason: doesn't show hand 
*** SUMMARY ***
Total pot 60 | Rake 0 
Seat 1: AlvesJason (big blind) collected (60)
Seat 2: Mahu2021 (button) folded before Flop
Seat 3: nonigr77 (small blind) folded before Flop



PokerStars Hand #243265169735: Tournament #3581494844, $0.92+$0.08 USD Hold'em No Limit - Level I (10/20) - 2023/04/23 12:36:23 CET [2023/04/23 6:36:23 ET]
Table '3581494844 1' 3-max Seat #3 is the button
Seat 1: AlvesJason (763 in chips) 
Seat 2: Mahu2021 (530 in chips) 
Seat 3: nonigr77 (207 in chips) 
AlvesJason: posts small blind 10
Mahu2021: posts big blind 20
*** HOLE CARDS ***
Dealt to Mahu2021 [Qs 4h]
nonigr77: calls 20
AlvesJason: folds 
Mahu2021: checks 
*** FLOP *** [Kh 5d 3s]
Mahu2021: checks 
nonigr77: checks 
*** TURN *** [Kh 5d 3s] [Td]
Mahu2021: checks 
nonigr77: bets 20
Mahu2021: folds 
Uncalled bet (20) returned to nonigr77
nonigr77 collected 50 from pot
*** SUMMARY ***
Total pot 50 | Rake 0 
Board [Kh 5d 3s Td]
Seat 1: AlvesJason (small blind) folded before Flop
Seat 2: Mahu2021 (big blind) folded on the Turn
Seat 3: nonigr77 (button) collected (50)



PokerStars Hand #243265172808: Tournament #3581494844, $0.92+$0.08 USD Hold'em No Limit - Level I (10/20) - 2023/04/23 12:36:42 CET [2023/04/23 6:36:42 ET]
Table '3581494844 1' 3-max Seat #1 is the button
Seat 1: AlvesJason (753 in chips) 
Seat 2: Mahu2021 (510 in chips) 
Seat 3: nonigr77 (237 in chips) 
Mahu2021: posts small blind 10
nonigr77: posts big blind 20
*** HOLE CARDS ***
Dealt to Mahu2021 [Js 3c]
AlvesJason: folds 
Mahu2021: folds 
Uncalled bet (10) returned to nonigr77
nonigr77 collected 20 from pot
*** SUMMARY ***
Total pot 20 | Rake 0 
Seat 1: AlvesJason (button) folded before Flop (didn't bet)
Seat 2: Mahu2021 (small blind) folded before Flop
Seat 3: nonigr77 (big blind) collected (20)



PokerStars Hand #243265174678: Tournament #3581494844, $0.92+$0.08 USD Hold'em No Limit - Level I (10/20) - 2023/04/23 12:36:54 CET [2023/04/23 6:36:54 ET]
Table '3581494844 1' 3-max Seat #2 is the button
Seat 1: AlvesJason (753 in chips) 
Seat 2: Mahu2021 (500 in chips) 
Seat 3: nonigr77 (247 in chips) 
nonigr77: posts small blind 10
AlvesJason: posts big blind 20
*** HOLE CARDS ***
Dealt to Mahu2021 [2c 9s]
Mahu2021: folds 
nonigr77: folds 
Uncalled bet (10) returned to AlvesJason
AlvesJason collected 20 from pot
AlvesJason: doesn't show hand 
*** SUMMARY ***
Total pot 20 | Rake 0 
Seat 1: AlvesJason (big blind) collected (20)
Seat 2: Mahu2021 (button) folded before Flop (didn't bet)
Seat 3: nonigr77 (small blind) folded before Flop



PokerStars Hand #243265175551: Tournament #3581494844, $0.92+$0.08 USD Hold'em No Limit - Level I (10/20) - 2023/04/23 12:36:59 CET [2023/04/23 6:36:59 ET]
Table '3581494844 1' 3-max Seat #3 is the button
Seat 1: AlvesJason (763 in chips) 
Seat 2: Mahu2021 (500 in chips) 
Seat 3: nonigr77 (237 in chips) 
AlvesJason: posts small blind 10
Mahu2021: posts big blind 20
*** HOLE CARDS ***
Dealt to Mahu2021 [Qs 6d]
nonigr77: calls 20
AlvesJason: calls 10
Mahu2021: checks 
*** FLOP *** [2c 8h 2h]
AlvesJason: checks 
Mahu2021: checks 
nonigr77: checks 
*** TURN *** [2c 8h 2h] [9d]
AlvesJason: checks 
Mahu2021: checks 
nonigr77: checks 
*** RIVER *** [2c 8h 2h 9d] [4s]
AlvesJason: checks 
Mahu2021: checks 
nonigr77: checks 
*** SHOW DOWN ***
AlvesJason: shows [Ah 3s] (a pair of Deuces)
Mahu2021: mucks hand 
nonigr77: mucks hand 
AlvesJason collected 60 from pot
*** SUMMARY ***
Total pot 60 | Rake 0 
Board [2c 8h 2h 9d 4s]
Seat 1: AlvesJason (small blind) showed [Ah 3s] and won (60) with a pair of Deuces
Seat 2: Mahu2021 (big blind) mucked [Qs 6d]
Seat 3: nonigr77 (button) mucked [Qc Jd]



PokerStars Hand #243265183824: Tournament #3581494844, $0.92+$0.08 USD Hold'em No Limit - Level I (10/20) - 2023/04/23 12:37:51 CET [2023/04/23 6:37:51 ET]
Table '3581494844 1' 3-max Seat #1 is the button
Seat 1: AlvesJason (803 in chips) 
Seat 2: Mahu2021 (480 in chips) 
Seat 3: nonigr77 (217 in chips) 
Mahu2021: posts small blind 10
nonigr77: posts big blind 20
*** HOLE CARDS ***
Dealt to Mahu2021 [Th 9h]
AlvesJason: folds 
Mahu2021: raises 40 to 60
nonigr77: folds 
Uncalled bet (40) returned to Mahu2021
Mahu2021 collected 40 from pot
Mahu2021: doesn't show hand 
*** SUMMARY ***
Total pot 40 | Rake 0 
Seat 1: AlvesJason (button) folded before Flop (didn't bet)
Seat 2: Mahu2021 (small blind) collected (40)
Seat 3: nonigr77 (big blind) folded before Flop



PokerStars Hand #243265185462: Tournament #3581494844, $0.92+$0.08 USD Hold'em No Limit - Level II (15/30) - 2023/04/23 12:38:01 CET [2023/04/23 6:38:01 ET]
Table '3581494844 1' 3-max Seat #2 is the button
Seat 1: AlvesJason (803 in chips) 
Seat 2: Mahu2021 (500 in chips) 
Seat 3: nonigr77 (197 in chips) 
nonigr77: posts small blind 15
AlvesJason: posts big blind 30
*** HOLE CARDS ***
Dealt to Mahu2021 [Ah Js]
Mahu2021: raises 30 to 60
nonigr77: folds 
AlvesJason: folds 
Uncalled bet (30) returned to Mahu2021
Mahu2021 collected 75 from pot
Mahu2021: doesn't show hand 
*** SUMMARY ***
Total pot 75 | Rake 0 
Seat 1: AlvesJason (big blind) folded before Flop
Seat 2: Mahu2021 (button) collected (75)
Seat 3: nonigr77 (small blind) folded before Flop



PokerStars Hand #243265188105: Tournament #3581494844, $0.92+$0.08 USD Hold'em No Limit - Level II (15/30) - 2023/04/23 12:38:17 CET [2023/04/23 6:38:17 ET]
Table '3581494844 1' 3-max Seat #3 is the button
Seat 1: AlvesJason (773 in chips) 
Seat 2: Mahu2021 (545 in chips) 
Seat 3: nonigr77 (182 in chips) 
AlvesJason: posts small blind 15
Mahu2021: posts big blind 30
*** HOLE CARDS ***
Dealt to Mahu2021 [9h 5s]
nonigr77: folds 
AlvesJason: calls 15
Mahu2021: checks 
*** FLOP *** [7h Qh 2c]
AlvesJason: checks 
Mahu2021: checks 
*** TURN *** [7h Qh 2c] [Js]
AlvesJason: checks 
Mahu2021: checks 
*** RIVER *** [7h Qh 2c Js] [5h]
AlvesJason: checks 
Mahu2021: checks 
*** SHOW DOWN ***
AlvesJason: shows [5d 8c] (a pair of Fives)
Mahu2021: shows [9h 5s] (a pair of Fives - Queen+Jack+Nine kicker)
Mahu2021 collected 60 from pot
*** SUMMARY ***
Total pot 60 | Rake 0 
Board [7h Qh 2c Js 5h]
Seat 1: AlvesJason (small blind) showed [5d 8c] and lost with a pair of Fives
Seat 2: Mahu2021 (big blind) showed [9h 5s] and won (60) with a pair of Fives
Seat 3: nonigr77 (button) folded before Flop (didn't bet)



PokerStars Hand #243265192364: Tournament #3581494844, $0.92+$0.08 USD Hold'em No Limit - Level II (15/30) - 2023/04/23 12:38:43 CET [2023/04/23 6:38:43 ET]
Table '3581494844 1' 3-max Seat #1 is the button
Seat 1: AlvesJason (743 in chips) 
Seat 2: Mahu2021 (575 in chips) 
Seat 3: nonigr77 (182 in chips) 
Mahu2021: posts small blind 15
nonigr77: posts big blind 30
*** HOLE CARDS ***
Dealt to Mahu2021 [Qd Td]
AlvesJason: raises 30 to 60
Mahu2021: folds 
nonigr77: folds 
Uncalled bet (30) returned to AlvesJason
AlvesJason collected 75 from pot
AlvesJason: doesn't show hand 
*** SUMMARY ***
Total pot 75 | Rake 0 
Seat 1: AlvesJason (button) collected (75)
Seat 2: Mahu2021 (small blind) folded before Flop
Seat 3: nonigr77 (big blind) folded before Flop



PokerStars Hand #243265194410: Tournament #3581494844, $0.92+$0.08 USD Hold'em No Limit - Level II (15/30) - 2023/04/23 12:38:56 CET [2023/04/23 6:38:56 ET]
Table '3581494844 1' 3-max Seat #2 is the button
Seat 1: AlvesJason (788 in chips) 
Seat 2: Mahu2021 (560 in chips) 
Seat 3: nonigr77 (152 in chips) 
nonigr77: posts small blind 15
AlvesJason: posts big blind 30
*** HOLE CARDS ***
Dealt to Mahu2021 [3s Js]
Mahu2021: folds 
nonigr77: raises 122 to 152 and is all-in
AlvesJason: folds 
Uncalled bet (122) returned to nonigr77
nonigr77 collected 60 from pot
*** SUMMARY ***
Total pot 60 | Rake 0 
Seat 1: AlvesJason (big blind) folded before Flop
Seat 2: Mahu2021 (button) folded before Flop (didn't bet)
Seat 3: nonigr77 (small blind) collected (60)



PokerStars Hand #243265196325: Tournament #3581494844, $0.92+$0.08 USD Hold'em No Limit - Level II (15/30) - 2023/04/23 12:39:08 CET [2023/04/23 6:39:08 ET]
Table '3581494844 1' 3-max Seat #3 is the button
Seat 1: AlvesJason (758 in chips) 
Seat 2: Mahu2021 (560 in chips) 
Seat 3: nonigr77 (182 in chips) 
AlvesJason: posts small blind 15
Mahu2021: posts big blind 30
*** HOLE CARDS ***
Dealt to Mahu2021 [6s 9h]
nonigr77: calls 30
AlvesJason: folds 
Mahu2021: checks 
*** FLOP *** [Kd 3d 2h]
Mahu2021: checks 
nonigr77: checks 
*** TURN *** [Kd 3d 2h] [9d]
Mahu2021: bets 30
nonigr77: folds 
Uncalled bet (30) returned to Mahu2021
Mahu2021 collected 75 from pot
Mahu2021: doesn't show hand 
*** SUMMARY ***
Total pot 75 | Rake 0 
Board [Kd 3d 2h 9d]
Seat 1: AlvesJason (small blind) folded before Flop
Seat 2: Mahu2021 (big blind) collected (75)
Seat 3: nonigr77 (button) folded on the Turn



PokerStars Hand #243265198973: Tournament #3581494844, $0.92+$0.08 USD Hold'em No Limit - Level II (15/30) - 2023/04/23 12:39:24 CET [2023/04/23 6:39:24 ET]
Table '3581494844 1' 3-max Seat #1 is the button
Seat 1: AlvesJason (743 in chips) 
Seat 2: Mahu2021 (605 in chips) 
Seat 3: nonigr77 (152 in chips) 
Mahu2021: posts small blind 15
nonigr77: posts big blind 30
*** HOLE CARDS ***
Dealt to Mahu2021 [2d 6d]
AlvesJason: raises 30 to 60
Mahu2021: folds 
nonigr77: calls 30
*** FLOP *** [6h Ah Ad]
nonigr77: checks 
AlvesJason: bets 45
nonigr77: folds 
Uncalled bet (45) returned to AlvesJason
AlvesJason collected 135 from pot
AlvesJason: doesn't show hand 
*** SUMMARY ***
Total pot 135 | Rake 0 
Board [6h Ah Ad]
Seat 1: AlvesJason (button) collected (135)
Seat 2: Mahu2021 (small blind) folded before Flop
Seat 3: nonigr77 (big blind) folded on the Flop



PokerStars Hand #243265201284: Tournament #3581494844, $0.92+$0.08 USD Hold'em No Limit - Level II (15/30) - 2023/04/23 12:39:39 CET [2023/04/23 6:39:39 ET]
Table '3581494844 1' 3-max Seat #2 is the button
Seat 1: AlvesJason (818 in chips) 
Seat 2: Mahu2021 (590 in chips) 
Seat 3: nonigr77 (92 in chips) 
nonigr77: posts small blind 15
AlvesJason: posts big blind 30
*** HOLE CARDS ***
Dealt to Mahu2021 [3h 4h]
Mahu2021: calls 30
nonigr77: calls 15
AlvesJason: checks 
*** FLOP *** [7s 9h Kc]
nonigr77: checks 
AlvesJason: checks 
Mahu2021: bets 60
nonigr77: calls 60
AlvesJason: calls 60
*** TURN *** [7s 9h Kc] [Qd]
nonigr77: checks 
AlvesJason: checks 
Mahu2021: checks 
*** RIVER *** [7s 9h Kc Qd] [Qh]
nonigr77: checks 
AlvesJason: checks 
Mahu2021: checks 
*** SHOW DOWN ***
nonigr77: shows [Jc 8s] (a pair of Queens)
AlvesJason: mucks hand 
Mahu2021: mucks hand 
nonigr77 collected 270 from pot
*** SUMMARY ***
Total pot 270 | Rake 0 
Board [7s 9h Kc Qd Qh]
Seat 1: AlvesJason (big blind) mucked [8c 5h]
Seat 2: Mahu2021 (button) mucked [3h 4h]
Seat 3: nonigr77 (small blind) showed [Jc 8s] and won (270) with a pair of Queens



PokerStars Hand #243265206578: Tournament #3581494844, $0.92+$0.08 USD Hold'em No Limit - Level II (15/30) - 2023/04/23 12:40:12 CET [2023/04/23 6:40:12 ET]
Table '3581494844 1' 3-max Seat #3 is the button
Seat 1: AlvesJason (728 in chips) 
Seat 2: Mahu2021 (500 in chips) 
Seat 3: nonigr77 (272 in chips) 
AlvesJason: posts small blind 15
Mahu2021: posts big blind 30
*** HOLE CARDS ***
Dealt to Mahu2021 [As Qc]
nonigr77: calls 30
AlvesJason: folds 
Mahu2021: checks 
*** FLOP *** [5d 9s 8s]
Mahu2021: checks 
nonigr77: checks 
*** TURN *** [5d 9s 8s] [4h]
Mahu2021: bets 30
nonigr77: calls 30
*** RIVER *** [5d 9s 8s 4h] [Kh]
Mahu2021: checks 
nonigr77: checks 
*** SHOW DOWN ***
Mahu2021: shows [As Qc] (high card Ace)
nonigr77: mucks hand 
Mahu2021 collected 135 from pot
*** SUMMARY ***
Total pot 135 | Rake 0 
Board [5d 9s 8s 4h Kh]
Seat 1: AlvesJason (small blind) folded before Flop
Seat 2: Mahu2021 (big blind) showed [As Qc] and won (135) with high card Ace
Seat 3: nonigr77 (button) mucked [Ts Ac]



PokerStars Hand #243265209744: Tournament #3581494844, $0.92+$0.08 USD Hold'em No Limit - Level II (15/30) - 2023/04/23 12:40:31 CET [2023/04/23 6:40:31 ET]
Table '3581494844 1' 3-max Seat #1 is the button
Seat 1: AlvesJason (713 in chips) 
Seat 2: Mahu2021 (575 in chips) 
Seat 3: nonigr77 (212 in chips) 
Mahu2021: posts small blind 15
nonigr77: posts big blind 30
*** HOLE CARDS ***
Dealt to Mahu2021 [5h Qh]
AlvesJason: folds 
Mahu2021: calls 15
nonigr77: checks 
*** FLOP *** [Ad 5d Td]
Mahu2021: bets 30
nonigr77: folds 
Uncalled bet (30) returned to Mahu2021
Mahu2021 collected 60 from pot
Mahu2021: doesn't show hand 
*** SUMMARY ***
Total pot 60 | Rake 0 
Board [Ad 5d Td]
Seat 1: AlvesJason (button) folded before Flop (didn't bet)
Seat 2: Mahu2021 (small blind) collected (60)
Seat 3: nonigr77 (big blind) folded on the Flop



PokerStars Hand #243265211354: Tournament #3581494844, $0.92+$0.08 USD Hold'em No Limit - Level II (15/30) - 2023/04/23 12:40:41 CET [2023/04/23 6:40:41 ET]
Table '3581494844 1' 3-max Seat #2 is the button
Seat 1: AlvesJason (713 in chips) 
Seat 2: Mahu2021 (605 in chips) 
Seat 3: nonigr77 (182 in chips) 
nonigr77: posts small blind 15
AlvesJason: posts big blind 30
*** HOLE CARDS ***
Dealt to Mahu2021 [5h 7c]
Mahu2021: folds 
nonigr77: calls 15
AlvesJason: checks 
*** FLOP *** [3h 6c 4d]
nonigr77: checks 
AlvesJason: bets 30
nonigr77: raises 60 to 90
AlvesJason: folds 
Uncalled bet (60) returned to nonigr77
nonigr77 collected 120 from pot
*** SUMMARY ***
Total pot 120 | Rake 0 
Board [3h 6c 4d]
Seat 1: AlvesJason (big blind) folded on the Flop
Seat 2: Mahu2021 (button) folded before Flop (didn't bet)
Seat 3: nonigr77 (small blind) collected (120)



PokerStars Hand #243265217092: Tournament #3581494844, $0.92+$0.08 USD Hold'em No Limit - Level III (20/40) - 2023/04/23 12:41:17 CET [2023/04/23 6:41:17 ET]
Table '3581494844 1' 3-max Seat #3 is the button
Seat 1: AlvesJason (653 in chips) 
Seat 2: Mahu2021 (605 in chips) 
Seat 3: nonigr77 (242 in chips) 
AlvesJason: posts small blind 20
Mahu2021: posts big blind 40
*** HOLE CARDS ***
Dealt to Mahu2021 [As 7h]
nonigr77: folds 
AlvesJason: folds 
Uncalled bet (20) returned to Mahu2021
Mahu2021 collected 40 from pot
Mahu2021: doesn't show hand 
*** SUMMARY ***
Total pot 40 | Rake 0 
Seat 1: AlvesJason (small blind) folded before Flop
Seat 2: Mahu2021 (big blind) collected (40)
Seat 3: nonigr77 (button) folded before Flop (didn't bet)



PokerStars Hand #243265218155: Tournament #3581494844, $0.92+$0.08 USD Hold'em No Limit - Level III (20/40) - 2023/04/23 12:41:23 CET [2023/04/23 6:41:23 ET]
Table '3581494844 1' 3-max Seat #1 is the button
Seat 1: AlvesJason (633 in chips) 
Seat 2: Mahu2021 (625 in chips) 
Seat 3: nonigr77 (242 in chips) 
Mahu2021: posts small blind 20
nonigr77: posts big blind 40
*** HOLE CARDS ***
Dealt to Mahu2021 [Ah Jh]
AlvesJason: folds 
Mahu2021: raises 80 to 120
nonigr77: folds 
Uncalled bet (80) returned to Mahu2021
Mahu2021 collected 80 from pot
Mahu2021: doesn't show hand 
*** SUMMARY ***
Total pot 80 | Rake 0 
Seat 1: AlvesJason (button) folded before Flop (didn't bet)
Seat 2: Mahu2021 (small blind) collected (80)
Seat 3: nonigr77 (big blind) folded before Flop



PokerStars Hand #243265219308: Tournament #3581494844, $0.92+$0.08 USD Hold'em No Limit - Level III (20/40) - 2023/04/23 12:41:30 CET [2023/04/23 6:41:30 ET]
Table '3581494844 1' 3-max Seat #2 is the button
Seat 1: AlvesJason (633 in chips) 
Seat 2: Mahu2021 (665 in chips) 
Seat 3: nonigr77 (202 in chips) 
nonigr77: posts small blind 20
AlvesJason: posts big blind 40
*** HOLE CARDS ***
Dealt to Mahu2021 [6d 4s]
Mahu2021: folds 
nonigr77: calls 20
AlvesJason: raises 593 to 633 and is all-in
nonigr77: folds 
Uncalled bet (593) returned to AlvesJason
AlvesJason collected 80 from pot
AlvesJason: doesn't show hand 
*** SUMMARY ***
Total pot 80 | Rake 0 
Seat 1: AlvesJason (big blind) collected (80)
Seat 2: Mahu2021 (button) folded before Flop (didn't bet)
Seat 3: nonigr77 (small blind) folded before Flop



PokerStars Hand #243265220713: Tournament #3581494844, $0.92+$0.08 USD Hold'em No Limit - Level III (20/40) - 2023/04/23 12:41:39 CET [2023/04/23 6:41:39 ET]
Table '3581494844 1' 3-max Seat #3 is the button
Seat 1: AlvesJason (673 in chips) 
Seat 2: Mahu2021 (665 in chips) 
Seat 3: nonigr77 (162 in chips) 
AlvesJason: posts small blind 20
Mahu2021: posts big blind 40
*** HOLE CARDS ***
Dealt to Mahu2021 [7c Jd]
nonigr77: raises 122 to 162 and is all-in
AlvesJason: folds 
Mahu2021: folds 
Uncalled bet (122) returned to nonigr77
nonigr77 collected 100 from pot
*** SUMMARY ***
Total pot 100 | Rake 0 
Seat 1: AlvesJason (small blind) folded before Flop
Seat 2: Mahu2021 (big blind) folded before Flop
Seat 3: nonigr77 (button) collected (100)



PokerStars Hand #243265222062: Tournament #3581494844, $0.92+$0.08 USD Hold'em No Limit - Level III (20/40) - 2023/04/23 12:41:47 CET [2023/04/23 6:41:47 ET]
Table '3581494844 1' 3-max Seat #1 is the button
Seat 1: AlvesJason (653 in chips) 
Seat 2: Mahu2021 (625 in chips) 
Seat 3: nonigr77 (222 in chips) 
Mahu2021: posts small blind 20
nonigr77: posts big blind 40
*** HOLE CARDS ***
Dealt to Mahu2021 [4h As]
AlvesJason: folds 
Mahu2021: calls 20
nonigr77: checks 
*** FLOP *** [4c Js Ah]
Mahu2021: checks 
nonigr77: checks 
*** TURN *** [4c Js Ah] [5c]
Mahu2021: checks 
nonigr77: checks 
*** RIVER *** [4c Js Ah 5c] [2c]
Mahu2021: bets 40
nonigr77: folds 
Uncalled bet (40) returned to Mahu2021
Mahu2021 collected 80 from pot
Mahu2021: doesn't show hand 
*** SUMMARY ***
Total pot 80 | Rake 0 
Board [4c Js Ah 5c 2c]
Seat 1: AlvesJason (button) folded before Flop (didn't bet)
Seat 2: Mahu2021 (small blind) collected (80)
Seat 3: nonigr77 (big blind) folded on the River



PokerStars Hand #243265225220: Tournament #3581494844, $0.92+$0.08 USD Hold'em No Limit - Level III (20/40) - 2023/04/23 12:42:06 CET [2023/04/23 6:42:06 ET]
Table '3581494844 1' 3-max Seat #2 is the button
Seat 1: AlvesJason (653 in chips) 
Seat 2: Mahu2021 (665 in chips) 
Seat 3: nonigr77 (182 in chips) 
nonigr77: posts small blind 20
AlvesJason: posts big blind 40
*** HOLE CARDS ***
Dealt to Mahu2021 [8h 4h]
Mahu2021: folds 
nonigr77: folds 
Uncalled bet (20) returned to AlvesJason
AlvesJason collected 40 from pot
AlvesJason: doesn't show hand 
*** SUMMARY ***
Total pot 40 | Rake 0 
Seat 1: AlvesJason (big blind) collected (40)
Seat 2: Mahu2021 (button) folded before Flop (didn't bet)
Seat 3: nonigr77 (small blind) folded before Flop



PokerStars Hand #243265226232: Tournament #3581494844, $0.92+$0.08 USD Hold'em No Limit - Level III (20/40) - 2023/04/23 12:42:12 CET [2023/04/23 6:42:12 ET]
Table '3581494844 1' 3-max Seat #3 is the button
Seat 1: AlvesJason (673 in chips) 
Seat 2: Mahu2021 (665 in chips) 
Seat 3: nonigr77 (162 in chips) 
AlvesJason: posts small blind 20
Mahu2021: posts big blind 40
*** HOLE CARDS ***
Dealt to Mahu2021 [4h Ad]
nonigr77: folds 
AlvesJason: raises 633 to 673 and is all-in
Mahu2021: folds 
Uncalled bet (633) returned to AlvesJason
AlvesJason collected 80 from pot
AlvesJason: doesn't show hand 
*** SUMMARY ***
Total pot 80 | Rake 0 
Seat 1: AlvesJason (small blind) collected (80)
Seat 2: Mahu2021 (big blind) folded before Flop
Seat 3: nonigr77 (button) folded before Flop (didn't bet)



PokerStars Hand #243265228058: Tournament #3581494844, $0.92+$0.08 USD Hold'em No Limit - Level III (20/40) - 2023/04/23 12:42:23 CET [2023/04/23 6:42:23 ET]
Table '3581494844 1' 3-max Seat #1 is the button
Seat 1: AlvesJason (713 in chips) 
Seat 2: Mahu2021 (625 in chips) 
Seat 3: nonigr77 (162 in chips) 
Mahu2021: posts small blind 20
nonigr77: posts big blind 40
*** HOLE CARDS ***
Dealt to Mahu2021 [Ah 6h]
AlvesJason: folds 
Mahu2021: raises 120 to 160
nonigr77: raises 2 to 162 and is all-in
Mahu2021: calls 2
*** FLOP *** [8s Kh 7s]
*** TURN *** [8s Kh 7s] [Qd]
*** RIVER *** [8s Kh 7s Qd] [Jh]
*** SHOW DOWN ***
Mahu2021: shows [Ah 6h] (high card Ace)
nonigr77: shows [Qs Ac] (a pair of Queens)
nonigr77 collected 324 from pot
*** SUMMARY ***
Total pot 324 | Rake 0 
Board [8s Kh 7s Qd Jh]
Seat 1: AlvesJason (button) folded before Flop (didn't bet)
Seat 2: Mahu2021 (small blind) showed [Ah 6h] and lost with high card Ace
Seat 3: nonigr77 (big blind) showed [Qs Ac] and won (324) with a pair of Queens



PokerStars Hand #243265231502: Tournament #3581494844, $0.92+$0.08 USD Hold'em No Limit - Level III (20/40) - 2023/04/23 12:42:44 CET [2023/04/23 6:42:44 ET]
Table '3581494844 1' 3-max Seat #2 is the button
Seat 1: AlvesJason (713 in chips) 
Seat 2: Mahu2021 (463 in chips) 
Seat 3: nonigr77 (324 in chips) 
nonigr77: posts small blind 20
AlvesJason: posts big blind 40
*** HOLE CARDS ***
Dealt to Mahu2021 [5c Ac]
Mahu2021: calls 40
nonigr77: raises 284 to 324 and is all-in
AlvesJason: folds 
Mahu2021: folds 
Uncalled bet (284) returned to nonigr77
nonigr77 collected 120 from pot
*** SUMMARY ***
Total pot 120 | Rake 0 
Seat 1: AlvesJason (big blind) folded before Flop
Seat 2: Mahu2021 (button) folded before Flop
Seat 3: nonigr77 (small blind) collected (120)



PokerStars Hand #243265233358: Tournament #3581494844, $0.92+$0.08 USD Hold'em No Limit - Level III (20/40) - 2023/04/23 12:42:56 CET [2023/04/23 6:42:56 ET]
Table '3581494844 1' 3-max Seat #3 is the button
Seat 1: AlvesJason (673 in chips) 
Seat 2: Mahu2021 (423 in chips) 
Seat 3: nonigr77 (404 in chips) 
AlvesJason: posts small blind 20
Mahu2021: posts big blind 40
*** HOLE CARDS ***
Dealt to Mahu2021 [8h 2d]
nonigr77: calls 40
AlvesJason: folds 
Mahu2021: checks 
*** FLOP *** [Ah 7s 3h]
Mahu2021: checks 
nonigr77: bets 40
Mahu2021: folds 
Uncalled bet (40) returned to nonigr77
nonigr77 collected 100 from pot
*** SUMMARY ***
Total pot 100 | Rake 0 
Board [Ah 7s 3h]
Seat 1: AlvesJason (small blind) folded before Flop
Seat 2: Mahu2021 (big blind) folded on the Flop
Seat 3: nonigr77 (button) collected (100)



PokerStars Hand #243265236783: Tournament #3581494844, $0.92+$0.08 USD Hold'em No Limit - Level III (20/40) - 2023/04/23 12:43:16 CET [2023/04/23 6:43:16 ET]
Table '3581494844 1' 3-max Seat #1 is the button
Seat 1: AlvesJason (653 in chips) 
Seat 2: Mahu2021 (383 in chips) 
Seat 3: nonigr77 (464 in chips) 
Mahu2021: posts small blind 20
nonigr77: posts big blind 40
*** HOLE CARDS ***
Dealt to Mahu2021 [Qs 3h]
AlvesJason: raises 40 to 80
Mahu2021: folds 
nonigr77: folds 
Uncalled bet (40) returned to AlvesJason
AlvesJason collected 100 from pot
AlvesJason: doesn't show hand 
*** SUMMARY ***
Total pot 100 | Rake 0 
Seat 1: AlvesJason (button) collected (100)
Seat 2: Mahu2021 (small blind) folded before Flop
Seat 3: nonigr77 (big blind) folded before Flop



PokerStars Hand #243265237654: Tournament #3581494844, $0.92+$0.08 USD Hold'em No Limit - Level III (20/40) - 2023/04/23 12:43:22 CET [2023/04/23 6:43:22 ET]
Table '3581494844 1' 3-max Seat #2 is the button
Seat 1: AlvesJason (713 in chips) 
Seat 2: Mahu2021 (363 in chips) 
Seat 3: nonigr77 (424 in chips) 
nonigr77: posts small blind 20
AlvesJason: posts big blind 40
*** HOLE CARDS ***
Dealt to Mahu2021 [2d 6h]
Mahu2021: folds 
nonigr77: folds 
Uncalled bet (20) returned to AlvesJason
AlvesJason collected 40 from pot
AlvesJason: doesn't show hand 
*** SUMMARY ***
Total pot 40 | Rake 0 
Seat 1: AlvesJason (big blind) collected (40)
Seat 2: Mahu2021 (button) folded before Flop (didn't bet)
Seat 3: nonigr77 (small blind) folded before Flop



PokerStars Hand #243265238632: Tournament #3581494844, $0.92+$0.08 USD Hold'em No Limit - Level III (20/40) - 2023/04/23 12:43:28 CET [2023/04/23 6:43:28 ET]
Table '3581494844 1' 3-max Seat #3 is the button
Seat 1: AlvesJason (733 in chips) 
Seat 2: Mahu2021 (363 in chips) 
Seat 3: nonigr77 (404 in chips) 
AlvesJason: posts small blind 20
Mahu2021: posts big blind 40
*** HOLE CARDS ***
Dealt to Mahu2021 [3c 9s]
nonigr77: folds 
AlvesJason: calls 20
Mahu2021: checks 
*** FLOP *** [4d 6h Kh]
AlvesJason: checks 
Mahu2021: checks 
*** TURN *** [4d 6h Kh] [5s]
AlvesJason: bets 60
Mahu2021: calls 60
*** RIVER *** [4d 6h Kh 5s] [8d]
AlvesJason: checks 
Mahu2021: bets 263 and is all-in
AlvesJason: calls 263
*** SHOW DOWN ***
Mahu2021: shows [3c 9s] (high card King)
AlvesJason: shows [Kc 7h] (a straight, Four to Eight)
AlvesJason collected 726 from pot
Mahu2021 finished the tournament in 3rd place
*** SUMMARY ***
Total pot 726 | Rake 0 
Board [4d 6h Kh 5s 8d]
Seat 1: AlvesJason (small blind) showed [Kc 7h] and won (726) with a straight, Four to Eight
Seat 2: Mahu2021 (big blind) showed [3c 9s] and lost with high card King
Seat 3: nonigr77 (button) folded before Flop (didn't bet)



