PokerStars Hand #253347900508: Tournament #3822232469, $1.84+$0.16 USD Hold'em No Limit - Level I (10/20) - 2024/11/10 21:34:13 CET [2024/11/10 15:34:13 ET]
Table '3822232469 1' 3-max Seat #1 is the button
Seat 1: Bird060379 (500 in chips) 
Seat 2: Mahu2021 (500 in chips) 
Seat 3: zombie820 (500 in chips) 
Mahu2021: posts small blind 10
zombie820: posts big blind 20
*** HOLE CARDS ***
Dealt to Mahu2021 [8c 5h]
Bird060379: folds 
Mahu2021: folds 
Uncalled bet (10) returned to zombie820
zombie820 collected 20 from pot
*** SUMMARY ***
Total pot 20 | Rake 0 
Seat 1: Bird060379 (button) folded before Flop (didn't bet)
Seat 2: Mahu2021 (small blind) folded before Flop
Seat 3: zombie820 (big blind) collected (20)



PokerStars Hand #253347902031: Tournament #3822232469, $1.84+$0.16 USD Hold'em No Limit - Level I (10/20) - 2024/11/10 21:34:18 CET [2024/11/10 15:34:18 ET]
Table '3822232469 1' 3-max Seat #2 is the button
Seat 1: Bird060379 (500 in chips) 
Seat 2: Mahu2021 (490 in chips) 
Seat 3: zombie820 (510 in chips) 
zombie820: posts small blind 10
Bird060379: posts big blind 20
*** HOLE CARDS ***
Dealt to Mahu2021 [6c Jd]
Mahu2021: folds 
zombie820: raises 20 to 40
Bird060379: calls 20
*** FLOP *** [As 9d Ad]
zombie820: bets 40
Bird060379: folds 
Uncalled bet (40) returned to zombie820
zombie820 collected 80 from pot
*** SUMMARY ***
Total pot 80 | Rake 0 
Board [As 9d Ad]
Seat 1: Bird060379 (big blind) folded on the Flop
Seat 2: Mahu2021 (button) folded before Flop (didn't bet)
Seat 3: zombie820 (small blind) collected (80)



PokerStars Hand #253347908741: Tournament #3822232469, $1.84+$0.16 USD Hold'em No Limit - Level I (10/20) - 2024/11/10 21:34:36 CET [2024/11/10 15:34:36 ET]
Table '3822232469 1' 3-max Seat #3 is the button
Seat 1: Bird060379 (460 in chips) 
Seat 2: Mahu2021 (490 in chips) 
Seat 3: zombie820 (550 in chips) 
Bird060379: posts small blind 10
Mahu2021: posts big blind 20
*** HOLE CARDS ***
Dealt to Mahu2021 [Th 8h]
zombie820: folds 
Bird060379: calls 10
Mahu2021: checks 
*** FLOP *** [Ad 7d 6c]
Bird060379: bets 20
Mahu2021: calls 20
*** TURN *** [Ad 7d 6c] [Kh]
Bird060379: bets 26
Mahu2021: calls 26
*** RIVER *** [Ad 7d 6c Kh] [8s]
Bird060379: checks 
Mahu2021: checks 
*** SHOW DOWN ***
Bird060379: shows [Kc 2d] (a pair of Kings)
Mahu2021: mucks hand 
Bird060379 collected 132 from pot
*** SUMMARY ***
Total pot 132 | Rake 0 
Board [Ad 7d 6c Kh 8s]
Seat 1: Bird060379 (small blind) showed [Kc 2d] and won (132) with a pair of Kings
Seat 2: Mahu2021 (big blind) mucked [Th 8h]
Seat 3: zombie820 (button) folded before Flop (didn't bet)



PokerStars Hand #253347918121: Tournament #3822232469, $1.84+$0.16 USD Hold'em No Limit - Level I (10/20) - 2024/11/10 21:35:03 CET [2024/11/10 15:35:03 ET]
Table '3822232469 1' 3-max Seat #1 is the button
Seat 1: Bird060379 (526 in chips) 
Seat 2: Mahu2021 (424 in chips) 
Seat 3: zombie820 (550 in chips) 
Mahu2021: posts small blind 10
zombie820: posts big blind 20
*** HOLE CARDS ***
Dealt to Mahu2021 [8c Qd]
Bird060379: folds 
Mahu2021: folds 
Uncalled bet (10) returned to zombie820
zombie820 collected 20 from pot
*** SUMMARY ***
Total pot 20 | Rake 0 
Seat 1: Bird060379 (button) folded before Flop (didn't bet)
Seat 2: Mahu2021 (small blind) folded before Flop
Seat 3: zombie820 (big blind) collected (20)



PokerStars Hand #253347920961: Tournament #3822232469, $1.84+$0.16 USD Hold'em No Limit - Level I (10/20) - 2024/11/10 21:35:11 CET [2024/11/10 15:35:11 ET]
Table '3822232469 1' 3-max Seat #2 is the button
Seat 1: Bird060379 (526 in chips) 
Seat 2: Mahu2021 (414 in chips) 
Seat 3: zombie820 (560 in chips) 
zombie820: posts small blind 10
Bird060379: posts big blind 20
*** HOLE CARDS ***
Dealt to Mahu2021 [Td As]
Mahu2021: raises 20 to 40
zombie820: folds 
Bird060379: calls 20
*** FLOP *** [7c Ad Kc]
Bird060379: checks 
Mahu2021: bets 40
Bird060379: calls 40
*** TURN *** [7c Ad Kc] [6d]
Bird060379: checks 
Mahu2021: bets 40
Bird060379: calls 40
*** RIVER *** [7c Ad Kc 6d] [3h]
Bird060379: checks 
Mahu2021: checks 
*** SHOW DOWN ***
Bird060379: shows [Kd Jh] (a pair of Kings)
Mahu2021: shows [Td As] (a pair of Aces)
Mahu2021 collected 250 from pot
*** SUMMARY ***
Total pot 250 | Rake 0 
Board [7c Ad Kc 6d 3h]
Seat 1: Bird060379 (big blind) showed [Kd Jh] and lost with a pair of Kings
Seat 2: Mahu2021 (button) showed [Td As] and won (250) with a pair of Aces
Seat 3: zombie820 (small blind) folded before Flop



PokerStars Hand #253347931212: Tournament #3822232469, $1.84+$0.16 USD Hold'em No Limit - Level I (10/20) - 2024/11/10 21:35:40 CET [2024/11/10 15:35:40 ET]
Table '3822232469 1' 3-max Seat #3 is the button
Seat 1: Bird060379 (406 in chips) 
Seat 2: Mahu2021 (544 in chips) 
Seat 3: zombie820 (550 in chips) 
Bird060379: posts small blind 10
Mahu2021: posts big blind 20
*** HOLE CARDS ***
Dealt to Mahu2021 [8h 2d]
zombie820: folds 
Bird060379: raises 20 to 40
Mahu2021: folds 
Uncalled bet (20) returned to Bird060379
Bird060379 collected 40 from pot
Bird060379: doesn't show hand 
*** SUMMARY ***
Total pot 40 | Rake 0 
Seat 1: Bird060379 (small blind) collected (40)
Seat 2: Mahu2021 (big blind) folded before Flop
Seat 3: zombie820 (button) folded before Flop (didn't bet)



PokerStars Hand #253347934185: Tournament #3822232469, $1.84+$0.16 USD Hold'em No Limit - Level I (10/20) - 2024/11/10 21:35:48 CET [2024/11/10 15:35:48 ET]
Table '3822232469 1' 3-max Seat #1 is the button
Seat 1: Bird060379 (426 in chips) 
Seat 2: Mahu2021 (524 in chips) 
Seat 3: zombie820 (550 in chips) 
Mahu2021: posts small blind 10
zombie820: posts big blind 20
*** HOLE CARDS ***
Dealt to Mahu2021 [8c 9c]
Bird060379: calls 20
Mahu2021: calls 10
zombie820: checks 
*** FLOP *** [6s Th Kd]
Mahu2021: checks 
zombie820: checks 
Bird060379: bets 40
Mahu2021: folds 
zombie820: folds 
Uncalled bet (40) returned to Bird060379
Bird060379 collected 60 from pot
Bird060379: doesn't show hand 
*** SUMMARY ***
Total pot 60 | Rake 0 
Board [6s Th Kd]
Seat 1: Bird060379 (button) collected (60)
Seat 2: Mahu2021 (small blind) folded on the Flop
Seat 3: zombie820 (big blind) folded on the Flop



PokerStars Hand #253347941352: Tournament #3822232469, $1.84+$0.16 USD Hold'em No Limit - Level I (10/20) - 2024/11/10 21:36:08 CET [2024/11/10 15:36:08 ET]
Table '3822232469 1' 3-max Seat #2 is the button
Seat 1: Bird060379 (466 in chips) 
Seat 2: Mahu2021 (504 in chips) 
Seat 3: zombie820 (530 in chips) 
zombie820: posts small blind 10
Bird060379: posts big blind 20
*** HOLE CARDS ***
Dealt to Mahu2021 [5c Kc]
Mahu2021: folds 
zombie820: calls 10
Bird060379: checks 
*** FLOP *** [Qh Kd Tc]
zombie820: checks 
Bird060379: bets 20
zombie820: calls 20
*** TURN *** [Qh Kd Tc] [Qd]
zombie820: checks 
Bird060379: bets 46
zombie820: calls 46
*** RIVER *** [Qh Kd Tc Qd] [7h]
zombie820: bets 172
Bird060379: folds 
Uncalled bet (172) returned to zombie820
zombie820 collected 172 from pot
*** SUMMARY ***
Total pot 172 | Rake 0 
Board [Qh Kd Tc Qd 7h]
Seat 1: Bird060379 (big blind) folded on the River
Seat 2: Mahu2021 (button) folded before Flop (didn't bet)
Seat 3: zombie820 (small blind) collected (172)



PokerStars Hand #253347957310: Tournament #3822232469, $1.84+$0.16 USD Hold'em No Limit - Level I (10/20) - 2024/11/10 21:36:53 CET [2024/11/10 15:36:53 ET]
Table '3822232469 1' 3-max Seat #3 is the button
Seat 1: Bird060379 (380 in chips) 
Seat 2: Mahu2021 (504 in chips) 
Seat 3: zombie820 (616 in chips) 
Bird060379: posts small blind 10
Mahu2021: posts big blind 20
*** HOLE CARDS ***
Dealt to Mahu2021 [4h 7s]
zombie820: raises 20 to 40
Bird060379: folds 
Mahu2021: folds 
Uncalled bet (20) returned to zombie820
zombie820 collected 50 from pot
*** SUMMARY ***
Total pot 50 | Rake 0 
Seat 1: Bird060379 (small blind) folded before Flop
Seat 2: Mahu2021 (big blind) folded before Flop
Seat 3: zombie820 (button) collected (50)



PokerStars Hand #253347959780: Tournament #3822232469, $1.84+$0.16 USD Hold'em No Limit - Level I (10/20) - 2024/11/10 21:37:00 CET [2024/11/10 15:37:00 ET]
Table '3822232469 1' 3-max Seat #1 is the button
Seat 1: Bird060379 (370 in chips) 
Seat 2: Mahu2021 (484 in chips) 
Seat 3: zombie820 (646 in chips) 
Mahu2021: posts small blind 10
zombie820: posts big blind 20
*** HOLE CARDS ***
Dealt to Mahu2021 [Jd 6c]
Bird060379: calls 20
Mahu2021: calls 10
zombie820: checks 
*** FLOP *** [4d 2c Td]
Mahu2021: checks 
zombie820: checks 
Bird060379: checks 
*** TURN *** [4d 2c Td] [3h]
Mahu2021: checks 
zombie820: bets 20
Bird060379: calls 20
Mahu2021: calls 20
*** RIVER *** [4d 2c Td 3h] [Ts]
Mahu2021: checks 
zombie820: checks 
Bird060379: checks 
*** SHOW DOWN ***
Mahu2021: shows [Jd 6c] (a pair of Tens)
zombie820: shows [3d 7d] (two pair, Tens and Threes)
Bird060379: mucks hand 
zombie820 collected 120 from pot
*** SUMMARY ***
Total pot 120 | Rake 0 
Board [4d 2c Td 3h Ts]
Seat 1: Bird060379 (button) mucked [5h 8h]
Seat 2: Mahu2021 (small blind) showed [Jd 6c] and lost with a pair of Tens
Seat 3: zombie820 (big blind) showed [3d 7d] and won (120) with two pair, Tens and Threes



PokerStars Hand #253347970483: Tournament #3822232469, $1.84+$0.16 USD Hold'em No Limit - Level I (10/20) - 2024/11/10 21:37:30 CET [2024/11/10 15:37:30 ET]
Table '3822232469 1' 3-max Seat #2 is the button
Seat 1: Bird060379 (330 in chips) 
Seat 2: Mahu2021 (444 in chips) 
Seat 3: zombie820 (726 in chips) 
zombie820: posts small blind 10
Bird060379: posts big blind 20
*** HOLE CARDS ***
Dealt to Mahu2021 [Qh 2h]
Mahu2021: raises 20 to 40
zombie820: calls 30
Bird060379: folds 
*** FLOP *** [6d Ks 8s]
zombie820: checks 
Mahu2021: checks 
*** TURN *** [6d Ks 8s] [2c]
zombie820: checks 
Mahu2021: bets 40
zombie820: folds 
Uncalled bet (40) returned to Mahu2021
Mahu2021 collected 100 from pot
Mahu2021: doesn't show hand 
*** SUMMARY ***
Total pot 100 | Rake 0 
Board [6d Ks 8s 2c]
Seat 1: Bird060379 (big blind) folded before Flop
Seat 2: Mahu2021 (button) collected (100)
Seat 3: zombie820 (small blind) folded on the Turn



PokerStars Hand #253347976549: Tournament #3822232469, $1.84+$0.16 USD Hold'em No Limit - Level I (10/20) - 2024/11/10 21:37:47 CET [2024/11/10 15:37:47 ET]
Table '3822232469 1' 3-max Seat #3 is the button
Seat 1: Bird060379 (310 in chips) 
Seat 2: Mahu2021 (504 in chips) 
Seat 3: zombie820 (686 in chips) 
Bird060379: posts small blind 10
Mahu2021: posts big blind 20
*** HOLE CARDS ***
Dealt to Mahu2021 [2d Tc]
zombie820: folds 
Bird060379: folds 
Uncalled bet (10) returned to Mahu2021
Mahu2021 collected 20 from pot
Mahu2021: doesn't show hand 
*** SUMMARY ***
Total pot 20 | Rake 0 
Seat 1: Bird060379 (small blind) folded before Flop
Seat 2: Mahu2021 (big blind) collected (20)
Seat 3: zombie820 (button) folded before Flop (didn't bet)



PokerStars Hand #253347978274: Tournament #3822232469, $1.84+$0.16 USD Hold'em No Limit - Level I (10/20) - 2024/11/10 21:37:51 CET [2024/11/10 15:37:51 ET]
Table '3822232469 1' 3-max Seat #1 is the button
Seat 1: Bird060379 (300 in chips) 
Seat 2: Mahu2021 (514 in chips) 
Seat 3: zombie820 (686 in chips) 
Mahu2021: posts small blind 10
zombie820: posts big blind 20
*** HOLE CARDS ***
Dealt to Mahu2021 [Ah Jd]
Bird060379: calls 20
Mahu2021: calls 10
zombie820: checks 
*** FLOP *** [Js 4s 6d]
Mahu2021: bets 20
zombie820: calls 20
Bird060379: folds 
*** TURN *** [Js 4s 6d] [Kd]
Mahu2021: bets 20
zombie820: calls 20
*** RIVER *** [Js 4s 6d Kd] [5c]
Mahu2021: bets 20
zombie820: calls 20
*** SHOW DOWN ***
Mahu2021: shows [Ah Jd] (a pair of Jacks)
zombie820: mucks hand 
Mahu2021 collected 180 from pot
*** SUMMARY ***
Total pot 180 | Rake 0 
Board [Js 4s 6d Kd 5c]
Seat 1: Bird060379 (button) folded on the Flop
Seat 2: Mahu2021 (small blind) showed [Ah Jd] and won (180) with a pair of Jacks
Seat 3: zombie820 (big blind) mucked [3c 5s]



PokerStars Hand #253347985898: Tournament #3822232469, $1.84+$0.16 USD Hold'em No Limit - Level I (10/20) - 2024/11/10 21:38:13 CET [2024/11/10 15:38:13 ET]
Table '3822232469 1' 3-max Seat #2 is the button
Seat 1: Bird060379 (280 in chips) 
Seat 2: Mahu2021 (614 in chips) 
Seat 3: zombie820 (606 in chips) 
zombie820: posts small blind 10
Bird060379: posts big blind 20
*** HOLE CARDS ***
Dealt to Mahu2021 [7s Jd]
Mahu2021: folds 
zombie820: folds 
Uncalled bet (10) returned to Bird060379
Bird060379 collected 20 from pot
Bird060379: doesn't show hand 
*** SUMMARY ***
Total pot 20 | Rake 0 
Seat 1: Bird060379 (big blind) collected (20)
Seat 2: Mahu2021 (button) folded before Flop (didn't bet)
Seat 3: zombie820 (small blind) folded before Flop



PokerStars Hand #253347988635: Tournament #3822232469, $1.84+$0.16 USD Hold'em No Limit - Level II (15/30) - 2024/11/10 21:38:20 CET [2024/11/10 15:38:20 ET]
Table '3822232469 1' 3-max Seat #3 is the button
Seat 1: Bird060379 (290 in chips) 
Seat 2: Mahu2021 (614 in chips) 
Seat 3: zombie820 (596 in chips) 
Bird060379: posts small blind 15
Mahu2021: posts big blind 30
*** HOLE CARDS ***
Dealt to Mahu2021 [Ah 2d]
zombie820: folds 
Bird060379: calls 15
Mahu2021: checks 
*** FLOP *** [9h Th 3c]
Bird060379: bets 30
Mahu2021: folds 
Uncalled bet (30) returned to Bird060379
Bird060379 collected 60 from pot
Bird060379: doesn't show hand 
*** SUMMARY ***
Total pot 60 | Rake 0 
Board [9h Th 3c]
Seat 1: Bird060379 (small blind) collected (60)
Seat 2: Mahu2021 (big blind) folded on the Flop
Seat 3: zombie820 (button) folded before Flop (didn't bet)



PokerStars Hand #253347993748: Tournament #3822232469, $1.84+$0.16 USD Hold'em No Limit - Level II (15/30) - 2024/11/10 21:38:35 CET [2024/11/10 15:38:35 ET]
Table '3822232469 1' 3-max Seat #1 is the button
Seat 1: Bird060379 (320 in chips) 
Seat 2: Mahu2021 (584 in chips) 
Seat 3: zombie820 (596 in chips) 
Mahu2021: posts small blind 15
zombie820: posts big blind 30
*** HOLE CARDS ***
Dealt to Mahu2021 [4c 6h]
Bird060379: folds 
Mahu2021: folds 
Uncalled bet (15) returned to zombie820
zombie820 collected 30 from pot
*** SUMMARY ***
Total pot 30 | Rake 0 
Seat 1: Bird060379 (button) folded before Flop (didn't bet)
Seat 2: Mahu2021 (small blind) folded before Flop
Seat 3: zombie820 (big blind) collected (30)



PokerStars Hand #253347995519: Tournament #3822232469, $1.84+$0.16 USD Hold'em No Limit - Level II (15/30) - 2024/11/10 21:38:40 CET [2024/11/10 15:38:40 ET]
Table '3822232469 1' 3-max Seat #2 is the button
Seat 1: Bird060379 (320 in chips) 
Seat 2: Mahu2021 (569 in chips) 
Seat 3: zombie820 (611 in chips) 
zombie820: posts small blind 15
Bird060379: posts big blind 30
*** HOLE CARDS ***
Dealt to Mahu2021 [9h 2s]
Mahu2021: folds 
zombie820: calls 15
Bird060379: raises 290 to 320 and is all-in
zombie820: folds 
Uncalled bet (290) returned to Bird060379
Bird060379 collected 60 from pot
Bird060379: doesn't show hand 
*** SUMMARY ***
Total pot 60 | Rake 0 
Seat 1: Bird060379 (big blind) collected (60)
Seat 2: Mahu2021 (button) folded before Flop (didn't bet)
Seat 3: zombie820 (small blind) folded before Flop



PokerStars Hand #253348000416: Tournament #3822232469, $1.84+$0.16 USD Hold'em No Limit - Level II (15/30) - 2024/11/10 21:38:53 CET [2024/11/10 15:38:53 ET]
Table '3822232469 1' 3-max Seat #3 is the button
Seat 1: Bird060379 (350 in chips) 
Seat 2: Mahu2021 (569 in chips) 
Seat 3: zombie820 (581 in chips) 
Bird060379: posts small blind 15
Mahu2021: posts big blind 30
*** HOLE CARDS ***
Dealt to Mahu2021 [Jc Js]
zombie820: folds 
Bird060379: calls 15
Mahu2021: raises 539 to 569 and is all-in
Bird060379: folds 
Uncalled bet (539) returned to Mahu2021
Mahu2021 collected 60 from pot
Mahu2021: doesn't show hand 
*** SUMMARY ***
Total pot 60 | Rake 0 
Seat 1: Bird060379 (small blind) folded before Flop
Seat 2: Mahu2021 (big blind) collected (60)
Seat 3: zombie820 (button) folded before Flop (didn't bet)



PokerStars Hand #253348003740: Tournament #3822232469, $1.84+$0.16 USD Hold'em No Limit - Level II (15/30) - 2024/11/10 21:39:02 CET [2024/11/10 15:39:02 ET]
Table '3822232469 1' 3-max Seat #1 is the button
Seat 1: Bird060379 (320 in chips) 
Seat 2: Mahu2021 (599 in chips) 
Seat 3: zombie820 (581 in chips) 
Mahu2021: posts small blind 15
zombie820: posts big blind 30
*** HOLE CARDS ***
Dealt to Mahu2021 [Qc 5d]
Bird060379: folds 
Mahu2021: raises 30 to 60
zombie820: calls 30
*** FLOP *** [Kd Td 6s]
Mahu2021: checks 
zombie820: bets 30
Mahu2021: folds 
Uncalled bet (30) returned to zombie820
zombie820 collected 120 from pot
*** SUMMARY ***
Total pot 120 | Rake 0 
Board [Kd Td 6s]
Seat 1: Bird060379 (button) folded before Flop (didn't bet)
Seat 2: Mahu2021 (small blind) folded on the Flop
Seat 3: zombie820 (big blind) collected (120)



PokerStars Hand #253348008035: Tournament #3822232469, $1.84+$0.16 USD Hold'em No Limit - Level II (15/30) - 2024/11/10 21:39:14 CET [2024/11/10 15:39:14 ET]
Table '3822232469 1' 3-max Seat #2 is the button
Seat 1: Bird060379 (320 in chips) 
Seat 2: Mahu2021 (539 in chips) 
Seat 3: zombie820 (641 in chips) 
zombie820: posts small blind 15
Bird060379: posts big blind 30
*** HOLE CARDS ***
Dealt to Mahu2021 [5s 6s]
Mahu2021: calls 30
zombie820: folds 
Bird060379: raises 290 to 320 and is all-in
Mahu2021: folds 
Uncalled bet (290) returned to Bird060379
Bird060379 collected 75 from pot
Bird060379: doesn't show hand 
*** SUMMARY ***
Total pot 75 | Rake 0 
Seat 1: Bird060379 (big blind) collected (75)
Seat 2: Mahu2021 (button) folded before Flop
Seat 3: zombie820 (small blind) folded before Flop



PokerStars Hand #253348012152: Tournament #3822232469, $1.84+$0.16 USD Hold'em No Limit - Level II (15/30) - 2024/11/10 21:39:26 CET [2024/11/10 15:39:26 ET]
Table '3822232469 1' 3-max Seat #3 is the button
Seat 1: Bird060379 (365 in chips) 
Seat 2: Mahu2021 (509 in chips) 
Seat 3: zombie820 (626 in chips) 
Bird060379: posts small blind 15
Mahu2021: posts big blind 30
*** HOLE CARDS ***
Dealt to Mahu2021 [Ah 4c]
zombie820: folds 
Bird060379: calls 15
Mahu2021: checks 
*** FLOP *** [9c 8h 9d]
Bird060379: bets 30
Mahu2021: folds 
Uncalled bet (30) returned to Bird060379
Bird060379 collected 60 from pot
Bird060379: doesn't show hand 
*** SUMMARY ***
Total pot 60 | Rake 0 
Board [9c 8h 9d]
Seat 1: Bird060379 (small blind) collected (60)
Seat 2: Mahu2021 (big blind) folded on the Flop
Seat 3: zombie820 (button) folded before Flop (didn't bet)



PokerStars Hand #253348019409: Tournament #3822232469, $1.84+$0.16 USD Hold'em No Limit - Level II (15/30) - 2024/11/10 21:39:46 CET [2024/11/10 15:39:46 ET]
Table '3822232469 1' 3-max Seat #1 is the button
Seat 1: Bird060379 (395 in chips) 
Seat 2: Mahu2021 (479 in chips) 
Seat 3: zombie820 (626 in chips) 
Mahu2021: posts small blind 15
zombie820: posts big blind 30
*** HOLE CARDS ***
Dealt to Mahu2021 [Jc 3s]
Bird060379: calls 30
Mahu2021: folds 
zombie820: checks 
*** FLOP *** [7s 7c 5s]
zombie820: checks 
Bird060379: checks 
*** TURN *** [7s 7c 5s] [6d]
zombie820: bets 30
Bird060379: calls 30
*** RIVER *** [7s 7c 5s 6d] [5c]
zombie820: bets 30
Bird060379: raises 120 to 150
zombie820: folds 
Uncalled bet (120) returned to Bird060379
Bird060379 collected 195 from pot
Bird060379: doesn't show hand 
*** SUMMARY ***
Total pot 195 | Rake 0 
Board [7s 7c 5s 6d 5c]
Seat 1: Bird060379 (button) collected (195)
Seat 2: Mahu2021 (small blind) folded before Flop
Seat 3: zombie820 (big blind) folded on the River



PokerStars Hand #253348026488: Tournament #3822232469, $1.84+$0.16 USD Hold'em No Limit - Level II (15/30) - 2024/11/10 21:40:05 CET [2024/11/10 15:40:05 ET]
Table '3822232469 1' 3-max Seat #2 is the button
Seat 1: Bird060379 (500 in chips) 
Seat 2: Mahu2021 (464 in chips) 
Seat 3: zombie820 (536 in chips) 
zombie820: posts small blind 15
Bird060379: posts big blind 30
*** HOLE CARDS ***
Dealt to Mahu2021 [Td Kc]
Mahu2021: raises 30 to 60
zombie820: folds 
Bird060379: calls 30
*** FLOP *** [As Kh Ad]
Bird060379: checks 
Mahu2021: bets 60
Bird060379: folds 
Uncalled bet (60) returned to Mahu2021
Mahu2021 collected 135 from pot
Mahu2021: doesn't show hand 
*** SUMMARY ***
Total pot 135 | Rake 0 
Board [As Kh Ad]
Seat 1: Bird060379 (big blind) folded on the Flop
Seat 2: Mahu2021 (button) collected (135)
Seat 3: zombie820 (small blind) folded before Flop



PokerStars Hand #253348031122: Tournament #3822232469, $1.84+$0.16 USD Hold'em No Limit - Level II (15/30) - 2024/11/10 21:40:18 CET [2024/11/10 15:40:18 ET]
Table '3822232469 1' 3-max Seat #3 is the button
Seat 1: Bird060379 (440 in chips) 
Seat 2: Mahu2021 (539 in chips) 
Seat 3: zombie820 (521 in chips) 
Bird060379: posts small blind 15
Mahu2021: posts big blind 30
*** HOLE CARDS ***
Dealt to Mahu2021 [2d 2s]
zombie820: folds 
Bird060379: calls 15
Mahu2021: checks 
*** FLOP *** [6c 4c 8c]
Bird060379: checks 
Mahu2021: checks 
*** TURN *** [6c 4c 8c] [Qh]
Bird060379: bets 30
Mahu2021: folds 
Uncalled bet (30) returned to Bird060379
Bird060379 collected 60 from pot
Bird060379: doesn't show hand 
*** SUMMARY ***
Total pot 60 | Rake 0 
Board [6c 4c 8c Qh]
Seat 1: Bird060379 (small blind) collected (60)
Seat 2: Mahu2021 (big blind) folded on the Turn
Seat 3: zombie820 (button) folded before Flop (didn't bet)



PokerStars Hand #253348035882: Tournament #3822232469, $1.84+$0.16 USD Hold'em No Limit - Level II (15/30) - 2024/11/10 21:40:31 CET [2024/11/10 15:40:31 ET]
Table '3822232469 1' 3-max Seat #1 is the button
Seat 1: Bird060379 (470 in chips) 
Seat 2: Mahu2021 (509 in chips) 
Seat 3: zombie820 (521 in chips) 
Mahu2021: posts small blind 15
zombie820: posts big blind 30
*** HOLE CARDS ***
Dealt to Mahu2021 [8c 6s]
Bird060379: folds 
Mahu2021: folds 
Uncalled bet (15) returned to zombie820
zombie820 collected 30 from pot
*** SUMMARY ***
Total pot 30 | Rake 0 
Seat 1: Bird060379 (button) folded before Flop (didn't bet)
Seat 2: Mahu2021 (small blind) folded before Flop
Seat 3: zombie820 (big blind) collected (30)



PokerStars Hand #253348037685: Tournament #3822232469, $1.84+$0.16 USD Hold'em No Limit - Level II (15/30) - 2024/11/10 21:40:36 CET [2024/11/10 15:40:36 ET]
Table '3822232469 1' 3-max Seat #2 is the button
Seat 1: Bird060379 (470 in chips) 
Seat 2: Mahu2021 (494 in chips) 
Seat 3: zombie820 (536 in chips) 
zombie820: posts small blind 15
Bird060379: posts big blind 30
*** HOLE CARDS ***
Dealt to Mahu2021 [5c 3s]
Mahu2021: folds 
zombie820: calls 15
Bird060379: checks 
*** FLOP *** [Qs Td Kd]
zombie820: checks 
Bird060379: bets 30
zombie820: folds 
Uncalled bet (30) returned to Bird060379
Bird060379 collected 60 from pot
Bird060379: doesn't show hand 
*** SUMMARY ***
Total pot 60 | Rake 0 
Board [Qs Td Kd]
Seat 1: Bird060379 (big blind) collected (60)
Seat 2: Mahu2021 (button) folded before Flop (didn't bet)
Seat 3: zombie820 (small blind) folded on the Flop



PokerStars Hand #253348042264: Tournament #3822232469, $1.84+$0.16 USD Hold'em No Limit - Level II (15/30) - 2024/11/10 21:40:49 CET [2024/11/10 15:40:49 ET]
Table '3822232469 1' 3-max Seat #3 is the button
Seat 1: Bird060379 (500 in chips) 
Seat 2: Mahu2021 (494 in chips) 
Seat 3: zombie820 (506 in chips) 
Bird060379: posts small blind 15
Mahu2021: posts big blind 30
*** HOLE CARDS ***
Dealt to Mahu2021 [Jh Qc]
zombie820: folds 
Bird060379: calls 15
Mahu2021: raises 90 to 120
Bird060379: folds 
Uncalled bet (90) returned to Mahu2021
Mahu2021 collected 60 from pot
Mahu2021: doesn't show hand 
*** SUMMARY ***
Total pot 60 | Rake 0 
Seat 1: Bird060379 (small blind) folded before Flop
Seat 2: Mahu2021 (big blind) collected (60)
Seat 3: zombie820 (button) folded before Flop (didn't bet)



PokerStars Hand #253348045586: Tournament #3822232469, $1.84+$0.16 USD Hold'em No Limit - Level II (15/30) - 2024/11/10 21:40:58 CET [2024/11/10 15:40:58 ET]
Table '3822232469 1' 3-max Seat #1 is the button
Seat 1: Bird060379 (470 in chips) 
Seat 2: Mahu2021 (524 in chips) 
Seat 3: zombie820 (506 in chips) 
Mahu2021: posts small blind 15
zombie820: posts big blind 30
*** HOLE CARDS ***
Dealt to Mahu2021 [9d 3c]
Bird060379: folds 
Mahu2021: folds 
Uncalled bet (15) returned to zombie820
zombie820 collected 30 from pot
*** SUMMARY ***
Total pot 30 | Rake 0 
Seat 1: Bird060379 (button) folded before Flop (didn't bet)
Seat 2: Mahu2021 (small blind) folded before Flop
Seat 3: zombie820 (big blind) collected (30)



PokerStars Hand #253348047360: Tournament #3822232469, $1.84+$0.16 USD Hold'em No Limit - Level II (15/30) - 2024/11/10 21:41:03 CET [2024/11/10 15:41:03 ET]
Table '3822232469 1' 3-max Seat #2 is the button
Seat 1: Bird060379 (470 in chips) 
Seat 2: Mahu2021 (509 in chips) 
Seat 3: zombie820 (521 in chips) 
zombie820: posts small blind 15
Bird060379: posts big blind 30
*** HOLE CARDS ***
Dealt to Mahu2021 [4h 3d]
Mahu2021: folds 
zombie820: calls 15
Bird060379: raises 440 to 470 and is all-in
zombie820: folds 
Uncalled bet (440) returned to Bird060379
Bird060379 collected 60 from pot
Bird060379: doesn't show hand 
*** SUMMARY ***
Total pot 60 | Rake 0 
Seat 1: Bird060379 (big blind) collected (60)
Seat 2: Mahu2021 (button) folded before Flop (didn't bet)
Seat 3: zombie820 (small blind) folded before Flop



PokerStars Hand #253348050391: Tournament #3822232469, $1.84+$0.16 USD Hold'em No Limit - Level II (15/30) - 2024/11/10 21:41:11 CET [2024/11/10 15:41:11 ET]
Table '3822232469 1' 3-max Seat #3 is the button
Seat 1: Bird060379 (500 in chips) 
Seat 2: Mahu2021 (509 in chips) 
Seat 3: zombie820 (491 in chips) 
Bird060379: posts small blind 15
Mahu2021: posts big blind 30
*** HOLE CARDS ***
Dealt to Mahu2021 [5h 2h]
zombie820: folds 
Bird060379: calls 15
Mahu2021: checks 
*** FLOP *** [Qs 8c 6h]
Bird060379: bets 30
Mahu2021: folds 
Uncalled bet (30) returned to Bird060379
Bird060379 collected 60 from pot
Bird060379: doesn't show hand 
*** SUMMARY ***
Total pot 60 | Rake 0 
Board [Qs 8c 6h]
Seat 1: Bird060379 (small blind) collected (60)
Seat 2: Mahu2021 (big blind) folded on the Flop
Seat 3: zombie820 (button) folded before Flop (didn't bet)



PokerStars Hand #253348053789: Tournament #3822232469, $1.84+$0.16 USD Hold'em No Limit - Level II (15/30) - 2024/11/10 21:41:21 CET [2024/11/10 15:41:21 ET]
Table '3822232469 1' 3-max Seat #1 is the button
Seat 1: Bird060379 (530 in chips) 
Seat 2: Mahu2021 (479 in chips) 
Seat 3: zombie820 (491 in chips) 
Mahu2021: posts small blind 15
zombie820: posts big blind 30
*** HOLE CARDS ***
Dealt to Mahu2021 [4h 9d]
Bird060379: calls 30
Mahu2021: folds 
zombie820: checks 
*** FLOP *** [8s Kd Ts]
zombie820: checks 
Bird060379: bets 60
zombie820: folds 
Uncalled bet (60) returned to Bird060379
Bird060379 collected 75 from pot
Bird060379: doesn't show hand 
*** SUMMARY ***
Total pot 75 | Rake 0 
Board [8s Kd Ts]
Seat 1: Bird060379 (button) collected (75)
Seat 2: Mahu2021 (small blind) folded before Flop
Seat 3: zombie820 (big blind) folded on the Flop



PokerStars Hand #253348058491: Tournament #3822232469, $1.84+$0.16 USD Hold'em No Limit - Level II (15/30) - 2024/11/10 21:41:34 CET [2024/11/10 15:41:34 ET]
Table '3822232469 1' 3-max Seat #2 is the button
Seat 1: Bird060379 (575 in chips) 
Seat 2: Mahu2021 (464 in chips) 
Seat 3: zombie820 (461 in chips) 
zombie820: posts small blind 15
Bird060379: posts big blind 30
*** HOLE CARDS ***
Dealt to Mahu2021 [3c 3h]
Mahu2021: raises 30 to 60
zombie820: folds 
Bird060379: calls 30
*** FLOP *** [2c 7d 6s]
Bird060379: checks 
Mahu2021: bets 60
Bird060379: folds 
Uncalled bet (60) returned to Mahu2021
Mahu2021 collected 135 from pot
Mahu2021: doesn't show hand 
*** SUMMARY ***
Total pot 135 | Rake 0 
Board [2c 7d 6s]
Seat 1: Bird060379 (big blind) folded on the Flop
Seat 2: Mahu2021 (button) collected (135)
Seat 3: zombie820 (small blind) folded before Flop



PokerStars Hand #253348062458: Tournament #3822232469, $1.84+$0.16 USD Hold'em No Limit - Level II (15/30) - 2024/11/10 21:41:45 CET [2024/11/10 15:41:45 ET]
Table '3822232469 1' 3-max Seat #3 is the button
Seat 1: Bird060379 (515 in chips) 
Seat 2: Mahu2021 (539 in chips) 
Seat 3: zombie820 (446 in chips) 
Bird060379: posts small blind 15
Mahu2021: posts big blind 30
*** HOLE CARDS ***
Dealt to Mahu2021 [3d 6d]
zombie820: folds 
Bird060379: calls 15
Mahu2021: checks 
*** FLOP *** [3h Qd Ts]
Bird060379: checks 
Mahu2021: bets 30
Bird060379: folds 
Uncalled bet (30) returned to Mahu2021
Mahu2021 collected 60 from pot
Mahu2021: doesn't show hand 
*** SUMMARY ***
Total pot 60 | Rake 0 
Board [3h Qd Ts]
Seat 1: Bird060379 (small blind) folded on the Flop
Seat 2: Mahu2021 (big blind) collected (60)
Seat 3: zombie820 (button) folded before Flop (didn't bet)



PokerStars Hand #253348067097: Tournament #3822232469, $1.84+$0.16 USD Hold'em No Limit - Level II (15/30) - 2024/11/10 21:41:57 CET [2024/11/10 15:41:57 ET]
Table '3822232469 1' 3-max Seat #1 is the button
Seat 1: Bird060379 (485 in chips) 
Seat 2: Mahu2021 (569 in chips) 
Seat 3: zombie820 (446 in chips) 
Mahu2021: posts small blind 15
zombie820: posts big blind 30
*** HOLE CARDS ***
Dealt to Mahu2021 [4d 8h]
Bird060379: calls 30
Mahu2021: folds 
zombie820: checks 
*** FLOP *** [5h 9d 2c]
zombie820: checks 
Bird060379: checks 
*** TURN *** [5h 9d 2c] [3h]
zombie820: checks 
Bird060379: checks 
*** RIVER *** [5h 9d 2c 3h] [7c]
zombie820: checks 
Bird060379: checks 
*** SHOW DOWN ***
zombie820: shows [Jh 2h] (a pair of Deuces)
Bird060379: shows [Ad 2d] (a pair of Deuces - Ace kicker)
Bird060379 collected 75 from pot
*** SUMMARY ***
Total pot 75 | Rake 0 
Board [5h 9d 2c 3h 7c]
Seat 1: Bird060379 (button) showed [Ad 2d] and won (75) with a pair of Deuces
Seat 2: Mahu2021 (small blind) folded before Flop
Seat 3: zombie820 (big blind) showed [Jh 2h] and lost with a pair of Deuces



PokerStars Hand #253348072397: Tournament #3822232469, $1.84+$0.16 USD Hold'em No Limit - Level II (15/30) - 2024/11/10 21:42:12 CET [2024/11/10 15:42:12 ET]
Table '3822232469 1' 3-max Seat #2 is the button
Seat 1: Bird060379 (530 in chips) 
Seat 2: Mahu2021 (554 in chips) 
Seat 3: zombie820 (416 in chips) 
zombie820: posts small blind 15
Bird060379: posts big blind 30
*** HOLE CARDS ***
Dealt to Mahu2021 [7h 6c]
Mahu2021: folds 
zombie820: folds 
Uncalled bet (15) returned to Bird060379
Bird060379 collected 30 from pot
Bird060379: doesn't show hand 
*** SUMMARY ***
Total pot 30 | Rake 0 
Seat 1: Bird060379 (big blind) collected (30)
Seat 2: Mahu2021 (button) folded before Flop (didn't bet)
Seat 3: zombie820 (small blind) folded before Flop



PokerStars Hand #253348075126: Tournament #3822232469, $1.84+$0.16 USD Hold'em No Limit - Level III (20/40) - 2024/11/10 21:42:20 CET [2024/11/10 15:42:20 ET]
Table '3822232469 1' 3-max Seat #3 is the button
Seat 1: Bird060379 (545 in chips) 
Seat 2: Mahu2021 (554 in chips) 
Seat 3: zombie820 (401 in chips) 
Bird060379: posts small blind 20
Mahu2021: posts big blind 40
*** HOLE CARDS ***
Dealt to Mahu2021 [8c Kd]
zombie820: folds 
Bird060379: folds 
Uncalled bet (20) returned to Mahu2021
Mahu2021 collected 40 from pot
Mahu2021: doesn't show hand 
*** SUMMARY ***
Total pot 40 | Rake 0 
Seat 1: Bird060379 (small blind) folded before Flop
Seat 2: Mahu2021 (big blind) collected (40)
Seat 3: zombie820 (button) folded before Flop (didn't bet)



PokerStars Hand #253348077070: Tournament #3822232469, $1.84+$0.16 USD Hold'em No Limit - Level III (20/40) - 2024/11/10 21:42:25 CET [2024/11/10 15:42:25 ET]
Table '3822232469 1' 3-max Seat #1 is the button
Seat 1: Bird060379 (525 in chips) 
Seat 2: Mahu2021 (574 in chips) 
Seat 3: zombie820 (401 in chips) 
Mahu2021: posts small blind 20
zombie820: posts big blind 40
*** HOLE CARDS ***
Dealt to Mahu2021 [Jh Td]
Bird060379: calls 40
Mahu2021: calls 20
zombie820: checks 
*** FLOP *** [6d 8s Ad]
Mahu2021: checks 
zombie820: checks 
Bird060379: bets 40
Mahu2021: folds 
zombie820: folds 
Uncalled bet (40) returned to Bird060379
Bird060379 collected 120 from pot
Bird060379: doesn't show hand 
*** SUMMARY ***
Total pot 120 | Rake 0 
Board [6d 8s Ad]
Seat 1: Bird060379 (button) collected (120)
Seat 2: Mahu2021 (small blind) folded on the Flop
Seat 3: zombie820 (big blind) folded on the Flop



PokerStars Hand #253348082624: Tournament #3822232469, $1.84+$0.16 USD Hold'em No Limit - Level III (20/40) - 2024/11/10 21:42:40 CET [2024/11/10 15:42:40 ET]
Table '3822232469 1' 3-max Seat #2 is the button
Seat 1: Bird060379 (605 in chips) 
Seat 2: Mahu2021 (534 in chips) 
Seat 3: zombie820 (361 in chips) 
zombie820: posts small blind 20
Bird060379: posts big blind 40
*** HOLE CARDS ***
Dealt to Mahu2021 [Kh 4h]
Mahu2021: raises 40 to 80
zombie820: folds 
Bird060379: folds 
Uncalled bet (40) returned to Mahu2021
Mahu2021 collected 100 from pot
Mahu2021: doesn't show hand 
*** SUMMARY ***
Total pot 100 | Rake 0 
Seat 1: Bird060379 (big blind) folded before Flop
Seat 2: Mahu2021 (button) collected (100)
Seat 3: zombie820 (small blind) folded before Flop



PokerStars Hand #253348086263: Tournament #3822232469, $1.84+$0.16 USD Hold'em No Limit - Level III (20/40) - 2024/11/10 21:42:50 CET [2024/11/10 15:42:50 ET]
Table '3822232469 1' 3-max Seat #3 is the button
Seat 1: Bird060379 (565 in chips) 
Seat 2: Mahu2021 (594 in chips) 
Seat 3: zombie820 (341 in chips) 
Bird060379: posts small blind 20
Mahu2021: posts big blind 40
*** HOLE CARDS ***
Dealt to Mahu2021 [Td Ah]
zombie820: folds 
Bird060379: calls 20
Mahu2021: raises 80 to 120
Bird060379: folds 
Uncalled bet (80) returned to Mahu2021
Mahu2021 collected 80 from pot
Mahu2021: doesn't show hand 
*** SUMMARY ***
Total pot 80 | Rake 0 
Seat 1: Bird060379 (small blind) folded before Flop
Seat 2: Mahu2021 (big blind) collected (80)
Seat 3: zombie820 (button) folded before Flop (didn't bet)



PokerStars Hand #253348090371: Tournament #3822232469, $1.84+$0.16 USD Hold'em No Limit - Level III (20/40) - 2024/11/10 21:43:02 CET [2024/11/10 15:43:02 ET]
Table '3822232469 1' 3-max Seat #1 is the button
Seat 1: Bird060379 (525 in chips) 
Seat 2: Mahu2021 (634 in chips) 
Seat 3: zombie820 (341 in chips) 
Mahu2021: posts small blind 20
zombie820: posts big blind 40
*** HOLE CARDS ***
Dealt to Mahu2021 [As 6d]
Bird060379: folds 
Mahu2021: raises 40 to 80
zombie820: folds 
Uncalled bet (40) returned to Mahu2021
Mahu2021 collected 80 from pot
Mahu2021: doesn't show hand 
*** SUMMARY ***
Total pot 80 | Rake 0 
Seat 1: Bird060379 (button) folded before Flop (didn't bet)
Seat 2: Mahu2021 (small blind) collected (80)
Seat 3: zombie820 (big blind) folded before Flop



PokerStars Hand #253348092263: Tournament #3822232469, $1.84+$0.16 USD Hold'em No Limit - Level III (20/40) - 2024/11/10 21:43:07 CET [2024/11/10 15:43:07 ET]
Table '3822232469 1' 3-max Seat #2 is the button
Seat 1: Bird060379 (525 in chips) 
Seat 2: Mahu2021 (674 in chips) 
Seat 3: zombie820 (301 in chips) 
zombie820: posts small blind 20
Bird060379: posts big blind 40
*** HOLE CARDS ***
Dealt to Mahu2021 [Kc Js]
Mahu2021: raises 40 to 80
zombie820: folds 
Bird060379: calls 40
*** FLOP *** [Qh 2d 4h]
Bird060379: checks 
Mahu2021: checks 
*** TURN *** [Qh 2d 4h] [Kd]
Bird060379: checks 
Mahu2021: bets 80
Bird060379: calls 80
*** RIVER *** [Qh 2d 4h Kd] [8c]
Bird060379: checks 
Mahu2021: checks 
*** SHOW DOWN ***
Bird060379: shows [Ad 2s] (a pair of Deuces)
Mahu2021: shows [Kc Js] (a pair of Kings)
Mahu2021 collected 340 from pot
*** SUMMARY ***
Total pot 340 | Rake 0 
Board [Qh 2d 4h Kd 8c]
Seat 1: Bird060379 (big blind) showed [Ad 2s] and lost with a pair of Deuces
Seat 2: Mahu2021 (button) showed [Kc Js] and won (340) with a pair of Kings
Seat 3: zombie820 (small blind) folded before Flop



PokerStars Hand #253348099438: Tournament #3822232469, $1.84+$0.16 USD Hold'em No Limit - Level III (20/40) - 2024/11/10 21:43:27 CET [2024/11/10 15:43:27 ET]
Table '3822232469 1' 3-max Seat #3 is the button
Seat 1: Bird060379 (365 in chips) 
Seat 2: Mahu2021 (854 in chips) 
Seat 3: zombie820 (281 in chips) 
Bird060379: posts small blind 20
Mahu2021: posts big blind 40
*** HOLE CARDS ***
Dealt to Mahu2021 [6h Jc]
zombie820: folds 
Bird060379: calls 20
Mahu2021: checks 
*** FLOP *** [Ah Qh 7c]
Bird060379: bets 40
Mahu2021: folds 
Uncalled bet (40) returned to Bird060379
Bird060379 collected 80 from pot
Bird060379: doesn't show hand 
*** SUMMARY ***
Total pot 80 | Rake 0 
Board [Ah Qh 7c]
Seat 1: Bird060379 (small blind) collected (80)
Seat 2: Mahu2021 (big blind) folded on the Flop
Seat 3: zombie820 (button) folded before Flop (didn't bet)



PokerStars Hand #253348103956: Tournament #3822232469, $1.84+$0.16 USD Hold'em No Limit - Level III (20/40) - 2024/11/10 21:43:40 CET [2024/11/10 15:43:40 ET]
Table '3822232469 1' 3-max Seat #1 is the button
Seat 1: Bird060379 (405 in chips) 
Seat 2: Mahu2021 (814 in chips) 
Seat 3: zombie820 (281 in chips) 
Mahu2021: posts small blind 20
zombie820: posts big blind 40
*** HOLE CARDS ***
Dealt to Mahu2021 [Jh 4d]
Bird060379: folds 
Mahu2021: raises 40 to 80
zombie820: folds 
Uncalled bet (40) returned to Mahu2021
Mahu2021 collected 80 from pot
Mahu2021: doesn't show hand 
*** SUMMARY ***
Total pot 80 | Rake 0 
Seat 1: Bird060379 (button) folded before Flop (didn't bet)
Seat 2: Mahu2021 (small blind) collected (80)
Seat 3: zombie820 (big blind) folded before Flop



PokerStars Hand #253348105957: Tournament #3822232469, $1.84+$0.16 USD Hold'em No Limit - Level III (20/40) - 2024/11/10 21:43:45 CET [2024/11/10 15:43:45 ET]
Table '3822232469 1' 3-max Seat #2 is the button
Seat 1: Bird060379 (405 in chips) 
Seat 2: Mahu2021 (854 in chips) 
Seat 3: zombie820 (241 in chips) 
zombie820: posts small blind 20
Bird060379: posts big blind 40
*** HOLE CARDS ***
Dealt to Mahu2021 [7s 9s]
Mahu2021: folds 
zombie820: folds 
Uncalled bet (20) returned to Bird060379
Bird060379 collected 40 from pot
Bird060379: doesn't show hand 
*** SUMMARY ***
Total pot 40 | Rake 0 
Seat 1: Bird060379 (big blind) collected (40)
Seat 2: Mahu2021 (button) folded before Flop (didn't bet)
Seat 3: zombie820 (small blind) folded before Flop



PokerStars Hand #253348107575: Tournament #3822232469, $1.84+$0.16 USD Hold'em No Limit - Level III (20/40) - 2024/11/10 21:43:50 CET [2024/11/10 15:43:50 ET]
Table '3822232469 1' 3-max Seat #3 is the button
Seat 1: Bird060379 (425 in chips) 
Seat 2: Mahu2021 (854 in chips) 
Seat 3: zombie820 (221 in chips) 
Bird060379: posts small blind 20
Mahu2021: posts big blind 40
*** HOLE CARDS ***
Dealt to Mahu2021 [Qd 6h]
zombie820: folds 
Bird060379: folds 
Uncalled bet (20) returned to Mahu2021
Mahu2021 collected 40 from pot
Mahu2021: doesn't show hand 
*** SUMMARY ***
Total pot 40 | Rake 0 
Seat 1: Bird060379 (small blind) folded before Flop
Seat 2: Mahu2021 (big blind) collected (40)
Seat 3: zombie820 (button) folded before Flop (didn't bet)



PokerStars Hand #253348109416: Tournament #3822232469, $1.84+$0.16 USD Hold'em No Limit - Level III (20/40) - 2024/11/10 21:43:55 CET [2024/11/10 15:43:55 ET]
Table '3822232469 1' 3-max Seat #1 is the button
Seat 1: Bird060379 (405 in chips) 
Seat 2: Mahu2021 (874 in chips) 
Seat 3: zombie820 (221 in chips) 
Mahu2021: posts small blind 20
zombie820: posts big blind 40
*** HOLE CARDS ***
Dealt to Mahu2021 [5d 4d]
Bird060379: raises 365 to 405 and is all-in
Mahu2021: folds 
zombie820: folds 
Uncalled bet (365) returned to Bird060379
Bird060379 collected 100 from pot
Bird060379: doesn't show hand 
*** SUMMARY ***
Total pot 100 | Rake 0 
Seat 1: Bird060379 (button) collected (100)
Seat 2: Mahu2021 (small blind) folded before Flop
Seat 3: zombie820 (big blind) folded before Flop



PokerStars Hand #253348112022: Tournament #3822232469, $1.84+$0.16 USD Hold'em No Limit - Level III (20/40) - 2024/11/10 21:44:02 CET [2024/11/10 15:44:02 ET]
Table '3822232469 1' 3-max Seat #2 is the button
Seat 1: Bird060379 (465 in chips) 
Seat 2: Mahu2021 (854 in chips) 
Seat 3: zombie820 (181 in chips) 
zombie820: posts small blind 20
Bird060379: posts big blind 40
*** HOLE CARDS ***
Dealt to Mahu2021 [9h 6d]
Mahu2021: folds 
zombie820: raises 141 to 181 and is all-in
Bird060379: folds 
Uncalled bet (141) returned to zombie820
zombie820 collected 80 from pot
*** SUMMARY ***
Total pot 80 | Rake 0 
Seat 1: Bird060379 (big blind) folded before Flop
Seat 2: Mahu2021 (button) folded before Flop (didn't bet)
Seat 3: zombie820 (small blind) collected (80)



PokerStars Hand #253348115519: Tournament #3822232469, $1.84+$0.16 USD Hold'em No Limit - Level III (20/40) - 2024/11/10 21:44:12 CET [2024/11/10 15:44:12 ET]
Table '3822232469 1' 3-max Seat #3 is the button
Seat 1: Bird060379 (425 in chips) 
Seat 2: Mahu2021 (854 in chips) 
Seat 3: zombie820 (221 in chips) 
Bird060379: posts small blind 20
Mahu2021: posts big blind 40
*** HOLE CARDS ***
Dealt to Mahu2021 [4d Th]
zombie820: folds 
Bird060379: calls 20
Mahu2021: checks 
*** FLOP *** [3h Ks Td]
Bird060379: bets 40
Mahu2021: calls 40
*** TURN *** [3h Ks Td] [9c]
Bird060379: bets 40
Mahu2021: calls 40
*** RIVER *** [3h Ks Td 9c] [5d]
Bird060379: checks 
Mahu2021: bets 734 and is all-in
Bird060379: folds 
Uncalled bet (734) returned to Mahu2021
Mahu2021 collected 240 from pot
Mahu2021: doesn't show hand 
*** SUMMARY ***
Total pot 240 | Rake 0 
Board [3h Ks Td 9c 5d]
Seat 1: Bird060379 (small blind) folded on the River
Seat 2: Mahu2021 (big blind) collected (240)
Seat 3: zombie820 (button) folded before Flop (didn't bet)



PokerStars Hand #253348125401: Tournament #3822232469, $1.84+$0.16 USD Hold'em No Limit - Level III (20/40) - 2024/11/10 21:44:39 CET [2024/11/10 15:44:39 ET]
Table '3822232469 1' 3-max Seat #1 is the button
Seat 1: Bird060379 (305 in chips) 
Seat 2: Mahu2021 (974 in chips) 
Seat 3: zombie820 (221 in chips) 
Mahu2021: posts small blind 20
zombie820: posts big blind 40
*** HOLE CARDS ***
Dealt to Mahu2021 [Ts Th]
Bird060379: folds 
Mahu2021: raises 934 to 974 and is all-in
zombie820: calls 181 and is all-in
Uncalled bet (753) returned to Mahu2021
*** FLOP *** [6s 7d Ah]
*** TURN *** [6s 7d Ah] [4h]
*** RIVER *** [6s 7d Ah 4h] [6h]
*** SHOW DOWN ***
Mahu2021: shows [Ts Th] (two pair, Tens and Sixes)
zombie820: shows [Js Qh] (a pair of Sixes)
Mahu2021 collected 442 from pot
zombie820 finished the tournament in 3rd place
*** SUMMARY ***
Total pot 442 | Rake 0 
Board [6s 7d Ah 4h 6h]
Seat 1: Bird060379 (button) folded before Flop (didn't bet)
Seat 2: Mahu2021 (small blind) showed [Ts Th] and won (442) with two pair, Tens and Sixes
Seat 3: zombie820 (big blind) showed [Js Qh] and lost with a pair of Sixes



PokerStars Hand #253348131446: Tournament #3822232469, $1.84+$0.16 USD Hold'em No Limit - Level III (20/40) - 2024/11/10 21:44:56 CET [2024/11/10 15:44:56 ET]
Table '3822232469 1' 3-max Seat #2 is the button
Seat 1: Bird060379 (305 in chips) 
Seat 2: Mahu2021 (1195 in chips) 
Mahu2021: posts small blind 20
Bird060379: posts big blind 40
*** HOLE CARDS ***
Dealt to Mahu2021 [As 3c]
Mahu2021: raises 40 to 80
Bird060379: raises 225 to 305 and is all-in
Mahu2021: calls 225
*** FLOP *** [9s Jc 8d]
*** TURN *** [9s Jc 8d] [6s]
*** RIVER *** [9s Jc 8d 6s] [6d]
*** SHOW DOWN ***
Bird060379: shows [5h Ks] (a pair of Sixes)
Mahu2021: shows [As 3c] (a pair of Sixes - Ace kicker)
Mahu2021 collected 610 from pot
Bird060379 finished the tournament in 2nd place and received $4.00.
Mahu2021 wins the tournament and receives $16.00 - congratulations!
*** SUMMARY ***
Total pot 610 | Rake 0 
Board [9s Jc 8d 6s 6d]
Seat 1: Bird060379 (big blind) showed [5h Ks] and lost with a pair of Sixes
Seat 2: Mahu2021 (button) (small blind) showed [As 3c] and won (610) with a pair of Sixes



