PokerStars Hand #243009747777: Tournament #3575612607, $0.92+$0.08 USD Hold'em No Limit - Level I (10/20) - 2023/04/10 20:38:21 CET [2023/04/10 14:38:21 ET]
Table '3575612607 1' 3-max Seat #1 is the button
Seat 1: fifa0000fifa (500 in chips) 
Seat 2: Fearghal.Mc (500 in chips) 
Seat 3: Mahu2021 (500 in chips) 
Fearghal.Mc: posts small blind 10
Mahu2021: posts big blind 20
*** HOLE CARDS ***
Dealt to Mahu2021 [9c Kc]
fifa0000fifa: folds 
Fearghal.Mc: calls 10
Mahu2021: checks 
*** FLOP *** [4c 9s 6c]
Fearghal.Mc: checks 
Mahu2021: bets 40
Fearghal.Mc: folds 
Uncalled bet (40) returned to Mahu2021
Mahu2021 collected 40 from pot
Mahu2021: doesn't show hand 
*** SUMMARY ***
Total pot 40 | Rake 0 
Board [4c 9s 6c]
Seat 1: fifa0000fifa (button) folded before Flop (didn't bet)
Seat 2: Fearghal.Mc (small blind) folded on the Flop
Seat 3: Mahu2021 (big blind) collected (40)



PokerStars Hand #243009756767: Tournament #3575612607, $0.92+$0.08 USD Hold'em No Limit - Level I (10/20) - 2023/04/10 20:38:44 CET [2023/04/10 14:38:44 ET]
Table '3575612607 1' 3-max Seat #2 is the button
Seat 1: fifa0000fifa (500 in chips) 
Seat 2: Fearghal.Mc (480 in chips) 
Seat 3: Mahu2021 (520 in chips) 
Mahu2021: posts small blind 10
fifa0000fifa: posts big blind 20
*** HOLE CARDS ***
Dealt to Mahu2021 [Ad 3d]
Fearghal.Mc: folds 
Mahu2021: raises 20 to 40
fifa0000fifa: raises 460 to 500 and is all-in
Mahu2021: folds 
Uncalled bet (460) returned to fifa0000fifa
fifa0000fifa collected 80 from pot
fifa0000fifa: doesn't show hand 
*** SUMMARY ***
Total pot 80 | Rake 0 
Seat 1: fifa0000fifa (big blind) collected (80)
Seat 2: Fearghal.Mc (button) folded before Flop (didn't bet)
Seat 3: Mahu2021 (small blind) folded before Flop



PokerStars Hand #243009761145: Tournament #3575612607, $0.92+$0.08 USD Hold'em No Limit - Level I (10/20) - 2023/04/10 20:38:55 CET [2023/04/10 14:38:55 ET]
Table '3575612607 1' 3-max Seat #3 is the button
Seat 1: fifa0000fifa (540 in chips) 
Seat 2: Fearghal.Mc (480 in chips) 
Seat 3: Mahu2021 (480 in chips) 
fifa0000fifa: posts small blind 10
Fearghal.Mc: posts big blind 20
*** HOLE CARDS ***
Dealt to Mahu2021 [Ts 7s]
Mahu2021: calls 20
fifa0000fifa: raises 80 to 100
Fearghal.Mc: folds 
Mahu2021: folds 
Uncalled bet (80) returned to fifa0000fifa
fifa0000fifa collected 60 from pot
fifa0000fifa: doesn't show hand 
*** SUMMARY ***
Total pot 60 | Rake 0 
Seat 1: fifa0000fifa (small blind) collected (60)
Seat 2: Fearghal.Mc (big blind) folded before Flop
Seat 3: Mahu2021 (button) folded before Flop



PokerStars Hand #243009765512: Tournament #3575612607, $0.92+$0.08 USD Hold'em No Limit - Level I (10/20) - 2023/04/10 20:39:07 CET [2023/04/10 14:39:07 ET]
Table '3575612607 1' 3-max Seat #1 is the button
Seat 1: fifa0000fifa (580 in chips) 
Seat 2: Fearghal.Mc (460 in chips) 
Seat 3: Mahu2021 (460 in chips) 
Fearghal.Mc: posts small blind 10
Mahu2021: posts big blind 20
*** HOLE CARDS ***
Dealt to Mahu2021 [Qh Kc]
fifa0000fifa: calls 20
Fearghal.Mc: folds 
Mahu2021: checks 
*** FLOP *** [5s 6s 3c]
Mahu2021: checks 
fifa0000fifa: checks 
*** TURN *** [5s 6s 3c] [Qc]
Mahu2021: checks 
fifa0000fifa: checks 
*** RIVER *** [5s 6s 3c Qc] [Th]
Mahu2021: checks 
fifa0000fifa: bets 25
Mahu2021: calls 25
*** SHOW DOWN ***
fifa0000fifa: shows [Kh Tc] (a pair of Tens)
Mahu2021: shows [Qh Kc] (a pair of Queens)
Mahu2021 collected 100 from pot
*** SUMMARY ***
Total pot 100 | Rake 0 
Board [5s 6s 3c Qc Th]
Seat 1: fifa0000fifa (button) showed [Kh Tc] and lost with a pair of Tens
Seat 2: Fearghal.Mc (small blind) folded before Flop
Seat 3: Mahu2021 (big blind) showed [Qh Kc] and won (100) with a pair of Queens



PokerStars Hand #243009773685: Tournament #3575612607, $0.92+$0.08 USD Hold'em No Limit - Level I (10/20) - 2023/04/10 20:39:28 CET [2023/04/10 14:39:28 ET]
Table '3575612607 1' 3-max Seat #2 is the button
Seat 1: fifa0000fifa (535 in chips) 
Seat 2: Fearghal.Mc (450 in chips) 
Seat 3: Mahu2021 (515 in chips) 
Mahu2021: posts small blind 10
fifa0000fifa: posts big blind 20
*** HOLE CARDS ***
Dealt to Mahu2021 [2h Ts]
Fearghal.Mc: folds 
Mahu2021: folds 
Uncalled bet (10) returned to fifa0000fifa
fifa0000fifa collected 20 from pot
fifa0000fifa: doesn't show hand 
*** SUMMARY ***
Total pot 20 | Rake 0 
Seat 1: fifa0000fifa (big blind) collected (20)
Seat 2: Fearghal.Mc (button) folded before Flop (didn't bet)
Seat 3: Mahu2021 (small blind) folded before Flop



PokerStars Hand #243009775714: Tournament #3575612607, $0.92+$0.08 USD Hold'em No Limit - Level I (10/20) - 2023/04/10 20:39:34 CET [2023/04/10 14:39:34 ET]
Table '3575612607 1' 3-max Seat #3 is the button
Seat 1: fifa0000fifa (545 in chips) 
Seat 2: Fearghal.Mc (450 in chips) 
Seat 3: Mahu2021 (505 in chips) 
fifa0000fifa: posts small blind 10
Fearghal.Mc: posts big blind 20
*** HOLE CARDS ***
Dealt to Mahu2021 [5s Td]
Mahu2021: folds 
fifa0000fifa: calls 10
Fearghal.Mc: checks 
*** FLOP *** [8h 8s Kd]
fifa0000fifa: checks 
Fearghal.Mc: checks 
*** TURN *** [8h 8s Kd] [4c]
fifa0000fifa: checks 
Fearghal.Mc: checks 
*** RIVER *** [8h 8s Kd 4c] [8d]
fifa0000fifa: bets 20
Fearghal.Mc: folds 
Uncalled bet (20) returned to fifa0000fifa
fifa0000fifa collected 40 from pot
fifa0000fifa: doesn't show hand 
*** SUMMARY ***
Total pot 40 | Rake 0 
Board [8h 8s Kd 4c 8d]
Seat 1: fifa0000fifa (small blind) collected (40)
Seat 2: Fearghal.Mc (big blind) folded on the River
Seat 3: Mahu2021 (button) folded before Flop (didn't bet)



PokerStars Hand #243009784915: Tournament #3575612607, $0.92+$0.08 USD Hold'em No Limit - Level I (10/20) - 2023/04/10 20:39:57 CET [2023/04/10 14:39:57 ET]
Table '3575612607 1' 3-max Seat #1 is the button
Seat 1: fifa0000fifa (565 in chips) 
Seat 2: Fearghal.Mc (430 in chips) 
Seat 3: Mahu2021 (505 in chips) 
Fearghal.Mc: posts small blind 10
Mahu2021: posts big blind 20
*** HOLE CARDS ***
Dealt to Mahu2021 [9d Jc]
fifa0000fifa: folds 
Fearghal.Mc: folds 
Uncalled bet (10) returned to Mahu2021
Mahu2021 collected 20 from pot
Mahu2021: doesn't show hand 
*** SUMMARY ***
Total pot 20 | Rake 0 
Seat 1: fifa0000fifa (button) folded before Flop (didn't bet)
Seat 2: Fearghal.Mc (small blind) folded before Flop
Seat 3: Mahu2021 (big blind) collected (20)



PokerStars Hand #243009787932: Tournament #3575612607, $0.92+$0.08 USD Hold'em No Limit - Level I (10/20) - 2023/04/10 20:40:05 CET [2023/04/10 14:40:05 ET]
Table '3575612607 1' 3-max Seat #2 is the button
Seat 1: fifa0000fifa (565 in chips) 
Seat 2: Fearghal.Mc (420 in chips) 
Seat 3: Mahu2021 (515 in chips) 
Mahu2021: posts small blind 10
fifa0000fifa: posts big blind 20
*** HOLE CARDS ***
Dealt to Mahu2021 [3c Ah]
Fearghal.Mc: folds 
Mahu2021: calls 10
fifa0000fifa: raises 545 to 565 and is all-in
Mahu2021: folds 
Uncalled bet (545) returned to fifa0000fifa
fifa0000fifa collected 40 from pot
fifa0000fifa: doesn't show hand 
*** SUMMARY ***
Total pot 40 | Rake 0 
Seat 1: fifa0000fifa (big blind) collected (40)
Seat 2: Fearghal.Mc (button) folded before Flop (didn't bet)
Seat 3: Mahu2021 (small blind) folded before Flop



PokerStars Hand #243009791734: Tournament #3575612607, $0.92+$0.08 USD Hold'em No Limit - Level I (10/20) - 2023/04/10 20:40:14 CET [2023/04/10 14:40:14 ET]
Table '3575612607 1' 3-max Seat #3 is the button
Seat 1: fifa0000fifa (585 in chips) 
Seat 2: Fearghal.Mc (420 in chips) 
Seat 3: Mahu2021 (495 in chips) 
fifa0000fifa: posts small blind 10
Fearghal.Mc: posts big blind 20
*** HOLE CARDS ***
Dealt to Mahu2021 [3d Ts]
Mahu2021: folds 
fifa0000fifa: calls 10
Fearghal.Mc: checks 
*** FLOP *** [9c 4d 2s]
fifa0000fifa: checks 
Fearghal.Mc: checks 
*** TURN *** [9c 4d 2s] [2d]
fifa0000fifa: checks 
Fearghal.Mc: checks 
*** RIVER *** [9c 4d 2s 2d] [6h]
fifa0000fifa: checks 
Fearghal.Mc: bets 40
fifa0000fifa: folds 
Uncalled bet (40) returned to Fearghal.Mc
Fearghal.Mc collected 40 from pot
*** SUMMARY ***
Total pot 40 | Rake 0 
Board [9c 4d 2s 2d 6h]
Seat 1: fifa0000fifa (small blind) folded on the River
Seat 2: Fearghal.Mc (big blind) collected (40)
Seat 3: Mahu2021 (button) folded before Flop (didn't bet)



PokerStars Hand #243009799548: Tournament #3575612607, $0.92+$0.08 USD Hold'em No Limit - Level I (10/20) - 2023/04/10 20:40:34 CET [2023/04/10 14:40:34 ET]
Table '3575612607 1' 3-max Seat #1 is the button
Seat 1: fifa0000fifa (565 in chips) 
Seat 2: Fearghal.Mc (440 in chips) 
Seat 3: Mahu2021 (495 in chips) 
Fearghal.Mc: posts small blind 10
Mahu2021: posts big blind 20
*** HOLE CARDS ***
Dealt to Mahu2021 [Ac 9d]
fifa0000fifa: calls 20
Fearghal.Mc: folds 
Mahu2021: checks 
*** FLOP *** [Qs 8s 7s]
Mahu2021: checks 
fifa0000fifa: checks 
*** TURN *** [Qs 8s 7s] [Tc]
Mahu2021: bets 20
fifa0000fifa: raises 20 to 40
Mahu2021: calls 20
*** RIVER *** [Qs 8s 7s Tc] [6s]
Mahu2021: checks 
fifa0000fifa: checks 
*** SHOW DOWN ***
Mahu2021: shows [Ac 9d] (a straight, Six to Ten)
fifa0000fifa: shows [9c Jc] (a straight, Eight to Queen)
fifa0000fifa collected 130 from pot
*** SUMMARY ***
Total pot 130 | Rake 0 
Board [Qs 8s 7s Tc 6s]
Seat 1: fifa0000fifa (button) showed [9c Jc] and won (130) with a straight, Eight to Queen
Seat 2: Fearghal.Mc (small blind) folded before Flop
Seat 3: Mahu2021 (big blind) showed [Ac 9d] and lost with a straight, Six to Ten



PokerStars Hand #243009809097: Tournament #3575612607, $0.92+$0.08 USD Hold'em No Limit - Level I (10/20) - 2023/04/10 20:40:58 CET [2023/04/10 14:40:58 ET]
Table '3575612607 1' 3-max Seat #2 is the button
Seat 1: fifa0000fifa (635 in chips) 
Seat 2: Fearghal.Mc (430 in chips) 
Seat 3: Mahu2021 (435 in chips) 
Mahu2021: posts small blind 10
fifa0000fifa: posts big blind 20
*** HOLE CARDS ***
Dealt to Mahu2021 [7d Ac]
Fearghal.Mc: folds 
Mahu2021: calls 10
fifa0000fifa: raises 615 to 635 and is all-in
Mahu2021: folds 
Uncalled bet (615) returned to fifa0000fifa
fifa0000fifa collected 40 from pot
fifa0000fifa: doesn't show hand 
*** SUMMARY ***
Total pot 40 | Rake 0 
Seat 1: fifa0000fifa (big blind) collected (40)
Seat 2: Fearghal.Mc (button) folded before Flop (didn't bet)
Seat 3: Mahu2021 (small blind) folded before Flop



PokerStars Hand #243009812995: Tournament #3575612607, $0.92+$0.08 USD Hold'em No Limit - Level I (10/20) - 2023/04/10 20:41:08 CET [2023/04/10 14:41:08 ET]
Table '3575612607 1' 3-max Seat #3 is the button
Seat 1: fifa0000fifa (655 in chips) 
Seat 2: Fearghal.Mc (430 in chips) 
Seat 3: Mahu2021 (415 in chips) 
fifa0000fifa: posts small blind 10
Fearghal.Mc: posts big blind 20
*** HOLE CARDS ***
Dealt to Mahu2021 [8d Js]
Mahu2021: folds 
fifa0000fifa: calls 10
Fearghal.Mc: checks 
*** FLOP *** [2d 6c 3h]
fifa0000fifa: bets 40
Fearghal.Mc: calls 40
*** TURN *** [2d 6c 3h] [Qd]
fifa0000fifa: checks 
Fearghal.Mc: checks 
*** RIVER *** [2d 6c 3h Qd] [As]
fifa0000fifa: bets 80
Fearghal.Mc: calls 80
*** SHOW DOWN ***
fifa0000fifa: shows [Ad 3s] (two pair, Aces and Threes)
Fearghal.Mc: mucks hand 
fifa0000fifa collected 280 from pot
*** SUMMARY ***
Total pot 280 | Rake 0 
Board [2d 6c 3h Qd As]
Seat 1: fifa0000fifa (small blind) showed [Ad 3s] and won (280) with two pair, Aces and Threes
Seat 2: Fearghal.Mc (big blind) mucked [5s 5d]
Seat 3: Mahu2021 (button) folded before Flop (didn't bet)



PokerStars Hand #243009823945: Tournament #3575612607, $0.92+$0.08 USD Hold'em No Limit - Level II (15/30) - 2023/04/10 20:41:36 CET [2023/04/10 14:41:36 ET]
Table '3575612607 1' 3-max Seat #1 is the button
Seat 1: fifa0000fifa (795 in chips) 
Seat 2: Fearghal.Mc (290 in chips) 
Seat 3: Mahu2021 (415 in chips) 
Fearghal.Mc: posts small blind 15
Mahu2021: posts big blind 30
*** HOLE CARDS ***
Dealt to Mahu2021 [Td Jh]
fifa0000fifa: calls 30
Fearghal.Mc: calls 15
Mahu2021: checks 
*** FLOP *** [Ad Kc Jc]
Fearghal.Mc: checks 
Mahu2021: checks 
fifa0000fifa: bets 45
Fearghal.Mc: folds 
Mahu2021: calls 45
*** TURN *** [Ad Kc Jc] [Jd]
Mahu2021: checks 
fifa0000fifa: bets 60
Mahu2021: calls 60
*** RIVER *** [Ad Kc Jc Jd] [4c]
Mahu2021: checks 
fifa0000fifa: checks 
*** SHOW DOWN ***
Mahu2021: shows [Td Jh] (three of a kind, Jacks)
fifa0000fifa: mucks hand 
Mahu2021 collected 300 from pot
*** SUMMARY ***
Total pot 300 | Rake 0 
Board [Ad Kc Jc Jd 4c]
Seat 1: fifa0000fifa (button) mucked [3h Kh]
Seat 2: Fearghal.Mc (small blind) folded on the Flop
Seat 3: Mahu2021 (big blind) showed [Td Jh] and won (300) with three of a kind, Jacks



PokerStars Hand #243009835883: Tournament #3575612607, $0.92+$0.08 USD Hold'em No Limit - Level II (15/30) - 2023/04/10 20:42:06 CET [2023/04/10 14:42:06 ET]
Table '3575612607 1' 3-max Seat #2 is the button
Seat 1: fifa0000fifa (660 in chips) 
Seat 2: Fearghal.Mc (260 in chips) 
Seat 3: Mahu2021 (580 in chips) 
Mahu2021: posts small blind 15
fifa0000fifa: posts big blind 30
*** HOLE CARDS ***
Dealt to Mahu2021 [5c 4c]
Fearghal.Mc: calls 30
Mahu2021: calls 15
fifa0000fifa: checks 
*** FLOP *** [Kc 7c Kh]
Mahu2021: bets 60
fifa0000fifa: folds 
Fearghal.Mc: folds 
Uncalled bet (60) returned to Mahu2021
Mahu2021 collected 90 from pot
Mahu2021: doesn't show hand 
*** SUMMARY ***
Total pot 90 | Rake 0 
Board [Kc 7c Kh]
Seat 1: fifa0000fifa (big blind) folded on the Flop
Seat 2: Fearghal.Mc (button) folded on the Flop
Seat 3: Mahu2021 (small blind) collected (90)



PokerStars Hand #243009843761: Tournament #3575612607, $0.92+$0.08 USD Hold'em No Limit - Level II (15/30) - 2023/04/10 20:42:26 CET [2023/04/10 14:42:26 ET]
Table '3575612607 1' 3-max Seat #3 is the button
Seat 1: fifa0000fifa (630 in chips) 
Seat 2: Fearghal.Mc (230 in chips) 
Seat 3: Mahu2021 (640 in chips) 
fifa0000fifa: posts small blind 15
Fearghal.Mc: posts big blind 30
*** HOLE CARDS ***
Dealt to Mahu2021 [Ad 7c]
Mahu2021: folds 
fifa0000fifa: raises 120 to 150
Fearghal.Mc: folds 
Uncalled bet (120) returned to fifa0000fifa
fifa0000fifa collected 60 from pot
fifa0000fifa: doesn't show hand 
*** SUMMARY ***
Total pot 60 | Rake 0 
Seat 1: fifa0000fifa (small blind) collected (60)
Seat 2: Fearghal.Mc (big blind) folded before Flop
Seat 3: Mahu2021 (button) folded before Flop (didn't bet)



PokerStars Hand #243009847260: Tournament #3575612607, $0.92+$0.08 USD Hold'em No Limit - Level II (15/30) - 2023/04/10 20:42:35 CET [2023/04/10 14:42:35 ET]
Table '3575612607 1' 3-max Seat #1 is the button
Seat 1: fifa0000fifa (660 in chips) 
Seat 2: Fearghal.Mc (200 in chips) 
Seat 3: Mahu2021 (640 in chips) 
Fearghal.Mc: posts small blind 15
Mahu2021: posts big blind 30
*** HOLE CARDS ***
Dealt to Mahu2021 [Ks 3s]
fifa0000fifa: folds 
Fearghal.Mc: raises 170 to 200 and is all-in
Mahu2021: folds 
Uncalled bet (170) returned to Fearghal.Mc
Fearghal.Mc collected 60 from pot
*** SUMMARY ***
Total pot 60 | Rake 0 
Seat 1: fifa0000fifa (button) folded before Flop (didn't bet)
Seat 2: Fearghal.Mc (small blind) collected (60)
Seat 3: Mahu2021 (big blind) folded before Flop



PokerStars Hand #243009852739: Tournament #3575612607, $0.92+$0.08 USD Hold'em No Limit - Level II (15/30) - 2023/04/10 20:42:49 CET [2023/04/10 14:42:49 ET]
Table '3575612607 1' 3-max Seat #2 is the button
Seat 1: fifa0000fifa (660 in chips) 
Seat 2: Fearghal.Mc (230 in chips) 
Seat 3: Mahu2021 (610 in chips) 
Mahu2021: posts small blind 15
fifa0000fifa: posts big blind 30
*** HOLE CARDS ***
Dealt to Mahu2021 [Ts Js]
Fearghal.Mc: folds 
Mahu2021: calls 15
fifa0000fifa: checks 
*** FLOP *** [6c 7h Ks]
Mahu2021: bets 30
fifa0000fifa: calls 30
*** TURN *** [6c 7h Ks] [As]
Mahu2021: bets 120
fifa0000fifa: folds 
Uncalled bet (120) returned to Mahu2021
Mahu2021 collected 120 from pot
Mahu2021: doesn't show hand 
*** SUMMARY ***
Total pot 120 | Rake 0 
Board [6c 7h Ks As]
Seat 1: fifa0000fifa (big blind) folded on the Turn
Seat 2: Fearghal.Mc (button) folded before Flop (didn't bet)
Seat 3: Mahu2021 (small blind) collected (120)



PokerStars Hand #243009859871: Tournament #3575612607, $0.92+$0.08 USD Hold'em No Limit - Level II (15/30) - 2023/04/10 20:43:07 CET [2023/04/10 14:43:07 ET]
Table '3575612607 1' 3-max Seat #3 is the button
Seat 1: fifa0000fifa (600 in chips) 
Seat 2: Fearghal.Mc (230 in chips) 
Seat 3: Mahu2021 (670 in chips) 
fifa0000fifa: posts small blind 15
Fearghal.Mc: posts big blind 30
*** HOLE CARDS ***
Dealt to Mahu2021 [7h 9s]
Mahu2021: folds 
fifa0000fifa: raises 570 to 600 and is all-in
Fearghal.Mc: calls 200 and is all-in
Uncalled bet (370) returned to fifa0000fifa
*** FLOP *** [2h 2c 8s]
*** TURN *** [2h 2c 8s] [4s]
*** RIVER *** [2h 2c 8s 4s] [Ks]
*** SHOW DOWN ***
fifa0000fifa: shows [Jh Qs] (a pair of Deuces)
Fearghal.Mc: shows [8c 8h] (a full house, Eights full of Deuces)
Fearghal.Mc collected 460 from pot
*** SUMMARY ***
Total pot 460 | Rake 0 
Board [2h 2c 8s 4s Ks]
Seat 1: fifa0000fifa (small blind) showed [Jh Qs] and lost with a pair of Deuces
Seat 2: Fearghal.Mc (big blind) showed [8c 8h] and won (460) with a full house, Eights full of Deuces
Seat 3: Mahu2021 (button) folded before Flop (didn't bet)



PokerStars Hand #243009865812: Tournament #3575612607, $0.92+$0.08 USD Hold'em No Limit - Level II (15/30) - 2023/04/10 20:43:22 CET [2023/04/10 14:43:22 ET]
Table '3575612607 1' 3-max Seat #1 is the button
Seat 1: fifa0000fifa (370 in chips) 
Seat 2: Fearghal.Mc (460 in chips) 
Seat 3: Mahu2021 (670 in chips) 
Fearghal.Mc: posts small blind 15
Mahu2021: posts big blind 30
*** HOLE CARDS ***
Dealt to Mahu2021 [Ts Jh]
fifa0000fifa: folds 
Fearghal.Mc: calls 15
Mahu2021: checks 
*** FLOP *** [4s 7d As]
Fearghal.Mc: checks 
Mahu2021: checks 
*** TURN *** [4s 7d As] [Kd]
Fearghal.Mc: checks 
Mahu2021: checks 
*** RIVER *** [4s 7d As Kd] [Qh]
Fearghal.Mc: checks 
Mahu2021: bets 60
Fearghal.Mc: folds 
Uncalled bet (60) returned to Mahu2021
Mahu2021 collected 60 from pot
Mahu2021: doesn't show hand 
*** SUMMARY ***
Total pot 60 | Rake 0 
Board [4s 7d As Kd Qh]
Seat 1: fifa0000fifa (button) folded before Flop (didn't bet)
Seat 2: Fearghal.Mc (small blind) folded on the River
Seat 3: Mahu2021 (big blind) collected (60)



PokerStars Hand #243009872716: Tournament #3575612607, $0.92+$0.08 USD Hold'em No Limit - Level II (15/30) - 2023/04/10 20:43:39 CET [2023/04/10 14:43:39 ET]
Table '3575612607 1' 3-max Seat #2 is the button
Seat 1: fifa0000fifa (370 in chips) 
Seat 2: Fearghal.Mc (430 in chips) 
Seat 3: Mahu2021 (700 in chips) 
Mahu2021: posts small blind 15
fifa0000fifa: posts big blind 30
*** HOLE CARDS ***
Dealt to Mahu2021 [Th 2d]
Fearghal.Mc: raises 75 to 105
Mahu2021: folds 
fifa0000fifa: folds 
Uncalled bet (75) returned to Fearghal.Mc
Fearghal.Mc collected 75 from pot
*** SUMMARY ***
Total pot 75 | Rake 0 
Seat 1: fifa0000fifa (big blind) folded before Flop
Seat 2: Fearghal.Mc (button) collected (75)
Seat 3: Mahu2021 (small blind) folded before Flop



PokerStars Hand #243009877791: Tournament #3575612607, $0.92+$0.08 USD Hold'em No Limit - Level II (15/30) - 2023/04/10 20:43:52 CET [2023/04/10 14:43:52 ET]
Table '3575612607 1' 3-max Seat #3 is the button
Seat 1: fifa0000fifa (340 in chips) 
Seat 2: Fearghal.Mc (475 in chips) 
Seat 3: Mahu2021 (685 in chips) 
fifa0000fifa: posts small blind 15
Fearghal.Mc: posts big blind 30
*** HOLE CARDS ***
Dealt to Mahu2021 [Jc 2c]
Mahu2021: folds 
fifa0000fifa: folds 
Uncalled bet (15) returned to Fearghal.Mc
Fearghal.Mc collected 30 from pot
*** SUMMARY ***
Total pot 30 | Rake 0 
Seat 1: fifa0000fifa (small blind) folded before Flop
Seat 2: Fearghal.Mc (big blind) collected (30)
Seat 3: Mahu2021 (button) folded before Flop (didn't bet)



PokerStars Hand #243009882037: Tournament #3575612607, $0.92+$0.08 USD Hold'em No Limit - Level II (15/30) - 2023/04/10 20:44:03 CET [2023/04/10 14:44:03 ET]
Table '3575612607 1' 3-max Seat #1 is the button
Seat 1: fifa0000fifa (325 in chips) 
Seat 2: Fearghal.Mc (490 in chips) 
Seat 3: Mahu2021 (685 in chips) 
Fearghal.Mc: posts small blind 15
Mahu2021: posts big blind 30
*** HOLE CARDS ***
Dealt to Mahu2021 [Kd 4h]
fifa0000fifa: folds 
Fearghal.Mc: folds 
Uncalled bet (15) returned to Mahu2021
Mahu2021 collected 30 from pot
Mahu2021: doesn't show hand 
*** SUMMARY ***
Total pot 30 | Rake 0 
Seat 1: fifa0000fifa (button) folded before Flop (didn't bet)
Seat 2: Fearghal.Mc (small blind) folded before Flop
Seat 3: Mahu2021 (big blind) collected (30)



PokerStars Hand #243009883887: Tournament #3575612607, $0.92+$0.08 USD Hold'em No Limit - Level II (15/30) - 2023/04/10 20:44:07 CET [2023/04/10 14:44:07 ET]
Table '3575612607 1' 3-max Seat #2 is the button
Seat 1: fifa0000fifa (325 in chips) 
Seat 2: Fearghal.Mc (475 in chips) 
Seat 3: Mahu2021 (700 in chips) 
Mahu2021: posts small blind 15
fifa0000fifa: posts big blind 30
*** HOLE CARDS ***
Dealt to Mahu2021 [Kh 4d]
Fearghal.Mc: folds 
Mahu2021: calls 15
fifa0000fifa: raises 295 to 325 and is all-in
Mahu2021: folds 
Uncalled bet (295) returned to fifa0000fifa
fifa0000fifa collected 60 from pot
fifa0000fifa: doesn't show hand 
*** SUMMARY ***
Total pot 60 | Rake 0 
Seat 1: fifa0000fifa (big blind) collected (60)
Seat 2: Fearghal.Mc (button) folded before Flop (didn't bet)
Seat 3: Mahu2021 (small blind) folded before Flop



PokerStars Hand #243009887917: Tournament #3575612607, $0.92+$0.08 USD Hold'em No Limit - Level II (15/30) - 2023/04/10 20:44:18 CET [2023/04/10 14:44:18 ET]
Table '3575612607 1' 3-max Seat #3 is the button
Seat 1: fifa0000fifa (355 in chips) 
Seat 2: Fearghal.Mc (475 in chips) 
Seat 3: Mahu2021 (670 in chips) 
fifa0000fifa: posts small blind 15
Fearghal.Mc: posts big blind 30
*** HOLE CARDS ***
Dealt to Mahu2021 [4d Ts]
Mahu2021: folds 
fifa0000fifa: folds 
Uncalled bet (15) returned to Fearghal.Mc
Fearghal.Mc collected 30 from pot
*** SUMMARY ***
Total pot 30 | Rake 0 
Seat 1: fifa0000fifa (small blind) folded before Flop
Seat 2: Fearghal.Mc (big blind) collected (30)
Seat 3: Mahu2021 (button) folded before Flop (didn't bet)



PokerStars Hand #243009891540: Tournament #3575612607, $0.92+$0.08 USD Hold'em No Limit - Level III (20/40) - 2023/04/10 20:44:27 CET [2023/04/10 14:44:27 ET]
Table '3575612607 1' 3-max Seat #1 is the button
Seat 1: fifa0000fifa (340 in chips) 
Seat 2: Fearghal.Mc (490 in chips) 
Seat 3: Mahu2021 (670 in chips) 
Fearghal.Mc: posts small blind 20
Mahu2021: posts big blind 40
*** HOLE CARDS ***
Dealt to Mahu2021 [Ks 2d]
fifa0000fifa: folds 
Fearghal.Mc: folds 
Uncalled bet (20) returned to Mahu2021
Mahu2021 collected 40 from pot
Mahu2021: doesn't show hand 
*** SUMMARY ***
Total pot 40 | Rake 0 
Seat 1: fifa0000fifa (button) folded before Flop (didn't bet)
Seat 2: Fearghal.Mc (small blind) folded before Flop
Seat 3: Mahu2021 (big blind) collected (40)



PokerStars Hand #243009893503: Tournament #3575612607, $0.92+$0.08 USD Hold'em No Limit - Level III (20/40) - 2023/04/10 20:44:32 CET [2023/04/10 14:44:32 ET]
Table '3575612607 1' 3-max Seat #2 is the button
Seat 1: fifa0000fifa (340 in chips) 
Seat 2: Fearghal.Mc (470 in chips) 
Seat 3: Mahu2021 (690 in chips) 
Mahu2021: posts small blind 20
fifa0000fifa: posts big blind 40
*** HOLE CARDS ***
Dealt to Mahu2021 [2d 7c]
Fearghal.Mc: folds 
Mahu2021: folds 
Uncalled bet (20) returned to fifa0000fifa
fifa0000fifa collected 40 from pot
fifa0000fifa: doesn't show hand 
*** SUMMARY ***
Total pot 40 | Rake 0 
Seat 1: fifa0000fifa (big blind) collected (40)
Seat 2: Fearghal.Mc (button) folded before Flop (didn't bet)
Seat 3: Mahu2021 (small blind) folded before Flop



PokerStars Hand #243009895329: Tournament #3575612607, $0.92+$0.08 USD Hold'em No Limit - Level III (20/40) - 2023/04/10 20:44:36 CET [2023/04/10 14:44:36 ET]
Table '3575612607 1' 3-max Seat #3 is the button
Seat 1: fifa0000fifa (360 in chips) 
Seat 2: Fearghal.Mc (470 in chips) 
Seat 3: Mahu2021 (670 in chips) 
fifa0000fifa: posts small blind 20
Fearghal.Mc: posts big blind 40
*** HOLE CARDS ***
Dealt to Mahu2021 [Kd Ah]
Mahu2021: raises 40 to 80
fifa0000fifa: folds 
Fearghal.Mc: calls 40
*** FLOP *** [7s 9d Ac]
Fearghal.Mc: checks 
Mahu2021: bets 180
Fearghal.Mc: raises 210 to 390 and is all-in
Mahu2021: calls 210
*** TURN *** [7s 9d Ac] [9s]
*** RIVER *** [7s 9d Ac 9s] [6s]
*** SHOW DOWN ***
Fearghal.Mc: shows [Kc Ks] (two pair, Kings and Nines)
Mahu2021: shows [Kd Ah] (two pair, Aces and Nines)
Mahu2021 collected 960 from pot
Fearghal.Mc finished the tournament in 3rd place
*** SUMMARY ***
Total pot 960 | Rake 0 
Board [7s 9d Ac 9s 6s]
Seat 1: fifa0000fifa (small blind) folded before Flop
Seat 2: Fearghal.Mc (big blind) showed [Kc Ks] and lost with two pair, Kings and Nines
Seat 3: Mahu2021 (button) showed [Kd Ah] and won (960) with two pair, Aces and Nines



PokerStars Hand #243009906111: Tournament #3575612607, $0.92+$0.08 USD Hold'em No Limit - Level III (20/40) - 2023/04/10 20:45:03 CET [2023/04/10 14:45:03 ET]
Table '3575612607 1' 3-max Seat #1 is the button
Seat 1: fifa0000fifa (340 in chips) 
Seat 3: Mahu2021 (1160 in chips) 
fifa0000fifa: posts small blind 20
Mahu2021: posts big blind 40
*** HOLE CARDS ***
Dealt to Mahu2021 [Jh Kh]
fifa0000fifa: folds 
Uncalled bet (20) returned to Mahu2021
Mahu2021 collected 40 from pot
Mahu2021: doesn't show hand 
*** SUMMARY ***
Total pot 40 | Rake 0 
Seat 1: fifa0000fifa (button) (small blind) folded before Flop
Seat 3: Mahu2021 (big blind) collected (40)



PokerStars Hand #243009908200: Tournament #3575612607, $0.92+$0.08 USD Hold'em No Limit - Level III (20/40) - 2023/04/10 20:45:08 CET [2023/04/10 14:45:08 ET]
Table '3575612607 1' 3-max Seat #3 is the button
Seat 1: fifa0000fifa (320 in chips) 
Seat 3: Mahu2021 (1180 in chips) 
Mahu2021: posts small blind 20
fifa0000fifa: posts big blind 40
*** HOLE CARDS ***
Dealt to Mahu2021 [3s Kh]
Mahu2021: calls 20
fifa0000fifa: checks 
*** FLOP *** [Ks 3c Tc]
fifa0000fifa: checks 
Mahu2021: checks 
*** TURN *** [Ks 3c Tc] [4s]
fifa0000fifa: checks 
Mahu2021: checks 
*** RIVER *** [Ks 3c Tc 4s] [9h]
fifa0000fifa: bets 40
Mahu2021: raises 40 to 80
fifa0000fifa: calls 40
*** SHOW DOWN ***
Mahu2021: shows [3s Kh] (two pair, Kings and Threes)
fifa0000fifa: mucks hand 
Mahu2021 collected 240 from pot
*** SUMMARY ***
Total pot 240 | Rake 0 
Board [Ks 3c Tc 4s 9h]
Seat 1: fifa0000fifa (big blind) mucked [9d 5h]
Seat 3: Mahu2021 (button) (small blind) showed [3s Kh] and won (240) with two pair, Kings and Threes



PokerStars Hand #243009920507: Tournament #3575612607, $0.92+$0.08 USD Hold'em No Limit - Level III (20/40) - 2023/04/10 20:45:39 CET [2023/04/10 14:45:39 ET]
Table '3575612607 1' 3-max Seat #1 is the button
Seat 1: fifa0000fifa (200 in chips) 
Seat 3: Mahu2021 (1300 in chips) 
fifa0000fifa: posts small blind 20
Mahu2021: posts big blind 40
*** HOLE CARDS ***
Dealt to Mahu2021 [Jc Tc]
fifa0000fifa: folds 
Uncalled bet (20) returned to Mahu2021
Mahu2021 collected 40 from pot
Mahu2021: doesn't show hand 
*** SUMMARY ***
Total pot 40 | Rake 0 
Seat 1: fifa0000fifa (button) (small blind) folded before Flop
Seat 3: Mahu2021 (big blind) collected (40)



PokerStars Hand #243009922290: Tournament #3575612607, $0.92+$0.08 USD Hold'em No Limit - Level III (20/40) - 2023/04/10 20:45:44 CET [2023/04/10 14:45:44 ET]
Table '3575612607 1' 3-max Seat #3 is the button
Seat 1: fifa0000fifa (180 in chips) 
Seat 3: Mahu2021 (1320 in chips) 
Mahu2021: posts small blind 20
fifa0000fifa: posts big blind 40
*** HOLE CARDS ***
Dealt to Mahu2021 [2s 9c]
Mahu2021: folds 
Uncalled bet (20) returned to fifa0000fifa
fifa0000fifa collected 40 from pot
fifa0000fifa: doesn't show hand 
*** SUMMARY ***
Total pot 40 | Rake 0 
Seat 1: fifa0000fifa (big blind) collected (40)
Seat 3: Mahu2021 (button) (small blind) folded before Flop



PokerStars Hand #243009924105: Tournament #3575612607, $0.92+$0.08 USD Hold'em No Limit - Level III (20/40) - 2023/04/10 20:45:48 CET [2023/04/10 14:45:48 ET]
Table '3575612607 1' 3-max Seat #1 is the button
Seat 1: fifa0000fifa (200 in chips) 
Seat 3: Mahu2021 (1300 in chips) 
fifa0000fifa: posts small blind 20
Mahu2021: posts big blind 40
*** HOLE CARDS ***
Dealt to Mahu2021 [Jc 8c]
fifa0000fifa: raises 160 to 200 and is all-in
Mahu2021: folds 
Uncalled bet (160) returned to fifa0000fifa
fifa0000fifa collected 80 from pot
fifa0000fifa: doesn't show hand 
*** SUMMARY ***
Total pot 80 | Rake 0 
Seat 1: fifa0000fifa (button) (small blind) collected (80)
Seat 3: Mahu2021 (big blind) folded before Flop



PokerStars Hand #243009926604: Tournament #3575612607, $0.92+$0.08 USD Hold'em No Limit - Level III (20/40) - 2023/04/10 20:45:54 CET [2023/04/10 14:45:54 ET]
Table '3575612607 1' 3-max Seat #3 is the button
Seat 1: fifa0000fifa (240 in chips) 
Seat 3: Mahu2021 (1260 in chips) 
Mahu2021: posts small blind 20
fifa0000fifa: posts big blind 40
*** HOLE CARDS ***
Dealt to Mahu2021 [Jd 3s]
Mahu2021: folds 
Uncalled bet (20) returned to fifa0000fifa
fifa0000fifa collected 40 from pot
fifa0000fifa: doesn't show hand 
*** SUMMARY ***
Total pot 40 | Rake 0 
Seat 1: fifa0000fifa (big blind) collected (40)
Seat 3: Mahu2021 (button) (small blind) folded before Flop



PokerStars Hand #243009928452: Tournament #3575612607, $0.92+$0.08 USD Hold'em No Limit - Level III (20/40) - 2023/04/10 20:45:59 CET [2023/04/10 14:45:59 ET]
Table '3575612607 1' 3-max Seat #1 is the button
Seat 1: fifa0000fifa (260 in chips) 
Seat 3: Mahu2021 (1240 in chips) 
fifa0000fifa: posts small blind 20
Mahu2021: posts big blind 40
*** HOLE CARDS ***
Dealt to Mahu2021 [Kc 3h]
fifa0000fifa: folds 
Uncalled bet (20) returned to Mahu2021
Mahu2021 collected 40 from pot
Mahu2021: doesn't show hand 
*** SUMMARY ***
Total pot 40 | Rake 0 
Seat 1: fifa0000fifa (button) (small blind) folded before Flop
Seat 3: Mahu2021 (big blind) collected (40)



PokerStars Hand #243009930134: Tournament #3575612607, $0.92+$0.08 USD Hold'em No Limit - Level III (20/40) - 2023/04/10 20:46:04 CET [2023/04/10 14:46:04 ET]
Table '3575612607 1' 3-max Seat #3 is the button
Seat 1: fifa0000fifa (240 in chips) 
Seat 3: Mahu2021 (1260 in chips) 
Mahu2021: posts small blind 20
fifa0000fifa: posts big blind 40
*** HOLE CARDS ***
Dealt to Mahu2021 [9h 5s]
Mahu2021: calls 20
fifa0000fifa: raises 200 to 240 and is all-in
Mahu2021: folds 
Uncalled bet (200) returned to fifa0000fifa
fifa0000fifa collected 80 from pot
fifa0000fifa: doesn't show hand 
*** SUMMARY ***
Total pot 80 | Rake 0 
Seat 1: fifa0000fifa (big blind) collected (80)
Seat 3: Mahu2021 (button) (small blind) folded before Flop



PokerStars Hand #243009933266: Tournament #3575612607, $0.92+$0.08 USD Hold'em No Limit - Level III (20/40) - 2023/04/10 20:46:12 CET [2023/04/10 14:46:12 ET]
Table '3575612607 1' 3-max Seat #1 is the button
Seat 1: fifa0000fifa (280 in chips) 
Seat 3: Mahu2021 (1220 in chips) 
fifa0000fifa: posts small blind 20
Mahu2021: posts big blind 40
*** HOLE CARDS ***
Dealt to Mahu2021 [8h As]
fifa0000fifa: folds 
Uncalled bet (20) returned to Mahu2021
Mahu2021 collected 40 from pot
Mahu2021: doesn't show hand 
*** SUMMARY ***
Total pot 40 | Rake 0 
Seat 1: fifa0000fifa (button) (small blind) folded before Flop
Seat 3: Mahu2021 (big blind) collected (40)



PokerStars Hand #243009934893: Tournament #3575612607, $0.92+$0.08 USD Hold'em No Limit - Level III (20/40) - 2023/04/10 20:46:16 CET [2023/04/10 14:46:16 ET]
Table '3575612607 1' 3-max Seat #3 is the button
Seat 1: fifa0000fifa (260 in chips) 
Seat 3: Mahu2021 (1240 in chips) 
Mahu2021: posts small blind 20
fifa0000fifa: posts big blind 40
*** HOLE CARDS ***
Dealt to Mahu2021 [Qs 8s]
Mahu2021: raises 40 to 80
fifa0000fifa: folds 
Uncalled bet (40) returned to Mahu2021
Mahu2021 collected 80 from pot
Mahu2021: doesn't show hand 
*** SUMMARY ***
Total pot 80 | Rake 0 
Seat 1: fifa0000fifa (big blind) folded before Flop
Seat 3: Mahu2021 (button) (small blind) collected (80)



PokerStars Hand #243009937551: Tournament #3575612607, $0.92+$0.08 USD Hold'em No Limit - Level III (20/40) - 2023/04/10 20:46:22 CET [2023/04/10 14:46:22 ET]
Table '3575612607 1' 3-max Seat #1 is the button
Seat 1: fifa0000fifa (220 in chips) 
Seat 3: Mahu2021 (1280 in chips) 
fifa0000fifa: posts small blind 20
Mahu2021: posts big blind 40
*** HOLE CARDS ***
Dealt to Mahu2021 [3c 6d]
fifa0000fifa: folds 
Uncalled bet (20) returned to Mahu2021
Mahu2021 collected 40 from pot
Mahu2021: doesn't show hand 
*** SUMMARY ***
Total pot 40 | Rake 0 
Seat 1: fifa0000fifa (button) (small blind) folded before Flop
Seat 3: Mahu2021 (big blind) collected (40)



PokerStars Hand #243009939877: Tournament #3575612607, $0.92+$0.08 USD Hold'em No Limit - Level III (20/40) - 2023/04/10 20:46:28 CET [2023/04/10 14:46:28 ET]
Table '3575612607 1' 3-max Seat #3 is the button
Seat 1: fifa0000fifa (200 in chips) 
Seat 3: Mahu2021 (1300 in chips) 
Mahu2021: posts small blind 20
fifa0000fifa: posts big blind 40
*** HOLE CARDS ***
Dealt to Mahu2021 [Kd 3s]
Mahu2021: raises 40 to 80
fifa0000fifa: raises 120 to 200 and is all-in
Mahu2021: calls 120
*** FLOP *** [Jd 2d 3h]
*** TURN *** [Jd 2d 3h] [8s]
*** RIVER *** [Jd 2d 3h 8s] [Kh]
*** SHOW DOWN ***
fifa0000fifa: shows [Qd 9s] (high card King)
Mahu2021: shows [Kd 3s] (two pair, Kings and Threes)
Mahu2021 collected 400 from pot
fifa0000fifa finished the tournament in 2nd place
Mahu2021 wins the tournament and receives $3.00 - congratulations!
*** SUMMARY ***
Total pot 400 | Rake 0 
Board [Jd 2d 3h 8s Kh]
Seat 1: fifa0000fifa (big blind) showed [Qd 9s] and lost with high card King
Seat 3: Mahu2021 (button) (small blind) showed [Kd 3s] and won (400) with two pair, Kings and Threes



