PokerStars Hand #243041736288: Tournament #3576355702, $0.92+$0.08 USD Hold'em No Limit - Level I (10/20) - 2023/04/12 12:24:03 CET [2023/04/12 6:24:03 ET]
Table '3576355702 1' 3-max Seat #1 is the button
Seat 1: Gerg499 (500 in chips) 
Seat 2: Mahu2021 (500 in chips) 
Seat 3: 1Yoda970 (500 in chips) 
Mahu2021: posts small blind 10
1Yoda970: posts big blind 20
*** HOLE CARDS ***
Dealt to Mahu2021 [2s 8s]
Gerg499 is connected 
Gerg499 is disconnected 
Gerg499 has timed out while disconnected
Gerg499: folds 
Gerg499 is sitting out
Mahu2021: folds 
Uncalled bet (10) returned to 1Yoda970
1Yoda970 collected 20 from pot
1Yoda970: doesn't show hand 
*** SUMMARY ***
Total pot 20 | Rake 0 
Seat 1: Gerg499 (button) folded before Flop (didn't bet)
Seat 2: Mahu2021 (small blind) folded before Flop
Seat 3: 1Yoda970 (big blind) collected (20)



PokerStars Hand #243041739393: Tournament #3576355702, $0.92+$0.08 USD Hold'em No Limit - Level I (10/20) - 2023/04/12 12:24:22 CET [2023/04/12 6:24:22 ET]
Table '3576355702 1' 3-max Seat #2 is the button
Seat 1: Gerg499 (500 in chips) is sitting out
Seat 2: Mahu2021 (490 in chips) 
Seat 3: 1Yoda970 (510 in chips) 
1Yoda970: posts small blind 10
Gerg499: posts big blind 20
*** HOLE CARDS ***
Dealt to Mahu2021 [3h 2s]
Gerg499 has returned
Mahu2021: folds 
1Yoda970: raises 20 to 40
Gerg499: folds 
Uncalled bet (20) returned to 1Yoda970
1Yoda970 collected 40 from pot
1Yoda970: doesn't show hand 
*** SUMMARY ***
Total pot 40 | Rake 0 
Seat 1: Gerg499 (big blind) folded before Flop
Seat 2: Mahu2021 (button) folded before Flop (didn't bet)
Seat 3: 1Yoda970 (small blind) collected (40)



PokerStars Hand #243041740745: Tournament #3576355702, $0.92+$0.08 USD Hold'em No Limit - Level I (10/20) - 2023/04/12 12:24:31 CET [2023/04/12 6:24:31 ET]
Table '3576355702 1' 3-max Seat #3 is the button
Seat 1: Gerg499 (480 in chips) 
Seat 2: Mahu2021 (490 in chips) 
Seat 3: 1Yoda970 (530 in chips) 
Gerg499: posts small blind 10
Mahu2021: posts big blind 20
*** HOLE CARDS ***
Dealt to Mahu2021 [Tc Ac]
1Yoda970: calls 20
Gerg499: raises 20 to 40
Mahu2021: calls 20
1Yoda970: calls 20
*** FLOP *** [5c Kd Ah]
Gerg499: bets 20
Mahu2021: raises 60 to 80
1Yoda970: folds 
Gerg499: calls 60
*** TURN *** [5c Kd Ah] [7d]
Gerg499: checks 
Mahu2021: checks 
*** RIVER *** [5c Kd Ah 7d] [4s]
Gerg499: checks 
Mahu2021: checks 
*** SHOW DOWN ***
Gerg499: shows [Kc Qd] (a pair of Kings)
Mahu2021: shows [Tc Ac] (a pair of Aces)
Mahu2021 collected 280 from pot
*** SUMMARY ***
Total pot 280 | Rake 0 
Board [5c Kd Ah 7d 4s]
Seat 1: Gerg499 (small blind) showed [Kc Qd] and lost with a pair of Kings
Seat 2: Mahu2021 (big blind) showed [Tc Ac] and won (280) with a pair of Aces
Seat 3: 1Yoda970 (button) folded on the Flop



PokerStars Hand #243041745075: Tournament #3576355702, $0.92+$0.08 USD Hold'em No Limit - Level I (10/20) - 2023/04/12 12:24:58 CET [2023/04/12 6:24:58 ET]
Table '3576355702 1' 3-max Seat #1 is the button
Seat 1: Gerg499 (360 in chips) 
Seat 2: Mahu2021 (650 in chips) 
Seat 3: 1Yoda970 (490 in chips) 
Mahu2021: posts small blind 10
1Yoda970: posts big blind 20
*** HOLE CARDS ***
Dealt to Mahu2021 [7c 9d]
Gerg499: folds 
Mahu2021: calls 10
1Yoda970: checks 
*** FLOP *** [3s 2s Qh]
Mahu2021: checks 
1Yoda970: checks 
*** TURN *** [3s 2s Qh] [Qd]
Mahu2021: bets 20
1Yoda970: calls 20
*** RIVER *** [3s 2s Qh Qd] [3h]
Mahu2021: checks 
1Yoda970: bets 80
Mahu2021: folds 
Uncalled bet (80) returned to 1Yoda970
1Yoda970 collected 80 from pot
1Yoda970: doesn't show hand 
*** SUMMARY ***
Total pot 80 | Rake 0 
Board [3s 2s Qh Qd 3h]
Seat 1: Gerg499 (button) folded before Flop (didn't bet)
Seat 2: Mahu2021 (small blind) folded on the River
Seat 3: 1Yoda970 (big blind) collected (80)



PokerStars Hand #243041748666: Tournament #3576355702, $0.92+$0.08 USD Hold'em No Limit - Level I (10/20) - 2023/04/12 12:25:20 CET [2023/04/12 6:25:20 ET]
Table '3576355702 1' 3-max Seat #2 is the button
Seat 1: Gerg499 (360 in chips) 
Seat 2: Mahu2021 (610 in chips) 
Seat 3: 1Yoda970 (530 in chips) 
1Yoda970: posts small blind 10
Gerg499: posts big blind 20
*** HOLE CARDS ***
Dealt to Mahu2021 [Ah 8h]
Mahu2021: raises 20 to 40
1Yoda970: calls 30
Gerg499: calls 20
*** FLOP *** [Js 5d Kc]
1Yoda970: checks 
Gerg499: checks 
Mahu2021: checks 
*** TURN *** [Js 5d Kc] [3h]
1Yoda970: bets 20
Gerg499: folds 
Mahu2021: folds 
Uncalled bet (20) returned to 1Yoda970
1Yoda970 collected 120 from pot
1Yoda970: doesn't show hand 
*** SUMMARY ***
Total pot 120 | Rake 0 
Board [Js 5d Kc 3h]
Seat 1: Gerg499 (big blind) folded on the Turn
Seat 2: Mahu2021 (button) folded on the Turn
Seat 3: 1Yoda970 (small blind) collected (120)



PokerStars Hand #243041751702: Tournament #3576355702, $0.92+$0.08 USD Hold'em No Limit - Level I (10/20) - 2023/04/12 12:25:39 CET [2023/04/12 6:25:39 ET]
Table '3576355702 1' 3-max Seat #3 is the button
Seat 1: Gerg499 (320 in chips) 
Seat 2: Mahu2021 (570 in chips) 
Seat 3: 1Yoda970 (610 in chips) 
Gerg499: posts small blind 10
Mahu2021: posts big blind 20
*** HOLE CARDS ***
Dealt to Mahu2021 [Jc 9d]
1Yoda970: folds 
Gerg499: raises 300 to 320 and is all-in
Mahu2021: folds 
Uncalled bet (300) returned to Gerg499
Gerg499 collected 40 from pot
*** SUMMARY ***
Total pot 40 | Rake 0 
Seat 1: Gerg499 (small blind) collected (40)
Seat 2: Mahu2021 (big blind) folded before Flop
Seat 3: 1Yoda970 (button) folded before Flop (didn't bet)



PokerStars Hand #243041753212: Tournament #3576355702, $0.92+$0.08 USD Hold'em No Limit - Level I (10/20) - 2023/04/12 12:25:48 CET [2023/04/12 6:25:48 ET]
Table '3576355702 1' 3-max Seat #1 is the button
Seat 1: Gerg499 (340 in chips) 
Seat 2: Mahu2021 (550 in chips) 
Seat 3: 1Yoda970 (610 in chips) 
Mahu2021: posts small blind 10
1Yoda970: posts big blind 20
*** HOLE CARDS ***
Dealt to Mahu2021 [8s 6c]
Gerg499: folds 
Mahu2021: folds 
Uncalled bet (10) returned to 1Yoda970
1Yoda970 collected 20 from pot
1Yoda970: doesn't show hand 
*** SUMMARY ***
Total pot 20 | Rake 0 
Seat 1: Gerg499 (button) folded before Flop (didn't bet)
Seat 2: Mahu2021 (small blind) folded before Flop
Seat 3: 1Yoda970 (big blind) collected (20)



PokerStars Hand #243041754569: Tournament #3576355702, $0.92+$0.08 USD Hold'em No Limit - Level I (10/20) - 2023/04/12 12:25:56 CET [2023/04/12 6:25:56 ET]
Table '3576355702 1' 3-max Seat #2 is the button
Seat 1: Gerg499 (340 in chips) 
Seat 2: Mahu2021 (540 in chips) 
Seat 3: 1Yoda970 (620 in chips) 
1Yoda970: posts small blind 10
Gerg499: posts big blind 20
*** HOLE CARDS ***
Dealt to Mahu2021 [3c Kd]
Mahu2021: folds 
1Yoda970: calls 10
Gerg499: checks 
*** FLOP *** [Td 5s Qh]
1Yoda970: bets 20
Gerg499: folds 
Uncalled bet (20) returned to 1Yoda970
1Yoda970 collected 40 from pot
1Yoda970: doesn't show hand 
*** SUMMARY ***
Total pot 40 | Rake 0 
Board [Td 5s Qh]
Seat 1: Gerg499 (big blind) folded on the Flop
Seat 2: Mahu2021 (button) folded before Flop (didn't bet)
Seat 3: 1Yoda970 (small blind) collected (40)



PokerStars Hand #243041756382: Tournament #3576355702, $0.92+$0.08 USD Hold'em No Limit - Level I (10/20) - 2023/04/12 12:26:07 CET [2023/04/12 6:26:07 ET]
Table '3576355702 1' 3-max Seat #3 is the button
Seat 1: Gerg499 (320 in chips) 
Seat 2: Mahu2021 (540 in chips) 
Seat 3: 1Yoda970 (640 in chips) 
Gerg499: posts small blind 10
Mahu2021: posts big blind 20
*** HOLE CARDS ***
Dealt to Mahu2021 [6c 6h]
1Yoda970: raises 20 to 40
Gerg499: calls 30
Mahu2021: raises 500 to 540 and is all-in
1Yoda970: folds 
Gerg499: calls 280 and is all-in
Uncalled bet (220) returned to Mahu2021
*** FLOP *** [Ad 5d Qh]
*** TURN *** [Ad 5d Qh] [3s]
*** RIVER *** [Ad 5d Qh 3s] [9d]
*** SHOW DOWN ***
Gerg499: shows [Ts Js] (high card Ace)
Mahu2021: shows [6c 6h] (a pair of Sixes)
Mahu2021 collected 680 from pot
Gerg499 finished the tournament in 3rd place
*** SUMMARY ***
Total pot 680 | Rake 0 
Board [Ad 5d Qh 3s 9d]
Seat 1: Gerg499 (small blind) showed [Ts Js] and lost with high card Ace
Seat 2: Mahu2021 (big blind) showed [6c 6h] and won (680) with a pair of Sixes
Seat 3: 1Yoda970 (button) folded before Flop



PokerStars Hand #243041760813: Tournament #3576355702, $0.92+$0.08 USD Hold'em No Limit - Level I (10/20) - 2023/04/12 12:26:34 CET [2023/04/12 6:26:34 ET]
Table '3576355702 1' 3-max Seat #2 is the button
Seat 2: Mahu2021 (900 in chips) 
Seat 3: 1Yoda970 (600 in chips) 
Mahu2021: posts small blind 10
1Yoda970: posts big blind 20
*** HOLE CARDS ***
Dealt to Mahu2021 [Qc 9s]
Mahu2021: calls 10
1Yoda970: checks 
*** FLOP *** [Qh 3h 5h]
1Yoda970: bets 20
Mahu2021: calls 20
*** TURN *** [Qh 3h 5h] [8s]
1Yoda970: bets 20
Mahu2021: calls 20
*** RIVER *** [Qh 3h 5h 8s] [Qs]
1Yoda970: bets 20
Mahu2021: raises 60 to 80
1Yoda970: calls 60
*** SHOW DOWN ***
Mahu2021: shows [Qc 9s] (three of a kind, Queens)
1Yoda970: mucks hand 
Mahu2021 collected 280 from pot
*** SUMMARY ***
Total pot 280 | Rake 0 
Board [Qh 3h 5h 8s Qs]
Seat 2: Mahu2021 (button) (small blind) showed [Qc 9s] and won (280) with three of a kind, Queens
Seat 3: 1Yoda970 (big blind) mucked [8h Ks]



PokerStars Hand #243041763927: Tournament #3576355702, $0.92+$0.08 USD Hold'em No Limit - Level I (10/20) - 2023/04/12 12:26:53 CET [2023/04/12 6:26:53 ET]
Table '3576355702 1' 3-max Seat #3 is the button
Seat 2: Mahu2021 (1040 in chips) 
Seat 3: 1Yoda970 (460 in chips) 
1Yoda970: posts small blind 10
Mahu2021: posts big blind 20
*** HOLE CARDS ***
Dealt to Mahu2021 [8d As]
1Yoda970: folds 
Uncalled bet (10) returned to Mahu2021
Mahu2021 collected 20 from pot
Mahu2021: doesn't show hand 
*** SUMMARY ***
Total pot 20 | Rake 0 
Seat 2: Mahu2021 (big blind) collected (20)
Seat 3: 1Yoda970 (button) (small blind) folded before Flop



PokerStars Hand #243041764673: Tournament #3576355702, $0.92+$0.08 USD Hold'em No Limit - Level I (10/20) - 2023/04/12 12:26:58 CET [2023/04/12 6:26:58 ET]
Table '3576355702 1' 3-max Seat #2 is the button
Seat 2: Mahu2021 (1050 in chips) 
Seat 3: 1Yoda970 (450 in chips) 
Mahu2021: posts small blind 10
1Yoda970: posts big blind 20
*** HOLE CARDS ***
Dealt to Mahu2021 [Th Jh]
Mahu2021: raises 20 to 40
1Yoda970: calls 20
*** FLOP *** [8h As Ts]
1Yoda970: bets 20
Mahu2021: calls 20
*** TURN *** [8h As Ts] [4s]
1Yoda970: bets 20
Mahu2021: calls 20
*** RIVER *** [8h As Ts 4s] [Tc]
1Yoda970: checks 
Mahu2021: bets 80
1Yoda970: folds 
Uncalled bet (80) returned to Mahu2021
Mahu2021 collected 160 from pot
Mahu2021: doesn't show hand 
*** SUMMARY ***
Total pot 160 | Rake 0 
Board [8h As Ts 4s Tc]
Seat 2: Mahu2021 (button) (small blind) collected (160)
Seat 3: 1Yoda970 (big blind) folded on the River



PokerStars Hand #243041769649: Tournament #3576355702, $0.92+$0.08 USD Hold'em No Limit - Level II (15/30) - 2023/04/12 12:27:27 CET [2023/04/12 6:27:27 ET]
Table '3576355702 1' 3-max Seat #3 is the button
Seat 2: Mahu2021 (1130 in chips) 
Seat 3: 1Yoda970 (370 in chips) 
1Yoda970: posts small blind 15
Mahu2021: posts big blind 30
*** HOLE CARDS ***
Dealt to Mahu2021 [2h 3s]
1Yoda970: calls 15
Mahu2021: checks 
*** FLOP *** [8h 3c 5s]
Mahu2021: checks 
1Yoda970: bets 30
Mahu2021: calls 30
*** TURN *** [8h 3c 5s] [2s]
Mahu2021: checks 
1Yoda970: checks 
*** RIVER *** [8h 3c 5s 2s] [Ah]
Mahu2021: bets 120
1Yoda970: folds [3d]
Uncalled bet (120) returned to Mahu2021
Mahu2021 collected 120 from pot
Mahu2021: doesn't show hand 
*** SUMMARY ***
Total pot 120 | Rake 0 
Board [8h 3c 5s 2s Ah]
Seat 2: Mahu2021 (big blind) collected (120)
Seat 3: 1Yoda970 (button) (small blind) folded on the River



PokerStars Hand #243041772788: Tournament #3576355702, $0.92+$0.08 USD Hold'em No Limit - Level II (15/30) - 2023/04/12 12:27:46 CET [2023/04/12 6:27:46 ET]
Table '3576355702 1' 3-max Seat #2 is the button
Seat 2: Mahu2021 (1190 in chips) 
Seat 3: 1Yoda970 (310 in chips) 
Mahu2021: posts small blind 15
1Yoda970: posts big blind 30
*** HOLE CARDS ***
Dealt to Mahu2021 [8h Kh]
Mahu2021: raises 30 to 60
1Yoda970: calls 30
*** FLOP *** [5h 5d 6h]
1Yoda970: checks 
Mahu2021: bets 120
1Yoda970: folds 
Uncalled bet (120) returned to Mahu2021
Mahu2021 collected 120 from pot
Mahu2021: doesn't show hand 
*** SUMMARY ***
Total pot 120 | Rake 0 
Board [5h 5d 6h]
Seat 2: Mahu2021 (button) (small blind) collected (120)
Seat 3: 1Yoda970 (big blind) folded on the Flop



PokerStars Hand #243041775311: Tournament #3576355702, $0.92+$0.08 USD Hold'em No Limit - Level II (15/30) - 2023/04/12 12:28:02 CET [2023/04/12 6:28:02 ET]
Table '3576355702 1' 3-max Seat #3 is the button
Seat 2: Mahu2021 (1250 in chips) 
Seat 3: 1Yoda970 (250 in chips) 
1Yoda970: posts small blind 15
Mahu2021: posts big blind 30
*** HOLE CARDS ***
Dealt to Mahu2021 [Td Ad]
1Yoda970: calls 15
Mahu2021: raises 1220 to 1250 and is all-in
1Yoda970: calls 220 and is all-in
Uncalled bet (1000) returned to Mahu2021
*** FLOP *** [Th 4d 9c]
*** TURN *** [Th 4d 9c] [7d]
*** RIVER *** [Th 4d 9c 7d] [Tc]
*** SHOW DOWN ***
Mahu2021: shows [Td Ad] (three of a kind, Tens)
1Yoda970: shows [Jc Ks] (a pair of Tens)
Mahu2021 collected 500 from pot
1Yoda970 finished the tournament in 2nd place
Mahu2021 wins the tournament and receives $3.00 - congratulations!
*** SUMMARY ***
Total pot 500 | Rake 0 
Board [Th 4d 9c 7d Tc]
Seat 2: Mahu2021 (big blind) showed [Td Ad] and won (500) with three of a kind, Tens
Seat 3: 1Yoda970 (button) (small blind) showed [Jc Ks] and lost with a pair of Tens



