PokerStars Hand #252758130496: Tournament #3807966084, $1.84+$0.16 USD Hold'em No Limit - Level I (10/20) - 2024/10/04 9:57:38 CET [2024/10/04 3:57:38 ET]
Table '3807966084 1' 3-max Seat #1 is the button
Seat 1: JakeStenhouse (500 in chips) 
Seat 2: Mahu2021 (500 in chips) 
Seat 3: Dimasic2222 (500 in chips) 
Mahu2021: posts small blind 10
Dimasic2222: posts big blind 20
*** HOLE CARDS ***
Dealt to Mahu2021 [9s 3d]
JakeStenhouse: raises 20 to 40
Mahu2021: folds 
Dimasic2222: calls 20
*** FLOP *** [9h 5s Qs]
Dimasic2222: checks 
JakeStenhouse: bets 40
Dimasic2222: folds 
Uncalled bet (40) returned to JakeStenhouse
JakeStenhouse collected 90 from pot
*** SUMMARY ***
Total pot 90 | Rake 0 
Board [9h 5s Qs]
Seat 1: JakeStenhouse (button) collected (90)
Seat 2: Mahu2021 (small blind) folded before Flop
Seat 3: Dimasic2222 (big blind) folded on the Flop



PokerStars Hand #252758131959: Tournament #3807966084, $1.84+$0.16 USD Hold'em No Limit - Level I (10/20) - 2024/10/04 9:57:54 CET [2024/10/04 3:57:54 ET]
Table '3807966084 1' 3-max Seat #2 is the button
Seat 1: JakeStenhouse (550 in chips) 
Seat 2: Mahu2021 (490 in chips) 
Seat 3: Dimasic2222 (460 in chips) 
Dimasic2222: posts small blind 10
JakeStenhouse: posts big blind 20
*** HOLE CARDS ***
Dealt to Mahu2021 [8d 4s]
Mahu2021: folds 
Dimasic2222: folds 
Uncalled bet (10) returned to JakeStenhouse
JakeStenhouse collected 20 from pot
*** SUMMARY ***
Total pot 20 | Rake 0 
Seat 1: JakeStenhouse (big blind) collected (20)
Seat 2: Mahu2021 (button) folded before Flop (didn't bet)
Seat 3: Dimasic2222 (small blind) folded before Flop



PokerStars Hand #252758132469: Tournament #3807966084, $1.84+$0.16 USD Hold'em No Limit - Level I (10/20) - 2024/10/04 9:58:00 CET [2024/10/04 3:58:00 ET]
Table '3807966084 1' 3-max Seat #3 is the button
Seat 1: JakeStenhouse (560 in chips) 
Seat 2: Mahu2021 (490 in chips) 
Seat 3: Dimasic2222 (450 in chips) 
JakeStenhouse: posts small blind 10
Mahu2021: posts big blind 20
*** HOLE CARDS ***
Dealt to Mahu2021 [9s 6s]
Dimasic2222: folds 
JakeStenhouse: calls 10
Mahu2021: checks 
*** FLOP *** [8c 3d Ad]
JakeStenhouse: checks 
Mahu2021: checks 
*** TURN *** [8c 3d Ad] [2d]
JakeStenhouse: bets 20
Mahu2021: folds 
Uncalled bet (20) returned to JakeStenhouse
JakeStenhouse collected 40 from pot
*** SUMMARY ***
Total pot 40 | Rake 0 
Board [8c 3d Ad 2d]
Seat 1: JakeStenhouse (small blind) collected (40)
Seat 2: Mahu2021 (big blind) folded on the Turn
Seat 3: Dimasic2222 (button) folded before Flop (didn't bet)



PokerStars Hand #252758133776: Tournament #3807966084, $1.84+$0.16 USD Hold'em No Limit - Level I (10/20) - 2024/10/04 9:58:14 CET [2024/10/04 3:58:14 ET]
Table '3807966084 1' 3-max Seat #1 is the button
Seat 1: JakeStenhouse (580 in chips) 
Seat 2: Mahu2021 (470 in chips) 
Seat 3: Dimasic2222 (450 in chips) 
Mahu2021: posts small blind 10
Dimasic2222: posts big blind 20
*** HOLE CARDS ***
Dealt to Mahu2021 [2d 8s]
JakeStenhouse: raises 20 to 40
Mahu2021: folds 
Dimasic2222: calls 20
*** FLOP *** [5d 4c Kc]
Dimasic2222: checks 
JakeStenhouse: bets 40
Dimasic2222: calls 40
*** TURN *** [5d 4c Kc] [Ts]
Dimasic2222: checks 
JakeStenhouse: checks 
*** RIVER *** [5d 4c Kc Ts] [9c]
Dimasic2222: checks 
JakeStenhouse: bets 100
Dimasic2222: folds 
Uncalled bet (100) returned to JakeStenhouse
JakeStenhouse collected 170 from pot
*** SUMMARY ***
Total pot 170 | Rake 0 
Board [5d 4c Kc Ts 9c]
Seat 1: JakeStenhouse (button) collected (170)
Seat 2: Mahu2021 (small blind) folded before Flop
Seat 3: Dimasic2222 (big blind) folded on the River



PokerStars Hand #252758136610: Tournament #3807966084, $1.84+$0.16 USD Hold'em No Limit - Level I (10/20) - 2024/10/04 9:58:46 CET [2024/10/04 3:58:46 ET]
Table '3807966084 1' 3-max Seat #2 is the button
Seat 1: JakeStenhouse (670 in chips) 
Seat 2: Mahu2021 (460 in chips) 
Seat 3: Dimasic2222 (370 in chips) 
Dimasic2222: posts small blind 10
JakeStenhouse: posts big blind 20
*** HOLE CARDS ***
Dealt to Mahu2021 [5c 5s]
Mahu2021: raises 20 to 40
Dimasic2222: folds 
JakeStenhouse: calls 20
*** FLOP *** [8s 7h 9s]
JakeStenhouse: checks 
Mahu2021: bets 40
JakeStenhouse: calls 40
*** TURN *** [8s 7h 9s] [7s]
JakeStenhouse: checks 
Mahu2021: bets 40
JakeStenhouse: calls 40
*** RIVER *** [8s 7h 9s 7s] [Ts]
JakeStenhouse: checks 
Mahu2021: bets 340 and is all-in
JakeStenhouse: calls 340
*** SHOW DOWN ***
Mahu2021: shows [5c 5s] (a flush, Ten high)
JakeStenhouse: shows [Js 9h] (a straight flush, Seven to Jack)
JakeStenhouse collected 930 from pot
Mahu2021 finished the tournament in 3rd place
*** SUMMARY ***
Total pot 930 | Rake 0 
Board [8s 7h 9s 7s Ts]
Seat 1: JakeStenhouse (big blind) showed [Js 9h] and won (930) with a straight flush, Seven to Jack
Seat 2: Mahu2021 (button) showed [5c 5s] and lost with a flush, Ten high
Seat 3: Dimasic2222 (small blind) folded before Flop



