PokerStars Hand #253201107783: Tournament #3818826775, $1.84+$0.16 USD Hold'em No Limit - Level I (10/20) - 2024/11/01 15:09:11 CET [2024/11/01 10:09:11 ET]
Table '3818826775 1' 3-max Seat #1 is the button
Seat 1: bubonik90 (500 in chips) 
Seat 2: Mahu2021 (500 in chips) 
Seat 3: shug1265 (500 in chips) 
Mahu2021: posts small blind 10
shug1265: posts big blind 20
*** HOLE CARDS ***
Dealt to Mahu2021 [Jc 2c]
bubonik90: folds 
Mahu2021: raises 20 to 40
shug1265: calls 20
*** FLOP *** [6d 2s Jd]
Mahu2021: checks 
shug1265: bets 30
Mahu2021: calls 30
*** TURN *** [6d 2s Jd] [5s]
Mahu2021: checks 
shug1265: bets 73
Mahu2021: calls 73
*** RIVER *** [6d 2s Jd 5s] [4s]
Mahu2021: checks 
shug1265: bets 109
Mahu2021: calls 109
*** SHOW DOWN ***
shug1265: shows [6c 4d] (two pair, Sixes and Fours)
Mahu2021: shows [Jc 2c] (two pair, Jacks and Deuces)
Mahu2021 collected 504 from pot
*** SUMMARY ***
Total pot 504 | Rake 0 
Board [6d 2s Jd 5s 4s]
Seat 1: bubonik90 (button) folded before Flop (didn't bet)
Seat 2: Mahu2021 (small blind) showed [Jc 2c] and won (504) with two pair, Jacks and Deuces
Seat 3: shug1265 (big blind) showed [6c 4d] and lost with two pair, Sixes and Fours



PokerStars Hand #253201112155: Tournament #3818826775, $1.84+$0.16 USD Hold'em No Limit - Level I (10/20) - 2024/11/01 15:09:35 CET [2024/11/01 10:09:35 ET]
Table '3818826775 1' 3-max Seat #2 is the button
Seat 1: bubonik90 (500 in chips) 
Seat 2: Mahu2021 (752 in chips) 
Seat 3: shug1265 (248 in chips) 
shug1265: posts small blind 10
bubonik90: posts big blind 20
*** HOLE CARDS ***
Dealt to Mahu2021 [Kc 6h]
Mahu2021: calls 20
shug1265: folds 
bubonik90: checks 
*** FLOP *** [Tc As 5c]
bubonik90: checks 
Mahu2021: bets 20
bubonik90: folds 
Uncalled bet (20) returned to Mahu2021
Mahu2021 collected 50 from pot
Mahu2021: doesn't show hand 
*** SUMMARY ***
Total pot 50 | Rake 0 
Board [Tc As 5c]
Seat 1: bubonik90 (big blind) folded on the Flop
Seat 2: Mahu2021 (button) collected (50)
Seat 3: shug1265 (small blind) folded before Flop



PokerStars Hand #253201114275: Tournament #3818826775, $1.84+$0.16 USD Hold'em No Limit - Level I (10/20) - 2024/11/01 15:09:47 CET [2024/11/01 10:09:47 ET]
Table '3818826775 1' 3-max Seat #3 is the button
Seat 1: bubonik90 (480 in chips) 
Seat 2: Mahu2021 (782 in chips) 
Seat 3: shug1265 (238 in chips) 
bubonik90: posts small blind 10
Mahu2021: posts big blind 20
*** HOLE CARDS ***
Dealt to Mahu2021 [7s Js]
shug1265: folds 
bubonik90: raises 30 to 50
Mahu2021: calls 30
*** FLOP *** [6d 3s 7d]
bubonik90: checks 
Mahu2021: bets 732 and is all-in
bubonik90: folds 
Uncalled bet (732) returned to Mahu2021
Mahu2021 collected 100 from pot
Mahu2021: doesn't show hand 
*** SUMMARY ***
Total pot 100 | Rake 0 
Board [6d 3s 7d]
Seat 1: bubonik90 (small blind) folded on the Flop
Seat 2: Mahu2021 (big blind) collected (100)
Seat 3: shug1265 (button) folded before Flop (didn't bet)



PokerStars Hand #253201116660: Tournament #3818826775, $1.84+$0.16 USD Hold'em No Limit - Level I (10/20) - 2024/11/01 15:09:59 CET [2024/11/01 10:09:59 ET]
Table '3818826775 1' 3-max Seat #1 is the button
Seat 1: bubonik90 (430 in chips) 
Seat 2: Mahu2021 (832 in chips) 
Seat 3: shug1265 (238 in chips) 
Mahu2021: posts small blind 10
shug1265: posts big blind 20
*** HOLE CARDS ***
Dealt to Mahu2021 [Kc 9s]
bubonik90: folds 
Mahu2021: calls 10
shug1265: checks 
*** FLOP *** [5h 7s 4c]
Mahu2021: checks 
shug1265: bets 24
Mahu2021: folds 
Uncalled bet (24) returned to shug1265
shug1265 collected 40 from pot
shug1265: doesn't show hand 
*** SUMMARY ***
Total pot 40 | Rake 0 
Board [5h 7s 4c]
Seat 1: bubonik90 (button) folded before Flop (didn't bet)
Seat 2: Mahu2021 (small blind) folded on the Flop
Seat 3: shug1265 (big blind) collected (40)



PokerStars Hand #253201119118: Tournament #3818826775, $1.84+$0.16 USD Hold'em No Limit - Level I (10/20) - 2024/11/01 15:10:12 CET [2024/11/01 10:10:12 ET]
Table '3818826775 1' 3-max Seat #2 is the button
Seat 1: bubonik90 (430 in chips) 
Seat 2: Mahu2021 (812 in chips) 
Seat 3: shug1265 (258 in chips) 
shug1265: posts small blind 10
bubonik90: posts big blind 20
*** HOLE CARDS ***
Dealt to Mahu2021 [3c Ts]
Mahu2021: folds 
shug1265: raises 238 to 258 and is all-in
bubonik90: folds 
Uncalled bet (238) returned to shug1265
shug1265 collected 40 from pot
shug1265: doesn't show hand 
*** SUMMARY ***
Total pot 40 | Rake 0 
Seat 1: bubonik90 (big blind) folded before Flop
Seat 2: Mahu2021 (button) folded before Flop (didn't bet)
Seat 3: shug1265 (small blind) collected (40)



PokerStars Hand #253201120720: Tournament #3818826775, $1.84+$0.16 USD Hold'em No Limit - Level I (10/20) - 2024/11/01 15:10:21 CET [2024/11/01 10:10:21 ET]
Table '3818826775 1' 3-max Seat #3 is the button
Seat 1: bubonik90 (410 in chips) 
Seat 2: Mahu2021 (812 in chips) 
Seat 3: shug1265 (278 in chips) 
bubonik90: posts small blind 10
Mahu2021: posts big blind 20
*** HOLE CARDS ***
Dealt to Mahu2021 [9s Th]
shug1265: raises 20 to 40
bubonik90: folds 
Mahu2021: calls 20
*** FLOP *** [9c 9h 2c]
Mahu2021: checks 
shug1265: checks 
*** TURN *** [9c 9h 2c] [Jh]
Mahu2021: checks 
shug1265: checks 
*** RIVER *** [9c 9h 2c Jh] [6c]
Mahu2021: bets 90
shug1265: folds 
Uncalled bet (90) returned to Mahu2021
Mahu2021 collected 90 from pot
Mahu2021: doesn't show hand 
*** SUMMARY ***
Total pot 90 | Rake 0 
Board [9c 9h 2c Jh 6c]
Seat 1: bubonik90 (small blind) folded before Flop
Seat 2: Mahu2021 (big blind) collected (90)
Seat 3: shug1265 (button) folded on the River



PokerStars Hand #253201125504: Tournament #3818826775, $1.84+$0.16 USD Hold'em No Limit - Level I (10/20) - 2024/11/01 15:10:46 CET [2024/11/01 10:10:46 ET]
Table '3818826775 1' 3-max Seat #1 is the button
Seat 1: bubonik90 (400 in chips) 
Seat 2: Mahu2021 (862 in chips) 
Seat 3: shug1265 (238 in chips) 
Mahu2021: posts small blind 10
shug1265: posts big blind 20
*** HOLE CARDS ***
Dealt to Mahu2021 [Qc Ks]
bubonik90: folds 
Mahu2021: raises 20 to 40
shug1265: folds 
Uncalled bet (20) returned to Mahu2021
Mahu2021 collected 40 from pot
Mahu2021: doesn't show hand 
*** SUMMARY ***
Total pot 40 | Rake 0 
Seat 1: bubonik90 (button) folded before Flop (didn't bet)
Seat 2: Mahu2021 (small blind) collected (40)
Seat 3: shug1265 (big blind) folded before Flop



PokerStars Hand #253201126813: Tournament #3818826775, $1.84+$0.16 USD Hold'em No Limit - Level I (10/20) - 2024/11/01 15:10:53 CET [2024/11/01 10:10:53 ET]
Table '3818826775 1' 3-max Seat #2 is the button
Seat 1: bubonik90 (400 in chips) 
Seat 2: Mahu2021 (882 in chips) 
Seat 3: shug1265 (218 in chips) 
shug1265: posts small blind 10
bubonik90: posts big blind 20
*** HOLE CARDS ***
Dealt to Mahu2021 [5h 5c]
Mahu2021: raises 20 to 40
shug1265: raises 178 to 218 and is all-in
bubonik90: folds 
Mahu2021: calls 178
*** FLOP *** [6d 5s 2s]
*** TURN *** [6d 5s 2s] [Qs]
*** RIVER *** [6d 5s 2s Qs] [2d]
*** SHOW DOWN ***
shug1265: shows [2h As] (three of a kind, Deuces)
Mahu2021: shows [5h 5c] (a full house, Fives full of Deuces)
Mahu2021 collected 456 from pot
shug1265 finished the tournament in 3rd place
*** SUMMARY ***
Total pot 456 | Rake 0 
Board [6d 5s 2s Qs 2d]
Seat 1: bubonik90 (big blind) folded before Flop
Seat 2: Mahu2021 (button) showed [5h 5c] and won (456) with a full house, Fives full of Deuces
Seat 3: shug1265 (small blind) showed [2h As] and lost with three of a kind, Deuces



PokerStars Hand #253201130239: Tournament #3818826775, $1.84+$0.16 USD Hold'em No Limit - Level I (10/20) - 2024/11/01 15:11:12 CET [2024/11/01 10:11:12 ET]
Table '3818826775 1' 3-max Seat #1 is the button
Seat 1: bubonik90 (380 in chips) 
Seat 2: Mahu2021 (1120 in chips) 
bubonik90: posts small blind 10
Mahu2021: posts big blind 20
*** HOLE CARDS ***
Dealt to Mahu2021 [Kd 4d]
bubonik90: calls 10
Mahu2021: checks 
*** FLOP *** [2d 7d Ad]
Mahu2021: checks 
bubonik90: checks 
*** TURN *** [2d 7d Ad] [Qc]
Mahu2021: checks 
bubonik90: checks 
*** RIVER *** [2d 7d Ad Qc] [6c]
Mahu2021: bets 1100 and is all-in
bubonik90: folds 
Uncalled bet (1100) returned to Mahu2021
Mahu2021 collected 40 from pot
Mahu2021: doesn't show hand 
*** SUMMARY ***
Total pot 40 | Rake 0 
Board [2d 7d Ad Qc 6c]
Seat 1: bubonik90 (button) (small blind) folded on the River
Seat 2: Mahu2021 (big blind) collected (40)



PokerStars Hand #253201133053: Tournament #3818826775, $1.84+$0.16 USD Hold'em No Limit - Level I (10/20) - 2024/11/01 15:11:27 CET [2024/11/01 10:11:27 ET]
Table '3818826775 1' 3-max Seat #2 is the button
Seat 1: bubonik90 (360 in chips) 
Seat 2: Mahu2021 (1140 in chips) 
Mahu2021: posts small blind 10
bubonik90: posts big blind 20
*** HOLE CARDS ***
Dealt to Mahu2021 [Qs 7d]
Mahu2021: raises 20 to 40
bubonik90: calls 20
*** FLOP *** [Qd Jc 7s]
bubonik90: checks 
Mahu2021: checks 
*** TURN *** [Qd Jc 7s] [6c]
bubonik90: bets 52
Mahu2021: calls 52
*** RIVER *** [Qd Jc 7s 6c] [8h]
bubonik90: checks 
Mahu2021: bets 40
bubonik90: raises 228 to 268 and is all-in
Mahu2021: calls 228
*** SHOW DOWN ***
bubonik90: shows [Ts 9s] (a straight, Eight to Queen)
Mahu2021: shows [Qs 7d] (two pair, Queens and Sevens)
bubonik90 collected 720 from pot
*** SUMMARY ***
Total pot 720 | Rake 0 
Board [Qd Jc 7s 6c 8h]
Seat 1: bubonik90 (big blind) showed [Ts 9s] and won (720) with a straight, Eight to Queen
Seat 2: Mahu2021 (button) (small blind) showed [Qs 7d] and lost with two pair, Queens and Sevens



PokerStars Hand #253201136992: Tournament #3818826775, $1.84+$0.16 USD Hold'em No Limit - Level I (10/20) - 2024/11/01 15:11:48 CET [2024/11/01 10:11:48 ET]
Table '3818826775 1' 3-max Seat #1 is the button
Seat 1: bubonik90 (720 in chips) 
Seat 2: Mahu2021 (780 in chips) 
bubonik90: posts small blind 10
Mahu2021: posts big blind 20
*** HOLE CARDS ***
Dealt to Mahu2021 [Kh 8h]
bubonik90: calls 10
Mahu2021: raises 20 to 40
bubonik90: calls 20
*** FLOP *** [9c 9s 3d]
Mahu2021: checks 
bubonik90: checks 
*** TURN *** [9c 9s 3d] [Td]
Mahu2021: checks 
bubonik90: checks 
*** RIVER *** [9c 9s 3d Td] [Jc]
Mahu2021: checks 
bubonik90: checks 
*** SHOW DOWN ***
Mahu2021: shows [Kh 8h] (a pair of Nines)
bubonik90: mucks hand 
Mahu2021 collected 80 from pot
*** SUMMARY ***
Total pot 80 | Rake 0 
Board [9c 9s 3d Td Jc]
Seat 1: bubonik90 (button) (small blind) mucked [5h 7c]
Seat 2: Mahu2021 (big blind) showed [Kh 8h] and won (80) with a pair of Nines



PokerStars Hand #253201139902: Tournament #3818826775, $1.84+$0.16 USD Hold'em No Limit - Level I (10/20) - 2024/11/01 15:12:03 CET [2024/11/01 10:12:03 ET]
Table '3818826775 1' 3-max Seat #2 is the button
Seat 1: bubonik90 (680 in chips) 
Seat 2: Mahu2021 (820 in chips) 
Mahu2021: posts small blind 10
bubonik90: posts big blind 20
*** HOLE CARDS ***
Dealt to Mahu2021 [4c 2c]
Mahu2021: raises 20 to 40
bubonik90: calls 20
*** FLOP *** [3s 9h 8s]
bubonik90: checks 
Mahu2021: checks 
*** TURN *** [3s 9h 8s] [2h]
bubonik90: checks 
Mahu2021: checks 
*** RIVER *** [3s 9h 8s 2h] [Qd]
bubonik90: checks 
Mahu2021: checks 
*** SHOW DOWN ***
bubonik90: shows [8c Jh] (a pair of Eights)
Mahu2021: mucks hand 
bubonik90 collected 80 from pot
*** SUMMARY ***
Total pot 80 | Rake 0 
Board [3s 9h 8s 2h Qd]
Seat 1: bubonik90 (big blind) showed [8c Jh] and won (80) with a pair of Eights
Seat 2: Mahu2021 (button) (small blind) mucked [4c 2c]



PokerStars Hand #253201142653: Tournament #3818826775, $1.84+$0.16 USD Hold'em No Limit - Level II (15/30) - 2024/11/01 15:12:18 CET [2024/11/01 10:12:18 ET]
Table '3818826775 1' 3-max Seat #1 is the button
Seat 1: bubonik90 (720 in chips) 
Seat 2: Mahu2021 (780 in chips) 
bubonik90: posts small blind 15
Mahu2021: posts big blind 30
*** HOLE CARDS ***
Dealt to Mahu2021 [Kd 8c]
bubonik90: raises 30 to 60
Mahu2021: calls 30
*** FLOP *** [Qs 9h 3s]
Mahu2021: checks 
bubonik90: bets 41
Mahu2021: folds 
Uncalled bet (41) returned to bubonik90
bubonik90 collected 120 from pot
bubonik90: doesn't show hand 
*** SUMMARY ***
Total pot 120 | Rake 0 
Board [Qs 9h 3s]
Seat 1: bubonik90 (button) (small blind) collected (120)
Seat 2: Mahu2021 (big blind) folded on the Flop



PokerStars Hand #253201144426: Tournament #3818826775, $1.84+$0.16 USD Hold'em No Limit - Level II (15/30) - 2024/11/01 15:12:27 CET [2024/11/01 10:12:27 ET]
Table '3818826775 1' 3-max Seat #2 is the button
Seat 1: bubonik90 (780 in chips) 
Seat 2: Mahu2021 (720 in chips) 
Mahu2021: posts small blind 15
bubonik90: posts big blind 30
*** HOLE CARDS ***
Dealt to Mahu2021 [3c 8c]
Mahu2021: raises 30 to 60
bubonik90: raises 720 to 780 and is all-in
Mahu2021: folds 
Uncalled bet (720) returned to bubonik90
bubonik90 collected 120 from pot
bubonik90: doesn't show hand 
*** SUMMARY ***
Total pot 120 | Rake 0 
Seat 1: bubonik90 (big blind) collected (120)
Seat 2: Mahu2021 (button) (small blind) folded before Flop



PokerStars Hand #253201146092: Tournament #3818826775, $1.84+$0.16 USD Hold'em No Limit - Level II (15/30) - 2024/11/01 15:12:36 CET [2024/11/01 10:12:36 ET]
Table '3818826775 1' 3-max Seat #1 is the button
Seat 1: bubonik90 (840 in chips) 
Seat 2: Mahu2021 (660 in chips) 
bubonik90: posts small blind 15
Mahu2021: posts big blind 30
*** HOLE CARDS ***
Dealt to Mahu2021 [4d 4s]
bubonik90: calls 15
Mahu2021: checks 
*** FLOP *** [6s 8d Tc]
Mahu2021: checks 
bubonik90: bets 39
Mahu2021: calls 39
*** TURN *** [6s 8d Tc] [Ah]
Mahu2021: checks 
bubonik90: checks 
*** RIVER *** [6s 8d Tc Ah] [8h]
Mahu2021: bets 138
bubonik90: folds 
Uncalled bet (138) returned to Mahu2021
Mahu2021 collected 138 from pot
Mahu2021: doesn't show hand 
*** SUMMARY ***
Total pot 138 | Rake 0 
Board [6s 8d Tc Ah 8h]
Seat 1: bubonik90 (button) (small blind) folded on the River
Seat 2: Mahu2021 (big blind) collected (138)



PokerStars Hand #253201149025: Tournament #3818826775, $1.84+$0.16 USD Hold'em No Limit - Level II (15/30) - 2024/11/01 15:12:51 CET [2024/11/01 10:12:51 ET]
Table '3818826775 1' 3-max Seat #2 is the button
Seat 1: bubonik90 (771 in chips) 
Seat 2: Mahu2021 (729 in chips) 
Mahu2021: posts small blind 15
bubonik90: posts big blind 30
*** HOLE CARDS ***
Dealt to Mahu2021 [7s Ac]
Mahu2021: raises 30 to 60
bubonik90: raises 711 to 771 and is all-in
Mahu2021: folds 
Uncalled bet (711) returned to bubonik90
bubonik90 collected 120 from pot
bubonik90: doesn't show hand 
*** SUMMARY ***
Total pot 120 | Rake 0 
Seat 1: bubonik90 (big blind) collected (120)
Seat 2: Mahu2021 (button) (small blind) folded before Flop



PokerStars Hand #253201150369: Tournament #3818826775, $1.84+$0.16 USD Hold'em No Limit - Level II (15/30) - 2024/11/01 15:12:58 CET [2024/11/01 10:12:58 ET]
Table '3818826775 1' 3-max Seat #1 is the button
Seat 1: bubonik90 (831 in chips) 
Seat 2: Mahu2021 (669 in chips) 
bubonik90: posts small blind 15
Mahu2021: posts big blind 30
*** HOLE CARDS ***
Dealt to Mahu2021 [4d Ac]
bubonik90: folds 
Uncalled bet (15) returned to Mahu2021
Mahu2021 collected 30 from pot
Mahu2021: doesn't show hand 
*** SUMMARY ***
Total pot 30 | Rake 0 
Seat 1: bubonik90 (button) (small blind) folded before Flop
Seat 2: Mahu2021 (big blind) collected (30)



PokerStars Hand #253201151118: Tournament #3818826775, $1.84+$0.16 USD Hold'em No Limit - Level II (15/30) - 2024/11/01 15:13:02 CET [2024/11/01 10:13:02 ET]
Table '3818826775 1' 3-max Seat #2 is the button
Seat 1: bubonik90 (816 in chips) 
Seat 2: Mahu2021 (684 in chips) 
Mahu2021: posts small blind 15
bubonik90: posts big blind 30
*** HOLE CARDS ***
Dealt to Mahu2021 [Ks Jd]
Mahu2021: raises 30 to 60
bubonik90: raises 756 to 816 and is all-in
Mahu2021: calls 624 and is all-in
Uncalled bet (132) returned to bubonik90
*** FLOP *** [3h 7s 3s]
*** TURN *** [3h 7s 3s] [Kd]
*** RIVER *** [3h 7s 3s Kd] [Qs]
*** SHOW DOWN ***
bubonik90: shows [Ah Td] (a pair of Threes)
Mahu2021: shows [Ks Jd] (two pair, Kings and Threes)
Mahu2021 collected 1368 from pot
*** SUMMARY ***
Total pot 1368 | Rake 0 
Board [3h 7s 3s Kd Qs]
Seat 1: bubonik90 (big blind) showed [Ah Td] and lost with a pair of Threes
Seat 2: Mahu2021 (button) (small blind) showed [Ks Jd] and won (1368) with two pair, Kings and Threes



PokerStars Hand #253201153786: Tournament #3818826775, $1.84+$0.16 USD Hold'em No Limit - Level II (15/30) - 2024/11/01 15:13:16 CET [2024/11/01 10:13:16 ET]
Table '3818826775 1' 3-max Seat #1 is the button
Seat 1: bubonik90 (132 in chips) 
Seat 2: Mahu2021 (1368 in chips) 
bubonik90: posts small blind 15
Mahu2021: posts big blind 30
*** HOLE CARDS ***
Dealt to Mahu2021 [Kh 5d]
bubonik90: raises 102 to 132 and is all-in
Mahu2021: calls 102
*** FLOP *** [Ad Qc 2c]
*** TURN *** [Ad Qc 2c] [8c]
*** RIVER *** [Ad Qc 2c 8c] [3c]
*** SHOW DOWN ***
Mahu2021: shows [Kh 5d] (high card Ace)
bubonik90: shows [Ts Kd] (high card Ace - King+Queen+Ten kicker)
bubonik90 collected 264 from pot
*** SUMMARY ***
Total pot 264 | Rake 0 
Board [Ad Qc 2c 8c 3c]
Seat 1: bubonik90 (button) (small blind) showed [Ts Kd] and won (264) with high card Ace
Seat 2: Mahu2021 (big blind) showed [Kh 5d] and lost with high card Ace



PokerStars Hand #253201156013: Tournament #3818826775, $1.84+$0.16 USD Hold'em No Limit - Level II (15/30) - 2024/11/01 15:13:28 CET [2024/11/01 10:13:28 ET]
Table '3818826775 1' 3-max Seat #2 is the button
Seat 1: bubonik90 (264 in chips) 
Seat 2: Mahu2021 (1236 in chips) 
Mahu2021: posts small blind 15
bubonik90: posts big blind 30
*** HOLE CARDS ***
Dealt to Mahu2021 [8h Ad]
Mahu2021: raises 1206 to 1236 and is all-in
bubonik90: folds 
Uncalled bet (1206) returned to Mahu2021
Mahu2021 collected 60 from pot
Mahu2021: doesn't show hand 
*** SUMMARY ***
Total pot 60 | Rake 0 
Seat 1: bubonik90 (big blind) folded before Flop
Seat 2: Mahu2021 (button) (small blind) collected (60)



PokerStars Hand #253201157079: Tournament #3818826775, $1.84+$0.16 USD Hold'em No Limit - Level II (15/30) - 2024/11/01 15:13:34 CET [2024/11/01 10:13:34 ET]
Table '3818826775 1' 3-max Seat #1 is the button
Seat 1: bubonik90 (234 in chips) 
Seat 2: Mahu2021 (1266 in chips) 
bubonik90: posts small blind 15
Mahu2021: posts big blind 30
*** HOLE CARDS ***
Dealt to Mahu2021 [7d 5c]
bubonik90: raises 204 to 234 and is all-in
Mahu2021: folds 
Uncalled bet (204) returned to bubonik90
bubonik90 collected 60 from pot
bubonik90: doesn't show hand 
*** SUMMARY ***
Total pot 60 | Rake 0 
Seat 1: bubonik90 (button) (small blind) collected (60)
Seat 2: Mahu2021 (big blind) folded before Flop



PokerStars Hand #253201158418: Tournament #3818826775, $1.84+$0.16 USD Hold'em No Limit - Level II (15/30) - 2024/11/01 15:13:41 CET [2024/11/01 10:13:41 ET]
Table '3818826775 1' 3-max Seat #2 is the button
Seat 1: bubonik90 (264 in chips) 
Seat 2: Mahu2021 (1236 in chips) 
Mahu2021: posts small blind 15
bubonik90: posts big blind 30
*** HOLE CARDS ***
Dealt to Mahu2021 [8c Td]
Mahu2021: folds 
Uncalled bet (15) returned to bubonik90
bubonik90 collected 30 from pot
bubonik90: doesn't show hand 
*** SUMMARY ***
Total pot 30 | Rake 0 
Seat 1: bubonik90 (big blind) collected (30)
Seat 2: Mahu2021 (button) (small blind) folded before Flop



PokerStars Hand #253201159299: Tournament #3818826775, $1.84+$0.16 USD Hold'em No Limit - Level II (15/30) - 2024/11/01 15:13:45 CET [2024/11/01 10:13:45 ET]
Table '3818826775 1' 3-max Seat #1 is the button
Seat 1: bubonik90 (279 in chips) 
Seat 2: Mahu2021 (1221 in chips) 
bubonik90: posts small blind 15
Mahu2021: posts big blind 30
*** HOLE CARDS ***
Dealt to Mahu2021 [4h Jc]
bubonik90: calls 15
Mahu2021: checks 
*** FLOP *** [9h 7s Kd]
Mahu2021: checks 
bubonik90: checks 
*** TURN *** [9h 7s Kd] [Ks]
Mahu2021: checks 
bubonik90: bets 60
Mahu2021: raises 60 to 120
bubonik90: raises 129 to 249 and is all-in
Mahu2021: folds 
Uncalled bet (129) returned to bubonik90
bubonik90 collected 300 from pot
bubonik90: doesn't show hand 
*** SUMMARY ***
Total pot 300 | Rake 0 
Board [9h 7s Kd Ks]
Seat 1: bubonik90 (button) (small blind) collected (300)
Seat 2: Mahu2021 (big blind) folded on the Turn



PokerStars Hand #253201162108: Tournament #3818826775, $1.84+$0.16 USD Hold'em No Limit - Level II (15/30) - 2024/11/01 15:14:00 CET [2024/11/01 10:14:00 ET]
Table '3818826775 1' 3-max Seat #2 is the button
Seat 1: bubonik90 (429 in chips) 
Seat 2: Mahu2021 (1071 in chips) 
Mahu2021: posts small blind 15
bubonik90: posts big blind 30
*** HOLE CARDS ***
Dealt to Mahu2021 [9h Kd]
Mahu2021: raises 1041 to 1071 and is all-in
bubonik90: folds 
Uncalled bet (1041) returned to Mahu2021
Mahu2021 collected 60 from pot
Mahu2021: doesn't show hand 
*** SUMMARY ***
Total pot 60 | Rake 0 
Seat 1: bubonik90 (big blind) folded before Flop
Seat 2: Mahu2021 (button) (small blind) collected (60)



PokerStars Hand #253201163243: Tournament #3818826775, $1.84+$0.16 USD Hold'em No Limit - Level II (15/30) - 2024/11/01 15:14:06 CET [2024/11/01 10:14:06 ET]
Table '3818826775 1' 3-max Seat #1 is the button
Seat 1: bubonik90 (399 in chips) 
Seat 2: Mahu2021 (1101 in chips) 
bubonik90: posts small blind 15
Mahu2021: posts big blind 30
*** HOLE CARDS ***
Dealt to Mahu2021 [2c Th]
bubonik90: raises 369 to 399 and is all-in
Mahu2021: folds 
Uncalled bet (369) returned to bubonik90
bubonik90 collected 60 from pot
bubonik90: doesn't show hand 
*** SUMMARY ***
Total pot 60 | Rake 0 
Seat 1: bubonik90 (button) (small blind) collected (60)
Seat 2: Mahu2021 (big blind) folded before Flop



PokerStars Hand #253201164189: Tournament #3818826775, $1.84+$0.16 USD Hold'em No Limit - Level II (15/30) - 2024/11/01 15:14:11 CET [2024/11/01 10:14:11 ET]
Table '3818826775 1' 3-max Seat #2 is the button
Seat 1: bubonik90 (429 in chips) 
Seat 2: Mahu2021 (1071 in chips) 
Mahu2021: posts small blind 15
bubonik90: posts big blind 30
*** HOLE CARDS ***
Dealt to Mahu2021 [3c 6c]
Mahu2021: calls 15
bubonik90: raises 399 to 429 and is all-in
Mahu2021: folds 
Uncalled bet (399) returned to bubonik90
bubonik90 collected 60 from pot
bubonik90: doesn't show hand 
*** SUMMARY ***
Total pot 60 | Rake 0 
Seat 1: bubonik90 (big blind) collected (60)
Seat 2: Mahu2021 (button) (small blind) folded before Flop



PokerStars Hand #253201165396: Tournament #3818826775, $1.84+$0.16 USD Hold'em No Limit - Level II (15/30) - 2024/11/01 15:14:17 CET [2024/11/01 10:14:17 ET]
Table '3818826775 1' 3-max Seat #1 is the button
Seat 1: bubonik90 (459 in chips) 
Seat 2: Mahu2021 (1041 in chips) 
bubonik90: posts small blind 15
Mahu2021: posts big blind 30
*** HOLE CARDS ***
Dealt to Mahu2021 [6h 8c]
bubonik90: calls 15
Mahu2021: checks 
*** FLOP *** [6d 5d Ts]
Mahu2021: bets 30
bubonik90: calls 30
*** TURN *** [6d 5d Ts] [9h]
Mahu2021: bets 30
bubonik90: calls 30
*** RIVER *** [6d 5d Ts 9h] [8h]
Mahu2021: bets 30
bubonik90: raises 156 to 186
Mahu2021: calls 156
*** SHOW DOWN ***
bubonik90: shows [7c 4s] (a straight, Six to Ten)
Mahu2021: mucks hand 
bubonik90 collected 552 from pot
*** SUMMARY ***
Total pot 552 | Rake 0 
Board [6d 5d Ts 9h 8h]
Seat 1: bubonik90 (button) (small blind) showed [7c 4s] and won (552) with a straight, Six to Ten
Seat 2: Mahu2021 (big blind) mucked [6h 8c]



PokerStars Hand #253201168316: Tournament #3818826775, $1.84+$0.16 USD Hold'em No Limit - Level II (15/30) - 2024/11/01 15:14:33 CET [2024/11/01 10:14:33 ET]
Table '3818826775 1' 3-max Seat #2 is the button
Seat 1: bubonik90 (735 in chips) 
Seat 2: Mahu2021 (765 in chips) 
Mahu2021: posts small blind 15
bubonik90: posts big blind 30
*** HOLE CARDS ***
Dealt to Mahu2021 [2h Jh]
Mahu2021: calls 15
bubonik90: checks 
*** FLOP *** [5d 2c 6h]
bubonik90: checks 
Mahu2021: bets 30
bubonik90: calls 30
*** TURN *** [5d 2c 6h] [3s]
bubonik90: checks 
Mahu2021: checks 
*** RIVER *** [5d 2c 6h 3s] [7s]
bubonik90: checks 
Mahu2021: checks 
*** SHOW DOWN ***
bubonik90: shows [6c Qh] (a pair of Sixes)
Mahu2021: mucks hand 
bubonik90 collected 120 from pot
*** SUMMARY ***
Total pot 120 | Rake 0 
Board [5d 2c 6h 3s 7s]
Seat 1: bubonik90 (big blind) showed [6c Qh] and won (120) with a pair of Sixes
Seat 2: Mahu2021 (button) (small blind) mucked [2h Jh]



PokerStars Hand #253201171174: Tournament #3818826775, $1.84+$0.16 USD Hold'em No Limit - Level II (15/30) - 2024/11/01 15:14:48 CET [2024/11/01 10:14:48 ET]
Table '3818826775 1' 3-max Seat #1 is the button
Seat 1: bubonik90 (795 in chips) 
Seat 2: Mahu2021 (705 in chips) 
bubonik90: posts small blind 15
Mahu2021: posts big blind 30
*** HOLE CARDS ***
Dealt to Mahu2021 [3d Ah]
bubonik90: folds 
Uncalled bet (15) returned to Mahu2021
Mahu2021 collected 30 from pot
Mahu2021: doesn't show hand 
*** SUMMARY ***
Total pot 30 | Rake 0 
Seat 1: bubonik90 (button) (small blind) folded before Flop
Seat 2: Mahu2021 (big blind) collected (30)



PokerStars Hand #253201171830: Tournament #3818826775, $1.84+$0.16 USD Hold'em No Limit - Level II (15/30) - 2024/11/01 15:14:51 CET [2024/11/01 10:14:51 ET]
Table '3818826775 1' 3-max Seat #2 is the button
Seat 1: bubonik90 (780 in chips) 
Seat 2: Mahu2021 (720 in chips) 
Mahu2021: posts small blind 15
bubonik90: posts big blind 30
*** HOLE CARDS ***
Dealt to Mahu2021 [9c 2d]
Mahu2021: folds 
Uncalled bet (15) returned to bubonik90
bubonik90 collected 30 from pot
bubonik90: doesn't show hand 
*** SUMMARY ***
Total pot 30 | Rake 0 
Seat 1: bubonik90 (big blind) collected (30)
Seat 2: Mahu2021 (button) (small blind) folded before Flop



PokerStars Hand #253201172632: Tournament #3818826775, $1.84+$0.16 USD Hold'em No Limit - Level II (15/30) - 2024/11/01 15:14:56 CET [2024/11/01 10:14:56 ET]
Table '3818826775 1' 3-max Seat #1 is the button
Seat 1: bubonik90 (795 in chips) 
Seat 2: Mahu2021 (705 in chips) 
bubonik90: posts small blind 15
Mahu2021: posts big blind 30
*** HOLE CARDS ***
Dealt to Mahu2021 [3c 8h]
bubonik90: calls 15
Mahu2021: checks 
*** FLOP *** [3s 4d Kc]
Mahu2021: bets 30
bubonik90: calls 30
*** TURN *** [3s 4d Kc] [9c]
Mahu2021: checks 
bubonik90: bets 78
Mahu2021: folds 
Uncalled bet (78) returned to bubonik90
bubonik90 collected 120 from pot
bubonik90: doesn't show hand 
*** SUMMARY ***
Total pot 120 | Rake 0 
Board [3s 4d Kc 9c]
Seat 1: bubonik90 (button) (small blind) collected (120)
Seat 2: Mahu2021 (big blind) folded on the Turn



PokerStars Hand #253201175096: Tournament #3818826775, $1.84+$0.16 USD Hold'em No Limit - Level II (15/30) - 2024/11/01 15:15:08 CET [2024/11/01 10:15:08 ET]
Table '3818826775 1' 3-max Seat #2 is the button
Seat 1: bubonik90 (855 in chips) 
Seat 2: Mahu2021 (645 in chips) 
Mahu2021: posts small blind 15
bubonik90: posts big blind 30
*** HOLE CARDS ***
Dealt to Mahu2021 [7s Js]
Mahu2021: raises 30 to 60
bubonik90: calls 30
*** FLOP *** [8d 4h Kc]
bubonik90: checks 
Mahu2021: bets 60
bubonik90: calls 60
*** TURN *** [8d 4h Kc] [6h]
bubonik90: checks 
Mahu2021: bets 525 and is all-in
bubonik90: calls 525
*** RIVER *** [8d 4h Kc 6h] [6s]
*** SHOW DOWN ***
bubonik90: shows [8h 6c] (a full house, Sixes full of Eights)
Mahu2021: shows [7s Js] (a pair of Sixes)
bubonik90 collected 1290 from pot
Mahu2021 finished the tournament in 2nd place
bubonik90 wins the tournament and receives $10.00 - congratulations!
*** SUMMARY ***
Total pot 1290 | Rake 0 
Board [8d 4h Kc 6h 6s]
Seat 1: bubonik90 (big blind) showed [8h 6c] and won (1290) with a full house, Sixes full of Eights
Seat 2: Mahu2021 (button) (small blind) showed [7s Js] and lost with a pair of Sixes



