PokerStars Hand #243265483769: Tournament #3581503432, $0.92+$0.08 USD Hold'em No Limit - Level I (10/20) - 2023/04/23 13:08:27 CET [2023/04/23 7:08:27 ET]
Table '3581503432 1' 3-max Seat #1 is the button
Seat 1: Mahu2021 (500 in chips) 
Seat 2: KatySmelly (500 in chips) 
Seat 3: Allen551 (500 in chips) 
KatySmelly: posts small blind 10
Allen551: posts big blind 20
*** HOLE CARDS ***
Dealt to Mahu2021 [Js 3s]
Mahu2021: folds 
KatySmelly: folds 
Uncalled bet (10) returned to Allen551
Allen551 collected 20 from pot
Allen551: doesn't show hand 
*** SUMMARY ***
Total pot 20 | Rake 0 
Seat 1: Mahu2021 (button) folded before Flop (didn't bet)
Seat 2: KatySmelly (small blind) folded before Flop
Seat 3: Allen551 (big blind) collected (20)



PokerStars Hand #243265485927: Tournament #3581503432, $0.92+$0.08 USD Hold'em No Limit - Level I (10/20) - 2023/04/23 13:08:39 CET [2023/04/23 7:08:39 ET]
Table '3581503432 1' 3-max Seat #2 is the button
Seat 1: Mahu2021 (500 in chips) 
Seat 2: KatySmelly (490 in chips) 
Seat 3: Allen551 (510 in chips) 
Allen551: posts small blind 10
Mahu2021: posts big blind 20
*** HOLE CARDS ***
Dealt to Mahu2021 [5d Qs]
KatySmelly: raises 20 to 40
Allen551: raises 20 to 60
Mahu2021: folds 
KatySmelly: folds 
Uncalled bet (20) returned to Allen551
Allen551 collected 100 from pot
Allen551: doesn't show hand 
*** SUMMARY ***
Total pot 100 | Rake 0 
Seat 1: Mahu2021 (big blind) folded before Flop
Seat 2: KatySmelly (button) folded before Flop
Seat 3: Allen551 (small blind) collected (100)



PokerStars Hand #243265487734: Tournament #3581503432, $0.92+$0.08 USD Hold'em No Limit - Level I (10/20) - 2023/04/23 13:08:50 CET [2023/04/23 7:08:50 ET]
Table '3581503432 1' 3-max Seat #3 is the button
Seat 1: Mahu2021 (480 in chips) 
Seat 2: KatySmelly (450 in chips) 
Seat 3: Allen551 (570 in chips) 
Mahu2021: posts small blind 10
KatySmelly: posts big blind 20
*** HOLE CARDS ***
Dealt to Mahu2021 [4c Kh]
Allen551: folds 
Mahu2021: calls 10
KatySmelly: checks 
*** FLOP *** [4d Qh 6c]
Mahu2021: bets 20
KatySmelly: calls 20
*** TURN *** [4d Qh 6c] [Ks]
Mahu2021: bets 20
KatySmelly: calls 20
*** RIVER *** [4d Qh 6c Ks] [3s]
Mahu2021: bets 20
KatySmelly: raises 40 to 60
Mahu2021: calls 40
*** SHOW DOWN ***
KatySmelly: shows [Qs 3c] (two pair, Queens and Threes)
Mahu2021: shows [4c Kh] (two pair, Kings and Fours)
Mahu2021 collected 240 from pot
*** SUMMARY ***
Total pot 240 | Rake 0 
Board [4d Qh 6c Ks 3s]
Seat 1: Mahu2021 (small blind) showed [4c Kh] and won (240) with two pair, Kings and Fours
Seat 2: KatySmelly (big blind) showed [Qs 3c] and lost with two pair, Queens and Threes
Seat 3: Allen551 (button) folded before Flop (didn't bet)



PokerStars Hand #243265493155: Tournament #3581503432, $0.92+$0.08 USD Hold'em No Limit - Level I (10/20) - 2023/04/23 13:09:21 CET [2023/04/23 7:09:21 ET]
Table '3581503432 1' 3-max Seat #1 is the button
Seat 1: Mahu2021 (600 in chips) 
Seat 2: KatySmelly (330 in chips) 
Seat 3: Allen551 (570 in chips) 
KatySmelly: posts small blind 10
Allen551: posts big blind 20
*** HOLE CARDS ***
Dealt to Mahu2021 [Js 3c]
Mahu2021: folds 
KatySmelly: folds 
Uncalled bet (10) returned to Allen551
Allen551 collected 20 from pot
Allen551: doesn't show hand 
*** SUMMARY ***
Total pot 20 | Rake 0 
Seat 1: Mahu2021 (button) folded before Flop (didn't bet)
Seat 2: KatySmelly (small blind) folded before Flop
Seat 3: Allen551 (big blind) collected (20)



PokerStars Hand #243265494436: Tournament #3581503432, $0.92+$0.08 USD Hold'em No Limit - Level I (10/20) - 2023/04/23 13:09:28 CET [2023/04/23 7:09:28 ET]
Table '3581503432 1' 3-max Seat #2 is the button
Seat 1: Mahu2021 (600 in chips) 
Seat 2: KatySmelly (320 in chips) 
Seat 3: Allen551 (580 in chips) 
Allen551: posts small blind 10
Mahu2021: posts big blind 20
*** HOLE CARDS ***
Dealt to Mahu2021 [3d Kd]
KatySmelly: folds 
Allen551: calls 10
Mahu2021: checks 
*** FLOP *** [Js 5d 4d]
Allen551: bets 20
Mahu2021: calls 20
*** TURN *** [Js 5d 4d] [Ks]
Allen551: bets 40
Mahu2021: calls 40
*** RIVER *** [Js 5d 4d Ks] [Jd]
Allen551: bets 80
Mahu2021: calls 80
*** SHOW DOWN ***
Allen551: shows [4h Th] (two pair, Jacks and Fours)
Mahu2021: shows [3d Kd] (a flush, King high)
Mahu2021 collected 320 from pot
*** SUMMARY ***
Total pot 320 | Rake 0 
Board [Js 5d 4d Ks Jd]
Seat 1: Mahu2021 (big blind) showed [3d Kd] and won (320) with a flush, King high
Seat 2: KatySmelly (button) folded before Flop (didn't bet)
Seat 3: Allen551 (small blind) showed [4h Th] and lost with two pair, Jacks and Fours



PokerStars Hand #243265497462: Tournament #3581503432, $0.92+$0.08 USD Hold'em No Limit - Level I (10/20) - 2023/04/23 13:09:46 CET [2023/04/23 7:09:46 ET]
Table '3581503432 1' 3-max Seat #3 is the button
Seat 1: Mahu2021 (760 in chips) 
Seat 2: KatySmelly (320 in chips) 
Seat 3: Allen551 (420 in chips) 
Mahu2021: posts small blind 10
KatySmelly: posts big blind 20
*** HOLE CARDS ***
Dealt to Mahu2021 [7c 8h]
Allen551: raises 40 to 60
Mahu2021: folds 
KatySmelly has timed out
KatySmelly: folds 
KatySmelly is sitting out
Uncalled bet (40) returned to Allen551
Allen551 collected 50 from pot
Allen551: doesn't show hand 
*** SUMMARY ***
Total pot 50 | Rake 0 
Seat 1: Mahu2021 (small blind) folded before Flop
Seat 2: KatySmelly (big blind) folded before Flop
Seat 3: Allen551 (button) collected (50)



PokerStars Hand #243265502730: Tournament #3581503432, $0.92+$0.08 USD Hold'em No Limit - Level I (10/20) - 2023/04/23 13:10:16 CET [2023/04/23 7:10:16 ET]
Table '3581503432 1' 3-max Seat #1 is the button
Seat 1: Mahu2021 (750 in chips) 
Seat 2: KatySmelly (300 in chips) is sitting out
Seat 3: Allen551 (450 in chips) 
KatySmelly: posts small blind 10
Allen551: posts big blind 20
*** HOLE CARDS ***
Dealt to Mahu2021 [Jc 5d]
Mahu2021: folds 
KatySmelly: folds 
Uncalled bet (10) returned to Allen551
Allen551 collected 20 from pot
Allen551: doesn't show hand 
*** SUMMARY ***
Total pot 20 | Rake 0 
Seat 1: Mahu2021 (button) folded before Flop (didn't bet)
Seat 2: KatySmelly (small blind) folded before Flop
Seat 3: Allen551 (big blind) collected (20)



PokerStars Hand #243265503542: Tournament #3581503432, $0.92+$0.08 USD Hold'em No Limit - Level I (10/20) - 2023/04/23 13:10:21 CET [2023/04/23 7:10:21 ET]
Table '3581503432 1' 3-max Seat #2 is the button
Seat 1: Mahu2021 (750 in chips) 
Seat 2: KatySmelly (290 in chips) is sitting out
Seat 3: Allen551 (460 in chips) 
Allen551: posts small blind 10
Mahu2021: posts big blind 20
*** HOLE CARDS ***
Dealt to Mahu2021 [Qd Jd]
KatySmelly: folds 
Allen551: raises 20 to 40
Mahu2021: calls 20
*** FLOP *** [5c Ad 2h]
Allen551: checks 
KatySmelly is disconnected 
Mahu2021: bets 40
Allen551: calls 40
*** TURN *** [5c Ad 2h] [Th]
Allen551: checks 
Mahu2021: checks 
*** RIVER *** [5c Ad 2h Th] [3d]
Allen551: checks 
Mahu2021: checks 
*** SHOW DOWN ***
Allen551: shows [7c 6c] (high card Ace)
Mahu2021: shows [Qd Jd] (high card Ace - Queen kicker)
Mahu2021 collected 160 from pot
*** SUMMARY ***
Total pot 160 | Rake 0 
Board [5c Ad 2h Th 3d]
Seat 1: Mahu2021 (big blind) showed [Qd Jd] and won (160) with high card Ace
Seat 2: KatySmelly (button) folded before Flop (didn't bet)
Seat 3: Allen551 (small blind) showed [7c 6c] and lost with high card Ace



PokerStars Hand #243265506528: Tournament #3581503432, $0.92+$0.08 USD Hold'em No Limit - Level I (10/20) - 2023/04/23 13:10:39 CET [2023/04/23 7:10:39 ET]
Table '3581503432 1' 3-max Seat #3 is the button
Seat 1: Mahu2021 (830 in chips) 
Seat 2: KatySmelly (290 in chips) is sitting out
Seat 3: Allen551 (380 in chips) 
Mahu2021: posts small blind 10
KatySmelly: posts big blind 20
*** HOLE CARDS ***
Dealt to Mahu2021 [7s 9c]
Allen551: calls 20
Mahu2021: calls 10
KatySmelly: folds 
*** FLOP *** [9d 6h 4d]
Mahu2021: bets 20
Allen551: calls 20
*** TURN *** [9d 6h 4d] [9s]
Mahu2021: bets 100
Allen551: folds 
Uncalled bet (100) returned to Mahu2021
Mahu2021 collected 100 from pot
Mahu2021: doesn't show hand 
*** SUMMARY ***
Total pot 100 | Rake 0 
Board [9d 6h 4d 9s]
Seat 1: Mahu2021 (small blind) collected (100)
Seat 2: KatySmelly (big blind) folded before Flop
Seat 3: Allen551 (button) folded on the Turn



PokerStars Hand #243265511562: Tournament #3581503432, $0.92+$0.08 USD Hold'em No Limit - Level I (10/20) - 2023/04/23 13:11:08 CET [2023/04/23 7:11:08 ET]
Table '3581503432 1' 3-max Seat #1 is the button
Seat 1: Mahu2021 (890 in chips) 
Seat 2: KatySmelly (270 in chips) is sitting out
Seat 3: Allen551 (340 in chips) 
KatySmelly: posts small blind 10
Allen551: posts big blind 20
*** HOLE CARDS ***
Dealt to Mahu2021 [9c 5c]
Mahu2021: calls 20
KatySmelly: folds 
Allen551: raises 320 to 340 and is all-in
Mahu2021: folds 
Uncalled bet (320) returned to Allen551
Allen551 collected 50 from pot
Allen551: doesn't show hand 
*** SUMMARY ***
Total pot 50 | Rake 0 
Seat 1: Mahu2021 (button) folded before Flop
Seat 2: KatySmelly (small blind) folded before Flop
Seat 3: Allen551 (big blind) collected (50)



PokerStars Hand #243265513057: Tournament #3581503432, $0.92+$0.08 USD Hold'em No Limit - Level I (10/20) - 2023/04/23 13:11:17 CET [2023/04/23 7:11:17 ET]
Table '3581503432 1' 3-max Seat #2 is the button
Seat 1: Mahu2021 (870 in chips) 
Seat 2: KatySmelly (260 in chips) is sitting out
Seat 3: Allen551 (370 in chips) 
Allen551: posts small blind 10
Mahu2021: posts big blind 20
*** HOLE CARDS ***
Dealt to Mahu2021 [3s 3h]
KatySmelly: folds 
Allen551: raises 20 to 40
Mahu2021: raises 830 to 870 and is all-in
Allen551: calls 330 and is all-in
Uncalled bet (500) returned to Mahu2021
*** FLOP *** [5h Ac Ts]
*** TURN *** [5h Ac Ts] [7c]
*** RIVER *** [5h Ac Ts 7c] [6s]
*** SHOW DOWN ***
Allen551: shows [4h Ad] (a pair of Aces)
Mahu2021: shows [3s 3h] (a pair of Threes)
Allen551 collected 740 from pot
*** SUMMARY ***
Total pot 740 | Rake 0 
Board [5h Ac Ts 7c 6s]
Seat 1: Mahu2021 (big blind) showed [3s 3h] and lost with a pair of Threes
Seat 2: KatySmelly (button) folded before Flop (didn't bet)
Seat 3: Allen551 (small blind) showed [4h Ad] and won (740) with a pair of Aces



PokerStars Hand #243265516128: Tournament #3581503432, $0.92+$0.08 USD Hold'em No Limit - Level II (15/30) - 2023/04/23 13:11:34 CET [2023/04/23 7:11:34 ET]
Table '3581503432 1' 3-max Seat #3 is the button
Seat 1: Mahu2021 (500 in chips) 
Seat 2: KatySmelly (260 in chips) is sitting out
Seat 3: Allen551 (740 in chips) 
Mahu2021: posts small blind 15
KatySmelly: posts big blind 30
*** HOLE CARDS ***
Dealt to Mahu2021 [2c 6s]
Allen551: folds 
Mahu2021: folds 
Uncalled bet (15) returned to KatySmelly
KatySmelly collected 30 from pot
KatySmelly: doesn't show hand 
*** SUMMARY ***
Total pot 30 | Rake 0 
Seat 1: Mahu2021 (small blind) folded before Flop
Seat 2: KatySmelly (big blind) collected (30)
Seat 3: Allen551 (button) folded before Flop (didn't bet)



PokerStars Hand #243265517012: Tournament #3581503432, $0.92+$0.08 USD Hold'em No Limit - Level II (15/30) - 2023/04/23 13:11:39 CET [2023/04/23 7:11:39 ET]
Table '3581503432 1' 3-max Seat #1 is the button
Seat 1: Mahu2021 (485 in chips) 
Seat 2: KatySmelly (275 in chips) is sitting out
Seat 3: Allen551 (740 in chips) 
KatySmelly: posts small blind 15
Allen551: posts big blind 30
*** HOLE CARDS ***
Dealt to Mahu2021 [Ks 9s]
Mahu2021: calls 30
KatySmelly: folds 
Allen551: raises 30 to 60
Mahu2021: calls 30
*** FLOP *** [Kc Kd Ah]
Allen551: bets 680 and is all-in
Mahu2021: calls 425 and is all-in
Uncalled bet (255) returned to Allen551
KatySmelly is disconnected 
*** TURN *** [Kc Kd Ah] [Ad]
KatySmelly has returned
*** RIVER *** [Kc Kd Ah Ad] [6d]
*** SHOW DOWN ***
Allen551: shows [5c 3c] (two pair, Aces and Kings)
Mahu2021: shows [Ks 9s] (a full house, Kings full of Aces)
Mahu2021 collected 985 from pot
*** SUMMARY ***
Total pot 985 | Rake 0 
Board [Kc Kd Ah Ad 6d]
Seat 1: Mahu2021 (button) showed [Ks 9s] and won (985) with a full house, Kings full of Aces
Seat 2: KatySmelly (small blind) folded before Flop
Seat 3: Allen551 (big blind) showed [5c 3c] and lost with two pair, Aces and Kings



PokerStars Hand #243265519649: Tournament #3581503432, $0.92+$0.08 USD Hold'em No Limit - Level II (15/30) - 2023/04/23 13:11:55 CET [2023/04/23 7:11:55 ET]
Table '3581503432 1' 3-max Seat #2 is the button
Seat 1: Mahu2021 (985 in chips) 
Seat 2: KatySmelly (260 in chips) 
Seat 3: Allen551 (255 in chips) 
Allen551: posts small blind 15
Mahu2021: posts big blind 30
*** HOLE CARDS ***
Dealt to Mahu2021 [8s Kd]
KatySmelly: folds 
Allen551: folds 
Uncalled bet (15) returned to Mahu2021
Mahu2021 collected 30 from pot
Mahu2021: doesn't show hand 
*** SUMMARY ***
Total pot 30 | Rake 0 
Seat 1: Mahu2021 (big blind) collected (30)
Seat 2: KatySmelly (button) folded before Flop (didn't bet)
Seat 3: Allen551 (small blind) folded before Flop



PokerStars Hand #243265520520: Tournament #3581503432, $0.92+$0.08 USD Hold'em No Limit - Level II (15/30) - 2023/04/23 13:12:00 CET [2023/04/23 7:12:00 ET]
Table '3581503432 1' 3-max Seat #3 is the button
Seat 1: Mahu2021 (1000 in chips) 
Seat 2: KatySmelly (260 in chips) 
Seat 3: Allen551 (240 in chips) 
Mahu2021: posts small blind 15
KatySmelly: posts big blind 30
*** HOLE CARDS ***
Dealt to Mahu2021 [Tc Td]
Allen551: folds 
Mahu2021: raises 60 to 90
KatySmelly: folds 
Uncalled bet (60) returned to Mahu2021
Mahu2021 collected 60 from pot
Mahu2021: doesn't show hand 
*** SUMMARY ***
Total pot 60 | Rake 0 
Seat 1: Mahu2021 (small blind) collected (60)
Seat 2: KatySmelly (big blind) folded before Flop
Seat 3: Allen551 (button) folded before Flop (didn't bet)



PokerStars Hand #243265522877: Tournament #3581503432, $0.92+$0.08 USD Hold'em No Limit - Level II (15/30) - 2023/04/23 13:12:13 CET [2023/04/23 7:12:13 ET]
Table '3581503432 1' 3-max Seat #1 is the button
Seat 1: Mahu2021 (1030 in chips) 
Seat 2: KatySmelly (230 in chips) 
Seat 3: Allen551 (240 in chips) 
KatySmelly: posts small blind 15
Allen551: posts big blind 30
*** HOLE CARDS ***
Dealt to Mahu2021 [4s 4c]
Mahu2021: calls 30
KatySmelly: folds 
Allen551: raises 210 to 240 and is all-in
Mahu2021: calls 210
*** FLOP *** [8d 3d Qc]
*** TURN *** [8d 3d Qc] [Tc]
*** RIVER *** [8d 3d Qc Tc] [4h]
*** SHOW DOWN ***
Allen551: shows [2h Jh] (high card Queen)
Mahu2021: shows [4s 4c] (three of a kind, Fours)
Mahu2021 collected 495 from pot
Allen551 finished the tournament in 3rd place
*** SUMMARY ***
Total pot 495 | Rake 0 
Board [8d 3d Qc Tc 4h]
Seat 1: Mahu2021 (button) showed [4s 4c] and won (495) with three of a kind, Fours
Seat 2: KatySmelly (small blind) folded before Flop
Seat 3: Allen551 (big blind) showed [2h Jh] and lost with high card Queen



PokerStars Hand #243265527763: Tournament #3581503432, $0.92+$0.08 USD Hold'em No Limit - Level II (15/30) - 2023/04/23 13:12:42 CET [2023/04/23 7:12:42 ET]
Table '3581503432 1' 3-max Seat #2 is the button
Seat 1: Mahu2021 (1285 in chips) 
Seat 2: KatySmelly (215 in chips) 
KatySmelly: posts small blind 15
Mahu2021: posts big blind 30
*** HOLE CARDS ***
Dealt to Mahu2021 [8s Tc]
KatySmelly: raises 185 to 215 and is all-in
Mahu2021: folds 
Uncalled bet (185) returned to KatySmelly
KatySmelly collected 60 from pot
KatySmelly: doesn't show hand 
*** SUMMARY ***
Total pot 60 | Rake 0 
Seat 1: Mahu2021 (big blind) folded before Flop
Seat 2: KatySmelly (button) (small blind) collected (60)



PokerStars Hand #243265528642: Tournament #3581503432, $0.92+$0.08 USD Hold'em No Limit - Level II (15/30) - 2023/04/23 13:12:47 CET [2023/04/23 7:12:47 ET]
Table '3581503432 1' 3-max Seat #1 is the button
Seat 1: Mahu2021 (1255 in chips) 
Seat 2: KatySmelly (245 in chips) 
Mahu2021: posts small blind 15
KatySmelly: posts big blind 30
*** HOLE CARDS ***
Dealt to Mahu2021 [5c As]
Mahu2021: raises 30 to 60
KatySmelly: folds 
Uncalled bet (30) returned to Mahu2021
Mahu2021 collected 60 from pot
Mahu2021: doesn't show hand 
*** SUMMARY ***
Total pot 60 | Rake 0 
Seat 1: Mahu2021 (button) (small blind) collected (60)
Seat 2: KatySmelly (big blind) folded before Flop



PokerStars Hand #243265529808: Tournament #3581503432, $0.92+$0.08 USD Hold'em No Limit - Level II (15/30) - 2023/04/23 13:12:53 CET [2023/04/23 7:12:53 ET]
Table '3581503432 1' 3-max Seat #2 is the button
Seat 1: Mahu2021 (1285 in chips) 
Seat 2: KatySmelly (215 in chips) 
KatySmelly: posts small blind 15
Mahu2021: posts big blind 30
*** HOLE CARDS ***
Dealt to Mahu2021 [9h Ks]
KatySmelly: raises 185 to 215 and is all-in
Mahu2021: calls 185
*** FLOP *** [Ac 7d 3d]
*** TURN *** [Ac 7d 3d] [3h]
*** RIVER *** [Ac 7d 3d 3h] [5h]
*** SHOW DOWN ***
Mahu2021: shows [9h Ks] (a pair of Threes)
KatySmelly: shows [Kd 2c] (a pair of Threes - lower kicker)
Mahu2021 collected 430 from pot
KatySmelly finished the tournament in 2nd place
Mahu2021 wins the tournament and receives $3.00 - congratulations!
*** SUMMARY ***
Total pot 430 | Rake 0 
Board [Ac 7d 3d 3h 5h]
Seat 1: Mahu2021 (big blind) showed [9h Ks] and won (430) with a pair of Threes
Seat 2: KatySmelly (button) (small blind) showed [Kd 2c] and lost with a pair of Threes



