PokerStars Hand #249402775754: Tournament #3728401148, $1.84+$0.16 USD Hold'em No Limit - Level I (10/20) - 2024/03/13 20:55:11 CET [2024/03/13 15:55:11 ET]
Table '3728401148 1' 3-max Seat #1 is the button
Seat 1: WinDigo_77 (500 in chips) 
Seat 2: Mahu2021 (500 in chips) 
Seat 3: Lemanium8005 (500 in chips) 
Mahu2021: posts small blind 10
Lemanium8005: posts big blind 20
*** HOLE CARDS ***
Dealt to Mahu2021 [Ks 5c]
WinDigo_77: folds 
Mahu2021: calls 10
Lemanium8005: checks 
*** FLOP *** [5h 5d Ts]
Mahu2021: checks 
Lemanium8005: checks 
*** TURN *** [5h 5d Ts] [Kc]
Mahu2021: checks 
Lemanium8005: checks 
*** RIVER *** [5h 5d Ts Kc] [Kh]
Mahu2021: bets 480 and is all-in
Lemanium8005: folds 
Uncalled bet (480) returned to Mahu2021
Mahu2021 collected 40 from pot
Mahu2021: doesn't show hand 
*** SUMMARY ***
Total pot 40 | Rake 0 
Board [5h 5d Ts Kc Kh]
Seat 1: WinDigo_77 (button) folded before Flop (didn't bet)
Seat 2: Mahu2021 (small blind) collected (40)
Seat 3: Lemanium8005 (big blind) folded on the River



PokerStars Hand #249402779991: Tournament #3728401148, $1.84+$0.16 USD Hold'em No Limit - Level I (10/20) - 2024/03/13 20:55:30 CET [2024/03/13 15:55:30 ET]
Table '3728401148 1' 3-max Seat #2 is the button
Seat 1: WinDigo_77 (500 in chips) 
Seat 2: Mahu2021 (520 in chips) 
Seat 3: Lemanium8005 (480 in chips) 
Lemanium8005: posts small blind 10
WinDigo_77: posts big blind 20
*** HOLE CARDS ***
Dealt to Mahu2021 [As 2d]
Mahu2021: calls 20
Lemanium8005: folds 
WinDigo_77: checks 
*** FLOP *** [6c 3h Qs]
WinDigo_77: checks 
Mahu2021: checks 
*** TURN *** [6c 3h Qs] [Ah]
WinDigo_77: checks 
Mahu2021: bets 50
WinDigo_77: folds 
Uncalled bet (50) returned to Mahu2021
Mahu2021 collected 50 from pot
Mahu2021: doesn't show hand 
*** SUMMARY ***
Total pot 50 | Rake 0 
Board [6c 3h Qs Ah]
Seat 1: WinDigo_77 (big blind) folded on the Turn
Seat 2: Mahu2021 (button) collected (50)
Seat 3: Lemanium8005 (small blind) folded before Flop



PokerStars Hand #249402785371: Tournament #3728401148, $1.84+$0.16 USD Hold'em No Limit - Level I (10/20) - 2024/03/13 20:55:53 CET [2024/03/13 15:55:53 ET]
Table '3728401148 1' 3-max Seat #3 is the button
Seat 1: WinDigo_77 (480 in chips) 
Seat 2: Mahu2021 (550 in chips) 
Seat 3: Lemanium8005 (470 in chips) 
WinDigo_77: posts small blind 10
Mahu2021: posts big blind 20
*** HOLE CARDS ***
Dealt to Mahu2021 [Kd Jd]
Lemanium8005: folds 
WinDigo_77: calls 10
Mahu2021: checks 
*** FLOP *** [Qs Ad Qc]
WinDigo_77: checks 
Mahu2021: checks 
*** TURN *** [Qs Ad Qc] [7s]
WinDigo_77: bets 20
Mahu2021: calls 20
*** RIVER *** [Qs Ad Qc 7s] [Kc]
WinDigo_77: bets 40
Mahu2021: calls 40
*** SHOW DOWN ***
WinDigo_77: shows [7d Kh] (two pair, Kings and Queens)
Mahu2021: shows [Kd Jd] (two pair, Kings and Queens)
WinDigo_77 collected 80 from pot
Mahu2021 collected 80 from pot
*** SUMMARY ***
Total pot 160 | Rake 0 
Board [Qs Ad Qc 7s Kc]
Seat 1: WinDigo_77 (small blind) showed [7d Kh] and won (80) with two pair, Kings and Queens
Seat 2: Mahu2021 (big blind) showed [Kd Jd] and won (80) with two pair, Kings and Queens
Seat 3: Lemanium8005 (button) folded before Flop (didn't bet)



PokerStars Hand #249402791283: Tournament #3728401148, $1.84+$0.16 USD Hold'em No Limit - Level I (10/20) - 2024/03/13 20:56:17 CET [2024/03/13 15:56:17 ET]
Table '3728401148 1' 3-max Seat #1 is the button
Seat 1: WinDigo_77 (480 in chips) 
Seat 2: Mahu2021 (550 in chips) 
Seat 3: Lemanium8005 (470 in chips) 
Mahu2021: posts small blind 10
Lemanium8005: posts big blind 20
*** HOLE CARDS ***
Dealt to Mahu2021 [Jh 8d]
WinDigo_77: raises 50 to 70
Mahu2021: folds 
Lemanium8005: calls 50
*** FLOP *** [4c 2s 7c]
Lemanium8005: checks 
WinDigo_77: bets 75
Lemanium8005: folds 
Uncalled bet (75) returned to WinDigo_77
WinDigo_77 collected 150 from pot
WinDigo_77: doesn't show hand 
*** SUMMARY ***
Total pot 150 | Rake 0 
Board [4c 2s 7c]
Seat 1: WinDigo_77 (button) collected (150)
Seat 2: Mahu2021 (small blind) folded before Flop
Seat 3: Lemanium8005 (big blind) folded on the Flop



PokerStars Hand #249402796305: Tournament #3728401148, $1.84+$0.16 USD Hold'em No Limit - Level I (10/20) - 2024/03/13 20:56:38 CET [2024/03/13 15:56:38 ET]
Table '3728401148 1' 3-max Seat #2 is the button
Seat 1: WinDigo_77 (560 in chips) 
Seat 2: Mahu2021 (540 in chips) 
Seat 3: Lemanium8005 (400 in chips) 
Lemanium8005: posts small blind 10
WinDigo_77: posts big blind 20
*** HOLE CARDS ***
Dealt to Mahu2021 [8d 8h]
Mahu2021: raises 20 to 40
Lemanium8005: folds 
WinDigo_77: calls 20
*** FLOP *** [Ks Js 2h]
WinDigo_77: checks 
Mahu2021: checks 
*** TURN *** [Ks Js 2h] [Qc]
WinDigo_77: checks 
Mahu2021: checks 
*** RIVER *** [Ks Js 2h Qc] [9d]
WinDigo_77: checks 
Mahu2021: bets 40
WinDigo_77: calls 40
*** SHOW DOWN ***
Mahu2021: shows [8d 8h] (a pair of Eights)
WinDigo_77: mucks hand 
Mahu2021 collected 170 from pot
*** SUMMARY ***
Total pot 170 | Rake 0 
Board [Ks Js 2h Qc 9d]
Seat 1: WinDigo_77 (big blind) mucked [Ac 7d]
Seat 2: Mahu2021 (button) showed [8d 8h] and won (170) with a pair of Eights
Seat 3: Lemanium8005 (small blind) folded before Flop



PokerStars Hand #249402801001: Tournament #3728401148, $1.84+$0.16 USD Hold'em No Limit - Level I (10/20) - 2024/03/13 20:56:58 CET [2024/03/13 15:56:58 ET]
Table '3728401148 1' 3-max Seat #3 is the button
Seat 1: WinDigo_77 (480 in chips) 
Seat 2: Mahu2021 (630 in chips) 
Seat 3: Lemanium8005 (390 in chips) 
WinDigo_77: posts small blind 10
Mahu2021: posts big blind 20
*** HOLE CARDS ***
Dealt to Mahu2021 [5h 8d]
Lemanium8005: raises 32 to 52
WinDigo_77: calls 42
Mahu2021: folds 
*** FLOP *** [Qd 4s 2h]
WinDigo_77: checks 
Lemanium8005: bets 62
WinDigo_77: calls 62
*** TURN *** [Qd 4s 2h] [Kc]
WinDigo_77: checks 
Lemanium8005: bets 276 and is all-in
WinDigo_77: folds 
Uncalled bet (276) returned to Lemanium8005
Lemanium8005 collected 248 from pot
Lemanium8005: doesn't show hand 
*** SUMMARY ***
Total pot 248 | Rake 0 
Board [Qd 4s 2h Kc]
Seat 1: WinDigo_77 (small blind) folded on the Turn
Seat 2: Mahu2021 (big blind) folded before Flop
Seat 3: Lemanium8005 (button) collected (248)



PokerStars Hand #249402809157: Tournament #3728401148, $1.84+$0.16 USD Hold'em No Limit - Level II (15/30) - 2024/03/13 20:57:31 CET [2024/03/13 15:57:31 ET]
Table '3728401148 1' 3-max Seat #1 is the button
Seat 1: WinDigo_77 (366 in chips) 
Seat 2: Mahu2021 (610 in chips) 
Seat 3: Lemanium8005 (524 in chips) 
Mahu2021: posts small blind 15
Lemanium8005: posts big blind 30
*** HOLE CARDS ***
Dealt to Mahu2021 [Qs 3s]
WinDigo_77: calls 30
Mahu2021: calls 15
Lemanium8005: checks 
*** FLOP *** [Js Qh Ac]
Mahu2021: checks 
Lemanium8005: checks 
WinDigo_77: checks 
*** TURN *** [Js Qh Ac] [9c]
Mahu2021: checks 
Lemanium8005: checks 
WinDigo_77: checks 
*** RIVER *** [Js Qh Ac 9c] [5c]
Mahu2021: checks 
Lemanium8005: bets 45
WinDigo_77: folds 
Mahu2021: folds 
Uncalled bet (45) returned to Lemanium8005
Lemanium8005 collected 90 from pot
Lemanium8005: doesn't show hand 
*** SUMMARY ***
Total pot 90 | Rake 0 
Board [Js Qh Ac 9c 5c]
Seat 1: WinDigo_77 (button) folded on the River
Seat 2: Mahu2021 (small blind) folded on the River
Seat 3: Lemanium8005 (big blind) collected (90)



PokerStars Hand #249402816032: Tournament #3728401148, $1.84+$0.16 USD Hold'em No Limit - Level II (15/30) - 2024/03/13 20:58:00 CET [2024/03/13 15:58:00 ET]
Table '3728401148 1' 3-max Seat #2 is the button
Seat 1: WinDigo_77 (336 in chips) 
Seat 2: Mahu2021 (580 in chips) 
Seat 3: Lemanium8005 (584 in chips) 
Lemanium8005: posts small blind 15
WinDigo_77: posts big blind 30
*** HOLE CARDS ***
Dealt to Mahu2021 [6d 2c]
Mahu2021: folds 
Lemanium8005: folds 
Uncalled bet (15) returned to WinDigo_77
WinDigo_77 collected 30 from pot
WinDigo_77: doesn't show hand 
*** SUMMARY ***
Total pot 30 | Rake 0 
Seat 1: WinDigo_77 (big blind) collected (30)
Seat 2: Mahu2021 (button) folded before Flop (didn't bet)
Seat 3: Lemanium8005 (small blind) folded before Flop



PokerStars Hand #249402817068: Tournament #3728401148, $1.84+$0.16 USD Hold'em No Limit - Level II (15/30) - 2024/03/13 20:58:04 CET [2024/03/13 15:58:04 ET]
Table '3728401148 1' 3-max Seat #3 is the button
Seat 1: WinDigo_77 (351 in chips) 
Seat 2: Mahu2021 (580 in chips) 
Seat 3: Lemanium8005 (569 in chips) 
WinDigo_77: posts small blind 15
Mahu2021: posts big blind 30
*** HOLE CARDS ***
Dealt to Mahu2021 [Kd Ac]
Lemanium8005: raises 48 to 78
WinDigo_77: calls 63
Mahu2021: raises 502 to 580 and is all-in
Lemanium8005: folds 
WinDigo_77: folds 
Uncalled bet (502) returned to Mahu2021
Mahu2021 collected 234 from pot
Mahu2021: doesn't show hand 
*** SUMMARY ***
Total pot 234 | Rake 0 
Seat 1: WinDigo_77 (small blind) folded before Flop
Seat 2: Mahu2021 (big blind) collected (234)
Seat 3: Lemanium8005 (button) folded before Flop



PokerStars Hand #249402827834: Tournament #3728401148, $1.84+$0.16 USD Hold'em No Limit - Level II (15/30) - 2024/03/13 20:58:48 CET [2024/03/13 15:58:48 ET]
Table '3728401148 1' 3-max Seat #1 is the button
Seat 1: WinDigo_77 (273 in chips) 
Seat 2: Mahu2021 (736 in chips) 
Seat 3: Lemanium8005 (491 in chips) 
Mahu2021: posts small blind 15
Lemanium8005: posts big blind 30
*** HOLE CARDS ***
Dealt to Mahu2021 [Ah Td]
WinDigo_77 has timed out
WinDigo_77: folds 
WinDigo_77 is sitting out
Mahu2021: calls 15
Lemanium8005: checks 
*** FLOP *** [5h As Ts]
Mahu2021: bets 30
WinDigo_77 has returned
Lemanium8005: calls 30
*** TURN *** [5h As Ts] [Qs]
Mahu2021: bets 30
Lemanium8005: calls 30
*** RIVER *** [5h As Ts Qs] [Jc]
Mahu2021: bets 30
Lemanium8005: calls 30
*** SHOW DOWN ***
Mahu2021: shows [Ah Td] (two pair, Aces and Tens)
Lemanium8005: mucks hand 
Mahu2021 collected 240 from pot
*** SUMMARY ***
Total pot 240 | Rake 0 
Board [5h As Ts Qs Jc]
Seat 1: WinDigo_77 (button) folded before Flop (didn't bet)
Seat 2: Mahu2021 (small blind) showed [Ah Td] and won (240) with two pair, Aces and Tens
Seat 3: Lemanium8005 (big blind) mucked [Th 4h]



PokerStars Hand #249402835751: Tournament #3728401148, $1.84+$0.16 USD Hold'em No Limit - Level III (20/40) - 2024/03/13 20:59:20 CET [2024/03/13 15:59:20 ET]
Table '3728401148 1' 3-max Seat #2 is the button
Seat 1: WinDigo_77 (273 in chips) 
Seat 2: Mahu2021 (856 in chips) 
Seat 3: Lemanium8005 (371 in chips) 
Lemanium8005: posts small blind 20
WinDigo_77: posts big blind 40
*** HOLE CARDS ***
Dealt to Mahu2021 [Kh 4h]
Mahu2021: calls 40
Lemanium8005: folds 
WinDigo_77: checks 
*** FLOP *** [Jh 6h Qd]
WinDigo_77: checks 
Mahu2021: bets 40
WinDigo_77: folds 
Uncalled bet (40) returned to Mahu2021
Mahu2021 collected 100 from pot
Mahu2021: doesn't show hand 
*** SUMMARY ***
Total pot 100 | Rake 0 
Board [Jh 6h Qd]
Seat 1: WinDigo_77 (big blind) folded on the Flop
Seat 2: Mahu2021 (button) collected (100)
Seat 3: Lemanium8005 (small blind) folded before Flop



PokerStars Hand #249402840482: Tournament #3728401148, $1.84+$0.16 USD Hold'em No Limit - Level III (20/40) - 2024/03/13 20:59:40 CET [2024/03/13 15:59:40 ET]
Table '3728401148 1' 3-max Seat #3 is the button
Seat 1: WinDigo_77 (233 in chips) 
Seat 2: Mahu2021 (916 in chips) 
Seat 3: Lemanium8005 (351 in chips) 
WinDigo_77: posts small blind 20
Mahu2021: posts big blind 40
*** HOLE CARDS ***
Dealt to Mahu2021 [9h Ac]
Lemanium8005: raises 64 to 104
WinDigo_77: folds 
Mahu2021: calls 64
*** FLOP *** [Qs 6c Ks]
Mahu2021: checks 
Lemanium8005: bets 247 and is all-in
Mahu2021: folds 
Uncalled bet (247) returned to Lemanium8005
Lemanium8005 collected 228 from pot
Lemanium8005: doesn't show hand 
*** SUMMARY ***
Total pot 228 | Rake 0 
Board [Qs 6c Ks]
Seat 1: WinDigo_77 (small blind) folded before Flop
Seat 2: Mahu2021 (big blind) folded on the Flop
Seat 3: Lemanium8005 (button) collected (228)



PokerStars Hand #249402843291: Tournament #3728401148, $1.84+$0.16 USD Hold'em No Limit - Level III (20/40) - 2024/03/13 20:59:51 CET [2024/03/13 15:59:51 ET]
Table '3728401148 1' 3-max Seat #1 is the button
Seat 1: WinDigo_77 (213 in chips) 
Seat 2: Mahu2021 (812 in chips) 
Seat 3: Lemanium8005 (475 in chips) 
Mahu2021: posts small blind 20
Lemanium8005: posts big blind 40
*** HOLE CARDS ***
Dealt to Mahu2021 [7c 6h]
WinDigo_77: calls 40
Mahu2021: calls 20
Lemanium8005: checks 
*** FLOP *** [5c 6c 9c]
Mahu2021: checks 
Lemanium8005: checks 
WinDigo_77: bets 40
Mahu2021: calls 40
Lemanium8005: calls 40
*** TURN *** [5c 6c 9c] [Th]
Mahu2021: checks 
Lemanium8005: checks 
WinDigo_77: bets 40
Mahu2021: calls 40
Lemanium8005: calls 40
*** RIVER *** [5c 6c 9c Th] [8s]
Mahu2021: checks 
Lemanium8005: checks 
WinDigo_77 has timed out
WinDigo_77: checks 
*** SHOW DOWN ***
Mahu2021: shows [7c 6h] (a straight, Six to Ten)
Lemanium8005: mucks hand 
WinDigo_77: mucks hand 
Mahu2021 collected 360 from pot
*** SUMMARY ***
Total pot 360 | Rake 0 
Board [5c 6c 9c Th 8s]
Seat 1: WinDigo_77 (button) mucked [6d 5d]
Seat 2: Mahu2021 (small blind) showed [7c 6h] and won (360) with a straight, Six to Ten
Seat 3: Lemanium8005 (big blind) mucked [Jc 5s]



PokerStars Hand #249402856850: Tournament #3728401148, $1.84+$0.16 USD Hold'em No Limit - Level III (20/40) - 2024/03/13 21:00:45 CET [2024/03/13 16:00:45 ET]
Table '3728401148 1' 3-max Seat #2 is the button
Seat 1: WinDigo_77 (93 in chips) 
Seat 2: Mahu2021 (1052 in chips) 
Seat 3: Lemanium8005 (355 in chips) 
Lemanium8005: posts small blind 20
WinDigo_77: posts big blind 40
*** HOLE CARDS ***
Dealt to Mahu2021 [Qs Th]
Mahu2021: calls 40
Lemanium8005: raises 315 to 355 and is all-in
WinDigo_77: calls 53 and is all-in
Mahu2021: folds 
Uncalled bet (262) returned to Lemanium8005
*** FLOP *** [7h 6s Ad]
*** TURN *** [7h 6s Ad] [3s]
*** RIVER *** [7h 6s Ad 3s] [Qd]
*** SHOW DOWN ***
Lemanium8005: shows [9h 9c] (a pair of Nines)
WinDigo_77: shows [5d 2d] (high card Ace)
Lemanium8005 collected 226 from pot
WinDigo_77 finished the tournament in 3rd place
*** SUMMARY ***
Total pot 226 | Rake 0 
Board [7h 6s Ad 3s Qd]
Seat 1: WinDigo_77 (big blind) showed [5d 2d] and lost with high card Ace
Seat 2: Mahu2021 (button) folded before Flop
Seat 3: Lemanium8005 (small blind) showed [9h 9c] and won (226) with a pair of Nines



PokerStars Hand #249402863924: Tournament #3728401148, $1.84+$0.16 USD Hold'em No Limit - Level III (20/40) - 2024/03/13 21:01:09 CET [2024/03/13 16:01:09 ET]
Table '3728401148 1' 3-max Seat #3 is the button
Seat 2: Mahu2021 (1012 in chips) 
Seat 3: Lemanium8005 (488 in chips) 
Lemanium8005: posts small blind 20
Mahu2021: posts big blind 40
*** HOLE CARDS ***
Dealt to Mahu2021 [4d 7c]
Lemanium8005: raises 80 to 120
Mahu2021: folds 
Uncalled bet (80) returned to Lemanium8005
Lemanium8005 collected 80 from pot
Lemanium8005: doesn't show hand 
*** SUMMARY ***
Total pot 80 | Rake 0 
Seat 2: Mahu2021 (big blind) folded before Flop
Seat 3: Lemanium8005 (button) (small blind) collected (80)



PokerStars Hand #249402866898: Tournament #3728401148, $1.84+$0.16 USD Hold'em No Limit - Level IV (30/60) - 2024/03/13 21:01:20 CET [2024/03/13 16:01:20 ET]
Table '3728401148 1' 3-max Seat #2 is the button
Seat 2: Mahu2021 (972 in chips) 
Seat 3: Lemanium8005 (528 in chips) 
Mahu2021: posts small blind 30
Lemanium8005: posts big blind 60
*** HOLE CARDS ***
Dealt to Mahu2021 [4s Qh]
Mahu2021: calls 30
Lemanium8005: checks 
*** FLOP *** [Jd 7c Js]
Lemanium8005: checks 
Mahu2021: bets 60
Lemanium8005: folds 
Uncalled bet (60) returned to Mahu2021
Mahu2021 collected 120 from pot
Mahu2021: doesn't show hand 
*** SUMMARY ***
Total pot 120 | Rake 0 
Board [Jd 7c Js]
Seat 2: Mahu2021 (button) (small blind) collected (120)
Seat 3: Lemanium8005 (big blind) folded on the Flop



PokerStars Hand #249402869855: Tournament #3728401148, $1.84+$0.16 USD Hold'em No Limit - Level IV (30/60) - 2024/03/13 21:01:30 CET [2024/03/13 16:01:30 ET]
Table '3728401148 1' 3-max Seat #3 is the button
Seat 2: Mahu2021 (1032 in chips) 
Seat 3: Lemanium8005 (468 in chips) 
Lemanium8005: posts small blind 30
Mahu2021: posts big blind 60
*** HOLE CARDS ***
Dealt to Mahu2021 [6s 5s]
Lemanium8005: folds 
Uncalled bet (30) returned to Mahu2021
Mahu2021 collected 60 from pot
Mahu2021: doesn't show hand 
*** SUMMARY ***
Total pot 60 | Rake 0 
Seat 2: Mahu2021 (big blind) collected (60)
Seat 3: Lemanium8005 (button) (small blind) folded before Flop



PokerStars Hand #249402871392: Tournament #3728401148, $1.84+$0.16 USD Hold'em No Limit - Level IV (30/60) - 2024/03/13 21:01:35 CET [2024/03/13 16:01:35 ET]
Table '3728401148 1' 3-max Seat #2 is the button
Seat 2: Mahu2021 (1062 in chips) 
Seat 3: Lemanium8005 (438 in chips) 
Mahu2021: posts small blind 30
Lemanium8005: posts big blind 60
*** HOLE CARDS ***
Dealt to Mahu2021 [Qh Tc]
Mahu2021: raises 60 to 120
Lemanium8005: folds 
Uncalled bet (60) returned to Mahu2021
Mahu2021 collected 120 from pot
Mahu2021: doesn't show hand 
*** SUMMARY ***
Total pot 120 | Rake 0 
Seat 2: Mahu2021 (button) (small blind) collected (120)
Seat 3: Lemanium8005 (big blind) folded before Flop



PokerStars Hand #249402873005: Tournament #3728401148, $1.84+$0.16 USD Hold'em No Limit - Level IV (30/60) - 2024/03/13 21:01:40 CET [2024/03/13 16:01:40 ET]
Table '3728401148 1' 3-max Seat #3 is the button
Seat 2: Mahu2021 (1122 in chips) 
Seat 3: Lemanium8005 (378 in chips) 
Lemanium8005: posts small blind 30
Mahu2021: posts big blind 60
*** HOLE CARDS ***
Dealt to Mahu2021 [2c 2d]
Lemanium8005: folds 
Uncalled bet (30) returned to Mahu2021
Mahu2021 collected 60 from pot
Mahu2021: doesn't show hand 
*** SUMMARY ***
Total pot 60 | Rake 0 
Seat 2: Mahu2021 (big blind) collected (60)
Seat 3: Lemanium8005 (button) (small blind) folded before Flop



PokerStars Hand #249402874377: Tournament #3728401148, $1.84+$0.16 USD Hold'em No Limit - Level IV (30/60) - 2024/03/13 21:01:44 CET [2024/03/13 16:01:44 ET]
Table '3728401148 1' 3-max Seat #2 is the button
Seat 2: Mahu2021 (1152 in chips) 
Seat 3: Lemanium8005 (348 in chips) 
Mahu2021: posts small blind 30
Lemanium8005: posts big blind 60
*** HOLE CARDS ***
Dealt to Mahu2021 [Tc 8c]
Mahu2021: calls 30
Lemanium8005: checks 
*** FLOP *** [4s 7c 3s]
Lemanium8005: checks 
Mahu2021: checks 
*** TURN *** [4s 7c 3s] [8d]
Lemanium8005: checks 
Mahu2021: bets 120
Lemanium8005: folds 
Uncalled bet (120) returned to Mahu2021
Mahu2021 collected 120 from pot
Mahu2021: doesn't show hand 
*** SUMMARY ***
Total pot 120 | Rake 0 
Board [4s 7c 3s 8d]
Seat 2: Mahu2021 (button) (small blind) collected (120)
Seat 3: Lemanium8005 (big blind) folded on the Turn



PokerStars Hand #249402878856: Tournament #3728401148, $1.84+$0.16 USD Hold'em No Limit - Level IV (30/60) - 2024/03/13 21:01:59 CET [2024/03/13 16:01:59 ET]
Table '3728401148 1' 3-max Seat #3 is the button
Seat 2: Mahu2021 (1212 in chips) 
Seat 3: Lemanium8005 (288 in chips) 
Lemanium8005: posts small blind 30
Mahu2021: posts big blind 60
*** HOLE CARDS ***
Dealt to Mahu2021 [5h Jh]
Lemanium8005: calls 30
Mahu2021: checks 
*** FLOP *** [8d 7s 6h]
Mahu2021: checks 
Lemanium8005: bets 120
Mahu2021: calls 120
*** TURN *** [8d 7s 6h] [2c]
Mahu2021: checks 
Lemanium8005: bets 108 and is all-in
Mahu2021: calls 108
*** RIVER *** [8d 7s 6h 2c] [8s]
*** SHOW DOWN ***
Mahu2021: shows [5h Jh] (a pair of Eights)
Lemanium8005: shows [Qh Td] (a pair of Eights - Queen kicker)
Lemanium8005 collected 576 from pot
*** SUMMARY ***
Total pot 576 | Rake 0 
Board [8d 7s 6h 2c 8s]
Seat 2: Mahu2021 (big blind) showed [5h Jh] and lost with a pair of Eights
Seat 3: Lemanium8005 (button) (small blind) showed [Qh Td] and won (576) with a pair of Eights



PokerStars Hand #249402885009: Tournament #3728401148, $1.84+$0.16 USD Hold'em No Limit - Level IV (30/60) - 2024/03/13 21:02:17 CET [2024/03/13 16:02:17 ET]
Table '3728401148 1' 3-max Seat #2 is the button
Seat 2: Mahu2021 (924 in chips) 
Seat 3: Lemanium8005 (576 in chips) 
Mahu2021: posts small blind 30
Lemanium8005: posts big blind 60
*** HOLE CARDS ***
Dealt to Mahu2021 [5c Qd]
Mahu2021: folds 
Uncalled bet (30) returned to Lemanium8005
Lemanium8005 collected 60 from pot
Lemanium8005: doesn't show hand 
*** SUMMARY ***
Total pot 60 | Rake 0 
Seat 2: Mahu2021 (button) (small blind) folded before Flop
Seat 3: Lemanium8005 (big blind) collected (60)



PokerStars Hand #249402886264: Tournament #3728401148, $1.84+$0.16 USD Hold'em No Limit - Level IV (30/60) - 2024/03/13 21:02:22 CET [2024/03/13 16:02:22 ET]
Table '3728401148 1' 3-max Seat #3 is the button
Seat 2: Mahu2021 (894 in chips) 
Seat 3: Lemanium8005 (606 in chips) 
Lemanium8005: posts small blind 30
Mahu2021: posts big blind 60
*** HOLE CARDS ***
Dealt to Mahu2021 [2d Jc]
Lemanium8005: raises 96 to 156
Mahu2021: folds 
Uncalled bet (96) returned to Lemanium8005
Lemanium8005 collected 120 from pot
Lemanium8005: doesn't show hand 
*** SUMMARY ***
Total pot 120 | Rake 0 
Seat 2: Mahu2021 (big blind) folded before Flop
Seat 3: Lemanium8005 (button) (small blind) collected (120)



PokerStars Hand #249402888179: Tournament #3728401148, $1.84+$0.16 USD Hold'em No Limit - Level IV (30/60) - 2024/03/13 21:02:27 CET [2024/03/13 16:02:27 ET]
Table '3728401148 1' 3-max Seat #2 is the button
Seat 2: Mahu2021 (834 in chips) 
Seat 3: Lemanium8005 (666 in chips) 
Mahu2021: posts small blind 30
Lemanium8005: posts big blind 60
*** HOLE CARDS ***
Dealt to Mahu2021 [Ts Kc]
Mahu2021: raises 60 to 120
Lemanium8005: raises 546 to 666 and is all-in
Mahu2021: calls 546
*** FLOP *** [2d 3h Td]
*** TURN *** [2d 3h Td] [Js]
*** RIVER *** [2d 3h Td Js] [3s]
*** SHOW DOWN ***
Lemanium8005: shows [9c 9d] (two pair, Nines and Threes)
Mahu2021: shows [Ts Kc] (two pair, Tens and Threes)
Mahu2021 collected 1332 from pot
Lemanium8005 finished the tournament in 2nd place
Mahu2021 wins the tournament and receives $4.00 - congratulations!
*** SUMMARY ***
Total pot 1332 | Rake 0 
Board [2d 3h Td Js 3s]
Seat 2: Mahu2021 (button) (small blind) showed [Ts Kc] and won (1332) with two pair, Tens and Threes
Seat 3: Lemanium8005 (big blind) showed [9c 9d] and lost with two pair, Nines and Threes



