PokerStars Zoom Hand #253519274787:  Hold'em No Limit ($0.05/$0.10) - 2024/11/22 15:23:45 CET [2024/11/22 9:23:45 ET]
Table 'Aludra' 6-max Seat #1 is the button
Seat 1: DropIceoleito ($13.16 in chips) 
Seat 2: humo97 ($10.45 in chips) 
Seat 3: Mahu2021 ($10 in chips) 
Seat 4: mishuka10 ($10 in chips) 
Seat 5: houlichan ($11.78 in chips) 
Seat 6: Ripshaw10 ($11.11 in chips) 
humo97: posts small blind $0.05
Mahu2021: posts big blind $0.10
*** HOLE CARDS ***
Dealt to Mahu2021 [Td 5d]
mishuka10: folds 
houlichan: raises $0.15 to $0.25
Ripshaw10: folds 
DropIceoleito: calls $0.25
humo97: folds 
Mahu2021: folds 
*** FLOP *** [Qd 2c 9c]
houlichan: bets $0.20
DropIceoleito: folds 
Uncalled bet ($0.20) returned to houlichan
houlichan collected $0.62 from pot
houlichan: doesn't show hand 
*** SUMMARY ***
Total pot $0.65 | Rake $0.03 
Board [Qd 2c 9c]
Seat 1: DropIceoleito (button) folded on the Flop
Seat 2: humo97 (small blind) folded before Flop
Seat 3: Mahu2021 (big blind) folded before Flop
Seat 4: mishuka10 folded before Flop (didn't bet)
Seat 5: houlichan collected ($0.62)
Seat 6: Ripshaw10 folded before Flop (didn't bet)



PokerStars Zoom Hand #253519275622:  Hold'em No Limit ($0.05/$0.10) - 2024/11/22 15:23:50 CET [2024/11/22 9:23:50 ET]
Table 'Aludra' 6-max Seat #1 is the button
Seat 1: dodeer ($14.56 in chips) 
Seat 2: Mahu2021 ($9.90 in chips) 
Seat 3: kikurinpk ($11.66 in chips) 
Seat 4: pokeripuikko ($19.61 in chips) 
Seat 5: letmewinplz8 ($10 in chips) 
Seat 6: sharakov ($12.88 in chips) 
Mahu2021: posts small blind $0.05
kikurinpk: posts big blind $0.10
*** HOLE CARDS ***
Dealt to Mahu2021 [Kc Kd]
pokeripuikko: folds 
letmewinplz8: folds 
sharakov: raises $0.20 to $0.30
dodeer: folds 
Mahu2021: raises $9.60 to $9.90 and is all-in
kikurinpk: folds 
sharakov: folds 
Uncalled bet ($9.60) returned to Mahu2021
Mahu2021 collected $0.70 from pot
Mahu2021: doesn't show hand 
*** SUMMARY ***
Total pot $0.70 | Rake $0 
Seat 1: dodeer (button) folded before Flop (didn't bet)
Seat 2: Mahu2021 (small blind) collected ($0.70)
Seat 3: kikurinpk (big blind) folded before Flop
Seat 4: pokeripuikko folded before Flop (didn't bet)
Seat 5: letmewinplz8 folded before Flop (didn't bet)
Seat 6: sharakov folded before Flop



PokerStars Zoom Hand #253519279286:  Hold'em No Limit ($0.05/$0.10) - 2024/11/22 15:24:12 CET [2024/11/22 9:24:12 ET]
Table 'Aludra' 6-max Seat #1 is the button
Seat 1: Mahu2021 ($10.30 in chips) 
Seat 2: kikurinpk ($11.56 in chips) 
Seat 3: DropIceoleito ($9.25 in chips) 
Seat 4: KRSofM ($9.76 in chips) 
Seat 5: Rob 1973 ($12.47 in chips) 
Seat 6: houlichan ($12.15 in chips) 
kikurinpk: posts small blind $0.05
DropIceoleito: posts big blind $0.10
*** HOLE CARDS ***
Dealt to Mahu2021 [3c Kh]
KRSofM: folds 
Rob 1973: folds 
houlichan: raises $0.15 to $0.25
Mahu2021: folds 
kikurinpk: folds 
DropIceoleito: folds 
Uncalled bet ($0.15) returned to houlichan
houlichan collected $0.25 from pot
houlichan: doesn't show hand 
*** SUMMARY ***
Total pot $0.25 | Rake $0 
Seat 1: Mahu2021 (button) folded before Flop (didn't bet)
Seat 2: kikurinpk (small blind) folded before Flop
Seat 3: DropIceoleito (big blind) folded before Flop
Seat 4: KRSofM folded before Flop (didn't bet)
Seat 5: Rob 1973 folded before Flop (didn't bet)
Seat 6: houlichan collected ($0.25)



PokerStars Zoom Hand #253519280715:  Hold'em No Limit ($0.05/$0.10) - 2024/11/22 15:24:21 CET [2024/11/22 9:24:21 ET]
Table 'Aludra' 6-max Seat #1 is the button
Seat 1: DropIceoleito ($9.15 in chips) 
Seat 2: stefanita24 ($8.98 in chips) 
Seat 3: Sidgeotto ($23.55 in chips) 
Seat 4: Mallardz ($14.36 in chips) 
Seat 5: Mahu2021 ($10.30 in chips) 
Seat 6: iqualizer ($9.42 in chips) 
stefanita24: posts small blind $0.05
Sidgeotto: posts big blind $0.10
*** HOLE CARDS ***
Dealt to Mahu2021 [Kh 8d]
Mallardz: folds 
Mahu2021: folds 
iqualizer: raises $0.25 to $0.35
DropIceoleito: folds 
stefanita24: folds 
Sidgeotto: folds 
Uncalled bet ($0.25) returned to iqualizer
iqualizer collected $0.25 from pot
iqualizer: doesn't show hand 
*** SUMMARY ***
Total pot $0.25 | Rake $0 
Seat 1: DropIceoleito (button) folded before Flop (didn't bet)
Seat 2: stefanita24 (small blind) folded before Flop
Seat 3: Sidgeotto (big blind) folded before Flop
Seat 4: Mallardz folded before Flop (didn't bet)
Seat 5: Mahu2021 folded before Flop (didn't bet)
Seat 6: iqualizer collected ($0.25)



PokerStars Zoom Hand #253519279950:  Hold'em No Limit ($0.05/$0.10) - 2024/11/22 15:24:16 CET [2024/11/22 9:24:16 ET]
Table 'Aludra' 6-max Seat #1 is the button
Seat 1: Al3xrz ($10.86 in chips) 
Seat 2: InfernoCrew ($20.17 in chips) 
Seat 3: eodnrdld123 ($10.77 in chips) 
Seat 4: m0nster1989_ ($10 in chips) 
Seat 5: ConTcoN ($17.68 in chips) 
Seat 6: Mahu2021 ($10.30 in chips) 
InfernoCrew: posts small blind $0.05
eodnrdld123: posts big blind $0.10
*** HOLE CARDS ***
Dealt to Mahu2021 [3d Ah]
m0nster1989_: folds 
ConTcoN: raises $0.15 to $0.25
Mahu2021: folds 
Al3xrz: folds 
InfernoCrew: folds 
eodnrdld123: folds 
Uncalled bet ($0.15) returned to ConTcoN
ConTcoN collected $0.25 from pot
ConTcoN: doesn't show hand 
*** SUMMARY ***
Total pot $0.25 | Rake $0 
Seat 1: Al3xrz (button) folded before Flop (didn't bet)
Seat 2: InfernoCrew (small blind) folded before Flop
Seat 3: eodnrdld123 (big blind) folded before Flop
Seat 4: m0nster1989_ folded before Flop (didn't bet)
Seat 5: ConTcoN collected ($0.25)
Seat 6: Mahu2021 folded before Flop (didn't bet)



PokerStars Zoom Hand #253519281491:  Hold'em No Limit ($0.05/$0.10) - 2024/11/22 15:24:26 CET [2024/11/22 9:24:26 ET]
Table 'Aludra' 6-max Seat #1 is the button
Seat 1: Whysoserios0 ($14.31 in chips) 
Seat 2: houlichan ($12.30 in chips) 
Seat 3: Thoker ($10.35 in chips) 
Seat 4: Mahu2021 ($10.30 in chips) 
Seat 5: Lenusia392 ($4.34 in chips) 
Seat 6: julesAAAA ($16.22 in chips) 
houlichan: posts small blind $0.05
Thoker: posts big blind $0.10
*** HOLE CARDS ***
Dealt to Mahu2021 [6s 4h]
Mahu2021: folds 
Lenusia392: folds 
julesAAAA: folds 
Whysoserios0: folds 
houlichan: folds 
Uncalled bet ($0.05) returned to Thoker
Thoker collected $0.10 from pot
Thoker: doesn't show hand 
*** SUMMARY ***
Total pot $0.10 | Rake $0 
Seat 1: Whysoserios0 (button) folded before Flop (didn't bet)
Seat 2: houlichan (small blind) folded before Flop
Seat 3: Thoker (big blind) collected ($0.10)
Seat 4: Mahu2021 folded before Flop (didn't bet)
Seat 5: Lenusia392 folded before Flop (didn't bet)
Seat 6: julesAAAA folded before Flop (didn't bet)



PokerStars Zoom Hand #253519282085:  Hold'em No Limit ($0.05/$0.10) - 2024/11/22 15:24:29 CET [2024/11/22 9:24:29 ET]
Table 'Aludra' 6-max Seat #1 is the button
Seat 1: HaandSpiller ($14.07 in chips) 
Seat 2: lordx777 ($10 in chips) 
Seat 3: Mahu2021 ($10.30 in chips) 
Seat 4: VitorArj ($10.83 in chips) 
Seat 5: tarno1989 ($8.77 in chips) 
Seat 6: eodnrdld123 ($10.67 in chips) 
lordx777: posts small blind $0.05
Mahu2021: posts big blind $0.10
*** HOLE CARDS ***
Dealt to Mahu2021 [5h Td]
VitorArj: raises $0.15 to $0.25
tarno1989: folds 
eodnrdld123: raises $0.50 to $0.75
HaandSpiller: folds 
lordx777: folds 
Mahu2021: folds 
VitorArj: folds 
Uncalled bet ($0.50) returned to eodnrdld123
eodnrdld123 collected $0.65 from pot
eodnrdld123: doesn't show hand 
*** SUMMARY ***
Total pot $0.65 | Rake $0 
Seat 1: HaandSpiller (button) folded before Flop (didn't bet)
Seat 2: lordx777 (small blind) folded before Flop
Seat 3: Mahu2021 (big blind) folded before Flop
Seat 4: VitorArj folded before Flop
Seat 5: tarno1989 folded before Flop (didn't bet)
Seat 6: eodnrdld123 collected ($0.65)



PokerStars Zoom Hand #253519285299:  Hold'em No Limit ($0.05/$0.10) - 2024/11/22 15:24:49 CET [2024/11/22 9:24:49 ET]
Table 'Aludra' 6-max Seat #1 is the button
Seat 1: InfernoCrew ($31.10 in chips) 
Seat 2: letmewinplz8 ($16.79 in chips) 
Seat 3: misterdenister ($10.72 in chips) 
Seat 4: lordx777 ($14.06 in chips) 
Seat 5: Mahu2021 ($10.15 in chips) 
Seat 6: micdik ($7.04 in chips) 
letmewinplz8: posts small blind $0.05
misterdenister: posts big blind $0.10
*** HOLE CARDS ***
Dealt to Mahu2021 [4h Jc]
lordx777: folds 
Mahu2021: folds 
micdik: folds 
InfernoCrew: folds 
letmewinplz8: raises $0.20 to $0.30
misterdenister: folds 
Uncalled bet ($0.20) returned to letmewinplz8
letmewinplz8 collected $0.20 from pot
letmewinplz8: doesn't show hand 
*** SUMMARY ***
Total pot $0.20 | Rake $0 
Seat 1: InfernoCrew (button) folded before Flop (didn't bet)
Seat 2: letmewinplz8 (small blind) collected ($0.20)
Seat 3: misterdenister (big blind) folded before Flop
Seat 4: lordx777 folded before Flop (didn't bet)
Seat 5: Mahu2021 folded before Flop (didn't bet)
Seat 6: micdik folded before Flop (didn't bet)



PokerStars Zoom Hand #253519283270:  Hold'em No Limit ($0.05/$0.10) - 2024/11/22 15:24:37 CET [2024/11/22 9:24:37 ET]
Table 'Aludra' 6-max Seat #1 is the button
Seat 1: misterdenister ($10.72 in chips) 
Seat 2: Mahu2021 ($10.20 in chips) 
Seat 3: lordx777 ($10.55 in chips) 
Seat 4: sharakov ($12.43 in chips) 
Seat 5: crytexs123 ($22.17 in chips) 
Seat 6: Gobi000 ($10.35 in chips) 
Mahu2021: posts small blind $0.05
lordx777: posts big blind $0.10
*** HOLE CARDS ***
Dealt to Mahu2021 [9h 7s]
sharakov: folds 
crytexs123: raises $0.15 to $0.25
Gobi000: folds 
misterdenister: folds 
Mahu2021: folds 
lordx777: calls $0.15
*** FLOP *** [Jh Th 4d]
lordx777: checks 
crytexs123: bets $0.26
lordx777: raises $0.74 to $1
crytexs123: folds 
Uncalled bet ($0.74) returned to lordx777
lordx777 collected $1.02 from pot
lordx777: doesn't show hand 
*** SUMMARY ***
Total pot $1.07 | Rake $0.05 
Board [Jh Th 4d]
Seat 1: misterdenister (button) folded before Flop (didn't bet)
Seat 2: Mahu2021 (small blind) folded before Flop
Seat 3: lordx777 (big blind) collected ($1.02)
Seat 4: sharakov folded before Flop (didn't bet)
Seat 5: crytexs123 folded on the Flop
Seat 6: Gobi000 folded before Flop (didn't bet)



PokerStars Zoom Hand #253519284735:  Hold'em No Limit ($0.05/$0.10) - 2024/11/22 15:24:45 CET [2024/11/22 9:24:45 ET]
Table 'Aludra' 6-max Seat #1 is the button
Seat 1: tarno1989 ($8.72 in chips) 
Seat 2: KRSofM ($7.25 in chips) 
Seat 3: julesAAAA ($16.17 in chips) 
Seat 4: m0nster1989_ ($10 in chips) 
Seat 5: micdik ($7.04 in chips) 
Seat 6: Mahu2021 ($10.15 in chips) 
KRSofM: posts small blind $0.05
julesAAAA: posts big blind $0.10
*** HOLE CARDS ***
Dealt to Mahu2021 [8h 3h]
m0nster1989_: folds 
micdik: folds 
Mahu2021: folds 
tarno1989: raises $0.10 to $0.20
KRSofM: folds 
julesAAAA: folds 
Uncalled bet ($0.10) returned to tarno1989
tarno1989 collected $0.25 from pot
tarno1989: doesn't show hand 
*** SUMMARY ***
Total pot $0.25 | Rake $0 
Seat 1: tarno1989 (button) collected ($0.25)
Seat 2: KRSofM (small blind) folded before Flop
Seat 3: julesAAAA (big blind) folded before Flop
Seat 4: m0nster1989_ folded before Flop (didn't bet)
Seat 5: micdik folded before Flop (didn't bet)
Seat 6: Mahu2021 folded before Flop (didn't bet)



PokerStars Zoom Hand #253519283916:  Hold'em No Limit ($0.05/$0.10) - 2024/11/22 15:24:40 CET [2024/11/22 9:24:40 ET]
Table 'Aludra' 6-max Seat #1 is the button
Seat 1: Mahu2021 ($10.15 in chips) 
Seat 2: DropIceoleito ($18.13 in chips) 
Seat 3: never chase a b ($11.38 in chips) 
Seat 4: tarno1989 ($8.72 in chips) 
Seat 5: letmewinplz8 ($10 in chips) 
Seat 6: Sidgeotto ($23.59 in chips) 
DropIceoleito: posts small blind $0.05
never chase a b: posts big blind $0.10
*** HOLE CARDS ***
Dealt to Mahu2021 [Qc 3h]
tarno1989: folds 
letmewinplz8: folds 
Sidgeotto: raises $0.15 to $0.25
Mahu2021: folds 
DropIceoleito: folds 
never chase a b: raises $0.95 to $1.20
Sidgeotto: calls $0.95
*** FLOP *** [8h Th 9h]
never chase a b: checks 
Sidgeotto: checks 
*** TURN *** [8h Th 9h] [2d]
never chase a b: bets $0.60
Sidgeotto: calls $0.60
*** RIVER *** [8h Th 9h 2d] [6c]
never chase a b: checks 
Sidgeotto: checks 
*** SHOW DOWN ***
never chase a b: shows [Qs Qh] (a pair of Queens)
Sidgeotto: mucks hand 
never chase a b collected $3.45 from pot
*** SUMMARY ***
Total pot $3.65 | Rake $0.20 
Board [8h Th 9h 2d 6c]
Seat 1: Mahu2021 (button) folded before Flop (didn't bet)
Seat 2: DropIceoleito (small blind) folded before Flop
Seat 3: never chase a b (big blind) showed [Qs Qh] and won ($3.45) with a pair of Queens
Seat 4: tarno1989 folded before Flop (didn't bet)
Seat 5: letmewinplz8 folded before Flop (didn't bet)
Seat 6: Sidgeotto mucked [Ac Kh]



PokerStars Zoom Hand #253519286824:  Hold'em No Limit ($0.05/$0.10) - 2024/11/22 15:24:58 CET [2024/11/22 9:24:58 ET]
Table 'Aludra' 6-max Seat #1 is the button
Seat 1: 2sword4 ($11.92 in chips) 
Seat 2: Mahu2021 ($10.15 in chips) 
Seat 3: KRSofM ($9.56 in chips) 
Seat 4: sleepwalk29 ($12.23 in chips) 
Seat 5: HaandSpiller ($13.32 in chips) 
Seat 6: jasonmartinnl ($3.94 in chips) 
Mahu2021: posts small blind $0.05
KRSofM: posts big blind $0.10
*** HOLE CARDS ***
Dealt to Mahu2021 [5c 7c]
sleepwalk29: folds 
HaandSpiller: raises $0.15 to $0.25
jasonmartinnl: folds 
2sword4: folds 
Mahu2021: folds 
KRSofM: calls $0.15
*** FLOP *** [2c 3c Ah]
KRSofM: checks 
HaandSpiller: bets $0.21
KRSofM: folds 
Uncalled bet ($0.21) returned to HaandSpiller
HaandSpiller collected $0.53 from pot
HaandSpiller: doesn't show hand 
*** SUMMARY ***
Total pot $0.55 | Rake $0.02 
Board [2c 3c Ah]
Seat 1: 2sword4 (button) folded before Flop (didn't bet)
Seat 2: Mahu2021 (small blind) folded before Flop
Seat 3: KRSofM (big blind) folded on the Flop
Seat 4: sleepwalk29 folded before Flop (didn't bet)
Seat 5: HaandSpiller collected ($0.53)
Seat 6: jasonmartinnl folded before Flop (didn't bet)



PokerStars Zoom Hand #253519288315:  Hold'em No Limit ($0.05/$0.10) - 2024/11/22 15:25:06 CET [2024/11/22 9:25:06 ET]
Table 'Aludra' 6-max Seat #1 is the button
Seat 1: MEGAJUNHI ($8.32 in chips) 
Seat 2: VitorArj ($10.75 in chips) 
Seat 3: Mahu2021 ($10.10 in chips) 
Seat 4: InfernoCrew ($31.10 in chips) 
Seat 5: Hoe_Jyland69 ($5.68 in chips) 
Seat 6: Whysoserios0 ($14.16 in chips) 
VitorArj: posts small blind $0.05
Mahu2021: posts big blind $0.10
*** HOLE CARDS ***
Dealt to Mahu2021 [4c Kh]
InfernoCrew: folds 
Hoe_Jyland69: folds 
Whysoserios0: raises $0.10 to $0.20
MEGAJUNHI: folds 
VitorArj: folds 
Mahu2021: calls $0.10
*** FLOP *** [9d Tc 5h]
Mahu2021: checks 
Whysoserios0: checks 
*** TURN *** [9d Tc 5h] [7s]
Mahu2021: checks 
Whysoserios0: bets $0.32
Mahu2021: folds 
Uncalled bet ($0.32) returned to Whysoserios0
Whysoserios0 collected $0.43 from pot
Whysoserios0: doesn't show hand 
*** SUMMARY ***
Total pot $0.45 | Rake $0.02 
Board [9d Tc 5h 7s]
Seat 1: MEGAJUNHI (button) folded before Flop (didn't bet)
Seat 2: VitorArj (small blind) folded before Flop
Seat 3: Mahu2021 (big blind) folded on the Turn
Seat 4: InfernoCrew folded before Flop (didn't bet)
Seat 5: Hoe_Jyland69 folded before Flop (didn't bet)
Seat 6: Whysoserios0 collected ($0.43)



PokerStars Zoom Hand #253519293785:  Hold'em No Limit ($0.05/$0.10) - 2024/11/22 15:25:40 CET [2024/11/22 9:25:40 ET]
Table 'Aludra' 6-max Seat #1 is the button
Seat 1: Mahu2021 ($9.90 in chips) 
Seat 2: Gobi000 ($17.58 in chips) 
Seat 3: HaandSpiller ($13.60 in chips) 
Seat 4: pokeripuikko ($10 in chips) 
Seat 5: sharakov ($12.75 in chips) 
Seat 6: wtr66i ($9.87 in chips) 
Gobi000: posts small blind $0.05
HaandSpiller: posts big blind $0.10
*** HOLE CARDS ***
Dealt to Mahu2021 [Qc 4s]
pokeripuikko: raises $0.12 to $0.22
sharakov: folds 
wtr66i: folds 
Mahu2021: folds 
Gobi000: folds 
HaandSpiller: folds 
Uncalled bet ($0.12) returned to pokeripuikko
pokeripuikko collected $0.25 from pot
pokeripuikko: doesn't show hand 
*** SUMMARY ***
Total pot $0.25 | Rake $0 
Seat 1: Mahu2021 (button) folded before Flop (didn't bet)
Seat 2: Gobi000 (small blind) folded before Flop
Seat 3: HaandSpiller (big blind) folded before Flop
Seat 4: pokeripuikko collected ($0.25)
Seat 5: sharakov folded before Flop (didn't bet)
Seat 6: wtr66i folded before Flop (didn't bet)



PokerStars Zoom Hand #253519285985:  Hold'em No Limit ($0.05/$0.10) - 2024/11/22 15:24:53 CET [2024/11/22 9:24:53 ET]
Table 'Aludra' 6-max Seat #1 is the button
Seat 1: houlichan ($12.15 in chips) 
Seat 2: Gobi000 ($17.58 in chips) 
Seat 3: Berserkzz ($6.85 in chips) 
Seat 4: micdik ($7.04 in chips) 
Seat 5: PEE0202 ($10.15 in chips) 
Seat 6: Mahu2021 ($10.15 in chips) 
Gobi000: posts small blind $0.05
Berserkzz: posts big blind $0.10
*** HOLE CARDS ***
Dealt to Mahu2021 [8h Js]
micdik: raises $0.15 to $0.25
PEE0202: folds 
Mahu2021: folds 
houlichan: calls $0.25
Gobi000: folds 
Berserkzz: calls $0.15
*** FLOP *** [2d Ts Jc]
Berserkzz: checks 
micdik: checks 
houlichan: checks 
*** TURN *** [2d Ts Jc] [8c]
Berserkzz: bets $0.30
micdik: folds 
houlichan: calls $0.30
*** RIVER *** [2d Ts Jc 8c] [Td]
Berserkzz: bets $0.50
houlichan: calls $0.50
*** SHOW DOWN ***
Berserkzz: shows [Th Tc] (four of a kind, Tens)
houlichan: mucks hand 
Berserkzz collected $2.29 from pot
*** SUMMARY ***
Total pot $2.40 | Rake $0.11 
Board [2d Ts Jc 8c Td]
Seat 1: houlichan (button) mucked [5d 5h]
Seat 2: Gobi000 (small blind) folded before Flop
Seat 3: Berserkzz (big blind) showed [Th Tc] and won ($2.29) with four of a kind, Tens
Seat 4: micdik folded on the Turn
Seat 5: PEE0202 folded before Flop (didn't bet)
Seat 6: Mahu2021 folded before Flop (didn't bet)



PokerStars Zoom Hand #253519294439:  Hold'em No Limit ($0.05/$0.10) - 2024/11/22 15:25:43 CET [2024/11/22 9:25:43 ET]
Table 'Aludra' 6-max Seat #1 is the button
Seat 1: Gobi000 ($17.53 in chips) 
Seat 2: MeDaFish72 ($10.49 in chips) 
Seat 3: Lenusia392 ($3.54 in chips) 
Seat 4: daily228 ($24.19 in chips) 
Seat 5: Mahu2021 ($9.90 in chips) 
Seat 6: stand123 ($10 in chips) 
MeDaFish72: posts small blind $0.05
Lenusia392: posts big blind $0.10
*** HOLE CARDS ***
Dealt to Mahu2021 [9s 8s]
daily228: raises $0.10 to $0.20
Mahu2021: calls $0.20
stand123: folds 
Gobi000: folds 
MeDaFish72: folds 
Lenusia392: calls $0.10
*** FLOP *** [2h 5c 7c]
Lenusia392: checks 
daily228: checks 
Mahu2021: checks 
*** TURN *** [2h 5c 7c] [8c]
Lenusia392: checks 
daily228: checks 
Mahu2021: bets $0.30
Lenusia392: folds 
daily228: calls $0.30
*** RIVER *** [2h 5c 7c 8c] [Ks]
daily228: bets $0.30
Mahu2021: calls $0.30
*** SHOW DOWN ***
daily228: shows [Tc Kc] (a flush, King high)
Mahu2021: mucks hand 
daily228 collected $1.77 from pot
*** SUMMARY ***
Total pot $1.85 | Rake $0.08 
Board [2h 5c 7c 8c Ks]
Seat 1: Gobi000 (button) folded before Flop (didn't bet)
Seat 2: MeDaFish72 (small blind) folded before Flop
Seat 3: Lenusia392 (big blind) folded on the Turn
Seat 4: daily228 showed [Tc Kc] and won ($1.77) with a flush, King high
Seat 5: Mahu2021 mucked [9s 8s]
Seat 6: stand123 folded before Flop (didn't bet)



PokerStars Zoom Hand #253519305767:  Hold'em No Limit ($0.05/$0.10) - 2024/11/22 15:26:50 CET [2024/11/22 9:26:50 ET]
Table 'Aludra' 6-max Seat #1 is the button
Seat 1: DropIceoleito ($12.41 in chips) 
Seat 2: goon97 ($30.49 in chips) 
Seat 3: CptLevi111 ($6 in chips) 
Seat 4: Ripshaw10 ($85.13 in chips) 
Seat 5: franz Z750 ($10 in chips) 
Seat 6: Mahu2021 ($9.10 in chips) 
goon97: posts small blind $0.05
CptLevi111: posts big blind $0.10
*** HOLE CARDS ***
Dealt to Mahu2021 [Kh 8c]
Ripshaw10: folds 
franz Z750: folds 
Mahu2021: folds 
DropIceoleito: folds 
goon97: raises $0.20 to $0.30
CptLevi111: folds 
Uncalled bet ($0.20) returned to goon97
goon97 collected $0.20 from pot
goon97: doesn't show hand 
*** SUMMARY ***
Total pot $0.20 | Rake $0 
Seat 1: DropIceoleito (button) folded before Flop (didn't bet)
Seat 2: goon97 (small blind) collected ($0.20)
Seat 3: CptLevi111 (big blind) folded before Flop
Seat 4: Ripshaw10 folded before Flop (didn't bet)
Seat 5: franz Z750 folded before Flop (didn't bet)
Seat 6: Mahu2021 folded before Flop (didn't bet)



PokerStars Zoom Hand #253519307184:  Hold'em No Limit ($0.05/$0.10) - 2024/11/22 15:26:58 CET [2024/11/22 9:26:58 ET]
Table 'Aludra' 6-max Seat #1 is the button
Seat 1: eodnrdld123 ($10 in chips) 
Seat 2: daily228 ($25.16 in chips) 
Seat 3: Mahu2021 ($9.10 in chips) 
Seat 4: mishuka10 ($10.22 in chips) 
Seat 5: Berserkzz ($7.79 in chips) 
Seat 6: KRSofM ($8.58 in chips) 
daily228: posts small blind $0.05
Mahu2021: posts big blind $0.10
*** HOLE CARDS ***
Dealt to Mahu2021 [3d 8c]
mishuka10: folds 
Berserkzz: folds 
KRSofM: folds 
eodnrdld123: raises $0.15 to $0.25
daily228: folds 
Mahu2021: folds 
Uncalled bet ($0.15) returned to eodnrdld123
eodnrdld123 collected $0.25 from pot
eodnrdld123: doesn't show hand 
*** SUMMARY ***
Total pot $0.25 | Rake $0 
Seat 1: eodnrdld123 (button) collected ($0.25)
Seat 2: daily228 (small blind) folded before Flop
Seat 3: Mahu2021 (big blind) folded before Flop
Seat 4: mishuka10 folded before Flop (didn't bet)
Seat 5: Berserkzz folded before Flop (didn't bet)
Seat 6: KRSofM folded before Flop (didn't bet)



PokerStars Zoom Hand #253519306516:  Hold'em No Limit ($0.05/$0.10) - 2024/11/22 15:26:54 CET [2024/11/22 9:26:54 ET]
Table 'Aludra' 6-max Seat #1 is the button
Seat 1: sharakov ($10.47 in chips) 
Seat 2: honEybOOx ($11.59 in chips) 
Seat 3: stand123 ($9.74 in chips) 
Seat 4: Mahu2021 ($9.10 in chips) 
Seat 5: franz Z750 ($21.32 in chips) 
Seat 6: Lenusia392 ($3.44 in chips) 
honEybOOx: posts small blind $0.05
stand123: posts big blind $0.10
*** HOLE CARDS ***
Dealt to Mahu2021 [9d Tc]
Mahu2021: folds 
franz Z750: folds 
Lenusia392: folds 
sharakov: raises $0.20 to $0.30
honEybOOx: folds 
stand123: raises $0.65 to $0.95
sharakov: raises $1.25 to $2.20
stand123: folds 
Uncalled bet ($1.25) returned to sharakov
sharakov collected $1.95 from pot
sharakov: doesn't show hand 
*** SUMMARY ***
Total pot $1.95 | Rake $0 
Seat 1: sharakov (button) collected ($1.95)
Seat 2: honEybOOx (small blind) folded before Flop
Seat 3: stand123 (big blind) folded before Flop
Seat 4: Mahu2021 folded before Flop (didn't bet)
Seat 5: franz Z750 folded before Flop (didn't bet)
Seat 6: Lenusia392 folded before Flop (didn't bet)



PokerStars Zoom Hand #253519308974:  Hold'em No Limit ($0.05/$0.10) - 2024/11/22 15:27:09 CET [2024/11/22 9:27:09 ET]
Table 'Aludra' 6-max Seat #1 is the button
Seat 1: crytexs123 ($21.40 in chips) 
Seat 2: Mahu2021 ($9 in chips) 
Seat 3: Ripshaw10 ($14.53 in chips) 
Seat 4: goon97 ($3.92 in chips) 
Seat 5: Bacchin923 ($8.69 in chips) 
Seat 6: mishuka10 ($10.17 in chips) 
Mahu2021: posts small blind $0.05
Ripshaw10: posts big blind $0.10
*** HOLE CARDS ***
Dealt to Mahu2021 [4s Ah]
goon97: raises $0.10 to $0.20
Bacchin923: folds 
mishuka10: folds 
crytexs123: folds 
Mahu2021: calls $0.15
Ripshaw10: folds 
*** FLOP *** [7h Kd Ks]
Mahu2021: checks 
goon97: bets $0.36
Mahu2021: raises $0.36 to $0.72
goon97: folds 
Uncalled bet ($0.36) returned to Mahu2021
Mahu2021 collected $1.17 from pot
Mahu2021: doesn't show hand 
*** SUMMARY ***
Total pot $1.22 | Rake $0.05 
Board [7h Kd Ks]
Seat 1: crytexs123 (button) folded before Flop (didn't bet)
Seat 2: Mahu2021 (small blind) collected ($1.17)
Seat 3: Ripshaw10 (big blind) folded before Flop
Seat 4: goon97 folded on the Flop
Seat 5: Bacchin923 folded before Flop (didn't bet)
Seat 6: mishuka10 folded before Flop (didn't bet)



PokerStars Zoom Hand #253519312372:  Hold'em No Limit ($0.05/$0.10) - 2024/11/22 15:27:28 CET [2024/11/22 9:27:28 ET]
Table 'Aludra' 6-max Seat #1 is the button
Seat 1: letmewinplz8 ($10.22 in chips) 
Seat 2: PEE0202 ($9.04 in chips) 
Seat 3: eLegido99 ($10.45 in chips) 
Seat 4: Mahu2021 ($9.61 in chips) 
Seat 5: lordx777 ($10 in chips) 
Seat 6: micdik ($3.96 in chips) 
PEE0202: posts small blind $0.05
eLegido99: posts big blind $0.10
*** HOLE CARDS ***
Dealt to Mahu2021 [2s 9h]
Mahu2021: folds 
lordx777: folds 
micdik: folds 
letmewinplz8: raises $0.15 to $0.25
PEE0202: calls $0.20
eLegido99: folds 
*** FLOP *** [Ac 5h Ts]
PEE0202: bets $0.10
letmewinplz8: calls $0.10
*** TURN *** [Ac 5h Ts] [9s]
PEE0202: bets $0.10
letmewinplz8: calls $0.10
*** RIVER *** [Ac 5h Ts 9s] [4d]
PEE0202: bets $0.20
letmewinplz8: calls $0.20
*** SHOW DOWN ***
PEE0202: shows [3s Ah] (a pair of Aces)
letmewinplz8: shows [2d As] (a pair of Aces)
PEE0202 collected $0.67 from pot
letmewinplz8 collected $0.67 from pot
*** SUMMARY ***
Total pot $1.40 | Rake $0.06 
Board [Ac 5h Ts 9s 4d]
Seat 1: letmewinplz8 (button) showed [2d As] and won ($0.67) with a pair of Aces
Seat 2: PEE0202 (small blind) showed [3s Ah] and won ($0.67) with a pair of Aces
Seat 3: eLegido99 (big blind) folded before Flop
Seat 4: Mahu2021 folded before Flop (didn't bet)
Seat 5: lordx777 folded before Flop (didn't bet)
Seat 6: micdik folded before Flop (didn't bet)



PokerStars Zoom Hand #253519312967:  Hold'em No Limit ($0.05/$0.10) - 2024/11/22 15:27:32 CET [2024/11/22 9:27:32 ET]
Table 'Aludra' 6-max Seat #1 is the button
Seat 1: Mahu2021 ($9.61 in chips) 
Seat 2: fabs stars ($6.27 in chips) 
Seat 3: goon97 ($30.64 in chips) 
Seat 4: dudrj2wl ($21.55 in chips) 
Seat 5: misterdenister ($10 in chips) 
Seat 6: stefanita24 ($9.13 in chips) 
fabs stars: posts small blind $0.05
goon97: posts big blind $0.10
*** HOLE CARDS ***
Dealt to Mahu2021 [Ad 2d]
dudrj2wl: folds 
misterdenister: raises $0.13 to $0.23
stefanita24: calls $0.23
Mahu2021: calls $0.23
fabs stars: folds 
goon97: folds 
*** FLOP *** [7d 8d Jd]
misterdenister: checks 
stefanita24: bets $0.26
Mahu2021: calls $0.26
misterdenister: calls $0.26
*** TURN *** [7d 8d Jd] [Jc]
misterdenister: checks 
stefanita24: checks 
Mahu2021: bets $0.30
misterdenister: calls $0.30
stefanita24: raises $1.13 to $1.43
Mahu2021: raises $7.69 to $9.12 and is all-in
misterdenister: folds 
stefanita24: calls $7.21 and is all-in
Uncalled bet ($0.48) returned to Mahu2021
*** RIVER *** [7d 8d Jd Jc] [5s]
*** SHOW DOWN ***
stefanita24: shows [Js Qh] (three of a kind, Jacks)
Mahu2021: shows [Ad 2d] (a flush, Ace high)
Mahu2021 collected $18.34 from pot
*** SUMMARY ***
Total pot $19.20 | Rake $0.86 
Board [7d 8d Jd Jc 5s]
Seat 1: Mahu2021 (button) showed [Ad 2d] and won ($18.34) with a flush, Ace high
Seat 2: fabs stars (small blind) folded before Flop
Seat 3: goon97 (big blind) folded before Flop
Seat 4: dudrj2wl folded before Flop (didn't bet)
Seat 5: misterdenister folded on the Turn
Seat 6: stefanita24 showed [Js Qh] and lost with three of a kind, Jacks



PokerStars Zoom Hand #253519320972:  Hold'em No Limit ($0.05/$0.10) - 2024/11/22 15:28:19 CET [2024/11/22 9:28:19 ET]
Table 'Aludra' 6-max Seat #1 is the button
Seat 1: misterdenister ($10 in chips) 
Seat 2: Mallardz ($25.70 in chips) 
Seat 3: Sidgeotto ($25.19 in chips) 
Seat 4: julesAAAA ($29.12 in chips) 
Seat 5: dudrj2wl ($21.40 in chips) 
Seat 6: Mahu2021 ($18.82 in chips) 
Mallardz: posts small blind $0.05
Sidgeotto: posts big blind $0.10
*** HOLE CARDS ***
Dealt to Mahu2021 [2s Js]
julesAAAA: folds 
dudrj2wl: folds 
Mahu2021: folds 
misterdenister: raises $0.15 to $0.25
Mallardz: folds 
Sidgeotto: folds 
Uncalled bet ($0.15) returned to misterdenister
misterdenister collected $0.25 from pot
misterdenister: doesn't show hand 
*** SUMMARY ***
Total pot $0.25 | Rake $0 
Seat 1: misterdenister (button) collected ($0.25)
Seat 2: Mallardz (small blind) folded before Flop
Seat 3: Sidgeotto (big blind) folded before Flop
Seat 4: julesAAAA folded before Flop (didn't bet)
Seat 5: dudrj2wl folded before Flop (didn't bet)
Seat 6: Mahu2021 folded before Flop (didn't bet)



PokerStars Zoom Hand #253519321729:  Hold'em No Limit ($0.05/$0.10) - 2024/11/22 15:28:23 CET [2024/11/22 9:28:23 ET]
Table 'Aludra' 6-max Seat #1 is the button
Seat 1: Hoe_Jyland69 ($5.31 in chips) 
Seat 2: franz Z750 ($21 in chips) 
Seat 3: eodnrdld123 ($10 in chips) 
Seat 4: never chase a b ($12.66 in chips) 
Seat 5: Mahu2021 ($18.82 in chips) 
Seat 6: Odenpoker ($10.45 in chips) 
franz Z750: posts small blind $0.05
eodnrdld123: posts big blind $0.10
*** HOLE CARDS ***
Dealt to Mahu2021 [Jh Kd]
never chase a b: folds 
Mahu2021: raises $0.10 to $0.20
Odenpoker: folds 
Hoe_Jyland69: raises $0.20 to $0.40
franz Z750: folds 
eodnrdld123: folds 
Mahu2021: calls $0.20
*** FLOP *** [As 9d 8h]
Mahu2021: checks 
Hoe_Jyland69: checks 
*** TURN *** [As 9d 8h] [4h]
Mahu2021: checks 
Hoe_Jyland69: checks 
*** RIVER *** [As 9d 8h 4h] [5h]
Mahu2021: checks 
Hoe_Jyland69: checks 
*** SHOW DOWN ***
Mahu2021: shows [Jh Kd] (high card Ace)
Hoe_Jyland69: shows [Kh Jc] (high card Ace)
Mahu2021 collected $0.46 from pot
Hoe_Jyland69 collected $0.45 from pot
*** SUMMARY ***
Total pot $0.95 | Rake $0.04 
Board [As 9d 8h 4h 5h]
Seat 1: Hoe_Jyland69 (button) showed [Kh Jc] and won ($0.45) with high card Ace
Seat 2: franz Z750 (small blind) folded before Flop
Seat 3: eodnrdld123 (big blind) folded before Flop
Seat 4: never chase a b folded before Flop (didn't bet)
Seat 5: Mahu2021 showed [Jh Kd] and won ($0.46) with high card Ace
Seat 6: Odenpoker folded before Flop (didn't bet)



