PokerStars Hand #242916661772: Tournament #3572963246, $0.92+$0.08 USD Hold'em No Limit - Level I (10/20) - 2023/04/06 11:01:22 CET [2023/04/06 5:01:22 ET]
Table '3572963246 1' 3-max Seat #1 is the button
Seat 1: StariyDragon (500 in chips) 
Seat 2: Mahu2021 (500 in chips) 
Seat 3: Kokez1 (500 in chips) 
Mahu2021: posts small blind 10
Kokez1: posts big blind 20
*** HOLE CARDS ***
Dealt to Mahu2021 [Th 5s]
StariyDragon: folds 
Mahu2021: folds 
Uncalled bet (10) returned to Kokez1
Kokez1 collected 20 from pot
*** SUMMARY ***
Total pot 20 | Rake 0 
Seat 1: StariyDragon (button) folded before Flop (didn't bet)
Seat 2: Mahu2021 (small blind) folded before Flop
Seat 3: Kokez1 (big blind) collected (20)



PokerStars Hand #242916662763: Tournament #3572963246, $0.92+$0.08 USD Hold'em No Limit - Level I (10/20) - 2023/04/06 11:01:29 CET [2023/04/06 5:01:29 ET]
Table '3572963246 1' 3-max Seat #2 is the button
Seat 1: StariyDragon (500 in chips) 
Seat 2: Mahu2021 (490 in chips) 
Seat 3: Kokez1 (510 in chips) 
Kokez1: posts small blind 10
StariyDragon: posts big blind 20
*** HOLE CARDS ***
Dealt to Mahu2021 [4c 3s]
Mahu2021: folds 
Kokez1: folds 
Uncalled bet (10) returned to StariyDragon
StariyDragon collected 20 from pot
StariyDragon: doesn't show hand 
*** SUMMARY ***
Total pot 20 | Rake 0 
Seat 1: StariyDragon (big blind) collected (20)
Seat 2: Mahu2021 (button) folded before Flop (didn't bet)
Seat 3: Kokez1 (small blind) folded before Flop



PokerStars Hand #242916663905: Tournament #3572963246, $0.92+$0.08 USD Hold'em No Limit - Level I (10/20) - 2023/04/06 11:01:37 CET [2023/04/06 5:01:37 ET]
Table '3572963246 1' 3-max Seat #3 is the button
Seat 1: StariyDragon (510 in chips) 
Seat 2: Mahu2021 (490 in chips) 
Seat 3: Kokez1 (500 in chips) 
StariyDragon: posts small blind 10
Mahu2021: posts big blind 20
*** HOLE CARDS ***
Dealt to Mahu2021 [8s 6h]
Kokez1: folds 
StariyDragon: folds 
Uncalled bet (10) returned to Mahu2021
Mahu2021 collected 20 from pot
Mahu2021: doesn't show hand 
*** SUMMARY ***
Total pot 20 | Rake 0 
Seat 1: StariyDragon (small blind) folded before Flop
Seat 2: Mahu2021 (big blind) collected (20)
Seat 3: Kokez1 (button) folded before Flop (didn't bet)



PokerStars Hand #242916664705: Tournament #3572963246, $0.92+$0.08 USD Hold'em No Limit - Level I (10/20) - 2023/04/06 11:01:42 CET [2023/04/06 5:01:42 ET]
Table '3572963246 1' 3-max Seat #1 is the button
Seat 1: StariyDragon (500 in chips) 
Seat 2: Mahu2021 (500 in chips) 
Seat 3: Kokez1 (500 in chips) 
Mahu2021: posts small blind 10
Kokez1: posts big blind 20
*** HOLE CARDS ***
Dealt to Mahu2021 [Ks Ad]
StariyDragon: folds 
Mahu2021: raises 20 to 40
Kokez1: folds 
Uncalled bet (20) returned to Mahu2021
Mahu2021 collected 40 from pot
Mahu2021: doesn't show hand 
*** SUMMARY ***
Total pot 40 | Rake 0 
Seat 1: StariyDragon (button) folded before Flop (didn't bet)
Seat 2: Mahu2021 (small blind) collected (40)
Seat 3: Kokez1 (big blind) folded before Flop



PokerStars Hand #242916665538: Tournament #3572963246, $0.92+$0.08 USD Hold'em No Limit - Level I (10/20) - 2023/04/06 11:01:49 CET [2023/04/06 5:01:49 ET]
Table '3572963246 1' 3-max Seat #2 is the button
Seat 1: StariyDragon (500 in chips) 
Seat 2: Mahu2021 (520 in chips) 
Seat 3: Kokez1 (480 in chips) 
Kokez1: posts small blind 10
StariyDragon: posts big blind 20
*** HOLE CARDS ***
Dealt to Mahu2021 [Js Th]
Mahu2021: calls 20
Kokez1: raises 40 to 60
StariyDragon: calls 40
Mahu2021: calls 40
*** FLOP *** [3c 3h 4d]
Kokez1: checks 
StariyDragon: checks 
Mahu2021: checks 
*** TURN *** [3c 3h 4d] [4s]
Kokez1: checks 
StariyDragon: checks 
Mahu2021: bets 40
Kokez1: folds 
StariyDragon: folds 
Uncalled bet (40) returned to Mahu2021
Mahu2021 collected 180 from pot
Mahu2021: doesn't show hand 
*** SUMMARY ***
Total pot 180 | Rake 0 
Board [3c 3h 4d 4s]
Seat 1: StariyDragon (big blind) folded on the Turn
Seat 2: Mahu2021 (button) collected (180)
Seat 3: Kokez1 (small blind) folded on the Turn



PokerStars Hand #242916670187: Tournament #3572963246, $0.92+$0.08 USD Hold'em No Limit - Level I (10/20) - 2023/04/06 11:02:21 CET [2023/04/06 5:02:21 ET]
Table '3572963246 1' 3-max Seat #3 is the button
Seat 1: StariyDragon (440 in chips) 
Seat 2: Mahu2021 (640 in chips) 
Seat 3: Kokez1 (420 in chips) 
StariyDragon: posts small blind 10
Mahu2021: posts big blind 20
*** HOLE CARDS ***
Dealt to Mahu2021 [Ac Js]
Kokez1: folds 
StariyDragon: calls 10
Mahu2021: raises 40 to 60
StariyDragon: calls 40
*** FLOP *** [9h Qh Ad]
StariyDragon: checks 
Mahu2021: bets 60
StariyDragon: folds 
Uncalled bet (60) returned to Mahu2021
Mahu2021 collected 120 from pot
Mahu2021: doesn't show hand 
*** SUMMARY ***
Total pot 120 | Rake 0 
Board [9h Qh Ad]
Seat 1: StariyDragon (small blind) folded on the Flop
Seat 2: Mahu2021 (big blind) collected (120)
Seat 3: Kokez1 (button) folded before Flop (didn't bet)



PokerStars Hand #242916672863: Tournament #3572963246, $0.92+$0.08 USD Hold'em No Limit - Level I (10/20) - 2023/04/06 11:02:40 CET [2023/04/06 5:02:40 ET]
Table '3572963246 1' 3-max Seat #1 is the button
Seat 1: StariyDragon (380 in chips) 
Seat 2: Mahu2021 (700 in chips) 
Seat 3: Kokez1 (420 in chips) 
Mahu2021: posts small blind 10
Kokez1: posts big blind 20
*** HOLE CARDS ***
Dealt to Mahu2021 [7s Ac]
StariyDragon: raises 20 to 40
Mahu2021: folds 
Kokez1: calls 20
*** FLOP *** [4d 3c 2h]
Kokez1: checks 
StariyDragon: checks 
*** TURN *** [4d 3c 2h] [4c]
Kokez1: checks 
StariyDragon: checks 
*** RIVER *** [4d 3c 2h 4c] [Kd]
Kokez1: checks 
StariyDragon: bets 45
Kokez1: folds 
Uncalled bet (45) returned to StariyDragon
StariyDragon collected 90 from pot
StariyDragon: doesn't show hand 
*** SUMMARY ***
Total pot 90 | Rake 0 
Board [4d 3c 2h 4c Kd]
Seat 1: StariyDragon (button) collected (90)
Seat 2: Mahu2021 (small blind) folded before Flop
Seat 3: Kokez1 (big blind) folded on the River



PokerStars Hand #242916676356: Tournament #3572963246, $0.92+$0.08 USD Hold'em No Limit - Level I (10/20) - 2023/04/06 11:03:04 CET [2023/04/06 5:03:04 ET]
Table '3572963246 1' 3-max Seat #2 is the button
Seat 1: StariyDragon (430 in chips) 
Seat 2: Mahu2021 (690 in chips) 
Seat 3: Kokez1 (380 in chips) 
Kokez1: posts small blind 10
StariyDragon: posts big blind 20
*** HOLE CARDS ***
Dealt to Mahu2021 [Qc 3d]
Mahu2021: folds 
Kokez1: calls 10
StariyDragon: checks 
*** FLOP *** [7c Jd 7h]
Kokez1: bets 20
StariyDragon: folds 
Uncalled bet (20) returned to Kokez1
Kokez1 collected 40 from pot
*** SUMMARY ***
Total pot 40 | Rake 0 
Board [7c Jd 7h]
Seat 1: StariyDragon (big blind) folded on the Flop
Seat 2: Mahu2021 (button) folded before Flop (didn't bet)
Seat 3: Kokez1 (small blind) collected (40)



PokerStars Hand #242916678165: Tournament #3572963246, $0.92+$0.08 USD Hold'em No Limit - Level I (10/20) - 2023/04/06 11:03:17 CET [2023/04/06 5:03:17 ET]
Table '3572963246 1' 3-max Seat #3 is the button
Seat 1: StariyDragon (410 in chips) 
Seat 2: Mahu2021 (690 in chips) 
Seat 3: Kokez1 (400 in chips) 
StariyDragon: posts small blind 10
Mahu2021: posts big blind 20
*** HOLE CARDS ***
Dealt to Mahu2021 [Kc 3s]
Kokez1: raises 20 to 40
StariyDragon: folds 
Mahu2021: calls 20
*** FLOP *** [Qd Qc 5h]
Mahu2021: checks 
Kokez1: bets 40
Mahu2021: folds 
Uncalled bet (40) returned to Kokez1
Kokez1 collected 90 from pot
*** SUMMARY ***
Total pot 90 | Rake 0 
Board [Qd Qc 5h]
Seat 1: StariyDragon (small blind) folded before Flop
Seat 2: Mahu2021 (big blind) folded on the Flop
Seat 3: Kokez1 (button) collected (90)



PokerStars Hand #242916679949: Tournament #3572963246, $0.92+$0.08 USD Hold'em No Limit - Level I (10/20) - 2023/04/06 11:03:30 CET [2023/04/06 5:03:30 ET]
Table '3572963246 1' 3-max Seat #1 is the button
Seat 1: StariyDragon (400 in chips) 
Seat 2: Mahu2021 (650 in chips) 
Seat 3: Kokez1 (450 in chips) 
Mahu2021: posts small blind 10
Kokez1: posts big blind 20
*** HOLE CARDS ***
Dealt to Mahu2021 [As 8s]
StariyDragon: folds 
Mahu2021: raises 20 to 40
Kokez1: folds 
Uncalled bet (20) returned to Mahu2021
Mahu2021 collected 40 from pot
Mahu2021: doesn't show hand 
*** SUMMARY ***
Total pot 40 | Rake 0 
Seat 1: StariyDragon (button) folded before Flop (didn't bet)
Seat 2: Mahu2021 (small blind) collected (40)
Seat 3: Kokez1 (big blind) folded before Flop



PokerStars Hand #242916681340: Tournament #3572963246, $0.92+$0.08 USD Hold'em No Limit - Level I (10/20) - 2023/04/06 11:03:40 CET [2023/04/06 5:03:40 ET]
Table '3572963246 1' 3-max Seat #2 is the button
Seat 1: StariyDragon (400 in chips) 
Seat 2: Mahu2021 (670 in chips) 
Seat 3: Kokez1 (430 in chips) 
Kokez1: posts small blind 10
StariyDragon: posts big blind 20
*** HOLE CARDS ***
Dealt to Mahu2021 [7c Kh]
Mahu2021: calls 20
Kokez1: calls 10
StariyDragon: checks 
*** FLOP *** [9h Kc Ks]
Kokez1: checks 
StariyDragon: checks 
Mahu2021: bets 20
Kokez1: folds 
StariyDragon: folds 
Uncalled bet (20) returned to Mahu2021
Mahu2021 collected 60 from pot
Mahu2021: doesn't show hand 
*** SUMMARY ***
Total pot 60 | Rake 0 
Board [9h Kc Ks]
Seat 1: StariyDragon (big blind) folded on the Flop
Seat 2: Mahu2021 (button) collected (60)
Seat 3: Kokez1 (small blind) folded on the Flop



PokerStars Hand #242916685358: Tournament #3572963246, $0.92+$0.08 USD Hold'em No Limit - Level I (10/20) - 2023/04/06 11:04:08 CET [2023/04/06 5:04:08 ET]
Table '3572963246 1' 3-max Seat #3 is the button
Seat 1: StariyDragon (380 in chips) 
Seat 2: Mahu2021 (710 in chips) 
Seat 3: Kokez1 (410 in chips) 
StariyDragon: posts small blind 10
Mahu2021: posts big blind 20
*** HOLE CARDS ***
Dealt to Mahu2021 [Kc 5h]
Kokez1: raises 20 to 40
StariyDragon: folds 
Mahu2021: folds 
Uncalled bet (20) returned to Kokez1
Kokez1 collected 50 from pot
*** SUMMARY ***
Total pot 50 | Rake 0 
Seat 1: StariyDragon (small blind) folded before Flop
Seat 2: Mahu2021 (big blind) folded before Flop
Seat 3: Kokez1 (button) collected (50)



PokerStars Hand #242916686746: Tournament #3572963246, $0.92+$0.08 USD Hold'em No Limit - Level I (10/20) - 2023/04/06 11:04:18 CET [2023/04/06 5:04:18 ET]
Table '3572963246 1' 3-max Seat #1 is the button
Seat 1: StariyDragon (370 in chips) 
Seat 2: Mahu2021 (690 in chips) 
Seat 3: Kokez1 (440 in chips) 
Mahu2021: posts small blind 10
Kokez1: posts big blind 20
*** HOLE CARDS ***
Dealt to Mahu2021 [Js 5h]
StariyDragon: folds 
Mahu2021: raises 20 to 40
Kokez1: raises 400 to 440 and is all-in
Mahu2021: folds 
Uncalled bet (400) returned to Kokez1
Kokez1 collected 80 from pot
*** SUMMARY ***
Total pot 80 | Rake 0 
Seat 1: StariyDragon (button) folded before Flop (didn't bet)
Seat 2: Mahu2021 (small blind) folded before Flop
Seat 3: Kokez1 (big blind) collected (80)



PokerStars Hand #242916689508: Tournament #3572963246, $0.92+$0.08 USD Hold'em No Limit - Level II (15/30) - 2023/04/06 11:04:37 CET [2023/04/06 5:04:37 ET]
Table '3572963246 1' 3-max Seat #2 is the button
Seat 1: StariyDragon (370 in chips) 
Seat 2: Mahu2021 (650 in chips) 
Seat 3: Kokez1 (480 in chips) 
Kokez1: posts small blind 15
StariyDragon: posts big blind 30
*** HOLE CARDS ***
Dealt to Mahu2021 [4h 7h]
Mahu2021: folds 
Kokez1: raises 30 to 60
StariyDragon: raises 310 to 370 and is all-in
Kokez1: calls 310
*** FLOP *** [7d 2h Jh]
*** TURN *** [7d 2h Jh] [9d]
*** RIVER *** [7d 2h Jh 9d] [2s]
*** SHOW DOWN ***
Kokez1: shows [Qh Td] (a pair of Deuces)
StariyDragon: shows [4d 4s] (two pair, Fours and Deuces)
StariyDragon collected 740 from pot
*** SUMMARY ***
Total pot 740 | Rake 0 
Board [7d 2h Jh 9d 2s]
Seat 1: StariyDragon (big blind) showed [4d 4s] and won (740) with two pair, Fours and Deuces
Seat 2: Mahu2021 (button) folded before Flop (didn't bet)
Seat 3: Kokez1 (small blind) showed [Qh Td] and lost with a pair of Deuces



PokerStars Hand #242916691853: Tournament #3572963246, $0.92+$0.08 USD Hold'em No Limit - Level II (15/30) - 2023/04/06 11:04:54 CET [2023/04/06 5:04:54 ET]
Table '3572963246 1' 3-max Seat #3 is the button
Seat 1: StariyDragon (740 in chips) 
Seat 2: Mahu2021 (650 in chips) 
Seat 3: Kokez1 (110 in chips) 
StariyDragon: posts small blind 15
Mahu2021: posts big blind 30
*** HOLE CARDS ***
Dealt to Mahu2021 [Js Ah]
Kokez1: raises 80 to 110 and is all-in
StariyDragon: folds 
Mahu2021: calls 80
*** FLOP *** [Kd Td 3s]
*** TURN *** [Kd Td 3s] [3c]
*** RIVER *** [Kd Td 3s 3c] [9c]
*** SHOW DOWN ***
Mahu2021: shows [Js Ah] (a pair of Threes)
Kokez1: shows [6d 4d] (a pair of Threes - lower kicker)
Mahu2021 collected 235 from pot
Kokez1 finished the tournament in 3rd place
*** SUMMARY ***
Total pot 235 | Rake 0 
Board [Kd Td 3s 3c 9c]
Seat 1: StariyDragon (small blind) folded before Flop
Seat 2: Mahu2021 (big blind) showed [Js Ah] and won (235) with a pair of Threes
Seat 3: Kokez1 (button) showed [6d 4d] and lost with a pair of Threes



PokerStars Hand #242916694238: Tournament #3572963246, $0.92+$0.08 USD Hold'em No Limit - Level II (15/30) - 2023/04/06 11:05:11 CET [2023/04/06 5:05:11 ET]
Table '3572963246 1' 3-max Seat #2 is the button
Seat 1: StariyDragon (725 in chips) 
Seat 2: Mahu2021 (775 in chips) 
Mahu2021: posts small blind 15
StariyDragon: posts big blind 30
*** HOLE CARDS ***
Dealt to Mahu2021 [2h 8c]
Mahu2021: folds 
Uncalled bet (15) returned to StariyDragon
StariyDragon collected 30 from pot
StariyDragon: doesn't show hand 
*** SUMMARY ***
Total pot 30 | Rake 0 
Seat 1: StariyDragon (big blind) collected (30)
Seat 2: Mahu2021 (button) (small blind) folded before Flop



PokerStars Hand #242916695058: Tournament #3572963246, $0.92+$0.08 USD Hold'em No Limit - Level II (15/30) - 2023/04/06 11:05:17 CET [2023/04/06 5:05:17 ET]
Table '3572963246 1' 3-max Seat #1 is the button
Seat 1: StariyDragon (740 in chips) 
Seat 2: Mahu2021 (760 in chips) 
StariyDragon: posts small blind 15
Mahu2021: posts big blind 30
*** HOLE CARDS ***
Dealt to Mahu2021 [As 9c]
StariyDragon: folds 
Uncalled bet (15) returned to Mahu2021
Mahu2021 collected 30 from pot
Mahu2021: doesn't show hand 
*** SUMMARY ***
Total pot 30 | Rake 0 
Seat 1: StariyDragon (button) (small blind) folded before Flop
Seat 2: Mahu2021 (big blind) collected (30)



PokerStars Hand #242916695915: Tournament #3572963246, $0.92+$0.08 USD Hold'em No Limit - Level II (15/30) - 2023/04/06 11:05:22 CET [2023/04/06 5:05:22 ET]
Table '3572963246 1' 3-max Seat #2 is the button
Seat 1: StariyDragon (725 in chips) 
Seat 2: Mahu2021 (775 in chips) 
Mahu2021: posts small blind 15
StariyDragon: posts big blind 30
*** HOLE CARDS ***
Dealt to Mahu2021 [Tc 2s]
Mahu2021: folds 
Uncalled bet (15) returned to StariyDragon
StariyDragon collected 30 from pot
StariyDragon: doesn't show hand 
*** SUMMARY ***
Total pot 30 | Rake 0 
Seat 1: StariyDragon (big blind) collected (30)
Seat 2: Mahu2021 (button) (small blind) folded before Flop



PokerStars Hand #242916696561: Tournament #3572963246, $0.92+$0.08 USD Hold'em No Limit - Level II (15/30) - 2023/04/06 11:05:27 CET [2023/04/06 5:05:27 ET]
Table '3572963246 1' 3-max Seat #1 is the button
Seat 1: StariyDragon (740 in chips) 
Seat 2: Mahu2021 (760 in chips) 
StariyDragon: posts small blind 15
Mahu2021: posts big blind 30
*** HOLE CARDS ***
Dealt to Mahu2021 [5s 4s]
StariyDragon: folds 
Uncalled bet (15) returned to Mahu2021
Mahu2021 collected 30 from pot
Mahu2021: doesn't show hand 
*** SUMMARY ***
Total pot 30 | Rake 0 
Seat 1: StariyDragon (button) (small blind) folded before Flop
Seat 2: Mahu2021 (big blind) collected (30)



PokerStars Hand #242916697306: Tournament #3572963246, $0.92+$0.08 USD Hold'em No Limit - Level II (15/30) - 2023/04/06 11:05:32 CET [2023/04/06 5:05:32 ET]
Table '3572963246 1' 3-max Seat #2 is the button
Seat 1: StariyDragon (725 in chips) 
Seat 2: Mahu2021 (775 in chips) 
Mahu2021: posts small blind 15
StariyDragon: posts big blind 30
*** HOLE CARDS ***
Dealt to Mahu2021 [9h 7s]
Mahu2021: calls 15
StariyDragon: checks 
*** FLOP *** [7c 9s 8h]
StariyDragon: checks 
Mahu2021: bets 60
StariyDragon: folds 
Uncalled bet (60) returned to Mahu2021
Mahu2021 collected 60 from pot
Mahu2021: doesn't show hand 
*** SUMMARY ***
Total pot 60 | Rake 0 
Board [7c 9s 8h]
Seat 1: StariyDragon (big blind) folded on the Flop
Seat 2: Mahu2021 (button) (small blind) collected (60)



PokerStars Hand #242916699665: Tournament #3572963246, $0.92+$0.08 USD Hold'em No Limit - Level II (15/30) - 2023/04/06 11:05:49 CET [2023/04/06 5:05:49 ET]
Table '3572963246 1' 3-max Seat #1 is the button
Seat 1: StariyDragon (695 in chips) 
Seat 2: Mahu2021 (805 in chips) 
StariyDragon: posts small blind 15
Mahu2021: posts big blind 30
*** HOLE CARDS ***
Dealt to Mahu2021 [9h Th]
StariyDragon: raises 30 to 60
Mahu2021: calls 30
*** FLOP *** [Ah Ks 4s]
Mahu2021: checks 
StariyDragon: bets 60
Mahu2021: folds 
Uncalled bet (60) returned to StariyDragon
StariyDragon collected 120 from pot
StariyDragon: doesn't show hand 
*** SUMMARY ***
Total pot 120 | Rake 0 
Board [Ah Ks 4s]
Seat 1: StariyDragon (button) (small blind) collected (120)
Seat 2: Mahu2021 (big blind) folded on the Flop



PokerStars Hand #242916701725: Tournament #3572963246, $0.92+$0.08 USD Hold'em No Limit - Level II (15/30) - 2023/04/06 11:06:03 CET [2023/04/06 5:06:03 ET]
Table '3572963246 1' 3-max Seat #2 is the button
Seat 1: StariyDragon (755 in chips) 
Seat 2: Mahu2021 (745 in chips) 
Mahu2021: posts small blind 15
StariyDragon: posts big blind 30
*** HOLE CARDS ***
Dealt to Mahu2021 [3h 6d]
Mahu2021: folds 
Uncalled bet (15) returned to StariyDragon
StariyDragon collected 30 from pot
StariyDragon: doesn't show hand 
*** SUMMARY ***
Total pot 30 | Rake 0 
Seat 1: StariyDragon (big blind) collected (30)
Seat 2: Mahu2021 (button) (small blind) folded before Flop



PokerStars Hand #242916702368: Tournament #3572963246, $0.92+$0.08 USD Hold'em No Limit - Level II (15/30) - 2023/04/06 11:06:08 CET [2023/04/06 5:06:08 ET]
Table '3572963246 1' 3-max Seat #1 is the button
Seat 1: StariyDragon (770 in chips) 
Seat 2: Mahu2021 (730 in chips) 
StariyDragon: posts small blind 15
Mahu2021: posts big blind 30
*** HOLE CARDS ***
Dealt to Mahu2021 [4h Kc]
StariyDragon: folds 
Uncalled bet (15) returned to Mahu2021
Mahu2021 collected 30 from pot
Mahu2021: doesn't show hand 
*** SUMMARY ***
Total pot 30 | Rake 0 
Seat 1: StariyDragon (button) (small blind) folded before Flop
Seat 2: Mahu2021 (big blind) collected (30)



PokerStars Hand #242916703072: Tournament #3572963246, $0.92+$0.08 USD Hold'em No Limit - Level II (15/30) - 2023/04/06 11:06:13 CET [2023/04/06 5:06:13 ET]
Table '3572963246 1' 3-max Seat #2 is the button
Seat 1: StariyDragon (755 in chips) 
Seat 2: Mahu2021 (745 in chips) 
Mahu2021: posts small blind 15
StariyDragon: posts big blind 30
*** HOLE CARDS ***
Dealt to Mahu2021 [Td Jc]
Mahu2021: raises 30 to 60
StariyDragon: calls 30
*** FLOP *** [5h 8d 4c]
StariyDragon: checks 
Mahu2021: checks 
*** TURN *** [5h 8d 4c] [Jh]
StariyDragon: checks 
Mahu2021: bets 120
StariyDragon: folds 
Uncalled bet (120) returned to Mahu2021
Mahu2021 collected 120 from pot
Mahu2021: doesn't show hand 
*** SUMMARY ***
Total pot 120 | Rake 0 
Board [5h 8d 4c Jh]
Seat 1: StariyDragon (big blind) folded on the Turn
Seat 2: Mahu2021 (button) (small blind) collected (120)



PokerStars Hand #242916706536: Tournament #3572963246, $0.92+$0.08 USD Hold'em No Limit - Level II (15/30) - 2023/04/06 11:06:38 CET [2023/04/06 5:06:38 ET]
Table '3572963246 1' 3-max Seat #1 is the button
Seat 1: StariyDragon (695 in chips) 
Seat 2: Mahu2021 (805 in chips) 
StariyDragon: posts small blind 15
Mahu2021: posts big blind 30
*** HOLE CARDS ***
Dealt to Mahu2021 [2d 8d]
StariyDragon: raises 30 to 60
Mahu2021: folds 
Uncalled bet (30) returned to StariyDragon
StariyDragon collected 60 from pot
StariyDragon: doesn't show hand 
*** SUMMARY ***
Total pot 60 | Rake 0 
Seat 1: StariyDragon (button) (small blind) collected (60)
Seat 2: Mahu2021 (big blind) folded before Flop



PokerStars Hand #242916707358: Tournament #3572963246, $0.92+$0.08 USD Hold'em No Limit - Level II (15/30) - 2023/04/06 11:06:43 CET [2023/04/06 5:06:43 ET]
Table '3572963246 1' 3-max Seat #2 is the button
Seat 1: StariyDragon (725 in chips) 
Seat 2: Mahu2021 (775 in chips) 
Mahu2021: posts small blind 15
StariyDragon: posts big blind 30
*** HOLE CARDS ***
Dealt to Mahu2021 [2h 2d]
Mahu2021: raises 745 to 775 and is all-in
StariyDragon: calls 695 and is all-in
Uncalled bet (50) returned to Mahu2021
*** FLOP *** [Tc 5s 9d]
*** TURN *** [Tc 5s 9d] [7d]
*** RIVER *** [Tc 5s 9d 7d] [Js]
*** SHOW DOWN ***
StariyDragon: shows [Ah 9h] (a pair of Nines)
Mahu2021: shows [2h 2d] (a pair of Deuces)
StariyDragon collected 1450 from pot
*** SUMMARY ***
Total pot 1450 | Rake 0 
Board [Tc 5s 9d 7d Js]
Seat 1: StariyDragon (big blind) showed [Ah 9h] and won (1450) with a pair of Nines
Seat 2: Mahu2021 (button) (small blind) showed [2h 2d] and lost with a pair of Deuces



PokerStars Hand #242916709290: Tournament #3572963246, $0.92+$0.08 USD Hold'em No Limit - Level II (15/30) - 2023/04/06 11:06:57 CET [2023/04/06 5:06:57 ET]
Table '3572963246 1' 3-max Seat #1 is the button
Seat 1: StariyDragon (1450 in chips) 
Seat 2: Mahu2021 (50 in chips) 
StariyDragon: posts small blind 15
Mahu2021: posts big blind 30
*** HOLE CARDS ***
Dealt to Mahu2021 [Js 5s]
StariyDragon: calls 15
Mahu2021: raises 20 to 50 and is all-in
StariyDragon: calls 20
*** FLOP *** [Ks 7d 4c]
*** TURN *** [Ks 7d 4c] [4d]
*** RIVER *** [Ks 7d 4c 4d] [5d]
*** SHOW DOWN ***
Mahu2021: shows [Js 5s] (two pair, Fives and Fours)
StariyDragon: shows [3d 6d] (a straight flush, Three to Seven)
StariyDragon collected 100 from pot
Mahu2021 finished the tournament in 2nd place
StariyDragon wins the tournament and receives $3.00 - congratulations!
*** SUMMARY ***
Total pot 100 | Rake 0 
Board [Ks 7d 4c 4d 5d]
Seat 1: StariyDragon (button) (small blind) showed [3d 6d] and won (100) with a straight flush, Three to Seven
Seat 2: Mahu2021 (big blind) showed [Js 5s] and lost with two pair, Fives and Fours



