PokerStars Hand #252397115453: Tournament #3799275303, $1.84+$0.16 USD Hold'em No Limit - Level I (10/20) - 2024/09/11 17:48:50 CET [2024/09/11 11:48:50 ET]
Table '3799275303 1' 3-max Seat #1 is the button
Seat 1: Gutho Full (500 in chips) 
Seat 2: Mahu2021 (500 in chips) 
Seat 3: rmtkjuan (500 in chips) 
Mahu2021: posts small blind 10
rmtkjuan: posts big blind 20
*** HOLE CARDS ***
Dealt to Mahu2021 [7h 3d]
Gutho Full: folds 
Mahu2021: folds 
Uncalled bet (10) returned to rmtkjuan
rmtkjuan collected 20 from pot
rmtkjuan: doesn't show hand 
*** SUMMARY ***
Total pot 20 | Rake 0 
Seat 1: Gutho Full (button) folded before Flop (didn't bet)
Seat 2: Mahu2021 (small blind) folded before Flop
Seat 3: rmtkjuan (big blind) collected (20)



PokerStars Hand #252397116918: Tournament #3799275303, $1.84+$0.16 USD Hold'em No Limit - Level I (10/20) - 2024/09/11 17:48:56 CET [2024/09/11 11:48:56 ET]
Table '3799275303 1' 3-max Seat #2 is the button
Seat 1: Gutho Full (500 in chips) 
Seat 2: Mahu2021 (490 in chips) 
Seat 3: rmtkjuan (510 in chips) 
rmtkjuan: posts small blind 10
Gutho Full: posts big blind 20
*** HOLE CARDS ***
Dealt to Mahu2021 [6s Ac]
Mahu2021: raises 20 to 40
rmtkjuan: folds 
Gutho Full: calls 20
*** FLOP *** [3h 7d 4s]
Gutho Full: checks 
Mahu2021: checks 
*** TURN *** [3h 7d 4s] [8s]
Gutho Full: bets 20
Mahu2021: calls 20
*** RIVER *** [3h 7d 4s 8s] [Jh]
Gutho Full: checks 
Mahu2021: bets 130
Gutho Full: folds 
Uncalled bet (130) returned to Mahu2021
Mahu2021 collected 130 from pot
Mahu2021: doesn't show hand 
*** SUMMARY ***
Total pot 130 | Rake 0 
Board [3h 7d 4s 8s Jh]
Seat 1: Gutho Full (big blind) folded on the River
Seat 2: Mahu2021 (button) collected (130)
Seat 3: rmtkjuan (small blind) folded before Flop



PokerStars Hand #252397124309: Tournament #3799275303, $1.84+$0.16 USD Hold'em No Limit - Level I (10/20) - 2024/09/11 17:49:28 CET [2024/09/11 11:49:28 ET]
Table '3799275303 1' 3-max Seat #3 is the button
Seat 1: Gutho Full (440 in chips) 
Seat 2: Mahu2021 (560 in chips) 
Seat 3: rmtkjuan (500 in chips) 
Gutho Full: posts small blind 10
Mahu2021: posts big blind 20
*** HOLE CARDS ***
Dealt to Mahu2021 [2c Ks]
rmtkjuan: raises 20 to 40
Gutho Full: folds 
Mahu2021: folds 
Uncalled bet (20) returned to rmtkjuan
rmtkjuan collected 50 from pot
rmtkjuan: doesn't show hand 
*** SUMMARY ***
Total pot 50 | Rake 0 
Seat 1: Gutho Full (small blind) folded before Flop
Seat 2: Mahu2021 (big blind) folded before Flop
Seat 3: rmtkjuan (button) collected (50)



PokerStars Hand #252397126057: Tournament #3799275303, $1.84+$0.16 USD Hold'em No Limit - Level I (10/20) - 2024/09/11 17:49:36 CET [2024/09/11 11:49:36 ET]
Table '3799275303 1' 3-max Seat #1 is the button
Seat 1: Gutho Full (430 in chips) 
Seat 2: Mahu2021 (540 in chips) 
Seat 3: rmtkjuan (530 in chips) 
Mahu2021: posts small blind 10
rmtkjuan: posts big blind 20
*** HOLE CARDS ***
Dealt to Mahu2021 [7d 4s]
Gutho Full: raises 40 to 60
Mahu2021: folds 
rmtkjuan: folds 
Uncalled bet (40) returned to Gutho Full
Gutho Full collected 50 from pot
Gutho Full: doesn't show hand 
*** SUMMARY ***
Total pot 50 | Rake 0 
Seat 1: Gutho Full (button) collected (50)
Seat 2: Mahu2021 (small blind) folded before Flop
Seat 3: rmtkjuan (big blind) folded before Flop



PokerStars Hand #252397127844: Tournament #3799275303, $1.84+$0.16 USD Hold'em No Limit - Level I (10/20) - 2024/09/11 17:49:43 CET [2024/09/11 11:49:43 ET]
Table '3799275303 1' 3-max Seat #2 is the button
Seat 1: Gutho Full (460 in chips) 
Seat 2: Mahu2021 (530 in chips) 
Seat 3: rmtkjuan (510 in chips) 
rmtkjuan: posts small blind 10
Gutho Full: posts big blind 20
*** HOLE CARDS ***
Dealt to Mahu2021 [As Ah]
Mahu2021: raises 510 to 530 and is all-in
rmtkjuan: folds 
Gutho Full: folds 
Uncalled bet (510) returned to Mahu2021
Mahu2021 collected 50 from pot
Mahu2021: doesn't show hand 
*** SUMMARY ***
Total pot 50 | Rake 0 
Seat 1: Gutho Full (big blind) folded before Flop
Seat 2: Mahu2021 (button) collected (50)
Seat 3: rmtkjuan (small blind) folded before Flop



PokerStars Hand #252397129442: Tournament #3799275303, $1.84+$0.16 USD Hold'em No Limit - Level I (10/20) - 2024/09/11 17:49:50 CET [2024/09/11 11:49:50 ET]
Table '3799275303 1' 3-max Seat #3 is the button
Seat 1: Gutho Full (440 in chips) 
Seat 2: Mahu2021 (560 in chips) 
Seat 3: rmtkjuan (500 in chips) 
Gutho Full: posts small blind 10
Mahu2021: posts big blind 20
*** HOLE CARDS ***
Dealt to Mahu2021 [8s Tc]
rmtkjuan: raises 20 to 40
Gutho Full: calls 30
Mahu2021: calls 20
*** FLOP *** [Kd Kc 4d]
Gutho Full: checks 
Mahu2021: checks 
rmtkjuan: bets 40
Gutho Full: calls 40
Mahu2021: folds 
*** TURN *** [Kd Kc 4d] [2s]
Gutho Full: checks 
rmtkjuan: checks 
*** RIVER *** [Kd Kc 4d 2s] [Js]
Gutho Full: bets 60
rmtkjuan: folds 
Uncalled bet (60) returned to Gutho Full
Gutho Full collected 200 from pot
Gutho Full: doesn't show hand 
*** SUMMARY ***
Total pot 200 | Rake 0 
Board [Kd Kc 4d 2s Js]
Seat 1: Gutho Full (small blind) collected (200)
Seat 2: Mahu2021 (big blind) folded on the Flop
Seat 3: rmtkjuan (button) folded on the River



PokerStars Hand #252397137656: Tournament #3799275303, $1.84+$0.16 USD Hold'em No Limit - Level I (10/20) - 2024/09/11 17:50:25 CET [2024/09/11 11:50:25 ET]
Table '3799275303 1' 3-max Seat #1 is the button
Seat 1: Gutho Full (560 in chips) 
Seat 2: Mahu2021 (520 in chips) 
Seat 3: rmtkjuan (420 in chips) 
Mahu2021: posts small blind 10
rmtkjuan: posts big blind 20
*** HOLE CARDS ***
Dealt to Mahu2021 [Ks Th]
Gutho Full: raises 20 to 40
Mahu2021: calls 30
rmtkjuan: calls 20
*** FLOP *** [Tc 9s Jh]
Mahu2021: checks 
rmtkjuan: checks 
Gutho Full: bets 40
Mahu2021: calls 40
rmtkjuan: calls 40
*** TURN *** [Tc 9s Jh] [3s]
Mahu2021: checks 
rmtkjuan: checks 
Gutho Full: checks 
*** RIVER *** [Tc 9s Jh 3s] [2c]
Mahu2021: checks 
rmtkjuan: checks 
Gutho Full: checks 
*** SHOW DOWN ***
Mahu2021: shows [Ks Th] (a pair of Tens)
rmtkjuan: mucks hand 
Gutho Full: shows [Ts Ah] (a pair of Tens - Ace kicker)
Gutho Full collected 240 from pot
*** SUMMARY ***
Total pot 240 | Rake 0 
Board [Tc 9s Jh 3s 2c]
Seat 1: Gutho Full (button) showed [Ts Ah] and won (240) with a pair of Tens
Seat 2: Mahu2021 (small blind) showed [Ks Th] and lost with a pair of Tens
Seat 3: rmtkjuan (big blind) mucked [Qd 9d]



PokerStars Hand #252397146746: Tournament #3799275303, $1.84+$0.16 USD Hold'em No Limit - Level I (10/20) - 2024/09/11 17:51:04 CET [2024/09/11 11:51:04 ET]
Table '3799275303 1' 3-max Seat #2 is the button
Seat 1: Gutho Full (720 in chips) 
Seat 2: Mahu2021 (440 in chips) 
Seat 3: rmtkjuan (340 in chips) 
rmtkjuan: posts small blind 10
Gutho Full: posts big blind 20
*** HOLE CARDS ***
Dealt to Mahu2021 [8c 8h]
Mahu2021: raises 420 to 440 and is all-in
rmtkjuan: folds 
Gutho Full: folds 
Uncalled bet (420) returned to Mahu2021
Mahu2021 collected 50 from pot
Mahu2021: doesn't show hand 
*** SUMMARY ***
Total pot 50 | Rake 0 
Seat 1: Gutho Full (big blind) folded before Flop
Seat 2: Mahu2021 (button) collected (50)
Seat 3: rmtkjuan (small blind) folded before Flop



PokerStars Hand #252397148217: Tournament #3799275303, $1.84+$0.16 USD Hold'em No Limit - Level I (10/20) - 2024/09/11 17:51:10 CET [2024/09/11 11:51:10 ET]
Table '3799275303 1' 3-max Seat #3 is the button
Seat 1: Gutho Full (700 in chips) 
Seat 2: Mahu2021 (470 in chips) 
Seat 3: rmtkjuan (330 in chips) 
Gutho Full: posts small blind 10
Mahu2021: posts big blind 20
*** HOLE CARDS ***
Dealt to Mahu2021 [9d 9s]
rmtkjuan: raises 310 to 330 and is all-in
Gutho Full: folds 
Mahu2021: calls 310
*** FLOP *** [6h 5h Jd]
*** TURN *** [6h 5h Jd] [Ts]
*** RIVER *** [6h 5h Jd Ts] [2d]
*** SHOW DOWN ***
Mahu2021: shows [9d 9s] (a pair of Nines)
rmtkjuan: shows [As 9c] (high card Ace)
Mahu2021 collected 670 from pot
rmtkjuan finished the tournament in 3rd place
*** SUMMARY ***
Total pot 670 | Rake 0 
Board [6h 5h Jd Ts 2d]
Seat 1: Gutho Full (small blind) folded before Flop
Seat 2: Mahu2021 (big blind) showed [9d 9s] and won (670) with a pair of Nines
Seat 3: rmtkjuan (button) showed [As 9c] and lost with high card Ace



PokerStars Hand #252397153181: Tournament #3799275303, $1.84+$0.16 USD Hold'em No Limit - Level I (10/20) - 2024/09/11 17:51:31 CET [2024/09/11 11:51:31 ET]
Table '3799275303 1' 3-max Seat #2 is the button
Seat 1: Gutho Full (690 in chips) 
Seat 2: Mahu2021 (810 in chips) 
Mahu2021: posts small blind 10
Gutho Full: posts big blind 20
*** HOLE CARDS ***
Dealt to Mahu2021 [8c As]
Mahu2021: raises 20 to 40
Gutho Full: calls 20
*** FLOP *** [5c Th 7d]
Gutho Full: checks 
Mahu2021: checks 
*** TURN *** [5c Th 7d] [6s]
Gutho Full: checks 
Mahu2021: checks 
*** RIVER *** [5c Th 7d 6s] [Jd]
Gutho Full: checks 
Mahu2021: checks 
*** SHOW DOWN ***
Gutho Full: shows [2h Ad] (high card Ace)
Mahu2021: shows [8c As] (high card Ace - Jack+Ten+Eight kicker)
Mahu2021 collected 80 from pot
*** SUMMARY ***
Total pot 80 | Rake 0 
Board [5c Th 7d 6s Jd]
Seat 1: Gutho Full (big blind) showed [2h Ad] and lost with high card Ace
Seat 2: Mahu2021 (button) (small blind) showed [8c As] and won (80) with high card Ace



PokerStars Hand #252397159767: Tournament #3799275303, $1.84+$0.16 USD Hold'em No Limit - Level II (15/30) - 2024/09/11 17:52:00 CET [2024/09/11 11:52:00 ET]
Table '3799275303 1' 3-max Seat #1 is the button
Seat 1: Gutho Full (650 in chips) 
Seat 2: Mahu2021 (850 in chips) 
Gutho Full: posts small blind 15
Mahu2021: posts big blind 30
*** HOLE CARDS ***
Dealt to Mahu2021 [Ad Js]
Gutho Full: raises 30 to 60
Mahu2021: calls 30
*** FLOP *** [5s Ac 5c]
Mahu2021: bets 60
Gutho Full: folds 
Uncalled bet (60) returned to Mahu2021
Mahu2021 collected 120 from pot
Mahu2021: doesn't show hand 
*** SUMMARY ***
Total pot 120 | Rake 0 
Board [5s Ac 5c]
Seat 1: Gutho Full (button) (small blind) folded on the Flop
Seat 2: Mahu2021 (big blind) collected (120)



PokerStars Hand #252397162364: Tournament #3799275303, $1.84+$0.16 USD Hold'em No Limit - Level II (15/30) - 2024/09/11 17:52:11 CET [2024/09/11 11:52:11 ET]
Table '3799275303 1' 3-max Seat #2 is the button
Seat 1: Gutho Full (590 in chips) 
Seat 2: Mahu2021 (910 in chips) 
Mahu2021: posts small blind 15
Gutho Full: posts big blind 30
*** HOLE CARDS ***
Dealt to Mahu2021 [7d Qd]
Mahu2021: calls 15
Gutho Full: raises 30 to 60
Mahu2021: calls 30
*** FLOP *** [9h Qs Js]
Gutho Full: bets 60
Mahu2021: raises 790 to 850 and is all-in
Gutho Full: folds 
Uncalled bet (790) returned to Mahu2021
Mahu2021 collected 240 from pot
Mahu2021: doesn't show hand 
*** SUMMARY ***
Total pot 240 | Rake 0 
Board [9h Qs Js]
Seat 1: Gutho Full (big blind) folded on the Flop
Seat 2: Mahu2021 (button) (small blind) collected (240)



PokerStars Hand #252397165259: Tournament #3799275303, $1.84+$0.16 USD Hold'em No Limit - Level II (15/30) - 2024/09/11 17:52:23 CET [2024/09/11 11:52:23 ET]
Table '3799275303 1' 3-max Seat #1 is the button
Seat 1: Gutho Full (470 in chips) 
Seat 2: Mahu2021 (1030 in chips) 
Gutho Full: posts small blind 15
Mahu2021: posts big blind 30
*** HOLE CARDS ***
Dealt to Mahu2021 [Qd 4h]
Gutho Full: calls 15
Mahu2021: checks 
*** FLOP *** [9h 6h Ac]
Mahu2021: checks 
Gutho Full: bets 30
Mahu2021: folds 
Uncalled bet (30) returned to Gutho Full
Gutho Full collected 60 from pot
Gutho Full: doesn't show hand 
*** SUMMARY ***
Total pot 60 | Rake 0 
Board [9h 6h Ac]
Seat 1: Gutho Full (button) (small blind) collected (60)
Seat 2: Mahu2021 (big blind) folded on the Flop



PokerStars Hand #252397167552: Tournament #3799275303, $1.84+$0.16 USD Hold'em No Limit - Level II (15/30) - 2024/09/11 17:52:33 CET [2024/09/11 11:52:33 ET]
Table '3799275303 1' 3-max Seat #2 is the button
Seat 1: Gutho Full (500 in chips) 
Seat 2: Mahu2021 (1000 in chips) 
Mahu2021: posts small blind 15
Gutho Full: posts big blind 30
*** HOLE CARDS ***
Dealt to Mahu2021 [Ac 2c]
Mahu2021: raises 30 to 60
Gutho Full: folds 
Uncalled bet (30) returned to Mahu2021
Mahu2021 collected 60 from pot
Mahu2021: doesn't show hand 
*** SUMMARY ***
Total pot 60 | Rake 0 
Seat 1: Gutho Full (big blind) folded before Flop
Seat 2: Mahu2021 (button) (small blind) collected (60)



PokerStars Hand #252397168866: Tournament #3799275303, $1.84+$0.16 USD Hold'em No Limit - Level II (15/30) - 2024/09/11 17:52:38 CET [2024/09/11 11:52:38 ET]
Table '3799275303 1' 3-max Seat #1 is the button
Seat 1: Gutho Full (470 in chips) 
Seat 2: Mahu2021 (1030 in chips) 
Gutho Full: posts small blind 15
Mahu2021: posts big blind 30
*** HOLE CARDS ***
Dealt to Mahu2021 [Qc 5d]
Gutho Full: calls 15
Mahu2021: checks 
*** FLOP *** [Qd 6s Ks]
Mahu2021: checks 
Gutho Full: checks 
*** TURN *** [Qd 6s Ks] [7h]
Mahu2021: checks 
Gutho Full: checks 
*** RIVER *** [Qd 6s Ks 7h] [5h]
Mahu2021: bets 30
Gutho Full: raises 60 to 90
Mahu2021: raises 910 to 1000 and is all-in
Gutho Full: calls 350 and is all-in
Uncalled bet (560) returned to Mahu2021
*** SHOW DOWN ***
Mahu2021: shows [Qc 5d] (two pair, Queens and Fives)
Gutho Full: shows [9c 8h] (a straight, Five to Nine)
Gutho Full collected 940 from pot
*** SUMMARY ***
Total pot 940 | Rake 0 
Board [Qd 6s Ks 7h 5h]
Seat 1: Gutho Full (button) (small blind) showed [9c 8h] and won (940) with a straight, Five to Nine
Seat 2: Mahu2021 (big blind) showed [Qc 5d] and lost with two pair, Queens and Fives



PokerStars Hand #252397175431: Tournament #3799275303, $1.84+$0.16 USD Hold'em No Limit - Level II (15/30) - 2024/09/11 17:53:06 CET [2024/09/11 11:53:06 ET]
Table '3799275303 1' 3-max Seat #2 is the button
Seat 1: Gutho Full (940 in chips) 
Seat 2: Mahu2021 (560 in chips) 
Mahu2021: posts small blind 15
Gutho Full: posts big blind 30
*** HOLE CARDS ***
Dealt to Mahu2021 [Jh 3d]
Mahu2021: folds 
Uncalled bet (15) returned to Gutho Full
Gutho Full collected 30 from pot
Gutho Full: doesn't show hand 
*** SUMMARY ***
Total pot 30 | Rake 0 
Seat 1: Gutho Full (big blind) collected (30)
Seat 2: Mahu2021 (button) (small blind) folded before Flop



PokerStars Hand #252397176388: Tournament #3799275303, $1.84+$0.16 USD Hold'em No Limit - Level II (15/30) - 2024/09/11 17:53:11 CET [2024/09/11 11:53:11 ET]
Table '3799275303 1' 3-max Seat #1 is the button
Seat 1: Gutho Full (955 in chips) 
Seat 2: Mahu2021 (545 in chips) 
Gutho Full: posts small blind 15
Mahu2021: posts big blind 30
*** HOLE CARDS ***
Dealt to Mahu2021 [2c Qh]
Gutho Full: calls 15
Mahu2021: checks 
*** FLOP *** [6h 5d 7h]
Mahu2021: checks 
Gutho Full: checks 
*** TURN *** [6h 5d 7h] [7s]
Mahu2021: checks 
Gutho Full: checks 
*** RIVER *** [6h 5d 7h 7s] [7d]
Mahu2021: checks 
Gutho Full: checks 
*** SHOW DOWN ***
Mahu2021: shows [2c Qh] (three of a kind, Sevens)
Gutho Full: shows [Qc Js] (three of a kind, Sevens - Queen+Jack kicker)
Gutho Full collected 60 from pot
*** SUMMARY ***
Total pot 60 | Rake 0 
Board [6h 5d 7h 7s 7d]
Seat 1: Gutho Full (button) (small blind) showed [Qc Js] and won (60) with three of a kind, Sevens
Seat 2: Mahu2021 (big blind) showed [2c Qh] and lost with three of a kind, Sevens



PokerStars Hand #252397179191: Tournament #3799275303, $1.84+$0.16 USD Hold'em No Limit - Level II (15/30) - 2024/09/11 17:53:23 CET [2024/09/11 11:53:23 ET]
Table '3799275303 1' 3-max Seat #2 is the button
Seat 1: Gutho Full (985 in chips) 
Seat 2: Mahu2021 (515 in chips) 
Mahu2021: posts small blind 15
Gutho Full: posts big blind 30
*** HOLE CARDS ***
Dealt to Mahu2021 [6c 9c]
Mahu2021: calls 15
Gutho Full: checks 
*** FLOP *** [4d Qh Js]
Gutho Full: checks 
Mahu2021: checks 
*** TURN *** [4d Qh Js] [9h]
Gutho Full: bets 30
Mahu2021: calls 30
*** RIVER *** [4d Qh Js 9h] [Ac]
Gutho Full: checks 
Mahu2021: checks 
*** SHOW DOWN ***
Gutho Full: shows [6h Jc] (a pair of Jacks)
Mahu2021: mucks hand 
Gutho Full collected 120 from pot
*** SUMMARY ***
Total pot 120 | Rake 0 
Board [4d Qh Js 9h Ac]
Seat 1: Gutho Full (big blind) showed [6h Jc] and won (120) with a pair of Jacks
Seat 2: Mahu2021 (button) (small blind) mucked [6c 9c]



PokerStars Hand #252397182147: Tournament #3799275303, $1.84+$0.16 USD Hold'em No Limit - Level II (15/30) - 2024/09/11 17:53:35 CET [2024/09/11 11:53:35 ET]
Table '3799275303 1' 3-max Seat #1 is the button
Seat 1: Gutho Full (1045 in chips) 
Seat 2: Mahu2021 (455 in chips) 
Gutho Full: posts small blind 15
Mahu2021: posts big blind 30
*** HOLE CARDS ***
Dealt to Mahu2021 [5h 6d]
Gutho Full: calls 15
Mahu2021: checks 
*** FLOP *** [2c Ad Jc]
Mahu2021: checks 
Gutho Full: bets 30
Mahu2021: folds 
Uncalled bet (30) returned to Gutho Full
Gutho Full collected 60 from pot
Gutho Full: doesn't show hand 
*** SUMMARY ***
Total pot 60 | Rake 0 
Board [2c Ad Jc]
Seat 1: Gutho Full (button) (small blind) collected (60)
Seat 2: Mahu2021 (big blind) folded on the Flop



PokerStars Hand #252397185371: Tournament #3799275303, $1.84+$0.16 USD Hold'em No Limit - Level II (15/30) - 2024/09/11 17:53:49 CET [2024/09/11 11:53:49 ET]
Table '3799275303 1' 3-max Seat #2 is the button
Seat 1: Gutho Full (1075 in chips) 
Seat 2: Mahu2021 (425 in chips) 
Mahu2021: posts small blind 15
Gutho Full: posts big blind 30
*** HOLE CARDS ***
Dealt to Mahu2021 [8d Kc]
Mahu2021: calls 15
Gutho Full: checks 
*** FLOP *** [4h 5c Ks]
Gutho Full: checks 
Mahu2021: bets 30
Gutho Full: folds 
Uncalled bet (30) returned to Mahu2021
Mahu2021 collected 60 from pot
Mahu2021: doesn't show hand 
*** SUMMARY ***
Total pot 60 | Rake 0 
Board [4h 5c Ks]
Seat 1: Gutho Full (big blind) folded on the Flop
Seat 2: Mahu2021 (button) (small blind) collected (60)



PokerStars Hand #252397187525: Tournament #3799275303, $1.84+$0.16 USD Hold'em No Limit - Level II (15/30) - 2024/09/11 17:53:58 CET [2024/09/11 11:53:58 ET]
Table '3799275303 1' 3-max Seat #1 is the button
Seat 1: Gutho Full (1045 in chips) 
Seat 2: Mahu2021 (455 in chips) 
Gutho Full: posts small blind 15
Mahu2021: posts big blind 30
*** HOLE CARDS ***
Dealt to Mahu2021 [As Qh]
Gutho Full: raises 30 to 60
Mahu2021: raises 395 to 455 and is all-in
Gutho Full: folds 
Uncalled bet (395) returned to Mahu2021
Mahu2021 collected 120 from pot
Mahu2021: doesn't show hand 
*** SUMMARY ***
Total pot 120 | Rake 0 
Seat 1: Gutho Full (button) (small blind) folded before Flop
Seat 2: Mahu2021 (big blind) collected (120)



PokerStars Hand #252397189284: Tournament #3799275303, $1.84+$0.16 USD Hold'em No Limit - Level II (15/30) - 2024/09/11 17:54:06 CET [2024/09/11 11:54:06 ET]
Table '3799275303 1' 3-max Seat #2 is the button
Seat 1: Gutho Full (985 in chips) 
Seat 2: Mahu2021 (515 in chips) 
Mahu2021: posts small blind 15
Gutho Full: posts big blind 30
*** HOLE CARDS ***
Dealt to Mahu2021 [6c Ac]
Mahu2021: raises 485 to 515 and is all-in
Gutho Full: folds 
Uncalled bet (485) returned to Mahu2021
Mahu2021 collected 60 from pot
Mahu2021: doesn't show hand 
*** SUMMARY ***
Total pot 60 | Rake 0 
Seat 1: Gutho Full (big blind) folded before Flop
Seat 2: Mahu2021 (button) (small blind) collected (60)



PokerStars Hand #252397190650: Tournament #3799275303, $1.84+$0.16 USD Hold'em No Limit - Level II (15/30) - 2024/09/11 17:54:12 CET [2024/09/11 11:54:12 ET]
Table '3799275303 1' 3-max Seat #1 is the button
Seat 1: Gutho Full (955 in chips) 
Seat 2: Mahu2021 (545 in chips) 
Gutho Full: posts small blind 15
Mahu2021: posts big blind 30
*** HOLE CARDS ***
Dealt to Mahu2021 [6d 3c]
Gutho Full: calls 15
Mahu2021: checks 
*** FLOP *** [8s 4h Th]
Mahu2021: checks 
Gutho Full: checks 
*** TURN *** [8s 4h Th] [4s]
Mahu2021: checks 
Gutho Full: checks 
*** RIVER *** [8s 4h Th 4s] [Kd]
Mahu2021: checks 
Gutho Full: bets 60
Mahu2021: folds 
Uncalled bet (60) returned to Gutho Full
Gutho Full collected 60 from pot
Gutho Full: doesn't show hand 
*** SUMMARY ***
Total pot 60 | Rake 0 
Board [8s 4h Th 4s Kd]
Seat 1: Gutho Full (button) (small blind) collected (60)
Seat 2: Mahu2021 (big blind) folded on the River



PokerStars Hand #252397193974: Tournament #3799275303, $1.84+$0.16 USD Hold'em No Limit - Level II (15/30) - 2024/09/11 17:54:26 CET [2024/09/11 11:54:26 ET]
Table '3799275303 1' 3-max Seat #2 is the button
Seat 1: Gutho Full (985 in chips) 
Seat 2: Mahu2021 (515 in chips) 
Mahu2021: posts small blind 15
Gutho Full: posts big blind 30
*** HOLE CARDS ***
Dealt to Mahu2021 [Qc 8h]
Mahu2021: raises 30 to 60
Gutho Full: calls 30
*** FLOP *** [4s 7s As]
Gutho Full: checks 
Mahu2021: checks 
*** TURN *** [4s 7s As] [Kd]
Gutho Full: checks 
Mahu2021: checks 
*** RIVER *** [4s 7s As Kd] [9d]
Gutho Full: checks 
Mahu2021: checks 
*** SHOW DOWN ***
Gutho Full: shows [2d 9c] (a pair of Nines)
Mahu2021: mucks hand 
Gutho Full collected 120 from pot
*** SUMMARY ***
Total pot 120 | Rake 0 
Board [4s 7s As Kd 9d]
Seat 1: Gutho Full (big blind) showed [2d 9c] and won (120) with a pair of Nines
Seat 2: Mahu2021 (button) (small blind) mucked [Qc 8h]



PokerStars Hand #252397197102: Tournament #3799275303, $1.84+$0.16 USD Hold'em No Limit - Level II (15/30) - 2024/09/11 17:54:39 CET [2024/09/11 11:54:39 ET]
Table '3799275303 1' 3-max Seat #1 is the button
Seat 1: Gutho Full (1045 in chips) 
Seat 2: Mahu2021 (455 in chips) 
Gutho Full: posts small blind 15
Mahu2021: posts big blind 30
*** HOLE CARDS ***
Dealt to Mahu2021 [Kd Qs]
Gutho Full: calls 15
Mahu2021: raises 425 to 455 and is all-in
Gutho Full: folds 
Uncalled bet (425) returned to Mahu2021
Mahu2021 collected 60 from pot
Mahu2021: doesn't show hand 
*** SUMMARY ***
Total pot 60 | Rake 0 
Seat 1: Gutho Full (button) (small blind) folded before Flop
Seat 2: Mahu2021 (big blind) collected (60)



PokerStars Hand #252397199300: Tournament #3799275303, $1.84+$0.16 USD Hold'em No Limit - Level II (15/30) - 2024/09/11 17:54:48 CET [2024/09/11 11:54:48 ET]
Table '3799275303 1' 3-max Seat #2 is the button
Seat 1: Gutho Full (1015 in chips) 
Seat 2: Mahu2021 (485 in chips) 
Mahu2021: posts small blind 15
Gutho Full: posts big blind 30
*** HOLE CARDS ***
Dealt to Mahu2021 [8d 8h]
Mahu2021: raises 455 to 485 and is all-in
Gutho Full: folds 
Uncalled bet (455) returned to Mahu2021
Mahu2021 collected 60 from pot
Mahu2021: doesn't show hand 
*** SUMMARY ***
Total pot 60 | Rake 0 
Seat 1: Gutho Full (big blind) folded before Flop
Seat 2: Mahu2021 (button) (small blind) collected (60)



PokerStars Hand #252397201358: Tournament #3799275303, $1.84+$0.16 USD Hold'em No Limit - Level III (20/40) - 2024/09/11 17:54:57 CET [2024/09/11 11:54:57 ET]
Table '3799275303 1' 3-max Seat #1 is the button
Seat 1: Gutho Full (985 in chips) 
Seat 2: Mahu2021 (515 in chips) 
Gutho Full: posts small blind 20
Mahu2021: posts big blind 40
*** HOLE CARDS ***
Dealt to Mahu2021 [Ad 4d]
Gutho Full: calls 20
Mahu2021: raises 475 to 515 and is all-in
Gutho Full: folds 
Uncalled bet (475) returned to Mahu2021
Mahu2021 collected 80 from pot
Mahu2021: doesn't show hand 
*** SUMMARY ***
Total pot 80 | Rake 0 
Seat 1: Gutho Full (button) (small blind) folded before Flop
Seat 2: Mahu2021 (big blind) collected (80)



PokerStars Hand #252397203126: Tournament #3799275303, $1.84+$0.16 USD Hold'em No Limit - Level III (20/40) - 2024/09/11 17:55:05 CET [2024/09/11 11:55:05 ET]
Table '3799275303 1' 3-max Seat #2 is the button
Seat 1: Gutho Full (945 in chips) 
Seat 2: Mahu2021 (555 in chips) 
Mahu2021: posts small blind 20
Gutho Full: posts big blind 40
*** HOLE CARDS ***
Dealt to Mahu2021 [7s 3d]
Mahu2021: folds 
Uncalled bet (20) returned to Gutho Full
Gutho Full collected 40 from pot
Gutho Full: doesn't show hand 
*** SUMMARY ***
Total pot 40 | Rake 0 
Seat 1: Gutho Full (big blind) collected (40)
Seat 2: Mahu2021 (button) (small blind) folded before Flop



PokerStars Hand #252397204245: Tournament #3799275303, $1.84+$0.16 USD Hold'em No Limit - Level III (20/40) - 2024/09/11 17:55:10 CET [2024/09/11 11:55:10 ET]
Table '3799275303 1' 3-max Seat #1 is the button
Seat 1: Gutho Full (965 in chips) 
Seat 2: Mahu2021 (535 in chips) 
Gutho Full: posts small blind 20
Mahu2021: posts big blind 40
*** HOLE CARDS ***
Dealt to Mahu2021 [9h 6c]
Gutho Full: folds 
Uncalled bet (20) returned to Mahu2021
Mahu2021 collected 40 from pot
Mahu2021: doesn't show hand 
*** SUMMARY ***
Total pot 40 | Rake 0 
Seat 1: Gutho Full (button) (small blind) folded before Flop
Seat 2: Mahu2021 (big blind) collected (40)



PokerStars Hand #252397205243: Tournament #3799275303, $1.84+$0.16 USD Hold'em No Limit - Level III (20/40) - 2024/09/11 17:55:14 CET [2024/09/11 11:55:14 ET]
Table '3799275303 1' 3-max Seat #2 is the button
Seat 1: Gutho Full (945 in chips) 
Seat 2: Mahu2021 (555 in chips) 
Mahu2021: posts small blind 20
Gutho Full: posts big blind 40
*** HOLE CARDS ***
Dealt to Mahu2021 [4s 2s]
Mahu2021: calls 20
Gutho Full: checks 
*** FLOP *** [2h Td Ts]
Gutho Full: checks 
Mahu2021: bets 40
Gutho Full: calls 40
*** TURN *** [2h Td Ts] [5h]
Gutho Full: checks 
Mahu2021: bets 40
Gutho Full: folds 
Uncalled bet (40) returned to Mahu2021
Mahu2021 collected 160 from pot
Mahu2021: doesn't show hand 
*** SUMMARY ***
Total pot 160 | Rake 0 
Board [2h Td Ts 5h]
Seat 1: Gutho Full (big blind) folded on the Turn
Seat 2: Mahu2021 (button) (small blind) collected (160)



PokerStars Hand #252397207590: Tournament #3799275303, $1.84+$0.16 USD Hold'em No Limit - Level III (20/40) - 2024/09/11 17:55:27 CET [2024/09/11 11:55:27 ET]
Table '3799275303 1' 3-max Seat #1 is the button
Seat 1: Gutho Full (865 in chips) 
Seat 2: Mahu2021 (635 in chips) 
Gutho Full: posts small blind 20
Mahu2021: posts big blind 40
*** HOLE CARDS ***
Dealt to Mahu2021 [8h 5h]
Gutho Full: calls 20
Mahu2021: checks 
*** FLOP *** [5d Qc As]
Mahu2021: checks 
Gutho Full: checks 
*** TURN *** [5d Qc As] [2c]
Mahu2021: checks 
Gutho Full: bets 40
Mahu2021: calls 40
*** RIVER *** [5d Qc As 2c] [3c]
Mahu2021: checks 
Gutho Full: checks 
*** SHOW DOWN ***
Mahu2021: shows [8h 5h] (a pair of Fives)
Gutho Full: shows [5s Kh] (a pair of Fives - Ace+King kicker)
Gutho Full collected 160 from pot
*** SUMMARY ***
Total pot 160 | Rake 0 
Board [5d Qc As 2c 3c]
Seat 1: Gutho Full (button) (small blind) showed [5s Kh] and won (160) with a pair of Fives
Seat 2: Mahu2021 (big blind) showed [8h 5h] and lost with a pair of Fives



PokerStars Hand #252397209818: Tournament #3799275303, $1.84+$0.16 USD Hold'em No Limit - Level III (20/40) - 2024/09/11 17:55:40 CET [2024/09/11 11:55:40 ET]
Table '3799275303 1' 3-max Seat #2 is the button
Seat 1: Gutho Full (945 in chips) 
Seat 2: Mahu2021 (555 in chips) 
Mahu2021: posts small blind 20
Gutho Full: posts big blind 40
*** HOLE CARDS ***
Dealt to Mahu2021 [Ah 3d]
Mahu2021: raises 40 to 80
Gutho Full: folds 
Uncalled bet (40) returned to Mahu2021
Mahu2021 collected 80 from pot
Mahu2021: doesn't show hand 
*** SUMMARY ***
Total pot 80 | Rake 0 
Seat 1: Gutho Full (big blind) folded before Flop
Seat 2: Mahu2021 (button) (small blind) collected (80)



PokerStars Hand #252397210762: Tournament #3799275303, $1.84+$0.16 USD Hold'em No Limit - Level III (20/40) - 2024/09/11 17:55:46 CET [2024/09/11 11:55:46 ET]
Table '3799275303 1' 3-max Seat #1 is the button
Seat 1: Gutho Full (905 in chips) 
Seat 2: Mahu2021 (595 in chips) 
Gutho Full: posts small blind 20
Mahu2021: posts big blind 40
*** HOLE CARDS ***
Dealt to Mahu2021 [Ad 6s]
Gutho Full: folds 
Uncalled bet (20) returned to Mahu2021
Mahu2021 collected 40 from pot
Mahu2021: doesn't show hand 
*** SUMMARY ***
Total pot 40 | Rake 0 
Seat 1: Gutho Full (button) (small blind) folded before Flop
Seat 2: Mahu2021 (big blind) collected (40)



PokerStars Hand #252397211631: Tournament #3799275303, $1.84+$0.16 USD Hold'em No Limit - Level III (20/40) - 2024/09/11 17:55:51 CET [2024/09/11 11:55:51 ET]
Table '3799275303 1' 3-max Seat #2 is the button
Seat 1: Gutho Full (885 in chips) 
Seat 2: Mahu2021 (615 in chips) 
Mahu2021: posts small blind 20
Gutho Full: posts big blind 40
*** HOLE CARDS ***
Dealt to Mahu2021 [6s 9h]
Mahu2021: folds 
Uncalled bet (20) returned to Gutho Full
Gutho Full collected 40 from pot
Gutho Full: doesn't show hand 
*** SUMMARY ***
Total pot 40 | Rake 0 
Seat 1: Gutho Full (big blind) collected (40)
Seat 2: Mahu2021 (button) (small blind) folded before Flop



PokerStars Hand #252397212557: Tournament #3799275303, $1.84+$0.16 USD Hold'em No Limit - Level III (20/40) - 2024/09/11 17:55:56 CET [2024/09/11 11:55:56 ET]
Table '3799275303 1' 3-max Seat #1 is the button
Seat 1: Gutho Full (905 in chips) 
Seat 2: Mahu2021 (595 in chips) 
Gutho Full: posts small blind 20
Mahu2021: posts big blind 40
*** HOLE CARDS ***
Dealt to Mahu2021 [4h Kh]
Gutho Full: raises 80 to 120
Mahu2021: calls 80
*** FLOP *** [2c 5s 9s]
Mahu2021: checks 
Gutho Full: bets 785 and is all-in
Mahu2021: folds 
Uncalled bet (785) returned to Gutho Full
Gutho Full collected 240 from pot
Gutho Full: doesn't show hand 
*** SUMMARY ***
Total pot 240 | Rake 0 
Board [2c 5s 9s]
Seat 1: Gutho Full (button) (small blind) collected (240)
Seat 2: Mahu2021 (big blind) folded on the Flop



PokerStars Hand #252397214805: Tournament #3799275303, $1.84+$0.16 USD Hold'em No Limit - Level III (20/40) - 2024/09/11 17:56:09 CET [2024/09/11 11:56:09 ET]
Table '3799275303 1' 3-max Seat #2 is the button
Seat 1: Gutho Full (1025 in chips) 
Seat 2: Mahu2021 (475 in chips) 
Mahu2021: posts small blind 20
Gutho Full: posts big blind 40
*** HOLE CARDS ***
Dealt to Mahu2021 [4s 8h]
Mahu2021: folds 
Uncalled bet (20) returned to Gutho Full
Gutho Full collected 40 from pot
Gutho Full: doesn't show hand 
*** SUMMARY ***
Total pot 40 | Rake 0 
Seat 1: Gutho Full (big blind) collected (40)
Seat 2: Mahu2021 (button) (small blind) folded before Flop



PokerStars Hand #252397215548: Tournament #3799275303, $1.84+$0.16 USD Hold'em No Limit - Level III (20/40) - 2024/09/11 17:56:13 CET [2024/09/11 11:56:13 ET]
Table '3799275303 1' 3-max Seat #1 is the button
Seat 1: Gutho Full (1045 in chips) 
Seat 2: Mahu2021 (455 in chips) 
Gutho Full: posts small blind 20
Mahu2021: posts big blind 40
*** HOLE CARDS ***
Dealt to Mahu2021 [3s 7c]
Gutho Full: calls 20
Mahu2021: checks 
*** FLOP *** [7h 4c 5d]
Mahu2021: bets 40
Gutho Full: calls 40
*** TURN *** [7h 4c 5d] [Qh]
Mahu2021: bets 375 and is all-in
Gutho Full: folds 
Uncalled bet (375) returned to Mahu2021
Mahu2021 collected 160 from pot
Mahu2021: doesn't show hand 
*** SUMMARY ***
Total pot 160 | Rake 0 
Board [7h 4c 5d Qh]
Seat 1: Gutho Full (button) (small blind) folded on the Turn
Seat 2: Mahu2021 (big blind) collected (160)



PokerStars Hand #252397218174: Tournament #3799275303, $1.84+$0.16 USD Hold'em No Limit - Level III (20/40) - 2024/09/11 17:56:28 CET [2024/09/11 11:56:28 ET]
Table '3799275303 1' 3-max Seat #2 is the button
Seat 1: Gutho Full (965 in chips) 
Seat 2: Mahu2021 (535 in chips) 
Mahu2021: posts small blind 20
Gutho Full: posts big blind 40
*** HOLE CARDS ***
Dealt to Mahu2021 [3h 8c]
Mahu2021: folds 
Uncalled bet (20) returned to Gutho Full
Gutho Full collected 40 from pot
Gutho Full: doesn't show hand 
*** SUMMARY ***
Total pot 40 | Rake 0 
Seat 1: Gutho Full (big blind) collected (40)
Seat 2: Mahu2021 (button) (small blind) folded before Flop



PokerStars Hand #252397218929: Tournament #3799275303, $1.84+$0.16 USD Hold'em No Limit - Level III (20/40) - 2024/09/11 17:56:32 CET [2024/09/11 11:56:32 ET]
Table '3799275303 1' 3-max Seat #1 is the button
Seat 1: Gutho Full (985 in chips) 
Seat 2: Mahu2021 (515 in chips) 
Gutho Full: posts small blind 20
Mahu2021: posts big blind 40
*** HOLE CARDS ***
Dealt to Mahu2021 [Qd Kh]
Gutho Full: folds 
Uncalled bet (20) returned to Mahu2021
Mahu2021 collected 40 from pot
Mahu2021: doesn't show hand 
*** SUMMARY ***
Total pot 40 | Rake 0 
Seat 1: Gutho Full (button) (small blind) folded before Flop
Seat 2: Mahu2021 (big blind) collected (40)



PokerStars Hand #252397219884: Tournament #3799275303, $1.84+$0.16 USD Hold'em No Limit - Level III (20/40) - 2024/09/11 17:56:37 CET [2024/09/11 11:56:37 ET]
Table '3799275303 1' 3-max Seat #2 is the button
Seat 1: Gutho Full (965 in chips) 
Seat 2: Mahu2021 (535 in chips) 
Mahu2021: posts small blind 20
Gutho Full: posts big blind 40
*** HOLE CARDS ***
Dealt to Mahu2021 [8s 5d]
Mahu2021: folds 
Uncalled bet (20) returned to Gutho Full
Gutho Full collected 40 from pot
Gutho Full: doesn't show hand 
*** SUMMARY ***
Total pot 40 | Rake 0 
Seat 1: Gutho Full (big blind) collected (40)
Seat 2: Mahu2021 (button) (small blind) folded before Flop



PokerStars Hand #252397220609: Tournament #3799275303, $1.84+$0.16 USD Hold'em No Limit - Level III (20/40) - 2024/09/11 17:56:42 CET [2024/09/11 11:56:42 ET]
Table '3799275303 1' 3-max Seat #1 is the button
Seat 1: Gutho Full (985 in chips) 
Seat 2: Mahu2021 (515 in chips) 
Gutho Full: posts small blind 20
Mahu2021: posts big blind 40
*** HOLE CARDS ***
Dealt to Mahu2021 [As Ad]
Gutho Full: calls 20
Mahu2021: raises 40 to 80
Gutho Full: calls 40
*** FLOP *** [6s 6h Kh]
Mahu2021: bets 435 and is all-in
Gutho Full: calls 435
*** TURN *** [6s 6h Kh] [9s]
*** RIVER *** [6s 6h Kh 9s] [4d]
*** SHOW DOWN ***
Mahu2021: shows [As Ad] (two pair, Aces and Sixes)
Gutho Full: shows [Ks 3h] (two pair, Kings and Sixes)
Mahu2021 collected 1030 from pot
*** SUMMARY ***
Total pot 1030 | Rake 0 
Board [6s 6h Kh 9s 4d]
Seat 1: Gutho Full (button) (small blind) showed [Ks 3h] and lost with two pair, Kings and Sixes
Seat 2: Mahu2021 (big blind) showed [As Ad] and won (1030) with two pair, Aces and Sixes



PokerStars Hand #252397223628: Tournament #3799275303, $1.84+$0.16 USD Hold'em No Limit - Level III (20/40) - 2024/09/11 17:56:59 CET [2024/09/11 11:56:59 ET]
Table '3799275303 1' 3-max Seat #2 is the button
Seat 1: Gutho Full (470 in chips) 
Seat 2: Mahu2021 (1030 in chips) 
Mahu2021: posts small blind 20
Gutho Full: posts big blind 40
*** HOLE CARDS ***
Dealt to Mahu2021 [8h Jc]
Mahu2021: calls 20
Gutho Full: raises 40 to 80
Mahu2021: calls 40
*** FLOP *** [8s 9d 8d]
Gutho Full: checks 
Mahu2021: bets 40
Gutho Full: calls 40
*** TURN *** [8s 9d 8d] [Jh]
Gutho Full: checks 
Mahu2021: bets 40
Gutho Full: raises 160 to 200
Mahu2021: raises 710 to 910 and is all-in
Gutho Full: calls 150 and is all-in
Uncalled bet (560) returned to Mahu2021
*** RIVER *** [8s 9d 8d Jh] [Ah]
*** SHOW DOWN ***
Gutho Full: shows [Qc Ts] (a straight, Eight to Queen)
Mahu2021: shows [8h Jc] (a full house, Eights full of Jacks)
Mahu2021 collected 940 from pot
Gutho Full finished the tournament in 2nd place
Mahu2021 wins the tournament and receives $6.00 - congratulations!
*** SUMMARY ***
Total pot 940 | Rake 0 
Board [8s 9d 8d Jh Ah]
Seat 1: Gutho Full (big blind) showed [Qc Ts] and lost with a straight, Eight to Queen
Seat 2: Mahu2021 (button) (small blind) showed [8h Jc] and won (940) with a full house, Eights full of Jacks



