PokerStars Hand #249287164635: Tournament #3725691022, $1.84+$0.16 USD Hold'em No Limit - Level I (10/20) - 2024/03/07 15:52:35 CET [2024/03/07 9:52:35 ET]
Table '3725691022 1' 3-max Seat #1 is the button
Seat 1: Mahu2021 (500 in chips) 
Seat 2: krkic3 (500 in chips) 
Seat 3: OMARO977 (500 in chips) 
krkic3: posts small blind 10
OMARO977: posts big blind 20
*** HOLE CARDS ***
Dealt to Mahu2021 [Qs Js]
Mahu2021: raises 20 to 40
krkic3: raises 20 to 60
OMARO977: folds 
Mahu2021: calls 20
*** FLOP *** [7d Ad Kh]
krkic3: checks 
Mahu2021: checks 
*** TURN *** [7d Ad Kh] [7c]
krkic3: checks 
Mahu2021: checks 
*** RIVER *** [7d Ad Kh 7c] [Td]
krkic3: checks 
Mahu2021: bets 140
krkic3: folds 
Uncalled bet (140) returned to Mahu2021
Mahu2021 collected 140 from pot
Mahu2021: doesn't show hand 
*** SUMMARY ***
Total pot 140 | Rake 0 
Board [7d Ad Kh 7c Td]
Seat 1: Mahu2021 (button) collected (140)
Seat 2: krkic3 (small blind) folded on the River
Seat 3: OMARO977 (big blind) folded before Flop



PokerStars Hand #249287169669: Tournament #3725691022, $1.84+$0.16 USD Hold'em No Limit - Level I (10/20) - 2024/03/07 15:52:59 CET [2024/03/07 9:52:59 ET]
Table '3725691022 1' 3-max Seat #2 is the button
Seat 1: Mahu2021 (580 in chips) 
Seat 2: krkic3 (440 in chips) 
Seat 3: OMARO977 (480 in chips) 
OMARO977: posts small blind 10
Mahu2021: posts big blind 20
*** HOLE CARDS ***
Dealt to Mahu2021 [Ah 9d]
krkic3: raises 40 to 60
OMARO977: folds 
Mahu2021: folds 
Uncalled bet (40) returned to krkic3
krkic3 collected 50 from pot
*** SUMMARY ***
Total pot 50 | Rake 0 
Seat 1: Mahu2021 (big blind) folded before Flop
Seat 2: krkic3 (button) collected (50)
Seat 3: OMARO977 (small blind) folded before Flop



PokerStars Hand #249287173333: Tournament #3725691022, $1.84+$0.16 USD Hold'em No Limit - Level I (10/20) - 2024/03/07 15:53:17 CET [2024/03/07 9:53:17 ET]
Table '3725691022 1' 3-max Seat #3 is the button
Seat 1: Mahu2021 (560 in chips) 
Seat 2: krkic3 (470 in chips) 
Seat 3: OMARO977 (470 in chips) 
Mahu2021: posts small blind 10
krkic3: posts big blind 20
*** HOLE CARDS ***
Dealt to Mahu2021 [Qc Tc]
OMARO977: folds 
Mahu2021: raises 20 to 40
krkic3: folds 
Uncalled bet (20) returned to Mahu2021
Mahu2021 collected 40 from pot
Mahu2021: doesn't show hand 
*** SUMMARY ***
Total pot 40 | Rake 0 
Seat 1: Mahu2021 (small blind) collected (40)
Seat 2: krkic3 (big blind) folded before Flop
Seat 3: OMARO977 (button) folded before Flop (didn't bet)



PokerStars Hand #249287175060: Tournament #3725691022, $1.84+$0.16 USD Hold'em No Limit - Level I (10/20) - 2024/03/07 15:53:25 CET [2024/03/07 9:53:25 ET]
Table '3725691022 1' 3-max Seat #1 is the button
Seat 1: Mahu2021 (580 in chips) 
Seat 2: krkic3 (450 in chips) 
Seat 3: OMARO977 (470 in chips) 
krkic3: posts small blind 10
OMARO977: posts big blind 20
*** HOLE CARDS ***
Dealt to Mahu2021 [7d Kd]
Mahu2021: calls 20
krkic3: raises 20 to 40
OMARO977: folds 
Mahu2021: calls 20
*** FLOP *** [6d 2c 6s]
krkic3: checks 
Mahu2021: checks 
*** TURN *** [6d 2c 6s] [6h]
krkic3: checks 
Mahu2021: checks 
*** RIVER *** [6d 2c 6s 6h] [9h]
krkic3: checks 
Mahu2021: bets 100
krkic3: calls 100
*** SHOW DOWN ***
Mahu2021: shows [7d Kd] (three of a kind, Sixes)
krkic3: shows [9c 8d] (a full house, Sixes full of Nines)
krkic3 collected 300 from pot
*** SUMMARY ***
Total pot 300 | Rake 0 
Board [6d 2c 6s 6h 9h]
Seat 1: Mahu2021 (button) showed [7d Kd] and lost with three of a kind, Sixes
Seat 2: krkic3 (small blind) showed [9c 8d] and won (300) with a full house, Sixes full of Nines
Seat 3: OMARO977 (big blind) folded before Flop



PokerStars Hand #249287184145: Tournament #3725691022, $1.84+$0.16 USD Hold'em No Limit - Level I (10/20) - 2024/03/07 15:54:09 CET [2024/03/07 9:54:09 ET]
Table '3725691022 1' 3-max Seat #2 is the button
Seat 1: Mahu2021 (440 in chips) 
Seat 2: krkic3 (610 in chips) 
Seat 3: OMARO977 (450 in chips) 
OMARO977: posts small blind 10
Mahu2021: posts big blind 20
*** HOLE CARDS ***
Dealt to Mahu2021 [Ac 6d]
krkic3: raises 40 to 60
OMARO977: calls 50
Mahu2021: folds 
*** FLOP *** [Ad Qc Ts]
OMARO977: checks 
krkic3: checks 
*** TURN *** [Ad Qc Ts] [4d]
OMARO977: bets 105
krkic3: folds 
Uncalled bet (105) returned to OMARO977
OMARO977 collected 140 from pot
*** SUMMARY ***
Total pot 140 | Rake 0 
Board [Ad Qc Ts 4d]
Seat 1: Mahu2021 (big blind) folded before Flop
Seat 2: krkic3 (button) folded on the Turn
Seat 3: OMARO977 (small blind) collected (140)



PokerStars Hand #249287192552: Tournament #3725691022, $1.84+$0.16 USD Hold'em No Limit - Level II (15/30) - 2024/03/07 15:54:50 CET [2024/03/07 9:54:50 ET]
Table '3725691022 1' 3-max Seat #3 is the button
Seat 1: Mahu2021 (420 in chips) 
Seat 2: krkic3 (550 in chips) 
Seat 3: OMARO977 (530 in chips) 
Mahu2021: posts small blind 15
krkic3: posts big blind 30
*** HOLE CARDS ***
Dealt to Mahu2021 [4d 6h]
OMARO977: folds 
Mahu2021: folds 
Uncalled bet (15) returned to krkic3
krkic3 collected 30 from pot
*** SUMMARY ***
Total pot 30 | Rake 0 
Seat 1: Mahu2021 (small blind) folded before Flop
Seat 2: krkic3 (big blind) collected (30)
Seat 3: OMARO977 (button) folded before Flop (didn't bet)



PokerStars Hand #249287193614: Tournament #3725691022, $1.84+$0.16 USD Hold'em No Limit - Level II (15/30) - 2024/03/07 15:54:55 CET [2024/03/07 9:54:55 ET]
Table '3725691022 1' 3-max Seat #1 is the button
Seat 1: Mahu2021 (405 in chips) 
Seat 2: krkic3 (565 in chips) 
Seat 3: OMARO977 (530 in chips) 
krkic3: posts small blind 15
OMARO977: posts big blind 30
*** HOLE CARDS ***
Dealt to Mahu2021 [7d As]
Mahu2021: raises 30 to 60
krkic3: raises 30 to 90
OMARO977: folds 
Mahu2021: raises 315 to 405 and is all-in
krkic3: folds 
Uncalled bet (315) returned to Mahu2021
Mahu2021 collected 210 from pot
Mahu2021: doesn't show hand 
*** SUMMARY ***
Total pot 210 | Rake 0 
Seat 1: Mahu2021 (button) collected (210)
Seat 2: krkic3 (small blind) folded before Flop
Seat 3: OMARO977 (big blind) folded before Flop



PokerStars Hand #249287197255: Tournament #3725691022, $1.84+$0.16 USD Hold'em No Limit - Level II (15/30) - 2024/03/07 15:55:13 CET [2024/03/07 9:55:13 ET]
Table '3725691022 1' 3-max Seat #2 is the button
Seat 1: Mahu2021 (525 in chips) 
Seat 2: krkic3 (475 in chips) 
Seat 3: OMARO977 (500 in chips) 
OMARO977: posts small blind 15
Mahu2021: posts big blind 30
*** HOLE CARDS ***
Dealt to Mahu2021 [9s 9d]
krkic3: raises 60 to 90
OMARO977: folds 
Mahu2021: raises 435 to 525 and is all-in
krkic3: calls 385 and is all-in
Uncalled bet (50) returned to Mahu2021
*** FLOP *** [6c 5s 3s]
*** TURN *** [6c 5s 3s] [7d]
*** RIVER *** [6c 5s 3s 7d] [Tc]
*** SHOW DOWN ***
Mahu2021: shows [9s 9d] (a pair of Nines)
krkic3: shows [Ah 8d] (high card Ace)
Mahu2021 collected 965 from pot
krkic3 finished the tournament in 3rd place
*** SUMMARY ***
Total pot 965 | Rake 0 
Board [6c 5s 3s 7d Tc]
Seat 1: Mahu2021 (big blind) showed [9s 9d] and won (965) with a pair of Nines
Seat 2: krkic3 (button) showed [Ah 8d] and lost with high card Ace
Seat 3: OMARO977 (small blind) folded before Flop



PokerStars Hand #249287200865: Tournament #3725691022, $1.84+$0.16 USD Hold'em No Limit - Level II (15/30) - 2024/03/07 15:55:35 CET [2024/03/07 9:55:35 ET]
Table '3725691022 1' 3-max Seat #1 is the button
Seat 1: Mahu2021 (1015 in chips) 
Seat 3: OMARO977 (485 in chips) 
Mahu2021: posts small blind 15
OMARO977: posts big blind 30
*** HOLE CARDS ***
Dealt to Mahu2021 [3s Js]
Mahu2021: calls 15
OMARO977: checks 
*** FLOP *** [Kd Td 3h]
OMARO977: checks 
Mahu2021: bets 60
OMARO977: folds 
Uncalled bet (60) returned to Mahu2021
Mahu2021 collected 60 from pot
Mahu2021: doesn't show hand 
*** SUMMARY ***
Total pot 60 | Rake 0 
Board [Kd Td 3h]
Seat 1: Mahu2021 (button) (small blind) collected (60)
Seat 3: OMARO977 (big blind) folded on the Flop



PokerStars Hand #249287205609: Tournament #3725691022, $1.84+$0.16 USD Hold'em No Limit - Level II (15/30) - 2024/03/07 15:56:03 CET [2024/03/07 9:56:03 ET]
Table '3725691022 1' 3-max Seat #3 is the button
Seat 1: Mahu2021 (1045 in chips) 
Seat 3: OMARO977 (455 in chips) 
OMARO977: posts small blind 15
Mahu2021: posts big blind 30
*** HOLE CARDS ***
Dealt to Mahu2021 [Kd Ts]
OMARO977: raises 30 to 60
Mahu2021: calls 30
*** FLOP *** [6s 2s 8s]
Mahu2021: checks 
OMARO977: bets 42
Mahu2021: calls 42
*** TURN *** [6s 2s 8s] [Jh]
Mahu2021: checks 
OMARO977: checks 
*** RIVER *** [6s 2s 8s Jh] [Kh]
Mahu2021: bets 204
OMARO977: folds 
Uncalled bet (204) returned to Mahu2021
Mahu2021 collected 204 from pot
Mahu2021: doesn't show hand 
*** SUMMARY ***
Total pot 204 | Rake 0 
Board [6s 2s 8s Jh Kh]
Seat 1: Mahu2021 (big blind) collected (204)
Seat 3: OMARO977 (button) (small blind) folded on the River



PokerStars Hand #249287212142: Tournament #3725691022, $1.84+$0.16 USD Hold'em No Limit - Level III (20/40) - 2024/03/07 15:56:42 CET [2024/03/07 9:56:42 ET]
Table '3725691022 1' 3-max Seat #1 is the button
Seat 1: Mahu2021 (1147 in chips) 
Seat 3: OMARO977 (353 in chips) 
Mahu2021: posts small blind 20
OMARO977: posts big blind 40
*** HOLE CARDS ***
Dealt to Mahu2021 [Kd 4h]
Mahu2021: raises 40 to 80
OMARO977: raises 273 to 353 and is all-in
Mahu2021: calls 273
*** FLOP *** [8h 3h 5s]
*** TURN *** [8h 3h 5s] [Qh]
*** RIVER *** [8h 3h 5s Qh] [Ks]
*** SHOW DOWN ***
OMARO977: shows [Kc Js] (a pair of Kings)
Mahu2021: shows [Kd 4h] (a pair of Kings - lower kicker)
OMARO977 collected 706 from pot
*** SUMMARY ***
Total pot 706 | Rake 0 
Board [8h 3h 5s Qh Ks]
Seat 1: Mahu2021 (button) (small blind) showed [Kd 4h] and lost with a pair of Kings
Seat 3: OMARO977 (big blind) showed [Kc Js] and won (706) with a pair of Kings



PokerStars Hand #249287215957: Tournament #3725691022, $1.84+$0.16 USD Hold'em No Limit - Level III (20/40) - 2024/03/07 15:57:05 CET [2024/03/07 9:57:05 ET]
Table '3725691022 1' 3-max Seat #3 is the button
Seat 1: Mahu2021 (794 in chips) 
Seat 3: OMARO977 (706 in chips) 
OMARO977: posts small blind 20
Mahu2021: posts big blind 40
*** HOLE CARDS ***
Dealt to Mahu2021 [6s 3s]
OMARO977: raises 40 to 80
Mahu2021: calls 40
*** FLOP *** [Ad Kh Qd]
Mahu2021: checks 
OMARO977: bets 56
Mahu2021: folds 
Uncalled bet (56) returned to OMARO977
OMARO977 collected 160 from pot
*** SUMMARY ***
Total pot 160 | Rake 0 
Board [Ad Kh Qd]
Seat 1: Mahu2021 (big blind) folded on the Flop
Seat 3: OMARO977 (button) (small blind) collected (160)



PokerStars Hand #249287219759: Tournament #3725691022, $1.84+$0.16 USD Hold'em No Limit - Level III (20/40) - 2024/03/07 15:57:27 CET [2024/03/07 9:57:27 ET]
Table '3725691022 1' 3-max Seat #1 is the button
Seat 1: Mahu2021 (714 in chips) 
Seat 3: OMARO977 (786 in chips) 
Mahu2021: posts small blind 20
OMARO977: posts big blind 40
*** HOLE CARDS ***
Dealt to Mahu2021 [Kc 3h]
Mahu2021: calls 20
OMARO977: checks 
*** FLOP *** [Ad 7d 4s]
OMARO977: checks 
Mahu2021: bets 80
OMARO977: folds 
Uncalled bet (80) returned to Mahu2021
Mahu2021 collected 80 from pot
Mahu2021: doesn't show hand 
*** SUMMARY ***
Total pot 80 | Rake 0 
Board [Ad 7d 4s]
Seat 1: Mahu2021 (button) (small blind) collected (80)
Seat 3: OMARO977 (big blind) folded on the Flop



PokerStars Hand #249287224241: Tournament #3725691022, $1.84+$0.16 USD Hold'em No Limit - Level III (20/40) - 2024/03/07 15:57:54 CET [2024/03/07 9:57:54 ET]
Table '3725691022 1' 3-max Seat #3 is the button
Seat 1: Mahu2021 (754 in chips) 
Seat 3: OMARO977 (746 in chips) 
OMARO977: posts small blind 20
Mahu2021: posts big blind 40
*** HOLE CARDS ***
Dealt to Mahu2021 [9c Kd]
OMARO977: raises 40 to 80
Mahu2021: calls 40
*** FLOP *** [5c 6d 4s]
Mahu2021: checks 
OMARO977: checks 
*** TURN *** [5c 6d 4s] [4h]
Mahu2021: checks 
OMARO977: bets 120
Mahu2021: folds 
Uncalled bet (120) returned to OMARO977
OMARO977 collected 160 from pot
*** SUMMARY ***
Total pot 160 | Rake 0 
Board [5c 6d 4s 4h]
Seat 1: Mahu2021 (big blind) folded on the Turn
Seat 3: OMARO977 (button) (small blind) collected (160)



PokerStars Hand #249287232318: Tournament #3725691022, $1.84+$0.16 USD Hold'em No Limit - Level IV (30/60) - 2024/03/07 15:58:42 CET [2024/03/07 9:58:42 ET]
Table '3725691022 1' 3-max Seat #1 is the button
Seat 1: Mahu2021 (674 in chips) 
Seat 3: OMARO977 (826 in chips) 
Mahu2021: posts small blind 30
OMARO977: posts big blind 60
*** HOLE CARDS ***
Dealt to Mahu2021 [As 8d]
Mahu2021: raises 60 to 120
OMARO977: calls 60
*** FLOP *** [2s 4c 3c]
OMARO977: checks 
Mahu2021: bets 120
OMARO977: raises 150 to 270
Mahu2021: folds 
Uncalled bet (150) returned to OMARO977
OMARO977 collected 480 from pot
*** SUMMARY ***
Total pot 480 | Rake 0 
Board [2s 4c 3c]
Seat 1: Mahu2021 (button) (small blind) folded on the Flop
Seat 3: OMARO977 (big blind) collected (480)



PokerStars Hand #249287237528: Tournament #3725691022, $1.84+$0.16 USD Hold'em No Limit - Level IV (30/60) - 2024/03/07 15:59:14 CET [2024/03/07 9:59:14 ET]
Table '3725691022 1' 3-max Seat #3 is the button
Seat 1: Mahu2021 (434 in chips) 
Seat 3: OMARO977 (1066 in chips) 
OMARO977: posts small blind 30
Mahu2021: posts big blind 60
*** HOLE CARDS ***
Dealt to Mahu2021 [Kc 2s]
OMARO977: raises 60 to 120
Mahu2021: raises 314 to 434 and is all-in
OMARO977: folds 
Uncalled bet (314) returned to Mahu2021
Mahu2021 collected 240 from pot
Mahu2021: doesn't show hand 
*** SUMMARY ***
Total pot 240 | Rake 0 
Seat 1: Mahu2021 (big blind) collected (240)
Seat 3: OMARO977 (button) (small blind) folded before Flop



PokerStars Hand #249287239755: Tournament #3725691022, $1.84+$0.16 USD Hold'em No Limit - Level IV (30/60) - 2024/03/07 15:59:27 CET [2024/03/07 9:59:27 ET]
Table '3725691022 1' 3-max Seat #1 is the button
Seat 1: Mahu2021 (554 in chips) 
Seat 3: OMARO977 (946 in chips) 
Mahu2021: posts small blind 30
OMARO977: posts big blind 60
*** HOLE CARDS ***
Dealt to Mahu2021 [Kc 4h]
Mahu2021: calls 30
OMARO977: raises 886 to 946 and is all-in
Mahu2021: folds 
Uncalled bet (886) returned to OMARO977
OMARO977 collected 120 from pot
*** SUMMARY ***
Total pot 120 | Rake 0 
Seat 1: Mahu2021 (button) (small blind) folded before Flop
Seat 3: OMARO977 (big blind) collected (120)



PokerStars Hand #249287241239: Tournament #3725691022, $1.84+$0.16 USD Hold'em No Limit - Level IV (30/60) - 2024/03/07 15:59:36 CET [2024/03/07 9:59:36 ET]
Table '3725691022 1' 3-max Seat #3 is the button
Seat 1: Mahu2021 (494 in chips) 
Seat 3: OMARO977 (1006 in chips) 
OMARO977: posts small blind 30
Mahu2021: posts big blind 60
*** HOLE CARDS ***
Dealt to Mahu2021 [Th 4c]
OMARO977: raises 946 to 1006 and is all-in
Mahu2021: folds 
Uncalled bet (946) returned to OMARO977
OMARO977 collected 120 from pot
*** SUMMARY ***
Total pot 120 | Rake 0 
Seat 1: Mahu2021 (big blind) folded before Flop
Seat 3: OMARO977 (button) (small blind) collected (120)



PokerStars Hand #249287243046: Tournament #3725691022, $1.84+$0.16 USD Hold'em No Limit - Level IV (30/60) - 2024/03/07 15:59:46 CET [2024/03/07 9:59:46 ET]
Table '3725691022 1' 3-max Seat #1 is the button
Seat 1: Mahu2021 (434 in chips) 
Seat 3: OMARO977 (1066 in chips) 
Mahu2021: posts small blind 30
OMARO977: posts big blind 60
*** HOLE CARDS ***
Dealt to Mahu2021 [6s Jd]
Mahu2021: raises 60 to 120
OMARO977: calls 60
*** FLOP *** [Tc Ah Th]
OMARO977: checks 
Mahu2021: checks 
*** TURN *** [Tc Ah Th] [8d]
OMARO977: bets 90
Mahu2021: folds 
Uncalled bet (90) returned to OMARO977
OMARO977 collected 240 from pot
*** SUMMARY ***
Total pot 240 | Rake 0 
Board [Tc Ah Th 8d]
Seat 1: Mahu2021 (button) (small blind) folded on the Turn
Seat 3: OMARO977 (big blind) collected (240)



PokerStars Hand #249287248383: Tournament #3725691022, $1.84+$0.16 USD Hold'em No Limit - Level IV (30/60) - 2024/03/07 16:00:18 CET [2024/03/07 10:00:18 ET]
Table '3725691022 1' 3-max Seat #3 is the button
Seat 1: Mahu2021 (314 in chips) 
Seat 3: OMARO977 (1186 in chips) 
OMARO977: posts small blind 30
Mahu2021: posts big blind 60
*** HOLE CARDS ***
Dealt to Mahu2021 [Kc Td]
OMARO977: raises 1126 to 1186 and is all-in
Mahu2021: calls 254 and is all-in
Uncalled bet (872) returned to OMARO977
*** FLOP *** [Qd Jc 4d]
*** TURN *** [Qd Jc 4d] [3c]
*** RIVER *** [Qd Jc 4d 3c] [6s]
*** SHOW DOWN ***
Mahu2021: shows [Kc Td] (high card King)
OMARO977: shows [3h Js] (two pair, Jacks and Threes)
OMARO977 collected 628 from pot
Mahu2021 finished the tournament in 2nd place
OMARO977 wins the tournament and receives $4.00 - congratulations!
*** SUMMARY ***
Total pot 628 | Rake 0 
Board [Qd Jc 4d 3c 6s]
Seat 1: Mahu2021 (big blind) showed [Kc Td] and lost with high card King
Seat 3: OMARO977 (button) (small blind) showed [3h Js] and won (628) with two pair, Jacks and Threes



