PokerStars Hand #247977359113: Tournament #3694084760, $1.84+$0.16 USD Hold'em No Limit - Level I (10/20) - 2023/12/31 11:49:56 CET [2023/12/31 5:49:56 ET]
Table '3694084760 1' 3-max Seat #1 is the button
Seat 1: Mahu2021 (500 in chips) 
Seat 2: AAschr3tt1AA (500 in chips) 
Seat 3: dr.sabosta (500 in chips) 
AAschr3tt1AA: posts small blind 10
dr.sabosta: posts big blind 20
*** HOLE CARDS ***
Dealt to Mahu2021 [Ts 3h]
Mahu2021: folds 
AAschr3tt1AA: raises 20 to 40
dr.sabosta: calls 20
*** FLOP *** [8d Kc 4d]
AAschr3tt1AA: bets 40
dr.sabosta: calls 40
*** TURN *** [8d Kc 4d] [Ah]
AAschr3tt1AA: bets 80
dr.sabosta: folds 
Uncalled bet (80) returned to AAschr3tt1AA
AAschr3tt1AA collected 160 from pot
AAschr3tt1AA: doesn't show hand 
*** SUMMARY ***
Total pot 160 | Rake 0 
Board [8d Kc 4d Ah]
Seat 1: Mahu2021 (button) folded before Flop (didn't bet)
Seat 2: AAschr3tt1AA (small blind) collected (160)
Seat 3: dr.sabosta (big blind) folded on the Turn



PokerStars Hand #247977361592: Tournament #3694084760, $1.84+$0.16 USD Hold'em No Limit - Level I (10/20) - 2023/12/31 11:50:11 CET [2023/12/31 5:50:11 ET]
Table '3694084760 1' 3-max Seat #2 is the button
Seat 1: Mahu2021 (500 in chips) 
Seat 2: AAschr3tt1AA (580 in chips) 
Seat 3: dr.sabosta (420 in chips) 
dr.sabosta: posts small blind 10
Mahu2021: posts big blind 20
*** HOLE CARDS ***
Dealt to Mahu2021 [2s Kd]
AAschr3tt1AA: raises 30 to 50
dr.sabosta: calls 40
Mahu2021: folds 
*** FLOP *** [4h 4d 6s]
dr.sabosta: bets 120
AAschr3tt1AA: folds 
Uncalled bet (120) returned to dr.sabosta
dr.sabosta collected 120 from pot
dr.sabosta: doesn't show hand 
*** SUMMARY ***
Total pot 120 | Rake 0 
Board [4h 4d 6s]
Seat 1: Mahu2021 (big blind) folded before Flop
Seat 2: AAschr3tt1AA (button) folded on the Flop
Seat 3: dr.sabosta (small blind) collected (120)



PokerStars Hand #247977364290: Tournament #3694084760, $1.84+$0.16 USD Hold'em No Limit - Level I (10/20) - 2023/12/31 11:50:28 CET [2023/12/31 5:50:28 ET]
Table '3694084760 1' 3-max Seat #3 is the button
Seat 1: Mahu2021 (480 in chips) 
Seat 2: AAschr3tt1AA (530 in chips) 
Seat 3: dr.sabosta (490 in chips) 
Mahu2021: posts small blind 10
AAschr3tt1AA: posts big blind 20
*** HOLE CARDS ***
Dealt to Mahu2021 [Qh 6d]
dr.sabosta: calls 20
Mahu2021: folds 
AAschr3tt1AA: raises 20 to 40
dr.sabosta: raises 20 to 60
AAschr3tt1AA: calls 20
*** FLOP *** [Td 8c 5d]
AAschr3tt1AA: checks 
dr.sabosta: checks 
*** TURN *** [Td 8c 5d] [8d]
AAschr3tt1AA: checks 
dr.sabosta: checks 
*** RIVER *** [Td 8c 5d 8d] [2s]
AAschr3tt1AA: checks 
dr.sabosta: checks 
*** SHOW DOWN ***
AAschr3tt1AA: shows [3s Ad] (a pair of Eights)
dr.sabosta: shows [Qd Ac] (a pair of Eights - Ace+Queen kicker)
dr.sabosta collected 130 from pot
*** SUMMARY ***
Total pot 130 | Rake 0 
Board [Td 8c 5d 8d 2s]
Seat 1: Mahu2021 (small blind) folded before Flop
Seat 2: AAschr3tt1AA (big blind) showed [3s Ad] and lost with a pair of Eights
Seat 3: dr.sabosta (button) showed [Qd Ac] and won (130) with a pair of Eights



PokerStars Hand #247977368304: Tournament #3694084760, $1.84+$0.16 USD Hold'em No Limit - Level I (10/20) - 2023/12/31 11:50:54 CET [2023/12/31 5:50:54 ET]
Table '3694084760 1' 3-max Seat #1 is the button
Seat 1: Mahu2021 (470 in chips) 
Seat 2: AAschr3tt1AA (470 in chips) 
Seat 3: dr.sabosta (560 in chips) 
AAschr3tt1AA: posts small blind 10
dr.sabosta: posts big blind 20
*** HOLE CARDS ***
Dealt to Mahu2021 [Ac 2c]
Mahu2021: raises 20 to 40
AAschr3tt1AA: folds 
dr.sabosta: folds 
Uncalled bet (20) returned to Mahu2021
Mahu2021 collected 50 from pot
Mahu2021: doesn't show hand 
*** SUMMARY ***
Total pot 50 | Rake 0 
Seat 1: Mahu2021 (button) collected (50)
Seat 2: AAschr3tt1AA (small blind) folded before Flop
Seat 3: dr.sabosta (big blind) folded before Flop



PokerStars Hand #247977369273: Tournament #3694084760, $1.84+$0.16 USD Hold'em No Limit - Level I (10/20) - 2023/12/31 11:51:00 CET [2023/12/31 5:51:00 ET]
Table '3694084760 1' 3-max Seat #2 is the button
Seat 1: Mahu2021 (500 in chips) 
Seat 2: AAschr3tt1AA (460 in chips) 
Seat 3: dr.sabosta (540 in chips) 
dr.sabosta: posts small blind 10
Mahu2021: posts big blind 20
*** HOLE CARDS ***
Dealt to Mahu2021 [4s 6s]
AAschr3tt1AA: folds 
dr.sabosta: folds 
Uncalled bet (10) returned to Mahu2021
Mahu2021 collected 20 from pot
Mahu2021: doesn't show hand 
*** SUMMARY ***
Total pot 20 | Rake 0 
Seat 1: Mahu2021 (big blind) collected (20)
Seat 2: AAschr3tt1AA (button) folded before Flop (didn't bet)
Seat 3: dr.sabosta (small blind) folded before Flop



PokerStars Hand #247977370550: Tournament #3694084760, $1.84+$0.16 USD Hold'em No Limit - Level I (10/20) - 2023/12/31 11:51:08 CET [2023/12/31 5:51:08 ET]
Table '3694084760 1' 3-max Seat #3 is the button
Seat 1: Mahu2021 (510 in chips) 
Seat 2: AAschr3tt1AA (460 in chips) 
Seat 3: dr.sabosta (530 in chips) 
Mahu2021: posts small blind 10
AAschr3tt1AA: posts big blind 20
*** HOLE CARDS ***
Dealt to Mahu2021 [5s 9d]
dr.sabosta: folds 
Mahu2021: folds 
Uncalled bet (10) returned to AAschr3tt1AA
AAschr3tt1AA collected 20 from pot
AAschr3tt1AA: doesn't show hand 
*** SUMMARY ***
Total pot 20 | Rake 0 
Seat 1: Mahu2021 (small blind) folded before Flop
Seat 2: AAschr3tt1AA (big blind) collected (20)
Seat 3: dr.sabosta (button) folded before Flop (didn't bet)



PokerStars Hand #247977371363: Tournament #3694084760, $1.84+$0.16 USD Hold'em No Limit - Level I (10/20) - 2023/12/31 11:51:13 CET [2023/12/31 5:51:13 ET]
Table '3694084760 1' 3-max Seat #1 is the button
Seat 1: Mahu2021 (500 in chips) 
Seat 2: AAschr3tt1AA (470 in chips) 
Seat 3: dr.sabosta (530 in chips) 
AAschr3tt1AA: posts small blind 10
dr.sabosta: posts big blind 20
*** HOLE CARDS ***
Dealt to Mahu2021 [7d 5d]
Mahu2021: folds 
AAschr3tt1AA: folds 
Uncalled bet (10) returned to dr.sabosta
dr.sabosta collected 20 from pot
dr.sabosta: doesn't show hand 
*** SUMMARY ***
Total pot 20 | Rake 0 
Seat 1: Mahu2021 (button) folded before Flop (didn't bet)
Seat 2: AAschr3tt1AA (small blind) folded before Flop
Seat 3: dr.sabosta (big blind) collected (20)



PokerStars Hand #247977372177: Tournament #3694084760, $1.84+$0.16 USD Hold'em No Limit - Level I (10/20) - 2023/12/31 11:51:19 CET [2023/12/31 5:51:19 ET]
Table '3694084760 1' 3-max Seat #2 is the button
Seat 1: Mahu2021 (500 in chips) 
Seat 2: AAschr3tt1AA (460 in chips) 
Seat 3: dr.sabosta (540 in chips) 
dr.sabosta: posts small blind 10
Mahu2021: posts big blind 20
*** HOLE CARDS ***
Dealt to Mahu2021 [Qc 8s]
AAschr3tt1AA: folds 
dr.sabosta: calls 10
Mahu2021: checks 
*** FLOP *** [Ac Kc 8c]
dr.sabosta: checks 
Mahu2021: bets 40
dr.sabosta: folds 
Uncalled bet (40) returned to Mahu2021
Mahu2021 collected 40 from pot
Mahu2021: doesn't show hand 
*** SUMMARY ***
Total pot 40 | Rake 0 
Board [Ac Kc 8c]
Seat 1: Mahu2021 (big blind) collected (40)
Seat 2: AAschr3tt1AA (button) folded before Flop (didn't bet)
Seat 3: dr.sabosta (small blind) folded on the Flop



PokerStars Hand #247977374672: Tournament #3694084760, $1.84+$0.16 USD Hold'em No Limit - Level I (10/20) - 2023/12/31 11:51:35 CET [2023/12/31 5:51:35 ET]
Table '3694084760 1' 3-max Seat #3 is the button
Seat 1: Mahu2021 (520 in chips) 
Seat 2: AAschr3tt1AA (460 in chips) 
Seat 3: dr.sabosta (520 in chips) 
Mahu2021: posts small blind 10
AAschr3tt1AA: posts big blind 20
*** HOLE CARDS ***
Dealt to Mahu2021 [3h 2s]
dr.sabosta: calls 20
Mahu2021: folds 
AAschr3tt1AA: checks 
*** FLOP *** [3s 9s 2h]
AAschr3tt1AA: checks 
dr.sabosta: bets 50
AAschr3tt1AA: folds 
Uncalled bet (50) returned to dr.sabosta
dr.sabosta collected 50 from pot
dr.sabosta: doesn't show hand 
*** SUMMARY ***
Total pot 50 | Rake 0 
Board [3s 9s 2h]
Seat 1: Mahu2021 (small blind) folded before Flop
Seat 2: AAschr3tt1AA (big blind) folded on the Flop
Seat 3: dr.sabosta (button) collected (50)



PokerStars Hand #247977377298: Tournament #3694084760, $1.84+$0.16 USD Hold'em No Limit - Level I (10/20) - 2023/12/31 11:51:52 CET [2023/12/31 5:51:52 ET]
Table '3694084760 1' 3-max Seat #1 is the button
Seat 1: Mahu2021 (510 in chips) 
Seat 2: AAschr3tt1AA (440 in chips) 
Seat 3: dr.sabosta (550 in chips) 
AAschr3tt1AA: posts small blind 10
dr.sabosta: posts big blind 20
*** HOLE CARDS ***
Dealt to Mahu2021 [7c 4s]
Mahu2021: folds 
AAschr3tt1AA: raises 40 to 60
dr.sabosta: calls 40
*** FLOP *** [8s 3h 6h]
AAschr3tt1AA: bets 380 and is all-in
dr.sabosta: folds 
Uncalled bet (380) returned to AAschr3tt1AA
AAschr3tt1AA collected 120 from pot
AAschr3tt1AA: doesn't show hand 
*** SUMMARY ***
Total pot 120 | Rake 0 
Board [8s 3h 6h]
Seat 1: Mahu2021 (button) folded before Flop (didn't bet)
Seat 2: AAschr3tt1AA (small blind) collected (120)
Seat 3: dr.sabosta (big blind) folded on the Flop



PokerStars Hand #247977379566: Tournament #3694084760, $1.84+$0.16 USD Hold'em No Limit - Level I (10/20) - 2023/12/31 11:52:06 CET [2023/12/31 5:52:06 ET]
Table '3694084760 1' 3-max Seat #2 is the button
Seat 1: Mahu2021 (510 in chips) 
Seat 2: AAschr3tt1AA (500 in chips) 
Seat 3: dr.sabosta (490 in chips) 
dr.sabosta: posts small blind 10
Mahu2021: posts big blind 20
*** HOLE CARDS ***
Dealt to Mahu2021 [As 5s]
AAschr3tt1AA: raises 50 to 70
dr.sabosta: calls 60
Mahu2021: folds 
*** FLOP *** [9s Td Th]
dr.sabosta: checks 
AAschr3tt1AA: bets 160
dr.sabosta: folds 
Uncalled bet (160) returned to AAschr3tt1AA
AAschr3tt1AA collected 160 from pot
AAschr3tt1AA: doesn't show hand 
*** SUMMARY ***
Total pot 160 | Rake 0 
Board [9s Td Th]
Seat 1: Mahu2021 (big blind) folded before Flop
Seat 2: AAschr3tt1AA (button) collected (160)
Seat 3: dr.sabosta (small blind) folded on the Flop



PokerStars Hand #247977382279: Tournament #3694084760, $1.84+$0.16 USD Hold'em No Limit - Level I (10/20) - 2023/12/31 11:52:23 CET [2023/12/31 5:52:23 ET]
Table '3694084760 1' 3-max Seat #3 is the button
Seat 1: Mahu2021 (490 in chips) 
Seat 2: AAschr3tt1AA (590 in chips) 
Seat 3: dr.sabosta (420 in chips) 
Mahu2021: posts small blind 10
AAschr3tt1AA: posts big blind 20
*** HOLE CARDS ***
Dealt to Mahu2021 [Jc 9s]
dr.sabosta: calls 20
Mahu2021: calls 10
AAschr3tt1AA: checks 
*** FLOP *** [5c Td Kh]
Mahu2021: checks 
AAschr3tt1AA: checks 
dr.sabosta: bets 400 and is all-in
Mahu2021: folds 
AAschr3tt1AA: calls 400
*** TURN *** [5c Td Kh] [6s]
*** RIVER *** [5c Td Kh 6s] [8d]
*** SHOW DOWN ***
AAschr3tt1AA: shows [Kd 2s] (a pair of Kings)
dr.sabosta: shows [9h Kc] (a pair of Kings - Ten+Nine kicker)
dr.sabosta collected 860 from pot
*** SUMMARY ***
Total pot 860 | Rake 0 
Board [5c Td Kh 6s 8d]
Seat 1: Mahu2021 (small blind) folded on the Flop
Seat 2: AAschr3tt1AA (big blind) showed [Kd 2s] and lost with a pair of Kings
Seat 3: dr.sabosta (button) showed [9h Kc] and won (860) with a pair of Kings



PokerStars Hand #247977385795: Tournament #3694084760, $1.84+$0.16 USD Hold'em No Limit - Level I (10/20) - 2023/12/31 11:52:46 CET [2023/12/31 5:52:46 ET]
Table '3694084760 1' 3-max Seat #1 is the button
Seat 1: Mahu2021 (470 in chips) 
Seat 2: AAschr3tt1AA (170 in chips) 
Seat 3: dr.sabosta (860 in chips) 
AAschr3tt1AA: posts small blind 10
dr.sabosta: posts big blind 20
*** HOLE CARDS ***
Dealt to Mahu2021 [7c Ad]
Mahu2021: folds 
AAschr3tt1AA: raises 150 to 170 and is all-in
dr.sabosta: folds 
Uncalled bet (150) returned to AAschr3tt1AA
AAschr3tt1AA collected 40 from pot
AAschr3tt1AA: doesn't show hand 
*** SUMMARY ***
Total pot 40 | Rake 0 
Seat 1: Mahu2021 (button) folded before Flop (didn't bet)
Seat 2: AAschr3tt1AA (small blind) collected (40)
Seat 3: dr.sabosta (big blind) folded before Flop



PokerStars Hand #247977386882: Tournament #3694084760, $1.84+$0.16 USD Hold'em No Limit - Level I (10/20) - 2023/12/31 11:52:52 CET [2023/12/31 5:52:52 ET]
Table '3694084760 1' 3-max Seat #2 is the button
Seat 1: Mahu2021 (470 in chips) 
Seat 2: AAschr3tt1AA (190 in chips) 
Seat 3: dr.sabosta (840 in chips) 
dr.sabosta: posts small blind 10
Mahu2021: posts big blind 20
*** HOLE CARDS ***
Dealt to Mahu2021 [Js 6d]
AAschr3tt1AA: folds 
dr.sabosta: calls 10
Mahu2021: checks 
*** FLOP *** [5c Jh 3h]
dr.sabosta: checks 
Mahu2021: bets 40
dr.sabosta: folds 
Uncalled bet (40) returned to Mahu2021
Mahu2021 collected 40 from pot
Mahu2021: doesn't show hand 
*** SUMMARY ***
Total pot 40 | Rake 0 
Board [5c Jh 3h]
Seat 1: Mahu2021 (big blind) collected (40)
Seat 2: AAschr3tt1AA (button) folded before Flop (didn't bet)
Seat 3: dr.sabosta (small blind) folded on the Flop



PokerStars Hand #247977389614: Tournament #3694084760, $1.84+$0.16 USD Hold'em No Limit - Level II (15/30) - 2023/12/31 11:53:10 CET [2023/12/31 5:53:10 ET]
Table '3694084760 1' 3-max Seat #3 is the button
Seat 1: Mahu2021 (490 in chips) 
Seat 2: AAschr3tt1AA (190 in chips) 
Seat 3: dr.sabosta (820 in chips) 
Mahu2021: posts small blind 15
AAschr3tt1AA: posts big blind 30
*** HOLE CARDS ***
Dealt to Mahu2021 [Kd 6h]
dr.sabosta: calls 30
Mahu2021: folds 
AAschr3tt1AA: checks 
*** FLOP *** [As Js 4h]
AAschr3tt1AA: checks 
dr.sabosta: checks 
*** TURN *** [As Js 4h] [7s]
AAschr3tt1AA: bets 160 and is all-in
dr.sabosta: folds 
Uncalled bet (160) returned to AAschr3tt1AA
AAschr3tt1AA collected 75 from pot
AAschr3tt1AA: doesn't show hand 
*** SUMMARY ***
Total pot 75 | Rake 0 
Board [As Js 4h 7s]
Seat 1: Mahu2021 (small blind) folded before Flop
Seat 2: AAschr3tt1AA (big blind) collected (75)
Seat 3: dr.sabosta (button) folded on the Turn



PokerStars Hand #247977393708: Tournament #3694084760, $1.84+$0.16 USD Hold'em No Limit - Level II (15/30) - 2023/12/31 11:53:36 CET [2023/12/31 5:53:36 ET]
Table '3694084760 1' 3-max Seat #1 is the button
Seat 1: Mahu2021 (475 in chips) 
Seat 2: AAschr3tt1AA (235 in chips) 
Seat 3: dr.sabosta (790 in chips) 
AAschr3tt1AA: posts small blind 15
dr.sabosta: posts big blind 30
*** HOLE CARDS ***
Dealt to Mahu2021 [5d 2d]
Mahu2021: folds 
AAschr3tt1AA: raises 30 to 60
dr.sabosta: folds 
Uncalled bet (30) returned to AAschr3tt1AA
AAschr3tt1AA collected 60 from pot
AAschr3tt1AA: doesn't show hand 
*** SUMMARY ***
Total pot 60 | Rake 0 
Seat 1: Mahu2021 (button) folded before Flop (didn't bet)
Seat 2: AAschr3tt1AA (small blind) collected (60)
Seat 3: dr.sabosta (big blind) folded before Flop



PokerStars Hand #247977394656: Tournament #3694084760, $1.84+$0.16 USD Hold'em No Limit - Level II (15/30) - 2023/12/31 11:53:42 CET [2023/12/31 5:53:42 ET]
Table '3694084760 1' 3-max Seat #2 is the button
Seat 1: Mahu2021 (475 in chips) 
Seat 2: AAschr3tt1AA (265 in chips) 
Seat 3: dr.sabosta (760 in chips) 
dr.sabosta: posts small blind 15
Mahu2021: posts big blind 30
*** HOLE CARDS ***
Dealt to Mahu2021 [7s 3d]
AAschr3tt1AA: folds 
dr.sabosta: calls 15
Mahu2021: checks 
*** FLOP *** [Ts 8s Qs]
dr.sabosta: bets 60
Mahu2021: folds 
Uncalled bet (60) returned to dr.sabosta
dr.sabosta collected 60 from pot
dr.sabosta: doesn't show hand 
*** SUMMARY ***
Total pot 60 | Rake 0 
Board [Ts 8s Qs]
Seat 1: Mahu2021 (big blind) folded on the Flop
Seat 2: AAschr3tt1AA (button) folded before Flop (didn't bet)
Seat 3: dr.sabosta (small blind) collected (60)



PokerStars Hand #247977396622: Tournament #3694084760, $1.84+$0.16 USD Hold'em No Limit - Level II (15/30) - 2023/12/31 11:53:54 CET [2023/12/31 5:53:54 ET]
Table '3694084760 1' 3-max Seat #3 is the button
Seat 1: Mahu2021 (445 in chips) 
Seat 2: AAschr3tt1AA (265 in chips) 
Seat 3: dr.sabosta (790 in chips) 
Mahu2021: posts small blind 15
AAschr3tt1AA: posts big blind 30
*** HOLE CARDS ***
Dealt to Mahu2021 [Kd Kc]
dr.sabosta: folds 
Mahu2021: raises 415 to 445 and is all-in
AAschr3tt1AA: folds 
Uncalled bet (415) returned to Mahu2021
Mahu2021 collected 60 from pot
Mahu2021: doesn't show hand 
*** SUMMARY ***
Total pot 60 | Rake 0 
Seat 1: Mahu2021 (small blind) collected (60)
Seat 2: AAschr3tt1AA (big blind) folded before Flop
Seat 3: dr.sabosta (button) folded before Flop (didn't bet)



PokerStars Hand #247977398162: Tournament #3694084760, $1.84+$0.16 USD Hold'em No Limit - Level II (15/30) - 2023/12/31 11:54:04 CET [2023/12/31 5:54:04 ET]
Table '3694084760 1' 3-max Seat #1 is the button
Seat 1: Mahu2021 (475 in chips) 
Seat 2: AAschr3tt1AA (235 in chips) 
Seat 3: dr.sabosta (790 in chips) 
AAschr3tt1AA: posts small blind 15
dr.sabosta: posts big blind 30
*** HOLE CARDS ***
Dealt to Mahu2021 [4s Ks]
Mahu2021: calls 30
AAschr3tt1AA: calls 15
dr.sabosta: raises 30 to 60
Mahu2021: calls 30
AAschr3tt1AA: folds 
*** FLOP *** [Ts 3c Jh]
dr.sabosta: bets 150
Mahu2021: folds 
Uncalled bet (150) returned to dr.sabosta
dr.sabosta collected 150 from pot
dr.sabosta: doesn't show hand 
*** SUMMARY ***
Total pot 150 | Rake 0 
Board [Ts 3c Jh]
Seat 1: Mahu2021 (button) folded on the Flop
Seat 2: AAschr3tt1AA (small blind) folded before Flop
Seat 3: dr.sabosta (big blind) collected (150)



PokerStars Hand #247977401680: Tournament #3694084760, $1.84+$0.16 USD Hold'em No Limit - Level II (15/30) - 2023/12/31 11:54:26 CET [2023/12/31 5:54:26 ET]
Table '3694084760 1' 3-max Seat #2 is the button
Seat 1: Mahu2021 (415 in chips) 
Seat 2: AAschr3tt1AA (205 in chips) 
Seat 3: dr.sabosta (880 in chips) 
dr.sabosta: posts small blind 15
Mahu2021: posts big blind 30
*** HOLE CARDS ***
Dealt to Mahu2021 [9c 6h]
AAschr3tt1AA: raises 75 to 105
dr.sabosta: raises 75 to 180
Mahu2021: folds 
AAschr3tt1AA: raises 25 to 205 and is all-in
dr.sabosta: calls 25
*** FLOP *** [Kh 7h 8s]
*** TURN *** [Kh 7h 8s] [Tc]
*** RIVER *** [Kh 7h 8s Tc] [5h]
*** SHOW DOWN ***
dr.sabosta: shows [Ks Qc] (a pair of Kings)
AAschr3tt1AA: shows [As 3s] (high card Ace)
dr.sabosta collected 440 from pot
AAschr3tt1AA finished the tournament in 3rd place
*** SUMMARY ***
Total pot 440 | Rake 0 
Board [Kh 7h 8s Tc 5h]
Seat 1: Mahu2021 (big blind) folded before Flop
Seat 2: AAschr3tt1AA (button) showed [As 3s] and lost with high card Ace
Seat 3: dr.sabosta (small blind) showed [Ks Qc] and won (440) with a pair of Kings



PokerStars Hand #247977404617: Tournament #3694084760, $1.84+$0.16 USD Hold'em No Limit - Level II (15/30) - 2023/12/31 11:54:45 CET [2023/12/31 5:54:45 ET]
Table '3694084760 1' 3-max Seat #1 is the button
Seat 1: Mahu2021 (385 in chips) 
Seat 3: dr.sabosta (1115 in chips) 
Mahu2021: posts small blind 15
dr.sabosta: posts big blind 30
*** HOLE CARDS ***
Dealt to Mahu2021 [Td 3c]
Mahu2021: folds 
Uncalled bet (15) returned to dr.sabosta
dr.sabosta collected 30 from pot
dr.sabosta: doesn't show hand 
*** SUMMARY ***
Total pot 30 | Rake 0 
Seat 1: Mahu2021 (button) (small blind) folded before Flop
Seat 3: dr.sabosta (big blind) collected (30)



PokerStars Hand #247977405237: Tournament #3694084760, $1.84+$0.16 USD Hold'em No Limit - Level II (15/30) - 2023/12/31 11:54:49 CET [2023/12/31 5:54:49 ET]
Table '3694084760 1' 3-max Seat #3 is the button
Seat 1: Mahu2021 (370 in chips) 
Seat 3: dr.sabosta (1130 in chips) 
dr.sabosta: posts small blind 15
Mahu2021: posts big blind 30
*** HOLE CARDS ***
Dealt to Mahu2021 [Td Jh]
dr.sabosta: folds 
Uncalled bet (15) returned to Mahu2021
Mahu2021 collected 30 from pot
Mahu2021: doesn't show hand 
*** SUMMARY ***
Total pot 30 | Rake 0 
Seat 1: Mahu2021 (big blind) collected (30)
Seat 3: dr.sabosta (button) (small blind) folded before Flop



PokerStars Hand #247977406277: Tournament #3694084760, $1.84+$0.16 USD Hold'em No Limit - Level II (15/30) - 2023/12/31 11:54:56 CET [2023/12/31 5:54:56 ET]
Table '3694084760 1' 3-max Seat #1 is the button
Seat 1: Mahu2021 (385 in chips) 
Seat 3: dr.sabosta (1115 in chips) 
Mahu2021: posts small blind 15
dr.sabosta: posts big blind 30
*** HOLE CARDS ***
Dealt to Mahu2021 [7d Ac]
Mahu2021: raises 30 to 60
dr.sabosta: calls 30
*** FLOP *** [8s As Ts]
dr.sabosta: checks 
Mahu2021: bets 325 and is all-in
dr.sabosta: folds 
Uncalled bet (325) returned to Mahu2021
Mahu2021 collected 120 from pot
Mahu2021: doesn't show hand 
*** SUMMARY ***
Total pot 120 | Rake 0 
Board [8s As Ts]
Seat 1: Mahu2021 (button) (small blind) collected (120)
Seat 3: dr.sabosta (big blind) folded on the Flop



PokerStars Hand #247977408091: Tournament #3694084760, $1.84+$0.16 USD Hold'em No Limit - Level II (15/30) - 2023/12/31 11:55:08 CET [2023/12/31 5:55:08 ET]
Table '3694084760 1' 3-max Seat #3 is the button
Seat 1: Mahu2021 (445 in chips) 
Seat 3: dr.sabosta (1055 in chips) 
dr.sabosta: posts small blind 15
Mahu2021: posts big blind 30
*** HOLE CARDS ***
Dealt to Mahu2021 [6d 3d]
dr.sabosta: calls 15
Mahu2021: checks 
*** FLOP *** [Ac 3h Qc]
Mahu2021: checks 
dr.sabosta: checks 
*** TURN *** [Ac 3h Qc] [Ah]
Mahu2021: bets 30
dr.sabosta: folds 
Uncalled bet (30) returned to Mahu2021
Mahu2021 collected 60 from pot
Mahu2021: doesn't show hand 
*** SUMMARY ***
Total pot 60 | Rake 0 
Board [Ac 3h Qc Ah]
Seat 1: Mahu2021 (big blind) collected (60)
Seat 3: dr.sabosta (button) (small blind) folded on the Turn



PokerStars Hand #247977409913: Tournament #3694084760, $1.84+$0.16 USD Hold'em No Limit - Level II (15/30) - 2023/12/31 11:55:21 CET [2023/12/31 5:55:21 ET]
Table '3694084760 1' 3-max Seat #1 is the button
Seat 1: Mahu2021 (475 in chips) 
Seat 3: dr.sabosta (1025 in chips) 
Mahu2021: posts small blind 15
dr.sabosta: posts big blind 30
*** HOLE CARDS ***
Dealt to Mahu2021 [Js 3s]
Mahu2021: calls 15
dr.sabosta: checks 
*** FLOP *** [9s 9c 8c]
dr.sabosta: checks 
Mahu2021: bets 30
dr.sabosta: calls 30
*** TURN *** [9s 9c 8c] [8d]
dr.sabosta: checks 
Mahu2021: checks 
*** RIVER *** [9s 9c 8c 8d] [8h]
dr.sabosta: checks 
Mahu2021: bets 120
dr.sabosta: calls 120
*** SHOW DOWN ***
Mahu2021: shows [Js 3s] (a full house, Eights full of Nines)
dr.sabosta: shows [6c Kh] (a full house, Eights full of Nines)
dr.sabosta collected 180 from pot
Mahu2021 collected 180 from pot
*** SUMMARY ***
Total pot 360 | Rake 0 
Board [9s 9c 8c 8d 8h]
Seat 1: Mahu2021 (button) (small blind) showed [Js 3s] and won (180) with a full house, Eights full of Nines
Seat 3: dr.sabosta (big blind) showed [6c Kh] and won (180) with a full house, Eights full of Nines



PokerStars Hand #247977413766: Tournament #3694084760, $1.84+$0.16 USD Hold'em No Limit - Level II (15/30) - 2023/12/31 11:55:49 CET [2023/12/31 5:55:49 ET]
Table '3694084760 1' 3-max Seat #3 is the button
Seat 1: Mahu2021 (475 in chips) 
Seat 3: dr.sabosta (1025 in chips) 
dr.sabosta: posts small blind 15
Mahu2021: posts big blind 30
*** HOLE CARDS ***
Dealt to Mahu2021 [9c Th]
dr.sabosta: calls 15
Mahu2021: checks 
*** FLOP *** [4c 3h 9h]
Mahu2021: bets 30
dr.sabosta: raises 30 to 60
Mahu2021: raises 385 to 445 and is all-in
dr.sabosta: calls 385
*** TURN *** [4c 3h 9h] [Jc]
*** RIVER *** [4c 3h 9h Jc] [Qc]
*** SHOW DOWN ***
Mahu2021: shows [9c Th] (a pair of Nines)
dr.sabosta: shows [Ks Kc] (a pair of Kings)
dr.sabosta collected 950 from pot
Mahu2021 finished the tournament in 2nd place
dr.sabosta wins the tournament and receives $6.00 - congratulations!
*** SUMMARY ***
Total pot 950 | Rake 0 
Board [4c 3h 9h Jc Qc]
Seat 1: Mahu2021 (big blind) showed [9c Th] and lost with a pair of Nines
Seat 3: dr.sabosta (button) (small blind) showed [Ks Kc] and won (950) with a pair of Kings



