PokerStars Hand #253256423329: Tournament #3820089748, $1.84+$0.16 USD Hold'em No Limit - Level I (10/20) - 2024/11/04 22:24:12 CET [2024/11/04 16:24:12 ET]
Table '3820089748 1' 3-max Seat #1 is the button
Seat 1: danipah (500 in chips) 
Seat 2: Mahu2021 (500 in chips) 
Seat 3: LoveyEmmanuel (500 in chips) 
Mahu2021: posts small blind 10
LoveyEmmanuel: posts big blind 20
*** HOLE CARDS ***
Dealt to Mahu2021 [Jd Qd]
danipah: folds 
Mahu2021: raises 20 to 40
LoveyEmmanuel: calls 20
*** FLOP *** [Kc Qh Td]
Mahu2021: checks 
LoveyEmmanuel: checks 
*** TURN *** [Kc Qh Td] [4s]
Mahu2021: checks 
LoveyEmmanuel: checks 
*** RIVER *** [Kc Qh Td 4s] [Jh]
Mahu2021: checks 
LoveyEmmanuel: bets 64
Mahu2021: calls 64
*** SHOW DOWN ***
LoveyEmmanuel: shows [Ac 4h] (a straight, Ten to Ace)
Mahu2021: mucks hand 
LoveyEmmanuel collected 208 from pot
*** SUMMARY ***
Total pot 208 | Rake 0 
Board [Kc Qh Td 4s Jh]
Seat 1: danipah (button) folded before Flop (didn't bet)
Seat 2: Mahu2021 (small blind) mucked [Jd Qd]
Seat 3: LoveyEmmanuel (big blind) showed [Ac 4h] and won (208) with a straight, Ten to Ace



PokerStars Hand #253256430669: Tournament #3820089748, $1.84+$0.16 USD Hold'em No Limit - Level I (10/20) - 2024/11/04 22:24:35 CET [2024/11/04 16:24:35 ET]
Table '3820089748 1' 3-max Seat #2 is the button
Seat 1: danipah (500 in chips) 
Seat 2: Mahu2021 (396 in chips) 
Seat 3: LoveyEmmanuel (604 in chips) 
LoveyEmmanuel: posts small blind 10
danipah: posts big blind 20
*** HOLE CARDS ***
Dealt to Mahu2021 [Jc 3c]
Mahu2021: calls 20
LoveyEmmanuel: folds 
danipah: checks 
*** FLOP *** [Ah 4h 9d]
danipah: checks 
Mahu2021: bets 20
danipah: calls 20
*** TURN *** [Ah 4h 9d] [9h]
danipah: checks 
Mahu2021: checks 
*** RIVER *** [Ah 4h 9d 9h] [Qd]
danipah: bets 60
Mahu2021: folds 
Uncalled bet (60) returned to danipah
danipah collected 90 from pot
*** SUMMARY ***
Total pot 90 | Rake 0 
Board [Ah 4h 9d 9h Qd]
Seat 1: danipah (big blind) collected (90)
Seat 2: Mahu2021 (button) folded on the River
Seat 3: LoveyEmmanuel (small blind) folded before Flop



PokerStars Hand #253256437926: Tournament #3820089748, $1.84+$0.16 USD Hold'em No Limit - Level I (10/20) - 2024/11/04 22:24:58 CET [2024/11/04 16:24:58 ET]
Table '3820089748 1' 3-max Seat #3 is the button
Seat 1: danipah (550 in chips) 
Seat 2: Mahu2021 (356 in chips) 
Seat 3: LoveyEmmanuel (594 in chips) 
danipah: posts small blind 10
Mahu2021: posts big blind 20
*** HOLE CARDS ***
Dealt to Mahu2021 [6c Ks]
LoveyEmmanuel: folds 
danipah: calls 10
Mahu2021: raises 336 to 356 and is all-in
danipah: folds 
Uncalled bet (336) returned to Mahu2021
Mahu2021 collected 40 from pot
Mahu2021: doesn't show hand 
*** SUMMARY ***
Total pot 40 | Rake 0 
Seat 1: danipah (small blind) folded before Flop
Seat 2: Mahu2021 (big blind) collected (40)
Seat 3: LoveyEmmanuel (button) folded before Flop (didn't bet)



PokerStars Hand #253256443295: Tournament #3820089748, $1.84+$0.16 USD Hold'em No Limit - Level I (10/20) - 2024/11/04 22:25:15 CET [2024/11/04 16:25:15 ET]
Table '3820089748 1' 3-max Seat #1 is the button
Seat 1: danipah (530 in chips) 
Seat 2: Mahu2021 (376 in chips) 
Seat 3: LoveyEmmanuel (594 in chips) 
Mahu2021: posts small blind 10
LoveyEmmanuel: posts big blind 20
*** HOLE CARDS ***
Dealt to Mahu2021 [4s 7h]
danipah: folds 
Mahu2021: folds 
Uncalled bet (10) returned to LoveyEmmanuel
LoveyEmmanuel collected 20 from pot
LoveyEmmanuel: doesn't show hand 
*** SUMMARY ***
Total pot 20 | Rake 0 
Seat 1: danipah (button) folded before Flop (didn't bet)
Seat 2: Mahu2021 (small blind) folded before Flop
Seat 3: LoveyEmmanuel (big blind) collected (20)



PokerStars Hand #253256445403: Tournament #3820089748, $1.84+$0.16 USD Hold'em No Limit - Level I (10/20) - 2024/11/04 22:25:21 CET [2024/11/04 16:25:21 ET]
Table '3820089748 1' 3-max Seat #2 is the button
Seat 1: danipah (530 in chips) 
Seat 2: Mahu2021 (366 in chips) 
Seat 3: LoveyEmmanuel (604 in chips) 
LoveyEmmanuel: posts small blind 10
danipah: posts big blind 20
*** HOLE CARDS ***
Dealt to Mahu2021 [9h 2h]
Mahu2021: folds 
LoveyEmmanuel: folds 
Uncalled bet (10) returned to danipah
danipah collected 20 from pot
*** SUMMARY ***
Total pot 20 | Rake 0 
Seat 1: danipah (big blind) collected (20)
Seat 2: Mahu2021 (button) folded before Flop (didn't bet)
Seat 3: LoveyEmmanuel (small blind) folded before Flop



PokerStars Hand #253256447191: Tournament #3820089748, $1.84+$0.16 USD Hold'em No Limit - Level I (10/20) - 2024/11/04 22:25:27 CET [2024/11/04 16:25:27 ET]
Table '3820089748 1' 3-max Seat #3 is the button
Seat 1: danipah (540 in chips) 
Seat 2: Mahu2021 (366 in chips) 
Seat 3: LoveyEmmanuel (594 in chips) 
danipah: posts small blind 10
Mahu2021: posts big blind 20
*** HOLE CARDS ***
Dealt to Mahu2021 [4s 8s]
LoveyEmmanuel: raises 20 to 40
danipah: folds 
Mahu2021: calls 20
*** FLOP *** [7c Tc 6h]
Mahu2021: checks 
LoveyEmmanuel: bets 50
Mahu2021: calls 50
*** TURN *** [7c Tc 6h] [8h]
Mahu2021: checks 
LoveyEmmanuel: bets 105
Mahu2021: calls 105
*** RIVER *** [7c Tc 6h 8h] [4h]
Mahu2021: bets 171 and is all-in
LoveyEmmanuel: folds 
Uncalled bet (171) returned to Mahu2021
Mahu2021 collected 400 from pot
Mahu2021: doesn't show hand 
*** SUMMARY ***
Total pot 400 | Rake 0 
Board [7c Tc 6h 8h 4h]
Seat 1: danipah (small blind) folded before Flop
Seat 2: Mahu2021 (big blind) collected (400)
Seat 3: LoveyEmmanuel (button) folded on the River



PokerStars Hand #253256455404: Tournament #3820089748, $1.84+$0.16 USD Hold'em No Limit - Level I (10/20) - 2024/11/04 22:25:53 CET [2024/11/04 16:25:53 ET]
Table '3820089748 1' 3-max Seat #1 is the button
Seat 1: danipah (530 in chips) 
Seat 2: Mahu2021 (571 in chips) 
Seat 3: LoveyEmmanuel (399 in chips) 
Mahu2021: posts small blind 10
LoveyEmmanuel: posts big blind 20
*** HOLE CARDS ***
Dealt to Mahu2021 [5c Qc]
danipah: raises 20 to 40
Mahu2021: calls 30
LoveyEmmanuel: raises 359 to 399 and is all-in
danipah: folds 
Mahu2021: folds 
Uncalled bet (359) returned to LoveyEmmanuel
LoveyEmmanuel collected 120 from pot
LoveyEmmanuel: doesn't show hand 
*** SUMMARY ***
Total pot 120 | Rake 0 
Seat 1: danipah (button) folded before Flop
Seat 2: Mahu2021 (small blind) folded before Flop
Seat 3: LoveyEmmanuel (big blind) collected (120)



PokerStars Hand #253256459312: Tournament #3820089748, $1.84+$0.16 USD Hold'em No Limit - Level I (10/20) - 2024/11/04 22:26:05 CET [2024/11/04 16:26:05 ET]
Table '3820089748 1' 3-max Seat #2 is the button
Seat 1: danipah (490 in chips) 
Seat 2: Mahu2021 (531 in chips) 
Seat 3: LoveyEmmanuel (479 in chips) 
LoveyEmmanuel: posts small blind 10
danipah: posts big blind 20
*** HOLE CARDS ***
Dealt to Mahu2021 [Qd 5d]
Mahu2021: folds 
LoveyEmmanuel: folds 
Uncalled bet (10) returned to danipah
danipah collected 20 from pot
*** SUMMARY ***
Total pot 20 | Rake 0 
Seat 1: danipah (big blind) collected (20)
Seat 2: Mahu2021 (button) folded before Flop (didn't bet)
Seat 3: LoveyEmmanuel (small blind) folded before Flop



PokerStars Hand #253256461080: Tournament #3820089748, $1.84+$0.16 USD Hold'em No Limit - Level I (10/20) - 2024/11/04 22:26:10 CET [2024/11/04 16:26:10 ET]
Table '3820089748 1' 3-max Seat #3 is the button
Seat 1: danipah (500 in chips) 
Seat 2: Mahu2021 (531 in chips) 
Seat 3: LoveyEmmanuel (469 in chips) 
danipah: posts small blind 10
Mahu2021: posts big blind 20
*** HOLE CARDS ***
Dealt to Mahu2021 [Ac 3s]
LoveyEmmanuel: folds 
danipah: folds 
Uncalled bet (10) returned to Mahu2021
Mahu2021 collected 20 from pot
Mahu2021: doesn't show hand 
*** SUMMARY ***
Total pot 20 | Rake 0 
Seat 1: danipah (small blind) folded before Flop
Seat 2: Mahu2021 (big blind) collected (20)
Seat 3: LoveyEmmanuel (button) folded before Flop (didn't bet)



PokerStars Hand #253256464340: Tournament #3820089748, $1.84+$0.16 USD Hold'em No Limit - Level II (15/30) - 2024/11/04 22:26:20 CET [2024/11/04 16:26:20 ET]
Table '3820089748 1' 3-max Seat #1 is the button
Seat 1: danipah (490 in chips) 
Seat 2: Mahu2021 (541 in chips) 
Seat 3: LoveyEmmanuel (469 in chips) 
Mahu2021: posts small blind 15
LoveyEmmanuel: posts big blind 30
*** HOLE CARDS ***
Dealt to Mahu2021 [8c Ks]
danipah: raises 30 to 60
Mahu2021: folds 
LoveyEmmanuel: folds 
Uncalled bet (30) returned to danipah
danipah collected 75 from pot
*** SUMMARY ***
Total pot 75 | Rake 0 
Seat 1: danipah (button) collected (75)
Seat 2: Mahu2021 (small blind) folded before Flop
Seat 3: LoveyEmmanuel (big blind) folded before Flop



PokerStars Hand #253256467148: Tournament #3820089748, $1.84+$0.16 USD Hold'em No Limit - Level II (15/30) - 2024/11/04 22:26:29 CET [2024/11/04 16:26:29 ET]
Table '3820089748 1' 3-max Seat #2 is the button
Seat 1: danipah (535 in chips) 
Seat 2: Mahu2021 (526 in chips) 
Seat 3: LoveyEmmanuel (439 in chips) 
LoveyEmmanuel: posts small blind 15
danipah: posts big blind 30
*** HOLE CARDS ***
Dealt to Mahu2021 [6d Td]
Mahu2021: folds 
LoveyEmmanuel: folds 
Uncalled bet (15) returned to danipah
danipah collected 30 from pot
*** SUMMARY ***
Total pot 30 | Rake 0 
Seat 1: danipah (big blind) collected (30)
Seat 2: Mahu2021 (button) folded before Flop (didn't bet)
Seat 3: LoveyEmmanuel (small blind) folded before Flop



PokerStars Hand #253256468788: Tournament #3820089748, $1.84+$0.16 USD Hold'em No Limit - Level II (15/30) - 2024/11/04 22:26:34 CET [2024/11/04 16:26:34 ET]
Table '3820089748 1' 3-max Seat #3 is the button
Seat 1: danipah (550 in chips) 
Seat 2: Mahu2021 (526 in chips) 
Seat 3: LoveyEmmanuel (424 in chips) 
danipah: posts small blind 15
Mahu2021: posts big blind 30
*** HOLE CARDS ***
Dealt to Mahu2021 [Jc Tc]
LoveyEmmanuel: raises 394 to 424 and is all-in
danipah: folds 
Mahu2021: folds 
Uncalled bet (394) returned to LoveyEmmanuel
LoveyEmmanuel collected 75 from pot
LoveyEmmanuel: doesn't show hand 
*** SUMMARY ***
Total pot 75 | Rake 0 
Seat 1: danipah (small blind) folded before Flop
Seat 2: Mahu2021 (big blind) folded before Flop
Seat 3: LoveyEmmanuel (button) collected (75)



PokerStars Hand #253256473375: Tournament #3820089748, $1.84+$0.16 USD Hold'em No Limit - Level II (15/30) - 2024/11/04 22:26:49 CET [2024/11/04 16:26:49 ET]
Table '3820089748 1' 3-max Seat #1 is the button
Seat 1: danipah (535 in chips) 
Seat 2: Mahu2021 (496 in chips) 
Seat 3: LoveyEmmanuel (469 in chips) 
Mahu2021: posts small blind 15
LoveyEmmanuel: posts big blind 30
*** HOLE CARDS ***
Dealt to Mahu2021 [Jd 3d]
danipah: folds 
Mahu2021: raises 30 to 60
LoveyEmmanuel: folds 
Uncalled bet (30) returned to Mahu2021
Mahu2021 collected 60 from pot
Mahu2021: doesn't show hand 
*** SUMMARY ***
Total pot 60 | Rake 0 
Seat 1: danipah (button) folded before Flop (didn't bet)
Seat 2: Mahu2021 (small blind) collected (60)
Seat 3: LoveyEmmanuel (big blind) folded before Flop



PokerStars Hand #253256475671: Tournament #3820089748, $1.84+$0.16 USD Hold'em No Limit - Level II (15/30) - 2024/11/04 22:26:56 CET [2024/11/04 16:26:56 ET]
Table '3820089748 1' 3-max Seat #2 is the button
Seat 1: danipah (535 in chips) 
Seat 2: Mahu2021 (526 in chips) 
Seat 3: LoveyEmmanuel (439 in chips) 
LoveyEmmanuel: posts small blind 15
danipah: posts big blind 30
*** HOLE CARDS ***
Dealt to Mahu2021 [Js 5h]
Mahu2021: folds 
LoveyEmmanuel: folds 
Uncalled bet (15) returned to danipah
danipah collected 30 from pot
*** SUMMARY ***
Total pot 30 | Rake 0 
Seat 1: danipah (big blind) collected (30)
Seat 2: Mahu2021 (button) folded before Flop (didn't bet)
Seat 3: LoveyEmmanuel (small blind) folded before Flop



PokerStars Hand #253256477877: Tournament #3820089748, $1.84+$0.16 USD Hold'em No Limit - Level II (15/30) - 2024/11/04 22:27:03 CET [2024/11/04 16:27:03 ET]
Table '3820089748 1' 3-max Seat #3 is the button
Seat 1: danipah (550 in chips) 
Seat 2: Mahu2021 (526 in chips) 
Seat 3: LoveyEmmanuel (424 in chips) 
danipah: posts small blind 15
Mahu2021: posts big blind 30
*** HOLE CARDS ***
Dealt to Mahu2021 [Ac Jh]
LoveyEmmanuel: folds 
danipah: folds 
Uncalled bet (15) returned to Mahu2021
Mahu2021 collected 30 from pot
Mahu2021: doesn't show hand 
*** SUMMARY ***
Total pot 30 | Rake 0 
Seat 1: danipah (small blind) folded before Flop
Seat 2: Mahu2021 (big blind) collected (30)
Seat 3: LoveyEmmanuel (button) folded before Flop (didn't bet)



PokerStars Hand #253256481769: Tournament #3820089748, $1.84+$0.16 USD Hold'em No Limit - Level II (15/30) - 2024/11/04 22:27:15 CET [2024/11/04 16:27:15 ET]
Table '3820089748 1' 3-max Seat #1 is the button
Seat 1: danipah (535 in chips) 
Seat 2: Mahu2021 (541 in chips) 
Seat 3: LoveyEmmanuel (424 in chips) 
Mahu2021: posts small blind 15
LoveyEmmanuel: posts big blind 30
*** HOLE CARDS ***
Dealt to Mahu2021 [8c Qd]
danipah: folds 
Mahu2021: raises 30 to 60
LoveyEmmanuel: calls 30
*** FLOP *** [Kh 9d 9h]
Mahu2021: checks 
LoveyEmmanuel: checks 
*** TURN *** [Kh 9d 9h] [7d]
Mahu2021: checks 
LoveyEmmanuel: checks 
*** RIVER *** [Kh 9d 9h 7d] [2c]
Mahu2021: checks 
LoveyEmmanuel: checks 
*** SHOW DOWN ***
Mahu2021: shows [8c Qd] (a pair of Nines)
LoveyEmmanuel: mucks hand 
Mahu2021 collected 120 from pot
*** SUMMARY ***
Total pot 120 | Rake 0 
Board [Kh 9d 9h 7d 2c]
Seat 1: danipah (button) folded before Flop (didn't bet)
Seat 2: Mahu2021 (small blind) showed [8c Qd] and won (120) with a pair of Nines
Seat 3: LoveyEmmanuel (big blind) mucked [6c 3c]



PokerStars Hand #253256487357: Tournament #3820089748, $1.84+$0.16 USD Hold'em No Limit - Level II (15/30) - 2024/11/04 22:27:32 CET [2024/11/04 16:27:32 ET]
Table '3820089748 1' 3-max Seat #2 is the button
Seat 1: danipah (535 in chips) 
Seat 2: Mahu2021 (601 in chips) 
Seat 3: LoveyEmmanuel (364 in chips) 
LoveyEmmanuel: posts small blind 15
danipah: posts big blind 30
*** HOLE CARDS ***
Dealt to Mahu2021 [Kc Ac]
Mahu2021: raises 30 to 60
LoveyEmmanuel: folds 
danipah: raises 475 to 535 and is all-in
Mahu2021: calls 475
*** FLOP *** [6d 5d Ks]
*** TURN *** [6d 5d Ks] [6h]
*** RIVER *** [6d 5d Ks 6h] [8s]
*** SHOW DOWN ***
danipah: shows [5s 5c] (a full house, Fives full of Sixes)
Mahu2021: shows [Kc Ac] (two pair, Kings and Sixes)
danipah collected 1085 from pot
*** SUMMARY ***
Total pot 1085 | Rake 0 
Board [6d 5d Ks 6h 8s]
Seat 1: danipah (big blind) showed [5s 5c] and won (1085) with a full house, Fives full of Sixes
Seat 2: Mahu2021 (button) showed [Kc Ac] and lost with two pair, Kings and Sixes
Seat 3: LoveyEmmanuel (small blind) folded before Flop



PokerStars Hand #253256492245: Tournament #3820089748, $1.84+$0.16 USD Hold'em No Limit - Level II (15/30) - 2024/11/04 22:27:47 CET [2024/11/04 16:27:47 ET]
Table '3820089748 1' 3-max Seat #3 is the button
Seat 1: danipah (1085 in chips) 
Seat 2: Mahu2021 (66 in chips) 
Seat 3: LoveyEmmanuel (349 in chips) 
danipah: posts small blind 15
Mahu2021: posts big blind 30
*** HOLE CARDS ***
Dealt to Mahu2021 [8c Qs]
LoveyEmmanuel: folds 
danipah: folds 
Uncalled bet (15) returned to Mahu2021
Mahu2021 collected 30 from pot
Mahu2021: doesn't show hand 
*** SUMMARY ***
Total pot 30 | Rake 0 
Seat 1: danipah (small blind) folded before Flop
Seat 2: Mahu2021 (big blind) collected (30)
Seat 3: LoveyEmmanuel (button) folded before Flop (didn't bet)



PokerStars Hand #253256494461: Tournament #3820089748, $1.84+$0.16 USD Hold'em No Limit - Level II (15/30) - 2024/11/04 22:27:54 CET [2024/11/04 16:27:54 ET]
Table '3820089748 1' 3-max Seat #1 is the button
Seat 1: danipah (1070 in chips) 
Seat 2: Mahu2021 (81 in chips) 
Seat 3: LoveyEmmanuel (349 in chips) 
Mahu2021: posts small blind 15
LoveyEmmanuel: posts big blind 30
*** HOLE CARDS ***
Dealt to Mahu2021 [Td Tc]
danipah: folds 
Mahu2021: raises 51 to 81 and is all-in
LoveyEmmanuel: folds 
Uncalled bet (51) returned to Mahu2021
Mahu2021 collected 60 from pot
Mahu2021: doesn't show hand 
*** SUMMARY ***
Total pot 60 | Rake 0 
Seat 1: danipah (button) folded before Flop (didn't bet)
Seat 2: Mahu2021 (small blind) collected (60)
Seat 3: LoveyEmmanuel (big blind) folded before Flop



PokerStars Hand #253256498221: Tournament #3820089748, $1.84+$0.16 USD Hold'em No Limit - Level II (15/30) - 2024/11/04 22:28:06 CET [2024/11/04 16:28:06 ET]
Table '3820089748 1' 3-max Seat #2 is the button
Seat 1: danipah (1070 in chips) 
Seat 2: Mahu2021 (111 in chips) 
Seat 3: LoveyEmmanuel (319 in chips) 
LoveyEmmanuel: posts small blind 15
danipah: posts big blind 30
*** HOLE CARDS ***
Dealt to Mahu2021 [6h Td]
Mahu2021: folds 
LoveyEmmanuel: raises 289 to 319 and is all-in
danipah: calls 289
*** FLOP *** [7s 5c Ts]
*** TURN *** [7s 5c Ts] [Js]
*** RIVER *** [7s 5c Ts Js] [3c]
*** SHOW DOWN ***
LoveyEmmanuel: shows [Qd 8h] (high card Queen)
danipah: shows [As 8s] (a flush, Ace high)
danipah collected 638 from pot
LoveyEmmanuel finished the tournament in 3rd place
*** SUMMARY ***
Total pot 638 | Rake 0 
Board [7s 5c Ts Js 3c]
Seat 1: danipah (big blind) showed [As 8s] and won (638) with a flush, Ace high
Seat 2: Mahu2021 (button) folded before Flop (didn't bet)
Seat 3: LoveyEmmanuel (small blind) showed [Qd 8h] and lost with high card Queen



PokerStars Hand #253256505215: Tournament #3820089748, $1.84+$0.16 USD Hold'em No Limit - Level III (20/40) - 2024/11/04 22:28:28 CET [2024/11/04 16:28:28 ET]
Table '3820089748 1' 3-max Seat #1 is the button
Seat 1: danipah (1389 in chips) 
Seat 2: Mahu2021 (111 in chips) 
danipah: posts small blind 20
Mahu2021: posts big blind 40
*** HOLE CARDS ***
Dealt to Mahu2021 [7s Ks]
danipah: folds 
Uncalled bet (20) returned to Mahu2021
Mahu2021 collected 40 from pot
Mahu2021: doesn't show hand 
*** SUMMARY ***
Total pot 40 | Rake 0 
Seat 1: danipah (button) (small blind) folded before Flop
Seat 2: Mahu2021 (big blind) collected (40)



PokerStars Hand #253256506574: Tournament #3820089748, $1.84+$0.16 USD Hold'em No Limit - Level III (20/40) - 2024/11/04 22:28:32 CET [2024/11/04 16:28:32 ET]
Table '3820089748 1' 3-max Seat #2 is the button
Seat 1: danipah (1369 in chips) 
Seat 2: Mahu2021 (131 in chips) 
Mahu2021: posts small blind 20
danipah: posts big blind 40
*** HOLE CARDS ***
Dealt to Mahu2021 [5h 2c]
Mahu2021: folds 
Uncalled bet (20) returned to danipah
danipah collected 40 from pot
*** SUMMARY ***
Total pot 40 | Rake 0 
Seat 1: danipah (big blind) collected (40)
Seat 2: Mahu2021 (button) (small blind) folded before Flop



PokerStars Hand #253256508059: Tournament #3820089748, $1.84+$0.16 USD Hold'em No Limit - Level III (20/40) - 2024/11/04 22:28:36 CET [2024/11/04 16:28:36 ET]
Table '3820089748 1' 3-max Seat #1 is the button
Seat 1: danipah (1389 in chips) 
Seat 2: Mahu2021 (111 in chips) 
danipah: posts small blind 20
Mahu2021: posts big blind 40
*** HOLE CARDS ***
Dealt to Mahu2021 [3s Qd]
danipah: folds 
Uncalled bet (20) returned to Mahu2021
Mahu2021 collected 40 from pot
Mahu2021: doesn't show hand 
*** SUMMARY ***
Total pot 40 | Rake 0 
Seat 1: danipah (button) (small blind) folded before Flop
Seat 2: Mahu2021 (big blind) collected (40)



PokerStars Hand #253256509509: Tournament #3820089748, $1.84+$0.16 USD Hold'em No Limit - Level III (20/40) - 2024/11/04 22:28:41 CET [2024/11/04 16:28:41 ET]
Table '3820089748 1' 3-max Seat #2 is the button
Seat 1: danipah (1369 in chips) 
Seat 2: Mahu2021 (131 in chips) 
Mahu2021: posts small blind 20
danipah: posts big blind 40
*** HOLE CARDS ***
Dealt to Mahu2021 [5d Qh]
Mahu2021: raises 91 to 131 and is all-in
danipah: calls 91
*** FLOP *** [Qs 9c 8c]
*** TURN *** [Qs 9c 8c] [Th]
*** RIVER *** [Qs 9c 8c Th] [3s]
*** SHOW DOWN ***
danipah: shows [Kd Qd] (a pair of Queens)
Mahu2021: shows [5d Qh] (a pair of Queens - lower kicker)
danipah collected 262 from pot
Mahu2021 finished the tournament in 2nd place
danipah wins the tournament and receives $4.00 - congratulations!
*** SUMMARY ***
Total pot 262 | Rake 0 
Board [Qs 9c 8c Th 3s]
Seat 1: danipah (big blind) showed [Kd Qd] and won (262) with a pair of Queens
Seat 2: Mahu2021 (button) (small blind) showed [5d Qh] and lost with a pair of Queens



