PokerStars Hand #243221936923: Tournament #3580490608, $0.92+$0.08 USD Hold'em No Limit - Level I (10/20) - 2023/04/21 7:25:58 CET [2023/04/21 1:25:58 ET]
Table '3580490608 1' 3-max Seat #1 is the button
Seat 1: elsna81 (500 in chips) 
Seat 2: Mahu2021 (500 in chips) 
Seat 3: HH0770 (500 in chips) 
Mahu2021: posts small blind 10
HH0770: posts big blind 20
*** HOLE CARDS ***
Dealt to Mahu2021 [Js 8d]
elsna81: calls 20
Mahu2021: calls 10
HH0770: checks 
*** FLOP *** [2s 5c Jh]
Mahu2021: bets 20
HH0770: calls 20
elsna81: calls 20
*** TURN *** [2s 5c Jh] [7h]
Mahu2021: bets 20
HH0770: calls 20
elsna81: calls 20
*** RIVER *** [2s 5c Jh 7h] [2h]
Mahu2021: bets 20
HH0770: calls 20
elsna81: folds 
*** SHOW DOWN ***
Mahu2021: shows [Js 8d] (two pair, Jacks and Deuces)
HH0770: mucks hand 
Mahu2021 collected 220 from pot
*** SUMMARY ***
Total pot 220 | Rake 0 
Board [2s 5c Jh 7h 2h]
Seat 1: elsna81 (button) folded on the River
Seat 2: Mahu2021 (small blind) showed [Js 8d] and won (220) with two pair, Jacks and Deuces
Seat 3: HH0770 (big blind) mucked [9d 5h]



PokerStars Hand #243221938938: Tournament #3580490608, $0.92+$0.08 USD Hold'em No Limit - Level I (10/20) - 2023/04/21 7:26:17 CET [2023/04/21 1:26:17 ET]
Table '3580490608 1' 3-max Seat #2 is the button
Seat 1: elsna81 (440 in chips) 
Seat 2: Mahu2021 (640 in chips) 
Seat 3: HH0770 (420 in chips) 
HH0770: posts small blind 10
elsna81: posts big blind 20
*** HOLE CARDS ***
Dealt to Mahu2021 [5d 4c]
Mahu2021: folds 
HH0770: calls 10
elsna81: checks 
*** FLOP *** [7d 5s Jd]
HH0770: checks 
elsna81: checks 
*** TURN *** [7d 5s Jd] [Td]
HH0770: bets 20
elsna81: calls 20
*** RIVER *** [7d 5s Jd Td] [3s]
HH0770: bets 80
elsna81: folds 
Uncalled bet (80) returned to HH0770
HH0770 collected 80 from pot
*** SUMMARY ***
Total pot 80 | Rake 0 
Board [7d 5s Jd Td 3s]
Seat 1: elsna81 (big blind) folded on the River
Seat 2: Mahu2021 (button) folded before Flop (didn't bet)
Seat 3: HH0770 (small blind) collected (80)



PokerStars Hand #243221940591: Tournament #3580490608, $0.92+$0.08 USD Hold'em No Limit - Level I (10/20) - 2023/04/21 7:26:32 CET [2023/04/21 1:26:32 ET]
Table '3580490608 1' 3-max Seat #3 is the button
Seat 1: elsna81 (400 in chips) 
Seat 2: Mahu2021 (640 in chips) 
Seat 3: HH0770 (460 in chips) 
elsna81: posts small blind 10
Mahu2021: posts big blind 20
*** HOLE CARDS ***
Dealt to Mahu2021 [3c 3d]
HH0770: calls 20
elsna81: calls 10
Mahu2021: checks 
*** FLOP *** [2d 9c Qc]
elsna81: checks 
Mahu2021: bets 20
HH0770: calls 20
elsna81: calls 20
*** TURN *** [2d 9c Qc] [5s]
elsna81: checks 
Mahu2021: checks 
HH0770: checks 
*** RIVER *** [2d 9c Qc 5s] [8h]
elsna81: checks 
Mahu2021: checks 
HH0770: checks 
*** SHOW DOWN ***
elsna81: shows [8d Ah] (a pair of Eights)
Mahu2021: mucks hand 
HH0770: shows [9h Jh] (a pair of Nines)
HH0770 collected 120 from pot
*** SUMMARY ***
Total pot 120 | Rake 0 
Board [2d 9c Qc 5s 8h]
Seat 1: elsna81 (small blind) showed [8d Ah] and lost with a pair of Eights
Seat 2: Mahu2021 (big blind) mucked [3c 3d]
Seat 3: HH0770 (button) showed [9h Jh] and won (120) with a pair of Nines



PokerStars Hand #243221942517: Tournament #3580490608, $0.92+$0.08 USD Hold'em No Limit - Level I (10/20) - 2023/04/21 7:26:50 CET [2023/04/21 1:26:50 ET]
Table '3580490608 1' 3-max Seat #1 is the button
Seat 1: elsna81 (360 in chips) 
Seat 2: Mahu2021 (600 in chips) 
Seat 3: HH0770 (540 in chips) 
Mahu2021: posts small blind 10
HH0770: posts big blind 20
*** HOLE CARDS ***
Dealt to Mahu2021 [Ts 3c]
elsna81: raises 340 to 360 and is all-in
Mahu2021: folds 
HH0770: folds 
Uncalled bet (340) returned to elsna81
elsna81 collected 50 from pot
*** SUMMARY ***
Total pot 50 | Rake 0 
Seat 1: elsna81 (button) collected (50)
Seat 2: Mahu2021 (small blind) folded before Flop
Seat 3: HH0770 (big blind) folded before Flop



PokerStars Hand #243221943572: Tournament #3580490608, $0.92+$0.08 USD Hold'em No Limit - Level I (10/20) - 2023/04/21 7:27:00 CET [2023/04/21 1:27:00 ET]
Table '3580490608 1' 3-max Seat #2 is the button
Seat 1: elsna81 (390 in chips) 
Seat 2: Mahu2021 (590 in chips) 
Seat 3: HH0770 (520 in chips) 
HH0770: posts small blind 10
elsna81: posts big blind 20
*** HOLE CARDS ***
Dealt to Mahu2021 [8h Kh]
Mahu2021: raises 20 to 40
HH0770: calls 30
elsna81: calls 20
*** FLOP *** [4c Tc Th]
HH0770: checks 
elsna81: checks 
Mahu2021: checks 
*** TURN *** [4c Tc Th] [3d]
HH0770: checks 
elsna81: checks 
Mahu2021: checks 
*** RIVER *** [4c Tc Th 3d] [As]
HH0770: checks 
elsna81: checks 
Mahu2021: checks 
*** SHOW DOWN ***
HH0770: shows [2h Jh] (a pair of Tens)
elsna81: mucks hand 
Mahu2021: shows [8h Kh] (a pair of Tens - Ace+King kicker)
Mahu2021 collected 120 from pot
*** SUMMARY ***
Total pot 120 | Rake 0 
Board [4c Tc Th 3d As]
Seat 1: elsna81 (big blind) mucked [5h 7d]
Seat 2: Mahu2021 (button) showed [8h Kh] and won (120) with a pair of Tens
Seat 3: HH0770 (small blind) showed [2h Jh] and lost with a pair of Tens



PokerStars Hand #243221945891: Tournament #3580490608, $0.92+$0.08 USD Hold'em No Limit - Level I (10/20) - 2023/04/21 7:27:21 CET [2023/04/21 1:27:21 ET]
Table '3580490608 1' 3-max Seat #3 is the button
Seat 1: elsna81 (350 in chips) 
Seat 2: Mahu2021 (670 in chips) 
Seat 3: HH0770 (480 in chips) 
elsna81: posts small blind 10
Mahu2021: posts big blind 20
*** HOLE CARDS ***
Dealt to Mahu2021 [Qh As]
HH0770: folds 
elsna81: calls 10
Mahu2021: raises 40 to 60
elsna81: calls 40
*** FLOP *** [2s Ks 2h]
elsna81: checks 
Mahu2021: checks 
*** TURN *** [2s Ks 2h] [5c]
elsna81: checks 
Mahu2021: checks 
*** RIVER *** [2s Ks 2h 5c] [5d]
elsna81: checks 
Mahu2021: checks 
*** SHOW DOWN ***
elsna81: shows [Js 6d] (two pair, Fives and Deuces)
Mahu2021: shows [Qh As] (two pair, Fives and Deuces - Ace kicker)
Mahu2021 collected 120 from pot
*** SUMMARY ***
Total pot 120 | Rake 0 
Board [2s Ks 2h 5c 5d]
Seat 1: elsna81 (small blind) showed [Js 6d] and lost with two pair, Fives and Deuces
Seat 2: Mahu2021 (big blind) showed [Qh As] and won (120) with two pair, Fives and Deuces
Seat 3: HH0770 (button) folded before Flop (didn't bet)



PokerStars Hand #243221947568: Tournament #3580490608, $0.92+$0.08 USD Hold'em No Limit - Level I (10/20) - 2023/04/21 7:27:37 CET [2023/04/21 1:27:37 ET]
Table '3580490608 1' 3-max Seat #1 is the button
Seat 1: elsna81 (290 in chips) 
Seat 2: Mahu2021 (730 in chips) 
Seat 3: HH0770 (480 in chips) 
Mahu2021: posts small blind 10
HH0770: posts big blind 20
*** HOLE CARDS ***
Dealt to Mahu2021 [2h 6d]
elsna81: folds 
Mahu2021: folds 
Uncalled bet (10) returned to HH0770
HH0770 collected 20 from pot
*** SUMMARY ***
Total pot 20 | Rake 0 
Seat 1: elsna81 (button) folded before Flop (didn't bet)
Seat 2: Mahu2021 (small blind) folded before Flop
Seat 3: HH0770 (big blind) collected (20)



PokerStars Hand #243221948087: Tournament #3580490608, $0.92+$0.08 USD Hold'em No Limit - Level I (10/20) - 2023/04/21 7:27:42 CET [2023/04/21 1:27:42 ET]
Table '3580490608 1' 3-max Seat #2 is the button
Seat 1: elsna81 (290 in chips) 
Seat 2: Mahu2021 (720 in chips) 
Seat 3: HH0770 (490 in chips) 
HH0770: posts small blind 10
elsna81: posts big blind 20
*** HOLE CARDS ***
Dealt to Mahu2021 [Qs 9s]
Mahu2021: raises 20 to 40
HH0770: folds 
elsna81: calls 20
*** FLOP *** [6h 3d 9h]
elsna81: checks 
Mahu2021: bets 40
elsna81: calls 40
*** TURN *** [6h 3d 9h] [4d]
elsna81: checks 
Mahu2021: checks 
*** RIVER *** [6h 3d 9h 4d] [Kc]
elsna81: checks 
Mahu2021: checks 
*** SHOW DOWN ***
elsna81: shows [Ts 3h] (a pair of Threes)
Mahu2021: shows [Qs 9s] (a pair of Nines)
Mahu2021 collected 170 from pot
*** SUMMARY ***
Total pot 170 | Rake 0 
Board [6h 3d 9h 4d Kc]
Seat 1: elsna81 (big blind) showed [Ts 3h] and lost with a pair of Threes
Seat 2: Mahu2021 (button) showed [Qs 9s] and won (170) with a pair of Nines
Seat 3: HH0770 (small blind) folded before Flop



PokerStars Hand #243221949717: Tournament #3580490608, $0.92+$0.08 USD Hold'em No Limit - Level I (10/20) - 2023/04/21 7:27:57 CET [2023/04/21 1:27:57 ET]
Table '3580490608 1' 3-max Seat #3 is the button
Seat 1: elsna81 (210 in chips) 
Seat 2: Mahu2021 (810 in chips) 
Seat 3: HH0770 (480 in chips) 
elsna81: posts small blind 10
Mahu2021: posts big blind 20
*** HOLE CARDS ***
Dealt to Mahu2021 [8h 2s]
HH0770: folds 
elsna81: calls 10
Mahu2021: checks 
*** FLOP *** [5s Ts 5h]
elsna81: checks 
Mahu2021: checks 
*** TURN *** [5s Ts 5h] [Td]
elsna81: bets 20
Mahu2021: folds 
Uncalled bet (20) returned to elsna81
elsna81 collected 40 from pot
*** SUMMARY ***
Total pot 40 | Rake 0 
Board [5s Ts 5h Td]
Seat 1: elsna81 (small blind) collected (40)
Seat 2: Mahu2021 (big blind) folded on the Turn
Seat 3: HH0770 (button) folded before Flop (didn't bet)



PokerStars Hand #243221950954: Tournament #3580490608, $0.92+$0.08 USD Hold'em No Limit - Level I (10/20) - 2023/04/21 7:28:09 CET [2023/04/21 1:28:09 ET]
Table '3580490608 1' 3-max Seat #1 is the button
Seat 1: elsna81 (230 in chips) 
Seat 2: Mahu2021 (790 in chips) 
Seat 3: HH0770 (480 in chips) 
Mahu2021: posts small blind 10
HH0770: posts big blind 20
*** HOLE CARDS ***
Dealt to Mahu2021 [4d 3s]
elsna81: calls 20
Mahu2021: calls 10
HH0770: checks 
*** FLOP *** [9d 7h 5s]
Mahu2021: checks 
HH0770: bets 80
elsna81: folds 
Mahu2021: folds 
Uncalled bet (80) returned to HH0770
HH0770 collected 60 from pot
*** SUMMARY ***
Total pot 60 | Rake 0 
Board [9d 7h 5s]
Seat 1: elsna81 (button) folded on the Flop
Seat 2: Mahu2021 (small blind) folded on the Flop
Seat 3: HH0770 (big blind) collected (60)



PokerStars Hand #243221952189: Tournament #3580490608, $0.92+$0.08 USD Hold'em No Limit - Level I (10/20) - 2023/04/21 7:28:21 CET [2023/04/21 1:28:21 ET]
Table '3580490608 1' 3-max Seat #2 is the button
Seat 1: elsna81 (210 in chips) 
Seat 2: Mahu2021 (770 in chips) 
Seat 3: HH0770 (520 in chips) 
HH0770: posts small blind 10
elsna81: posts big blind 20
*** HOLE CARDS ***
Dealt to Mahu2021 [9h 4s]
Mahu2021: folds 
HH0770: folds 
Uncalled bet (10) returned to elsna81
elsna81 collected 20 from pot
*** SUMMARY ***
Total pot 20 | Rake 0 
Seat 1: elsna81 (big blind) collected (20)
Seat 2: Mahu2021 (button) folded before Flop (didn't bet)
Seat 3: HH0770 (small blind) folded before Flop



PokerStars Hand #243221952723: Tournament #3580490608, $0.92+$0.08 USD Hold'em No Limit - Level I (10/20) - 2023/04/21 7:28:26 CET [2023/04/21 1:28:26 ET]
Table '3580490608 1' 3-max Seat #3 is the button
Seat 1: elsna81 (220 in chips) 
Seat 2: Mahu2021 (770 in chips) 
Seat 3: HH0770 (510 in chips) 
elsna81: posts small blind 10
Mahu2021: posts big blind 20
*** HOLE CARDS ***
Dealt to Mahu2021 [7s Qs]
HH0770: folds 
elsna81: calls 10
Mahu2021: checks 
*** FLOP *** [5d 6h 2c]
elsna81: checks 
Mahu2021: checks 
*** TURN *** [5d 6h 2c] [Qd]
elsna81: checks 
Mahu2021: bets 40
elsna81: calls 40
*** RIVER *** [5d 6h 2c Qd] [7d]
elsna81: checks 
Mahu2021: bets 120
elsna81: folds 
Uncalled bet (120) returned to Mahu2021
Mahu2021 collected 120 from pot
Mahu2021: doesn't show hand 
*** SUMMARY ***
Total pot 120 | Rake 0 
Board [5d 6h 2c Qd 7d]
Seat 1: elsna81 (small blind) folded on the River
Seat 2: Mahu2021 (big blind) collected (120)
Seat 3: HH0770 (button) folded before Flop (didn't bet)



PokerStars Hand #243221954730: Tournament #3580490608, $0.92+$0.08 USD Hold'em No Limit - Level I (10/20) - 2023/04/21 7:28:44 CET [2023/04/21 1:28:44 ET]
Table '3580490608 1' 3-max Seat #1 is the button
Seat 1: elsna81 (160 in chips) 
Seat 2: Mahu2021 (830 in chips) 
Seat 3: HH0770 (510 in chips) 
Mahu2021: posts small blind 10
HH0770: posts big blind 20
*** HOLE CARDS ***
Dealt to Mahu2021 [4h 9c]
elsna81: folds 
Mahu2021: folds 
Uncalled bet (10) returned to HH0770
HH0770 collected 20 from pot
*** SUMMARY ***
Total pot 20 | Rake 0 
Seat 1: elsna81 (button) folded before Flop (didn't bet)
Seat 2: Mahu2021 (small blind) folded before Flop
Seat 3: HH0770 (big blind) collected (20)



PokerStars Hand #243221955262: Tournament #3580490608, $0.92+$0.08 USD Hold'em No Limit - Level I (10/20) - 2023/04/21 7:28:49 CET [2023/04/21 1:28:49 ET]
Table '3580490608 1' 3-max Seat #2 is the button
Seat 1: elsna81 (160 in chips) 
Seat 2: Mahu2021 (820 in chips) 
Seat 3: HH0770 (520 in chips) 
HH0770: posts small blind 10
elsna81: posts big blind 20
*** HOLE CARDS ***
Dealt to Mahu2021 [7s Ks]
Mahu2021: raises 20 to 40
HH0770: calls 30
elsna81: calls 20
*** FLOP *** [2h 5d Js]
HH0770: checks 
elsna81: checks 
Mahu2021: checks 
*** TURN *** [2h 5d Js] [4s]
HH0770: bets 40
elsna81: folds 
Mahu2021: calls 40
*** RIVER *** [2h 5d Js 4s] [4d]
HH0770: bets 40
Mahu2021: folds 
Uncalled bet (40) returned to HH0770
HH0770 collected 200 from pot
*** SUMMARY ***
Total pot 200 | Rake 0 
Board [2h 5d Js 4s 4d]
Seat 1: elsna81 (big blind) folded on the Turn
Seat 2: Mahu2021 (button) folded on the River
Seat 3: HH0770 (small blind) collected (200)



PokerStars Hand #243221958310: Tournament #3580490608, $0.92+$0.08 USD Hold'em No Limit - Level II (15/30) - 2023/04/21 7:29:17 CET [2023/04/21 1:29:17 ET]
Table '3580490608 1' 3-max Seat #3 is the button
Seat 1: elsna81 (120 in chips) 
Seat 2: Mahu2021 (740 in chips) 
Seat 3: HH0770 (640 in chips) 
elsna81: posts small blind 15
Mahu2021: posts big blind 30
*** HOLE CARDS ***
Dealt to Mahu2021 [2d Qc]
HH0770: folds 
elsna81: calls 15
Mahu2021: checks 
*** FLOP *** [Kc 6s 4s]
elsna81: checks 
Mahu2021: checks 
*** TURN *** [Kc 6s 4s] [8s]
elsna81: checks 
Mahu2021: checks 
*** RIVER *** [Kc 6s 4s 8s] [4h]
elsna81: checks 
Mahu2021: checks 
*** SHOW DOWN ***
elsna81: shows [7d Jd] (a pair of Fours)
Mahu2021: shows [2d Qc] (a pair of Fours - King+Queen kicker)
Mahu2021 collected 60 from pot
*** SUMMARY ***
Total pot 60 | Rake 0 
Board [Kc 6s 4s 8s 4h]
Seat 1: elsna81 (small blind) showed [7d Jd] and lost with a pair of Fours
Seat 2: Mahu2021 (big blind) showed [2d Qc] and won (60) with a pair of Fours
Seat 3: HH0770 (button) folded before Flop (didn't bet)



PokerStars Hand #243221959582: Tournament #3580490608, $0.92+$0.08 USD Hold'em No Limit - Level II (15/30) - 2023/04/21 7:29:29 CET [2023/04/21 1:29:29 ET]
Table '3580490608 1' 3-max Seat #1 is the button
Seat 1: elsna81 (90 in chips) 
Seat 2: Mahu2021 (770 in chips) 
Seat 3: HH0770 (640 in chips) 
Mahu2021: posts small blind 15
HH0770: posts big blind 30
*** HOLE CARDS ***
Dealt to Mahu2021 [9h 5c]
elsna81: calls 30
Mahu2021: folds 
HH0770: checks 
*** FLOP *** [4d 8d Ac]
HH0770: checks 
elsna81: bets 30
HH0770: calls 30
*** TURN *** [4d 8d Ac] [As]
HH0770: checks 
elsna81: checks 
*** RIVER *** [4d 8d Ac As] [3c]
HH0770: bets 30
elsna81: calls 30 and is all-in
*** SHOW DOWN ***
HH0770: shows [4h Ad] (a full house, Aces full of Fours)
elsna81: shows [4s Kd] (two pair, Aces and Fours)
HH0770 collected 195 from pot
elsna81 finished the tournament in 3rd place
*** SUMMARY ***
Total pot 195 | Rake 0 
Board [4d 8d Ac As 3c]
Seat 1: elsna81 (button) showed [4s Kd] and lost with two pair, Aces and Fours
Seat 2: Mahu2021 (small blind) folded before Flop
Seat 3: HH0770 (big blind) showed [4h Ad] and won (195) with a full house, Aces full of Fours



PokerStars Hand #243221961901: Tournament #3580490608, $0.92+$0.08 USD Hold'em No Limit - Level II (15/30) - 2023/04/21 7:29:51 CET [2023/04/21 1:29:51 ET]
Table '3580490608 1' 3-max Seat #3 is the button
Seat 2: Mahu2021 (755 in chips) 
Seat 3: HH0770 (745 in chips) 
HH0770: posts small blind 15
Mahu2021: posts big blind 30
*** HOLE CARDS ***
Dealt to Mahu2021 [Qs 6d]
HH0770: calls 15
Mahu2021: checks 
*** FLOP *** [Kd 9d 8h]
Mahu2021: checks 
HH0770: bets 60
Mahu2021: folds 
Uncalled bet (60) returned to HH0770
HH0770 collected 60 from pot
*** SUMMARY ***
Total pot 60 | Rake 0 
Board [Kd 9d 8h]
Seat 2: Mahu2021 (big blind) folded on the Flop
Seat 3: HH0770 (button) (small blind) collected (60)



PokerStars Hand #243221963003: Tournament #3580490608, $0.92+$0.08 USD Hold'em No Limit - Level II (15/30) - 2023/04/21 7:30:02 CET [2023/04/21 1:30:02 ET]
Table '3580490608 1' 3-max Seat #2 is the button
Seat 2: Mahu2021 (725 in chips) 
Seat 3: HH0770 (775 in chips) 
Mahu2021: posts small blind 15
HH0770: posts big blind 30
*** HOLE CARDS ***
Dealt to Mahu2021 [6s 6d]
Mahu2021: raises 30 to 60
HH0770: raises 150 to 210
Mahu2021: raises 515 to 725 and is all-in
HH0770: calls 515
*** FLOP *** [Qs Ah 8h]
*** TURN *** [Qs Ah 8h] [8s]
*** RIVER *** [Qs Ah 8h 8s] [4d]
*** SHOW DOWN ***
HH0770: shows [5d 5s] (two pair, Eights and Fives)
Mahu2021: shows [6s 6d] (two pair, Eights and Sixes)
Mahu2021 collected 1450 from pot
*** SUMMARY ***
Total pot 1450 | Rake 0 
Board [Qs Ah 8h 8s 4d]
Seat 2: Mahu2021 (button) (small blind) showed [6s 6d] and won (1450) with two pair, Eights and Sixes
Seat 3: HH0770 (big blind) showed [5d 5s] and lost with two pair, Eights and Fives



PokerStars Hand #243221964873: Tournament #3580490608, $0.92+$0.08 USD Hold'em No Limit - Level II (15/30) - 2023/04/21 7:30:19 CET [2023/04/21 1:30:19 ET]
Table '3580490608 1' 3-max Seat #3 is the button
Seat 2: Mahu2021 (1450 in chips) 
Seat 3: HH0770 (50 in chips) 
HH0770: posts small blind 15
Mahu2021: posts big blind 30
*** HOLE CARDS ***
Dealt to Mahu2021 [Jh Th]
HH0770: calls 15
Mahu2021: raises 30 to 60
HH0770: calls 20 and is all-in
Uncalled bet (10) returned to Mahu2021
*** FLOP *** [4c 5c 2h]
*** TURN *** [4c 5c 2h] [Qd]
*** RIVER *** [4c 5c 2h Qd] [8s]
*** SHOW DOWN ***
Mahu2021: shows [Jh Th] (high card Queen)
HH0770: shows [9s As] (high card Ace)
HH0770 collected 100 from pot
*** SUMMARY ***
Total pot 100 | Rake 0 
Board [4c 5c 2h Qd 8s]
Seat 2: Mahu2021 (big blind) showed [Jh Th] and lost with high card Queen
Seat 3: HH0770 (button) (small blind) showed [9s As] and won (100) with high card Ace



PokerStars Hand #243221966346: Tournament #3580490608, $0.92+$0.08 USD Hold'em No Limit - Level II (15/30) - 2023/04/21 7:30:33 CET [2023/04/21 1:30:33 ET]
Table '3580490608 1' 3-max Seat #2 is the button
Seat 2: Mahu2021 (1400 in chips) 
Seat 3: HH0770 (100 in chips) 
Mahu2021: posts small blind 15
HH0770: posts big blind 30
*** HOLE CARDS ***
Dealt to Mahu2021 [3d Jh]
Mahu2021: folds 
Uncalled bet (15) returned to HH0770
HH0770 collected 30 from pot
*** SUMMARY ***
Total pot 30 | Rake 0 
Seat 2: Mahu2021 (button) (small blind) folded before Flop
Seat 3: HH0770 (big blind) collected (30)



PokerStars Hand #243221966849: Tournament #3580490608, $0.92+$0.08 USD Hold'em No Limit - Level II (15/30) - 2023/04/21 7:30:38 CET [2023/04/21 1:30:38 ET]
Table '3580490608 1' 3-max Seat #3 is the button
Seat 2: Mahu2021 (1385 in chips) 
Seat 3: HH0770 (115 in chips) 
HH0770: posts small blind 15
Mahu2021: posts big blind 30
*** HOLE CARDS ***
Dealt to Mahu2021 [Ts 8d]
HH0770: calls 15
Mahu2021: checks 
*** FLOP *** [6h Qh 3d]
Mahu2021: checks 
HH0770: checks 
*** TURN *** [6h Qh 3d] [Tc]
Mahu2021: bets 30
HH0770: folds 
Uncalled bet (30) returned to Mahu2021
Mahu2021 collected 60 from pot
Mahu2021: doesn't show hand 
*** SUMMARY ***
Total pot 60 | Rake 0 
Board [6h Qh 3d Tc]
Seat 2: Mahu2021 (big blind) collected (60)
Seat 3: HH0770 (button) (small blind) folded on the Turn



PokerStars Hand #243221968514: Tournament #3580490608, $0.92+$0.08 USD Hold'em No Limit - Level II (15/30) - 2023/04/21 7:30:53 CET [2023/04/21 1:30:53 ET]
Table '3580490608 1' 3-max Seat #2 is the button
Seat 2: Mahu2021 (1415 in chips) 
Seat 3: HH0770 (85 in chips) 
Mahu2021: posts small blind 15
HH0770: posts big blind 30
*** HOLE CARDS ***
Dealt to Mahu2021 [Qs 7h]
Mahu2021: raises 60 to 90
HH0770: folds 
Uncalled bet (60) returned to Mahu2021
Mahu2021 collected 60 from pot
Mahu2021: doesn't show hand 
*** SUMMARY ***
Total pot 60 | Rake 0 
Seat 2: Mahu2021 (button) (small blind) collected (60)
Seat 3: HH0770 (big blind) folded before Flop



PokerStars Hand #243221969214: Tournament #3580490608, $0.92+$0.08 USD Hold'em No Limit - Level II (15/30) - 2023/04/21 7:30:59 CET [2023/04/21 1:30:59 ET]
Table '3580490608 1' 3-max Seat #3 is the button
Seat 2: Mahu2021 (1445 in chips) 
Seat 3: HH0770 (55 in chips) 
HH0770: posts small blind 15
Mahu2021: posts big blind 30
*** HOLE CARDS ***
Dealt to Mahu2021 [4s 4h]
HH0770: raises 25 to 55 and is all-in
Mahu2021: calls 25
*** FLOP *** [Kd Ad 3c]
*** TURN *** [Kd Ad 3c] [2c]
*** RIVER *** [Kd Ad 3c 2c] [Jd]
*** SHOW DOWN ***
Mahu2021: shows [4s 4h] (a pair of Fours)
HH0770: shows [Qc 6h] (high card Ace)
Mahu2021 collected 110 from pot
HH0770 finished the tournament in 2nd place
Mahu2021 wins the tournament and receives $3.00 - congratulations!
*** SUMMARY ***
Total pot 110 | Rake 0 
Board [Kd Ad 3c 2c Jd]
Seat 2: Mahu2021 (big blind) showed [4s 4h] and won (110) with a pair of Fours
Seat 3: HH0770 (button) (small blind) showed [Qc 6h] and lost with high card Ace



