PokerStars Hand #245049693619: Tournament #3623110082, $0.92+$0.08 USD Hold'em No Limit - Level I (10/20) - 2023/07/27 18:01:31 CET [2023/07/27 12:01:31 ET]
Table '3623110082 1' 3-max Seat #1 is the button
Seat 1: Nilo.fsc (500 in chips) 
Seat 2: mirbekov94 (500 in chips) 
Seat 3: Mahu2021 (500 in chips) 
mirbekov94: posts small blind 10
Mahu2021: posts big blind 20
*** HOLE CARDS ***
Dealt to Mahu2021 [Ts As]
Nilo.fsc: folds 
mirbekov94: calls 10
Mahu2021: raises 40 to 60
mirbekov94: calls 40
*** FLOP *** [2s 2c Qc]
mirbekov94: bets 60
Mahu2021: calls 60
*** TURN *** [2s 2c Qc] [6s]
mirbekov94: bets 80
Mahu2021: calls 80
*** RIVER *** [2s 2c Qc 6s] [6h]
mirbekov94: bets 200
Mahu2021: calls 200
*** SHOW DOWN ***
mirbekov94: shows [4h 7d] (two pair, Sixes and Deuces)
Mahu2021: shows [Ts As] (two pair, Sixes and Deuces - Ace kicker)
Mahu2021 collected 800 from pot
*** SUMMARY ***
Total pot 800 | Rake 0 
Board [2s 2c Qc 6s 6h]
Seat 1: Nilo.fsc (button) folded before Flop (didn't bet)
Seat 2: mirbekov94 (small blind) showed [4h 7d] and lost with two pair, Sixes and Deuces
Seat 3: Mahu2021 (big blind) showed [Ts As] and won (800) with two pair, Sixes and Deuces



PokerStars Hand #245049701035: Tournament #3623110082, $0.92+$0.08 USD Hold'em No Limit - Level I (10/20) - 2023/07/27 18:02:02 CET [2023/07/27 12:02:02 ET]
Table '3623110082 1' 3-max Seat #2 is the button
Seat 1: Nilo.fsc (500 in chips) 
Seat 2: mirbekov94 (100 in chips) 
Seat 3: Mahu2021 (900 in chips) 
Mahu2021: posts small blind 10
Nilo.fsc: posts big blind 20
*** HOLE CARDS ***
Dealt to Mahu2021 [Jd Td]
mirbekov94: raises 80 to 100 and is all-in
Mahu2021: folds 
Nilo.fsc: calls 80
*** FLOP *** [Js 4c 6c]
*** TURN *** [Js 4c 6c] [9d]
*** RIVER *** [Js 4c 6c 9d] [7d]
*** SHOW DOWN ***
Nilo.fsc: shows [9c Ks] (a pair of Nines)
mirbekov94: shows [7s Ah] (a pair of Sevens)
Nilo.fsc collected 210 from pot
mirbekov94 finished the tournament in 3rd place
*** SUMMARY ***
Total pot 210 | Rake 0 
Board [Js 4c 6c 9d 7d]
Seat 1: Nilo.fsc (big blind) showed [9c Ks] and won (210) with a pair of Nines
Seat 2: mirbekov94 (button) showed [7s Ah] and lost with a pair of Sevens
Seat 3: Mahu2021 (small blind) folded before Flop



PokerStars Hand #245049707008: Tournament #3623110082, $0.92+$0.08 USD Hold'em No Limit - Level I (10/20) - 2023/07/27 18:02:26 CET [2023/07/27 12:02:26 ET]
Table '3623110082 1' 3-max Seat #1 is the button
Seat 1: Nilo.fsc (610 in chips) 
Seat 3: Mahu2021 (890 in chips) 
Nilo.fsc: posts small blind 10
Mahu2021: posts big blind 20
*** HOLE CARDS ***
Dealt to Mahu2021 [4s 6h]
Nilo.fsc: raises 20 to 40
Mahu2021: calls 20
*** FLOP *** [Ks 2c 5s]
Mahu2021: checks 
Nilo.fsc: bets 60
Mahu2021: folds 
Uncalled bet (60) returned to Nilo.fsc
Nilo.fsc collected 80 from pot
*** SUMMARY ***
Total pot 80 | Rake 0 
Board [Ks 2c 5s]
Seat 1: Nilo.fsc (button) (small blind) collected (80)
Seat 3: Mahu2021 (big blind) folded on the Flop



PokerStars Hand #245049711788: Tournament #3623110082, $0.92+$0.08 USD Hold'em No Limit - Level I (10/20) - 2023/07/27 18:02:45 CET [2023/07/27 12:02:45 ET]
Table '3623110082 1' 3-max Seat #3 is the button
Seat 1: Nilo.fsc (650 in chips) 
Seat 3: Mahu2021 (850 in chips) 
Mahu2021: posts small blind 10
Nilo.fsc: posts big blind 20
*** HOLE CARDS ***
Dealt to Mahu2021 [Kc 3d]
Mahu2021: calls 10
Nilo.fsc: checks 
*** FLOP *** [Ah 8c 6d]
Nilo.fsc: checks 
Mahu2021: checks 
*** TURN *** [Ah 8c 6d] [9s]
Nilo.fsc: bets 20
Mahu2021: folds 
Uncalled bet (20) returned to Nilo.fsc
Nilo.fsc collected 40 from pot
*** SUMMARY ***
Total pot 40 | Rake 0 
Board [Ah 8c 6d 9s]
Seat 1: Nilo.fsc (big blind) collected (40)
Seat 3: Mahu2021 (button) (small blind) folded on the Turn



PokerStars Hand #245049716643: Tournament #3623110082, $0.92+$0.08 USD Hold'em No Limit - Level I (10/20) - 2023/07/27 18:03:05 CET [2023/07/27 12:03:05 ET]
Table '3623110082 1' 3-max Seat #1 is the button
Seat 1: Nilo.fsc (670 in chips) 
Seat 3: Mahu2021 (830 in chips) 
Nilo.fsc: posts small blind 10
Mahu2021: posts big blind 20
*** HOLE CARDS ***
Dealt to Mahu2021 [3h 3c]
Nilo.fsc: raises 20 to 40
Mahu2021: calls 20
*** FLOP *** [Jh 9c Ac]
Mahu2021: checks 
Nilo.fsc: checks 
*** TURN *** [Jh 9c Ac] [Ks]
Mahu2021: checks 
Nilo.fsc: bets 80
Mahu2021: folds 
Uncalled bet (80) returned to Nilo.fsc
Nilo.fsc collected 80 from pot
*** SUMMARY ***
Total pot 80 | Rake 0 
Board [Jh 9c Ac Ks]
Seat 1: Nilo.fsc (button) (small blind) collected (80)
Seat 3: Mahu2021 (big blind) folded on the Turn



PokerStars Hand #245049720956: Tournament #3623110082, $0.92+$0.08 USD Hold'em No Limit - Level I (10/20) - 2023/07/27 18:03:22 CET [2023/07/27 12:03:22 ET]
Table '3623110082 1' 3-max Seat #3 is the button
Seat 1: Nilo.fsc (710 in chips) 
Seat 3: Mahu2021 (790 in chips) 
Mahu2021: posts small blind 10
Nilo.fsc: posts big blind 20
*** HOLE CARDS ***
Dealt to Mahu2021 [7d 6s]
Mahu2021: raises 20 to 40
Nilo.fsc: calls 20
*** FLOP *** [Jh Qc 2s]
Nilo.fsc: checks 
Mahu2021: bets 40
Nilo.fsc: calls 40
*** TURN *** [Jh Qc 2s] [7h]
Nilo.fsc: checks 
Mahu2021: checks 
*** RIVER *** [Jh Qc 2s 7h] [8d]
Nilo.fsc: bets 80
Mahu2021: calls 80
*** SHOW DOWN ***
Nilo.fsc: shows [9h Ts] (a straight, Eight to Queen)
Mahu2021: mucks hand 
Nilo.fsc collected 320 from pot
*** SUMMARY ***
Total pot 320 | Rake 0 
Board [Jh Qc 2s 7h 8d]
Seat 1: Nilo.fsc (big blind) showed [9h Ts] and won (320) with a straight, Eight to Queen
Seat 3: Mahu2021 (button) (small blind) mucked [7d 6s]



PokerStars Hand #245049728205: Tournament #3623110082, $0.92+$0.08 USD Hold'em No Limit - Level II (15/30) - 2023/07/27 18:03:52 CET [2023/07/27 12:03:52 ET]
Table '3623110082 1' 3-max Seat #1 is the button
Seat 1: Nilo.fsc (870 in chips) 
Seat 3: Mahu2021 (630 in chips) 
Nilo.fsc: posts small blind 15
Mahu2021: posts big blind 30
*** HOLE CARDS ***
Dealt to Mahu2021 [7c 8d]
Nilo.fsc: folds 
Uncalled bet (15) returned to Mahu2021
Mahu2021 collected 30 from pot
Mahu2021: doesn't show hand 
*** SUMMARY ***
Total pot 30 | Rake 0 
Seat 1: Nilo.fsc (button) (small blind) folded before Flop
Seat 3: Mahu2021 (big blind) collected (30)



PokerStars Hand #245049729353: Tournament #3623110082, $0.92+$0.08 USD Hold'em No Limit - Level II (15/30) - 2023/07/27 18:03:56 CET [2023/07/27 12:03:56 ET]
Table '3623110082 1' 3-max Seat #3 is the button
Seat 1: Nilo.fsc (855 in chips) 
Seat 3: Mahu2021 (645 in chips) 
Mahu2021: posts small blind 15
Nilo.fsc: posts big blind 30
*** HOLE CARDS ***
Dealt to Mahu2021 [2s 7c]
Mahu2021: folds 
Uncalled bet (15) returned to Nilo.fsc
Nilo.fsc collected 30 from pot
*** SUMMARY ***
Total pot 30 | Rake 0 
Seat 1: Nilo.fsc (big blind) collected (30)
Seat 3: Mahu2021 (button) (small blind) folded before Flop



PokerStars Hand #245049730543: Tournament #3623110082, $0.92+$0.08 USD Hold'em No Limit - Level II (15/30) - 2023/07/27 18:04:01 CET [2023/07/27 12:04:01 ET]
Table '3623110082 1' 3-max Seat #1 is the button
Seat 1: Nilo.fsc (870 in chips) 
Seat 3: Mahu2021 (630 in chips) 
Nilo.fsc: posts small blind 15
Mahu2021: posts big blind 30
*** HOLE CARDS ***
Dealt to Mahu2021 [Qs 9s]
Nilo.fsc: calls 15
Mahu2021: checks 
*** FLOP *** [9d Qc Kh]
Mahu2021: checks 
Nilo.fsc: bets 30
Mahu2021: calls 30
*** TURN *** [9d Qc Kh] [Js]
Mahu2021: checks 
Nilo.fsc: bets 60
Mahu2021: calls 60
*** RIVER *** [9d Qc Kh Js] [8s]
Mahu2021: checks 
Nilo.fsc: checks 
*** SHOW DOWN ***
Mahu2021: shows [Qs 9s] (two pair, Queens and Nines)
Nilo.fsc: mucks hand 
Mahu2021 collected 240 from pot
*** SUMMARY ***
Total pot 240 | Rake 0 
Board [9d Qc Kh Js 8s]
Seat 1: Nilo.fsc (button) (small blind) mucked [Qh 7h]
Seat 3: Mahu2021 (big blind) showed [Qs 9s] and won (240) with two pair, Queens and Nines



PokerStars Hand #245049735938: Tournament #3623110082, $0.92+$0.08 USD Hold'em No Limit - Level II (15/30) - 2023/07/27 18:04:23 CET [2023/07/27 12:04:23 ET]
Table '3623110082 1' 3-max Seat #3 is the button
Seat 1: Nilo.fsc (750 in chips) 
Seat 3: Mahu2021 (750 in chips) 
Mahu2021: posts small blind 15
Nilo.fsc: posts big blind 30
*** HOLE CARDS ***
Dealt to Mahu2021 [Qc 8d]
Mahu2021: raises 30 to 60
Nilo.fsc: calls 30
*** FLOP *** [6h 4d Kh]
Nilo.fsc: checks 
Mahu2021: checks 
*** TURN *** [6h 4d Kh] [Ac]
Nilo.fsc: bets 90
Mahu2021: folds 
Uncalled bet (90) returned to Nilo.fsc
Nilo.fsc collected 120 from pot
*** SUMMARY ***
Total pot 120 | Rake 0 
Board [6h 4d Kh Ac]
Seat 1: Nilo.fsc (big blind) collected (120)
Seat 3: Mahu2021 (button) (small blind) folded on the Turn



PokerStars Hand #245049740656: Tournament #3623110082, $0.92+$0.08 USD Hold'em No Limit - Level II (15/30) - 2023/07/27 18:04:42 CET [2023/07/27 12:04:42 ET]
Table '3623110082 1' 3-max Seat #1 is the button
Seat 1: Nilo.fsc (810 in chips) 
Seat 3: Mahu2021 (690 in chips) 
Nilo.fsc: posts small blind 15
Mahu2021: posts big blind 30
*** HOLE CARDS ***
Dealt to Mahu2021 [6d 6h]
Nilo.fsc: folds 
Uncalled bet (15) returned to Mahu2021
Mahu2021 collected 30 from pot
Mahu2021: doesn't show hand 
*** SUMMARY ***
Total pot 30 | Rake 0 
Seat 1: Nilo.fsc (button) (small blind) folded before Flop
Seat 3: Mahu2021 (big blind) collected (30)



PokerStars Hand #245049741837: Tournament #3623110082, $0.92+$0.08 USD Hold'em No Limit - Level II (15/30) - 2023/07/27 18:04:46 CET [2023/07/27 12:04:46 ET]
Table '3623110082 1' 3-max Seat #3 is the button
Seat 1: Nilo.fsc (795 in chips) 
Seat 3: Mahu2021 (705 in chips) 
Mahu2021: posts small blind 15
Nilo.fsc: posts big blind 30
*** HOLE CARDS ***
Dealt to Mahu2021 [2s 3d]
Mahu2021: folds 
Uncalled bet (15) returned to Nilo.fsc
Nilo.fsc collected 30 from pot
*** SUMMARY ***
Total pot 30 | Rake 0 
Seat 1: Nilo.fsc (big blind) collected (30)
Seat 3: Mahu2021 (button) (small blind) folded before Flop



PokerStars Hand #245049743032: Tournament #3623110082, $0.92+$0.08 USD Hold'em No Limit - Level II (15/30) - 2023/07/27 18:04:51 CET [2023/07/27 12:04:51 ET]
Table '3623110082 1' 3-max Seat #1 is the button
Seat 1: Nilo.fsc (810 in chips) 
Seat 3: Mahu2021 (690 in chips) 
Nilo.fsc: posts small blind 15
Mahu2021: posts big blind 30
*** HOLE CARDS ***
Dealt to Mahu2021 [2s 4h]
Nilo.fsc: calls 15
Mahu2021: checks 
*** FLOP *** [6h As 2c]
Mahu2021: checks 
Nilo.fsc: checks 
*** TURN *** [6h As 2c] [3s]
Mahu2021: bets 60
Nilo.fsc: calls 60
*** RIVER *** [6h As 2c 3s] [9d]
Mahu2021: checks 
Nilo.fsc: checks 
*** SHOW DOWN ***
Mahu2021: shows [2s 4h] (a pair of Deuces)
Nilo.fsc: mucks hand 
Mahu2021 collected 180 from pot
*** SUMMARY ***
Total pot 180 | Rake 0 
Board [6h As 2c 3s 9d]
Seat 1: Nilo.fsc (button) (small blind) mucked [Qd 5s]
Seat 3: Mahu2021 (big blind) showed [2s 4h] and won (180) with a pair of Deuces



PokerStars Hand #245049748343: Tournament #3623110082, $0.92+$0.08 USD Hold'em No Limit - Level II (15/30) - 2023/07/27 18:05:12 CET [2023/07/27 12:05:12 ET]
Table '3623110082 1' 3-max Seat #3 is the button
Seat 1: Nilo.fsc (720 in chips) 
Seat 3: Mahu2021 (780 in chips) 
Mahu2021: posts small blind 15
Nilo.fsc: posts big blind 30
*** HOLE CARDS ***
Dealt to Mahu2021 [Qc 9c]
Mahu2021: raises 30 to 60
Nilo.fsc: calls 30
*** FLOP *** [7h 9d 6c]
Nilo.fsc: checks 
Mahu2021: bets 120
Nilo.fsc: folds 
Uncalled bet (120) returned to Mahu2021
Mahu2021 collected 120 from pot
Mahu2021: doesn't show hand 
*** SUMMARY ***
Total pot 120 | Rake 0 
Board [7h 9d 6c]
Seat 1: Nilo.fsc (big blind) folded on the Flop
Seat 3: Mahu2021 (button) (small blind) collected (120)



PokerStars Hand #245049752280: Tournament #3623110082, $0.92+$0.08 USD Hold'em No Limit - Level II (15/30) - 2023/07/27 18:05:29 CET [2023/07/27 12:05:29 ET]
Table '3623110082 1' 3-max Seat #1 is the button
Seat 1: Nilo.fsc (660 in chips) 
Seat 3: Mahu2021 (840 in chips) 
Nilo.fsc: posts small blind 15
Mahu2021: posts big blind 30
*** HOLE CARDS ***
Dealt to Mahu2021 [7d Kd]
Nilo.fsc: folds 
Uncalled bet (15) returned to Mahu2021
Mahu2021 collected 30 from pot
Mahu2021: doesn't show hand 
*** SUMMARY ***
Total pot 30 | Rake 0 
Seat 1: Nilo.fsc (button) (small blind) folded before Flop
Seat 3: Mahu2021 (big blind) collected (30)



PokerStars Hand #245049754759: Tournament #3623110082, $0.92+$0.08 USD Hold'em No Limit - Level III (20/40) - 2023/07/27 18:05:38 CET [2023/07/27 12:05:38 ET]
Table '3623110082 1' 3-max Seat #3 is the button
Seat 1: Nilo.fsc (645 in chips) 
Seat 3: Mahu2021 (855 in chips) 
Mahu2021: posts small blind 20
Nilo.fsc: posts big blind 40
*** HOLE CARDS ***
Dealt to Mahu2021 [2h 5c]
Mahu2021: folds 
Uncalled bet (20) returned to Nilo.fsc
Nilo.fsc collected 40 from pot
*** SUMMARY ***
Total pot 40 | Rake 0 
Seat 1: Nilo.fsc (big blind) collected (40)
Seat 3: Mahu2021 (button) (small blind) folded before Flop



PokerStars Hand #245049756015: Tournament #3623110082, $0.92+$0.08 USD Hold'em No Limit - Level III (20/40) - 2023/07/27 18:05:43 CET [2023/07/27 12:05:43 ET]
Table '3623110082 1' 3-max Seat #1 is the button
Seat 1: Nilo.fsc (665 in chips) 
Seat 3: Mahu2021 (835 in chips) 
Nilo.fsc: posts small blind 20
Mahu2021: posts big blind 40
*** HOLE CARDS ***
Dealt to Mahu2021 [8s Jd]
Nilo.fsc: raises 40 to 80
Mahu2021: calls 40
*** FLOP *** [As Ah 4d]
Mahu2021: checks 
Nilo.fsc: checks 
*** TURN *** [As Ah 4d] [9d]
Mahu2021: checks 
Nilo.fsc: bets 80
Mahu2021: folds 
Uncalled bet (80) returned to Nilo.fsc
Nilo.fsc collected 160 from pot
*** SUMMARY ***
Total pot 160 | Rake 0 
Board [As Ah 4d 9d]
Seat 1: Nilo.fsc (button) (small blind) collected (160)
Seat 3: Mahu2021 (big blind) folded on the Turn



PokerStars Hand #245049761463: Tournament #3623110082, $0.92+$0.08 USD Hold'em No Limit - Level III (20/40) - 2023/07/27 18:06:05 CET [2023/07/27 12:06:05 ET]
Table '3623110082 1' 3-max Seat #3 is the button
Seat 1: Nilo.fsc (745 in chips) 
Seat 3: Mahu2021 (755 in chips) 
Mahu2021: posts small blind 20
Nilo.fsc: posts big blind 40
*** HOLE CARDS ***
Dealt to Mahu2021 [Ah 6h]
Mahu2021: raises 40 to 80
Nilo.fsc: folds 
Uncalled bet (40) returned to Mahu2021
Mahu2021 collected 80 from pot
Mahu2021: doesn't show hand 
*** SUMMARY ***
Total pot 80 | Rake 0 
Seat 1: Nilo.fsc (big blind) folded before Flop
Seat 3: Mahu2021 (button) (small blind) collected (80)



PokerStars Hand #245049763118: Tournament #3623110082, $0.92+$0.08 USD Hold'em No Limit - Level III (20/40) - 2023/07/27 18:06:11 CET [2023/07/27 12:06:11 ET]
Table '3623110082 1' 3-max Seat #1 is the button
Seat 1: Nilo.fsc (705 in chips) 
Seat 3: Mahu2021 (795 in chips) 
Nilo.fsc: posts small blind 20
Mahu2021: posts big blind 40
*** HOLE CARDS ***
Dealt to Mahu2021 [Kc 4c]
Nilo.fsc: raises 40 to 80
Mahu2021: calls 40
*** FLOP *** [8d 5h 2s]
Mahu2021: checks 
Nilo.fsc: bets 40
Mahu2021: folds 
Uncalled bet (40) returned to Nilo.fsc
Nilo.fsc collected 160 from pot
*** SUMMARY ***
Total pot 160 | Rake 0 
Board [8d 5h 2s]
Seat 1: Nilo.fsc (button) (small blind) collected (160)
Seat 3: Mahu2021 (big blind) folded on the Flop



PokerStars Hand #245049766590: Tournament #3623110082, $0.92+$0.08 USD Hold'em No Limit - Level III (20/40) - 2023/07/27 18:06:26 CET [2023/07/27 12:06:26 ET]
Table '3623110082 1' 3-max Seat #3 is the button
Seat 1: Nilo.fsc (785 in chips) 
Seat 3: Mahu2021 (715 in chips) 
Mahu2021: posts small blind 20
Nilo.fsc: posts big blind 40
*** HOLE CARDS ***
Dealt to Mahu2021 [Tc Qs]
Mahu2021: raises 40 to 80
Nilo.fsc: folds 
Uncalled bet (40) returned to Mahu2021
Mahu2021 collected 80 from pot
Mahu2021: doesn't show hand 
*** SUMMARY ***
Total pot 80 | Rake 0 
Seat 1: Nilo.fsc (big blind) folded before Flop
Seat 3: Mahu2021 (button) (small blind) collected (80)



PokerStars Hand #245049768556: Tournament #3623110082, $0.92+$0.08 USD Hold'em No Limit - Level III (20/40) - 2023/07/27 18:06:33 CET [2023/07/27 12:06:33 ET]
Table '3623110082 1' 3-max Seat #1 is the button
Seat 1: Nilo.fsc (745 in chips) 
Seat 3: Mahu2021 (755 in chips) 
Nilo.fsc: posts small blind 20
Mahu2021: posts big blind 40
*** HOLE CARDS ***
Dealt to Mahu2021 [3s 8h]
Nilo.fsc: calls 20
Mahu2021: checks 
*** FLOP *** [3d 2d 9c]
Mahu2021: checks 
Nilo.fsc: checks 
*** TURN *** [3d 2d 9c] [6h]
Mahu2021: checks 
Nilo.fsc: bets 40
Mahu2021: calls 40
*** RIVER *** [3d 2d 9c 6h] [Tc]
Mahu2021: checks 
Nilo.fsc: checks 
*** SHOW DOWN ***
Mahu2021: shows [3s 8h] (a pair of Threes)
Nilo.fsc: mucks hand 
Mahu2021 collected 160 from pot
*** SUMMARY ***
Total pot 160 | Rake 0 
Board [3d 2d 9c 6h Tc]
Seat 1: Nilo.fsc (button) (small blind) mucked [2s Js]
Seat 3: Mahu2021 (big blind) showed [3s 8h] and won (160) with a pair of Threes



PokerStars Hand #245049773388: Tournament #3623110082, $0.92+$0.08 USD Hold'em No Limit - Level III (20/40) - 2023/07/27 18:06:53 CET [2023/07/27 12:06:53 ET]
Table '3623110082 1' 3-max Seat #3 is the button
Seat 1: Nilo.fsc (665 in chips) 
Seat 3: Mahu2021 (835 in chips) 
Mahu2021: posts small blind 20
Nilo.fsc: posts big blind 40
*** HOLE CARDS ***
Dealt to Mahu2021 [Ah 8d]
Mahu2021: raises 40 to 80
Nilo.fsc: raises 80 to 160
Mahu2021: calls 80
*** FLOP *** [4c 2d Qh]
Nilo.fsc: checks 
Mahu2021: checks 
*** TURN *** [4c 2d Qh] [As]
Nilo.fsc: checks 
Mahu2021: checks 
*** RIVER *** [4c 2d Qh As] [3d]
Nilo.fsc: bets 160
Mahu2021: calls 160
*** SHOW DOWN ***
Nilo.fsc: shows [Kh Kd] (a pair of Kings)
Mahu2021: shows [Ah 8d] (a pair of Aces)
Mahu2021 collected 640 from pot
*** SUMMARY ***
Total pot 640 | Rake 0 
Board [4c 2d Qh As 3d]
Seat 1: Nilo.fsc (big blind) showed [Kh Kd] and lost with a pair of Kings
Seat 3: Mahu2021 (button) (small blind) showed [Ah 8d] and won (640) with a pair of Aces



PokerStars Hand #245049780436: Tournament #3623110082, $0.92+$0.08 USD Hold'em No Limit - Level III (20/40) - 2023/07/27 18:07:21 CET [2023/07/27 12:07:21 ET]
Table '3623110082 1' 3-max Seat #1 is the button
Seat 1: Nilo.fsc (345 in chips) 
Seat 3: Mahu2021 (1155 in chips) 
Nilo.fsc: posts small blind 20
Mahu2021: posts big blind 40
*** HOLE CARDS ***
Dealt to Mahu2021 [Qh Ah]
Nilo.fsc: folds 
Uncalled bet (20) returned to Mahu2021
Mahu2021 collected 40 from pot
Mahu2021: doesn't show hand 
*** SUMMARY ***
Total pot 40 | Rake 0 
Seat 1: Nilo.fsc (button) (small blind) folded before Flop
Seat 3: Mahu2021 (big blind) collected (40)



PokerStars Hand #245049781984: Tournament #3623110082, $0.92+$0.08 USD Hold'em No Limit - Level III (20/40) - 2023/07/27 18:07:27 CET [2023/07/27 12:07:27 ET]
Table '3623110082 1' 3-max Seat #3 is the button
Seat 1: Nilo.fsc (325 in chips) 
Seat 3: Mahu2021 (1175 in chips) 
Mahu2021: posts small blind 20
Nilo.fsc: posts big blind 40
*** HOLE CARDS ***
Dealt to Mahu2021 [5d Ts]
Mahu2021: folds 
Uncalled bet (20) returned to Nilo.fsc
Nilo.fsc collected 40 from pot
*** SUMMARY ***
Total pot 40 | Rake 0 
Seat 1: Nilo.fsc (big blind) collected (40)
Seat 3: Mahu2021 (button) (small blind) folded before Flop



PokerStars Hand #245049784154: Tournament #3623110082, $0.92+$0.08 USD Hold'em No Limit - Level IV (30/60) - 2023/07/27 18:07:36 CET [2023/07/27 12:07:36 ET]
Table '3623110082 1' 3-max Seat #1 is the button
Seat 1: Nilo.fsc (345 in chips) 
Seat 3: Mahu2021 (1155 in chips) 
Nilo.fsc: posts small blind 30
Mahu2021: posts big blind 60
*** HOLE CARDS ***
Dealt to Mahu2021 [Qd 4h]
Nilo.fsc: raises 285 to 345 and is all-in
Mahu2021: folds 
Uncalled bet (285) returned to Nilo.fsc
Nilo.fsc collected 120 from pot
*** SUMMARY ***
Total pot 120 | Rake 0 
Seat 1: Nilo.fsc (button) (small blind) collected (120)
Seat 3: Mahu2021 (big blind) folded before Flop



PokerStars Hand #245049785970: Tournament #3623110082, $0.92+$0.08 USD Hold'em No Limit - Level IV (30/60) - 2023/07/27 18:07:43 CET [2023/07/27 12:07:43 ET]
Table '3623110082 1' 3-max Seat #3 is the button
Seat 1: Nilo.fsc (405 in chips) 
Seat 3: Mahu2021 (1095 in chips) 
Mahu2021: posts small blind 30
Nilo.fsc: posts big blind 60
*** HOLE CARDS ***
Dealt to Mahu2021 [Qc 4d]
Mahu2021: folds 
Uncalled bet (30) returned to Nilo.fsc
Nilo.fsc collected 60 from pot
*** SUMMARY ***
Total pot 60 | Rake 0 
Seat 1: Nilo.fsc (big blind) collected (60)
Seat 3: Mahu2021 (button) (small blind) folded before Flop



PokerStars Hand #245049787339: Tournament #3623110082, $0.92+$0.08 USD Hold'em No Limit - Level IV (30/60) - 2023/07/27 18:07:49 CET [2023/07/27 12:07:49 ET]
Table '3623110082 1' 3-max Seat #1 is the button
Seat 1: Nilo.fsc (435 in chips) 
Seat 3: Mahu2021 (1065 in chips) 
Nilo.fsc: posts small blind 30
Mahu2021: posts big blind 60
*** HOLE CARDS ***
Dealt to Mahu2021 [9c Jd]
Nilo.fsc: folds 
Uncalled bet (30) returned to Mahu2021
Mahu2021 collected 60 from pot
Mahu2021: doesn't show hand 
*** SUMMARY ***
Total pot 60 | Rake 0 
Seat 1: Nilo.fsc (button) (small blind) folded before Flop
Seat 3: Mahu2021 (big blind) collected (60)



PokerStars Hand #245049788588: Tournament #3623110082, $0.92+$0.08 USD Hold'em No Limit - Level IV (30/60) - 2023/07/27 18:07:54 CET [2023/07/27 12:07:54 ET]
Table '3623110082 1' 3-max Seat #3 is the button
Seat 1: Nilo.fsc (405 in chips) 
Seat 3: Mahu2021 (1095 in chips) 
Mahu2021: posts small blind 30
Nilo.fsc: posts big blind 60
*** HOLE CARDS ***
Dealt to Mahu2021 [5h 4h]
Mahu2021: raises 60 to 120
Nilo.fsc: raises 285 to 405 and is all-in
Mahu2021: folds 
Uncalled bet (285) returned to Nilo.fsc
Nilo.fsc collected 240 from pot
*** SUMMARY ***
Total pot 240 | Rake 0 
Seat 1: Nilo.fsc (big blind) collected (240)
Seat 3: Mahu2021 (button) (small blind) folded before Flop



PokerStars Hand #245049790992: Tournament #3623110082, $0.92+$0.08 USD Hold'em No Limit - Level IV (30/60) - 2023/07/27 18:08:04 CET [2023/07/27 12:08:04 ET]
Table '3623110082 1' 3-max Seat #1 is the button
Seat 1: Nilo.fsc (525 in chips) 
Seat 3: Mahu2021 (975 in chips) 
Nilo.fsc: posts small blind 30
Mahu2021: posts big blind 60
*** HOLE CARDS ***
Dealt to Mahu2021 [6d Kc]
Nilo.fsc: calls 30
Mahu2021: checks 
*** FLOP *** [4h 2h 6s]
Mahu2021: bets 915 and is all-in
Nilo.fsc: folds 
Uncalled bet (915) returned to Mahu2021
Mahu2021 collected 120 from pot
Mahu2021: doesn't show hand 
*** SUMMARY ***
Total pot 120 | Rake 0 
Board [4h 2h 6s]
Seat 1: Nilo.fsc (button) (small blind) folded on the Flop
Seat 3: Mahu2021 (big blind) collected (120)



PokerStars Hand #245049794317: Tournament #3623110082, $0.92+$0.08 USD Hold'em No Limit - Level IV (30/60) - 2023/07/27 18:08:17 CET [2023/07/27 12:08:17 ET]
Table '3623110082 1' 3-max Seat #3 is the button
Seat 1: Nilo.fsc (465 in chips) 
Seat 3: Mahu2021 (1035 in chips) 
Mahu2021: posts small blind 30
Nilo.fsc: posts big blind 60
*** HOLE CARDS ***
Dealt to Mahu2021 [9d 9c]
Mahu2021: raises 60 to 120
Nilo.fsc: folds 
Uncalled bet (60) returned to Mahu2021
Mahu2021 collected 120 from pot
Mahu2021: doesn't show hand 
*** SUMMARY ***
Total pot 120 | Rake 0 
Seat 1: Nilo.fsc (big blind) folded before Flop
Seat 3: Mahu2021 (button) (small blind) collected (120)



PokerStars Hand #245049796253: Tournament #3623110082, $0.92+$0.08 USD Hold'em No Limit - Level IV (30/60) - 2023/07/27 18:08:25 CET [2023/07/27 12:08:25 ET]
Table '3623110082 1' 3-max Seat #1 is the button
Seat 1: Nilo.fsc (405 in chips) 
Seat 3: Mahu2021 (1095 in chips) 
Nilo.fsc: posts small blind 30
Mahu2021: posts big blind 60
*** HOLE CARDS ***
Dealt to Mahu2021 [Jd 3s]
Nilo.fsc: raises 345 to 405 and is all-in
Mahu2021: folds 
Uncalled bet (345) returned to Nilo.fsc
Nilo.fsc collected 120 from pot
*** SUMMARY ***
Total pot 120 | Rake 0 
Seat 1: Nilo.fsc (button) (small blind) collected (120)
Seat 3: Mahu2021 (big blind) folded before Flop



PokerStars Hand #245049798468: Tournament #3623110082, $0.92+$0.08 USD Hold'em No Limit - Level IV (30/60) - 2023/07/27 18:08:34 CET [2023/07/27 12:08:34 ET]
Table '3623110082 1' 3-max Seat #3 is the button
Seat 1: Nilo.fsc (465 in chips) 
Seat 3: Mahu2021 (1035 in chips) 
Mahu2021: posts small blind 30
Nilo.fsc: posts big blind 60
*** HOLE CARDS ***
Dealt to Mahu2021 [4c 7s]
Mahu2021: folds 
Uncalled bet (30) returned to Nilo.fsc
Nilo.fsc collected 60 from pot
*** SUMMARY ***
Total pot 60 | Rake 0 
Seat 1: Nilo.fsc (big blind) collected (60)
Seat 3: Mahu2021 (button) (small blind) folded before Flop



PokerStars Hand #245049799819: Tournament #3623110082, $0.92+$0.08 USD Hold'em No Limit - Level IV (30/60) - 2023/07/27 18:08:39 CET [2023/07/27 12:08:39 ET]
Table '3623110082 1' 3-max Seat #1 is the button
Seat 1: Nilo.fsc (495 in chips) 
Seat 3: Mahu2021 (1005 in chips) 
Nilo.fsc: posts small blind 30
Mahu2021: posts big blind 60
*** HOLE CARDS ***
Dealt to Mahu2021 [9h 4h]
Nilo.fsc: calls 30
Mahu2021: checks 
*** FLOP *** [7s 5d 2c]
Mahu2021: checks 
Nilo.fsc: bets 60
Mahu2021: folds 
Uncalled bet (60) returned to Nilo.fsc
Nilo.fsc collected 120 from pot
*** SUMMARY ***
Total pot 120 | Rake 0 
Board [7s 5d 2c]
Seat 1: Nilo.fsc (button) (small blind) collected (120)
Seat 3: Mahu2021 (big blind) folded on the Flop



PokerStars Hand #245049804086: Tournament #3623110082, $0.92+$0.08 USD Hold'em No Limit - Level IV (30/60) - 2023/07/27 18:08:56 CET [2023/07/27 12:08:56 ET]
Table '3623110082 1' 3-max Seat #3 is the button
Seat 1: Nilo.fsc (555 in chips) 
Seat 3: Mahu2021 (945 in chips) 
Mahu2021: posts small blind 30
Nilo.fsc: posts big blind 60
*** HOLE CARDS ***
Dealt to Mahu2021 [6s Jh]
Mahu2021: calls 30
Nilo.fsc: checks 
*** FLOP *** [Ad 7s Tc]
Nilo.fsc: checks 
Mahu2021: checks 
*** TURN *** [Ad 7s Tc] [Kd]
Nilo.fsc: checks 
Mahu2021: bets 60
Nilo.fsc: raises 120 to 180
Mahu2021: calls 120
*** RIVER *** [Ad 7s Tc Kd] [Js]
Nilo.fsc: bets 315 and is all-in
Mahu2021: folds 
Uncalled bet (315) returned to Nilo.fsc
Nilo.fsc collected 480 from pot
*** SUMMARY ***
Total pot 480 | Rake 0 
Board [Ad 7s Tc Kd Js]
Seat 1: Nilo.fsc (big blind) collected (480)
Seat 3: Mahu2021 (button) (small blind) folded on the River



PokerStars Hand #245049812737: Tournament #3623110082, $0.92+$0.08 USD Hold'em No Limit - Level IV (30/60) - 2023/07/27 18:09:31 CET [2023/07/27 12:09:31 ET]
Table '3623110082 1' 3-max Seat #1 is the button
Seat 1: Nilo.fsc (795 in chips) 
Seat 3: Mahu2021 (705 in chips) 
Nilo.fsc: posts small blind 30
Mahu2021: posts big blind 60
*** HOLE CARDS ***
Dealt to Mahu2021 [As 3h]
Nilo.fsc: raises 60 to 120
Mahu2021: calls 60
*** FLOP *** [Jc 8h Jd]
Mahu2021: checks 
Nilo.fsc: checks 
*** TURN *** [Jc 8h Jd] [3d]
Mahu2021: bets 585 and is all-in
Nilo.fsc: folds 
Uncalled bet (585) returned to Mahu2021
Mahu2021 collected 240 from pot
Mahu2021: doesn't show hand 
*** SUMMARY ***
Total pot 240 | Rake 0 
Board [Jc 8h Jd 3d]
Seat 1: Nilo.fsc (button) (small blind) folded on the Turn
Seat 3: Mahu2021 (big blind) collected (240)



PokerStars Hand #245049817276: Tournament #3623110082, $0.92+$0.08 USD Hold'em No Limit - Level V (40/80) - 2023/07/27 18:09:49 CET [2023/07/27 12:09:49 ET]
Table '3623110082 1' 3-max Seat #3 is the button
Seat 1: Nilo.fsc (675 in chips) 
Seat 3: Mahu2021 (825 in chips) 
Mahu2021: posts small blind 40
Nilo.fsc: posts big blind 80
*** HOLE CARDS ***
Dealt to Mahu2021 [Js 6s]
Mahu2021: calls 40
Nilo.fsc: checks 
*** FLOP *** [4c Kh 9c]
Nilo.fsc: bets 80
Mahu2021: folds 
Uncalled bet (80) returned to Nilo.fsc
Nilo.fsc collected 160 from pot
*** SUMMARY ***
Total pot 160 | Rake 0 
Board [4c Kh 9c]
Seat 1: Nilo.fsc (big blind) collected (160)
Seat 3: Mahu2021 (button) (small blind) folded on the Flop



PokerStars Hand #245049820903: Tournament #3623110082, $0.92+$0.08 USD Hold'em No Limit - Level V (40/80) - 2023/07/27 18:10:04 CET [2023/07/27 12:10:04 ET]
Table '3623110082 1' 3-max Seat #1 is the button
Seat 1: Nilo.fsc (755 in chips) 
Seat 3: Mahu2021 (745 in chips) 
Nilo.fsc: posts small blind 40
Mahu2021: posts big blind 80
*** HOLE CARDS ***
Dealt to Mahu2021 [Ad 5h]
Nilo.fsc: calls 40
Mahu2021: raises 160 to 240
Nilo.fsc: folds 
Uncalled bet (160) returned to Mahu2021
Mahu2021 collected 160 from pot
Mahu2021: doesn't show hand 
*** SUMMARY ***
Total pot 160 | Rake 0 
Seat 1: Nilo.fsc (button) (small blind) folded before Flop
Seat 3: Mahu2021 (big blind) collected (160)



PokerStars Hand #245049823771: Tournament #3623110082, $0.92+$0.08 USD Hold'em No Limit - Level V (40/80) - 2023/07/27 18:10:15 CET [2023/07/27 12:10:15 ET]
Table '3623110082 1' 3-max Seat #3 is the button
Seat 1: Nilo.fsc (675 in chips) 
Seat 3: Mahu2021 (825 in chips) 
Mahu2021: posts small blind 40
Nilo.fsc: posts big blind 80
*** HOLE CARDS ***
Dealt to Mahu2021 [6c Qd]
Mahu2021: folds 
Uncalled bet (40) returned to Nilo.fsc
Nilo.fsc collected 80 from pot
*** SUMMARY ***
Total pot 80 | Rake 0 
Seat 1: Nilo.fsc (big blind) collected (80)
Seat 3: Mahu2021 (button) (small blind) folded before Flop



PokerStars Hand #245049825142: Tournament #3623110082, $0.92+$0.08 USD Hold'em No Limit - Level V (40/80) - 2023/07/27 18:10:21 CET [2023/07/27 12:10:21 ET]
Table '3623110082 1' 3-max Seat #1 is the button
Seat 1: Nilo.fsc (715 in chips) 
Seat 3: Mahu2021 (785 in chips) 
Nilo.fsc: posts small blind 40
Mahu2021: posts big blind 80
*** HOLE CARDS ***
Dealt to Mahu2021 [4h Tc]
Nilo.fsc: raises 635 to 715 and is all-in
Mahu2021: folds 
Uncalled bet (635) returned to Nilo.fsc
Nilo.fsc collected 160 from pot
*** SUMMARY ***
Total pot 160 | Rake 0 
Seat 1: Nilo.fsc (button) (small blind) collected (160)
Seat 3: Mahu2021 (big blind) folded before Flop



PokerStars Hand #245049827565: Tournament #3623110082, $0.92+$0.08 USD Hold'em No Limit - Level V (40/80) - 2023/07/27 18:10:30 CET [2023/07/27 12:10:30 ET]
Table '3623110082 1' 3-max Seat #3 is the button
Seat 1: Nilo.fsc (795 in chips) 
Seat 3: Mahu2021 (705 in chips) 
Mahu2021: posts small blind 40
Nilo.fsc: posts big blind 80
*** HOLE CARDS ***
Dealt to Mahu2021 [5s As]
Mahu2021: raises 80 to 160
Nilo.fsc: calls 80
*** FLOP *** [Ad Qh Tc]
Nilo.fsc: checks 
Mahu2021: bets 545 and is all-in
Nilo.fsc: calls 545
*** TURN *** [Ad Qh Tc] [Jc]
*** RIVER *** [Ad Qh Tc Jc] [Kh]
*** SHOW DOWN ***
Nilo.fsc: shows [Ac 4c] (a straight, Ten to Ace)
Mahu2021: shows [5s As] (a straight, Ten to Ace)
Nilo.fsc collected 705 from pot
Mahu2021 collected 705 from pot
*** SUMMARY ***
Total pot 1410 | Rake 0 
Board [Ad Qh Tc Jc Kh]
Seat 1: Nilo.fsc (big blind) showed [Ac 4c] and won (705) with a straight, Ten to Ace
Seat 3: Mahu2021 (button) (small blind) showed [5s As] and won (705) with a straight, Ten to Ace



PokerStars Hand #245049832618: Tournament #3623110082, $0.92+$0.08 USD Hold'em No Limit - Level V (40/80) - 2023/07/27 18:10:50 CET [2023/07/27 12:10:50 ET]
Table '3623110082 1' 3-max Seat #1 is the button
Seat 1: Nilo.fsc (795 in chips) 
Seat 3: Mahu2021 (705 in chips) 
Nilo.fsc: posts small blind 40
Mahu2021: posts big blind 80
*** HOLE CARDS ***
Dealt to Mahu2021 [Ks Kh]
Nilo.fsc: raises 80 to 160
Mahu2021: raises 545 to 705 and is all-in
Nilo.fsc: folds 
Uncalled bet (545) returned to Mahu2021
Mahu2021 collected 320 from pot
Mahu2021: doesn't show hand 
*** SUMMARY ***
Total pot 320 | Rake 0 
Seat 1: Nilo.fsc (button) (small blind) folded before Flop
Seat 3: Mahu2021 (big blind) collected (320)



PokerStars Hand #245049835460: Tournament #3623110082, $0.92+$0.08 USD Hold'em No Limit - Level V (40/80) - 2023/07/27 18:11:02 CET [2023/07/27 12:11:02 ET]
Table '3623110082 1' 3-max Seat #3 is the button
Seat 1: Nilo.fsc (635 in chips) 
Seat 3: Mahu2021 (865 in chips) 
Mahu2021: posts small blind 40
Nilo.fsc: posts big blind 80
*** HOLE CARDS ***
Dealt to Mahu2021 [Th Qs]
Mahu2021: calls 40
Nilo.fsc: checks 
*** FLOP *** [7c 7h Ac]
Nilo.fsc: checks 
Mahu2021: bets 80
Nilo.fsc: folds 
Uncalled bet (80) returned to Mahu2021
Mahu2021 collected 160 from pot
Mahu2021: doesn't show hand 
*** SUMMARY ***
Total pot 160 | Rake 0 
Board [7c 7h Ac]
Seat 1: Nilo.fsc (big blind) folded on the Flop
Seat 3: Mahu2021 (button) (small blind) collected (160)



PokerStars Hand #245049839078: Tournament #3623110082, $0.92+$0.08 USD Hold'em No Limit - Level V (40/80) - 2023/07/27 18:11:16 CET [2023/07/27 12:11:16 ET]
Table '3623110082 1' 3-max Seat #1 is the button
Seat 1: Nilo.fsc (555 in chips) 
Seat 3: Mahu2021 (945 in chips) 
Nilo.fsc: posts small blind 40
Mahu2021: posts big blind 80
*** HOLE CARDS ***
Dealt to Mahu2021 [Qs 8c]
Nilo.fsc: calls 40
Mahu2021: checks 
*** FLOP *** [6d 7h 5c]
Mahu2021: bets 160
Nilo.fsc: calls 160
*** TURN *** [6d 7h 5c] [4d]
Mahu2021: checks 
Nilo.fsc: bets 315 and is all-in
Mahu2021: calls 315
*** RIVER *** [6d 7h 5c 4d] [3c]
*** SHOW DOWN ***
Mahu2021: shows [Qs 8c] (a straight, Four to Eight)
Nilo.fsc: shows [Ah As] (a straight, Three to Seven)
Mahu2021 collected 1110 from pot
Nilo.fsc finished the tournament in 2nd place
Mahu2021 wins the tournament and receives $2.00 - congratulations!
*** SUMMARY ***
Total pot 1110 | Rake 0 
Board [6d 7h 5c 4d 3c]
Seat 1: Nilo.fsc (button) (small blind) showed [Ah As] and lost with a straight, Three to Seven
Seat 3: Mahu2021 (big blind) showed [Qs 8c] and won (1110) with a straight, Four to Eight



