PokerStars Hand #251535703488: Tournament #3778920663, $1.84+$0.16 USD Hold'em No Limit - Level I (10/20) - 2024/07/17 20:34:14 CET [2024/07/17 14:34:14 ET]
Table '3778920663 1' 3-max Seat #1 is the button
Seat 1: vlaycu_jamal (500 in chips) 
Seat 2: Mahu2021 (500 in chips) 
Seat 3: OMARO977 (500 in chips) 
Mahu2021: posts small blind 10
OMARO977: posts big blind 20
*** HOLE CARDS ***
Dealt to Mahu2021 [Qh 3s]
vlaycu_jamal: calls 20
Mahu2021: calls 10
OMARO977: checks 
*** FLOP *** [As 6d Kh]
Mahu2021: checks 
OMARO977: checks 
vlaycu_jamal: checks 
*** TURN *** [As 6d Kh] [5h]
Mahu2021: checks 
OMARO977: checks 
vlaycu_jamal: bets 20
Mahu2021: folds 
OMARO977: calls 20
*** RIVER *** [As 6d Kh 5h] [Jc]
OMARO977: checks 
vlaycu_jamal: bets 50
OMARO977: folds 
Uncalled bet (50) returned to vlaycu_jamal
vlaycu_jamal collected 100 from pot
*** SUMMARY ***
Total pot 100 | Rake 0 
Board [As 6d Kh 5h Jc]
Seat 1: vlaycu_jamal (button) collected (100)
Seat 2: Mahu2021 (small blind) folded on the Turn
Seat 3: OMARO977 (big blind) folded on the River



PokerStars Hand #251535717593: Tournament #3778920663, $1.84+$0.16 USD Hold'em No Limit - Level I (10/20) - 2024/07/17 20:35:06 CET [2024/07/17 14:35:06 ET]
Table '3778920663 1' 3-max Seat #2 is the button
Seat 1: vlaycu_jamal (560 in chips) 
Seat 2: Mahu2021 (480 in chips) 
Seat 3: OMARO977 (460 in chips) 
OMARO977: posts small blind 10
vlaycu_jamal: posts big blind 20
*** HOLE CARDS ***
Dealt to Mahu2021 [4c Ac]
Mahu2021: raises 20 to 40
OMARO977: folds 
vlaycu_jamal: calls 20
*** FLOP *** [As 8d Ts]
vlaycu_jamal: bets 20
Mahu2021: calls 20
*** TURN *** [As 8d Ts] [Qc]
vlaycu_jamal: bets 20
Mahu2021: calls 20
*** RIVER *** [As 8d Ts Qc] [2d]
vlaycu_jamal: bets 20
Mahu2021: raises 80 to 100
vlaycu_jamal: calls 80
*** SHOW DOWN ***
Mahu2021: shows [4c Ac] (a pair of Aces)
vlaycu_jamal: mucks hand 
Mahu2021 collected 370 from pot
*** SUMMARY ***
Total pot 370 | Rake 0 
Board [As 8d Ts Qc 2d]
Seat 1: vlaycu_jamal (big blind) mucked [4d Th]
Seat 2: Mahu2021 (button) showed [4c Ac] and won (370) with a pair of Aces
Seat 3: OMARO977 (small blind) folded before Flop



PokerStars Hand #251535727013: Tournament #3778920663, $1.84+$0.16 USD Hold'em No Limit - Level I (10/20) - 2024/07/17 20:35:40 CET [2024/07/17 14:35:40 ET]
Table '3778920663 1' 3-max Seat #3 is the button
Seat 1: vlaycu_jamal (380 in chips) 
Seat 2: Mahu2021 (670 in chips) 
Seat 3: OMARO977 (450 in chips) 
vlaycu_jamal: posts small blind 10
Mahu2021: posts big blind 20
*** HOLE CARDS ***
Dealt to Mahu2021 [4d As]
OMARO977: folds 
vlaycu_jamal: raises 20 to 40
Mahu2021: calls 20
*** FLOP *** [3s Jc Ah]
vlaycu_jamal: bets 20
Mahu2021: calls 20
*** TURN *** [3s Jc Ah] [9s]
vlaycu_jamal: bets 20
Mahu2021: calls 20
*** RIVER *** [3s Jc Ah 9s] [5h]
vlaycu_jamal: bets 80
Mahu2021: calls 80
*** SHOW DOWN ***
vlaycu_jamal: shows [Kc Ts] (high card Ace)
Mahu2021: shows [4d As] (a pair of Aces)
Mahu2021 collected 320 from pot
*** SUMMARY ***
Total pot 320 | Rake 0 
Board [3s Jc Ah 9s 5h]
Seat 1: vlaycu_jamal (small blind) showed [Kc Ts] and lost with high card Ace
Seat 2: Mahu2021 (big blind) showed [4d As] and won (320) with a pair of Aces
Seat 3: OMARO977 (button) folded before Flop (didn't bet)



PokerStars Hand #251535732697: Tournament #3778920663, $1.84+$0.16 USD Hold'em No Limit - Level I (10/20) - 2024/07/17 20:36:01 CET [2024/07/17 14:36:01 ET]
Table '3778920663 1' 3-max Seat #1 is the button
Seat 1: vlaycu_jamal (220 in chips) 
Seat 2: Mahu2021 (830 in chips) 
Seat 3: OMARO977 (450 in chips) 
Mahu2021: posts small blind 10
OMARO977: posts big blind 20
*** HOLE CARDS ***
Dealt to Mahu2021 [Ah 4s]
vlaycu_jamal: raises 200 to 220 and is all-in
Mahu2021: folds 
OMARO977: calls 200
*** FLOP *** [2h 9d Qh]
*** TURN *** [2h 9d Qh] [2c]
*** RIVER *** [2h 9d Qh 2c] [7c]
*** SHOW DOWN ***
OMARO977: shows [Ad 4d] (a pair of Deuces)
vlaycu_jamal: shows [7s Kc] (two pair, Sevens and Deuces)
vlaycu_jamal collected 450 from pot
*** SUMMARY ***
Total pot 450 | Rake 0 
Board [2h 9d Qh 2c 7c]
Seat 1: vlaycu_jamal (button) showed [7s Kc] and won (450) with two pair, Sevens and Deuces
Seat 2: Mahu2021 (small blind) folded before Flop
Seat 3: OMARO977 (big blind) showed [Ad 4d] and lost with a pair of Deuces



PokerStars Hand #251535737367: Tournament #3778920663, $1.84+$0.16 USD Hold'em No Limit - Level I (10/20) - 2024/07/17 20:36:18 CET [2024/07/17 14:36:18 ET]
Table '3778920663 1' 3-max Seat #2 is the button
Seat 1: vlaycu_jamal (450 in chips) 
Seat 2: Mahu2021 (820 in chips) 
Seat 3: OMARO977 (230 in chips) 
OMARO977: posts small blind 10
vlaycu_jamal: posts big blind 20
*** HOLE CARDS ***
Dealt to Mahu2021 [Qd 8c]
Mahu2021: folds 
OMARO977: raises 210 to 230 and is all-in
vlaycu_jamal: folds 
Uncalled bet (210) returned to OMARO977
OMARO977 collected 40 from pot
*** SUMMARY ***
Total pot 40 | Rake 0 
Seat 1: vlaycu_jamal (big blind) folded before Flop
Seat 2: Mahu2021 (button) folded before Flop (didn't bet)
Seat 3: OMARO977 (small blind) collected (40)



PokerStars Hand #251535740797: Tournament #3778920663, $1.84+$0.16 USD Hold'em No Limit - Level I (10/20) - 2024/07/17 20:36:31 CET [2024/07/17 14:36:31 ET]
Table '3778920663 1' 3-max Seat #3 is the button
Seat 1: vlaycu_jamal (430 in chips) 
Seat 2: Mahu2021 (820 in chips) 
Seat 3: OMARO977 (250 in chips) 
vlaycu_jamal: posts small blind 10
Mahu2021: posts big blind 20
*** HOLE CARDS ***
Dealt to Mahu2021 [7d 9s]
OMARO977: folds 
vlaycu_jamal: raises 20 to 40
Mahu2021: folds 
Uncalled bet (20) returned to vlaycu_jamal
vlaycu_jamal collected 40 from pot
*** SUMMARY ***
Total pot 40 | Rake 0 
Seat 1: vlaycu_jamal (small blind) collected (40)
Seat 2: Mahu2021 (big blind) folded before Flop
Seat 3: OMARO977 (button) folded before Flop (didn't bet)



PokerStars Hand #251535746610: Tournament #3778920663, $1.84+$0.16 USD Hold'em No Limit - Level I (10/20) - 2024/07/17 20:36:52 CET [2024/07/17 14:36:52 ET]
Table '3778920663 1' 3-max Seat #1 is the button
Seat 1: vlaycu_jamal (450 in chips) 
Seat 2: Mahu2021 (800 in chips) 
Seat 3: OMARO977 (250 in chips) 
Mahu2021: posts small blind 10
OMARO977: posts big blind 20
*** HOLE CARDS ***
Dealt to Mahu2021 [Jh 3h]
vlaycu_jamal: folds 
Mahu2021: calls 10
OMARO977: checks 
*** FLOP *** [Jd 6d Td]
Mahu2021: checks 
OMARO977: checks 
*** TURN *** [Jd 6d Td] [9s]
Mahu2021: checks 
OMARO977: bets 30
Mahu2021: calls 30
*** RIVER *** [Jd 6d Td 9s] [Tc]
Mahu2021: checks 
OMARO977: checks 
*** SHOW DOWN ***
Mahu2021: shows [Jh 3h] (two pair, Jacks and Tens)
OMARO977: mucks hand 
Mahu2021 collected 100 from pot
*** SUMMARY ***
Total pot 100 | Rake 0 
Board [Jd 6d Td 9s Tc]
Seat 1: vlaycu_jamal (button) folded before Flop (didn't bet)
Seat 2: Mahu2021 (small blind) showed [Jh 3h] and won (100) with two pair, Jacks and Tens
Seat 3: OMARO977 (big blind) mucked [6h 7c]



PokerStars Hand #251535760307: Tournament #3778920663, $1.84+$0.16 USD Hold'em No Limit - Level II (15/30) - 2024/07/17 20:37:42 CET [2024/07/17 14:37:42 ET]
Table '3778920663 1' 3-max Seat #2 is the button
Seat 1: vlaycu_jamal (450 in chips) 
Seat 2: Mahu2021 (850 in chips) 
Seat 3: OMARO977 (200 in chips) 
OMARO977: posts small blind 15
vlaycu_jamal: posts big blind 30
*** HOLE CARDS ***
Dealt to Mahu2021 [Th 3h]
Mahu2021: folds 
OMARO977: raises 170 to 200 and is all-in
vlaycu_jamal: folds 
Uncalled bet (170) returned to OMARO977
OMARO977 collected 60 from pot
*** SUMMARY ***
Total pot 60 | Rake 0 
Seat 1: vlaycu_jamal (big blind) folded before Flop
Seat 2: Mahu2021 (button) folded before Flop (didn't bet)
Seat 3: OMARO977 (small blind) collected (60)



PokerStars Hand #251535763634: Tournament #3778920663, $1.84+$0.16 USD Hold'em No Limit - Level II (15/30) - 2024/07/17 20:37:54 CET [2024/07/17 14:37:54 ET]
Table '3778920663 1' 3-max Seat #3 is the button
Seat 1: vlaycu_jamal (420 in chips) 
Seat 2: Mahu2021 (850 in chips) 
Seat 3: OMARO977 (230 in chips) 
vlaycu_jamal: posts small blind 15
Mahu2021: posts big blind 30
*** HOLE CARDS ***
Dealt to Mahu2021 [Th Kh]
OMARO977: raises 200 to 230 and is all-in
vlaycu_jamal: folds 
Mahu2021: calls 200
*** FLOP *** [3d 4d Qd]
*** TURN *** [3d 4d Qd] [6d]
*** RIVER *** [3d 4d Qd 6d] [2c]
*** SHOW DOWN ***
Mahu2021: shows [Th Kh] (high card King)
OMARO977: shows [As 3h] (a pair of Threes)
OMARO977 collected 475 from pot
*** SUMMARY ***
Total pot 475 | Rake 0 
Board [3d 4d Qd 6d 2c]
Seat 1: vlaycu_jamal (small blind) folded before Flop
Seat 2: Mahu2021 (big blind) showed [Th Kh] and lost with high card King
Seat 3: OMARO977 (button) showed [As 3h] and won (475) with a pair of Threes



PokerStars Hand #251535767848: Tournament #3778920663, $1.84+$0.16 USD Hold'em No Limit - Level II (15/30) - 2024/07/17 20:38:10 CET [2024/07/17 14:38:10 ET]
Table '3778920663 1' 3-max Seat #1 is the button
Seat 1: vlaycu_jamal (405 in chips) 
Seat 2: Mahu2021 (620 in chips) 
Seat 3: OMARO977 (475 in chips) 
Mahu2021: posts small blind 15
OMARO977: posts big blind 30
*** HOLE CARDS ***
Dealt to Mahu2021 [4d Jc]
vlaycu_jamal: raises 30 to 60
Mahu2021: folds 
OMARO977: calls 30
*** FLOP *** [3d 4c 7c]
OMARO977: checks 
vlaycu_jamal: bets 30
OMARO977: raises 90 to 120
vlaycu_jamal: calls 90
*** TURN *** [3d 4c 7c] [3c]
OMARO977: bets 295 and is all-in
vlaycu_jamal: calls 225 and is all-in
Uncalled bet (70) returned to OMARO977
*** RIVER *** [3d 4c 7c 3c] [7s]
*** SHOW DOWN ***
OMARO977: shows [5d 6d] (a straight, Three to Seven)
vlaycu_jamal: shows [6c Qh] (two pair, Sevens and Threes)
OMARO977 collected 825 from pot
vlaycu_jamal finished the tournament in 3rd place
*** SUMMARY ***
Total pot 825 | Rake 0 
Board [3d 4c 7c 3c 7s]
Seat 1: vlaycu_jamal (button) showed [6c Qh] and lost with two pair, Sevens and Threes
Seat 2: Mahu2021 (small blind) folded before Flop
Seat 3: OMARO977 (big blind) showed [5d 6d] and won (825) with a straight, Three to Seven



PokerStars Hand #251535779701: Tournament #3778920663, $1.84+$0.16 USD Hold'em No Limit - Level II (15/30) - 2024/07/17 20:38:53 CET [2024/07/17 14:38:53 ET]
Table '3778920663 1' 3-max Seat #3 is the button
Seat 2: Mahu2021 (605 in chips) 
Seat 3: OMARO977 (895 in chips) 
OMARO977: posts small blind 15
Mahu2021: posts big blind 30
*** HOLE CARDS ***
Dealt to Mahu2021 [Ts 6c]
OMARO977: raises 30 to 60
Mahu2021: folds 
Uncalled bet (30) returned to OMARO977
OMARO977 collected 60 from pot
*** SUMMARY ***
Total pot 60 | Rake 0 
Seat 2: Mahu2021 (big blind) folded before Flop
Seat 3: OMARO977 (button) (small blind) collected (60)



PokerStars Hand #251535782064: Tournament #3778920663, $1.84+$0.16 USD Hold'em No Limit - Level II (15/30) - 2024/07/17 20:39:02 CET [2024/07/17 14:39:02 ET]
Table '3778920663 1' 3-max Seat #2 is the button
Seat 2: Mahu2021 (575 in chips) 
Seat 3: OMARO977 (925 in chips) 
Mahu2021: posts small blind 15
OMARO977: posts big blind 30
*** HOLE CARDS ***
Dealt to Mahu2021 [Qh 3c]
Mahu2021: calls 15
OMARO977: checks 
*** FLOP *** [6c Jh 9c]
OMARO977: checks 
Mahu2021: checks 
*** TURN *** [6c Jh 9c] [2s]
OMARO977: checks 
Mahu2021: checks 
*** RIVER *** [6c Jh 9c 2s] [7s]
OMARO977: checks 
Mahu2021: checks 
*** SHOW DOWN ***
OMARO977: shows [2h Qs] (a pair of Deuces)
Mahu2021: mucks hand 
OMARO977 collected 60 from pot
*** SUMMARY ***
Total pot 60 | Rake 0 
Board [6c Jh 9c 2s 7s]
Seat 2: Mahu2021 (button) (small blind) mucked [Qh 3c]
Seat 3: OMARO977 (big blind) showed [2h Qs] and won (60) with a pair of Deuces



PokerStars Hand #251535795291: Tournament #3778920663, $1.84+$0.16 USD Hold'em No Limit - Level II (15/30) - 2024/07/17 20:39:51 CET [2024/07/17 14:39:51 ET]
Table '3778920663 1' 3-max Seat #3 is the button
Seat 2: Mahu2021 (545 in chips) 
Seat 3: OMARO977 (955 in chips) 
OMARO977: posts small blind 15
Mahu2021: posts big blind 30
*** HOLE CARDS ***
Dealt to Mahu2021 [7c 5s]
OMARO977: calls 15
Mahu2021: checks 
*** FLOP *** [5c 6s 3h]
Mahu2021: checks 
OMARO977: checks 
*** TURN *** [5c 6s 3h] [Qd]
Mahu2021: checks 
OMARO977: bets 45
Mahu2021: calls 45
*** RIVER *** [5c 6s 3h Qd] [9c]
Mahu2021: checks 
OMARO977: checks 
*** SHOW DOWN ***
Mahu2021: shows [7c 5s] (a pair of Fives)
OMARO977: shows [6c 8d] (a pair of Sixes)
OMARO977 collected 150 from pot
*** SUMMARY ***
Total pot 150 | Rake 0 
Board [5c 6s 3h Qd 9c]
Seat 2: Mahu2021 (big blind) showed [7c 5s] and lost with a pair of Fives
Seat 3: OMARO977 (button) (small blind) showed [6c 8d] and won (150) with a pair of Sixes



PokerStars Hand #251535803652: Tournament #3778920663, $1.84+$0.16 USD Hold'em No Limit - Level III (20/40) - 2024/07/17 20:40:21 CET [2024/07/17 14:40:21 ET]
Table '3778920663 1' 3-max Seat #2 is the button
Seat 2: Mahu2021 (470 in chips) 
Seat 3: OMARO977 (1030 in chips) 
Mahu2021: posts small blind 20
OMARO977: posts big blind 40
*** HOLE CARDS ***
Dealt to Mahu2021 [Qc 5h]
Mahu2021: calls 20
OMARO977: raises 60 to 100
Mahu2021: folds 
Uncalled bet (60) returned to OMARO977
OMARO977 collected 80 from pot
*** SUMMARY ***
Total pot 80 | Rake 0 
Seat 2: Mahu2021 (button) (small blind) folded before Flop
Seat 3: OMARO977 (big blind) collected (80)



PokerStars Hand #251535807740: Tournament #3778920663, $1.84+$0.16 USD Hold'em No Limit - Level III (20/40) - 2024/07/17 20:40:37 CET [2024/07/17 14:40:37 ET]
Table '3778920663 1' 3-max Seat #3 is the button
Seat 2: Mahu2021 (430 in chips) 
Seat 3: OMARO977 (1070 in chips) 
OMARO977: posts small blind 20
Mahu2021: posts big blind 40
*** HOLE CARDS ***
Dealt to Mahu2021 [Ad Qc]
OMARO977: calls 20
Mahu2021: raises 120 to 160
OMARO977: folds 
Uncalled bet (120) returned to Mahu2021
Mahu2021 collected 80 from pot
Mahu2021: doesn't show hand 
*** SUMMARY ***
Total pot 80 | Rake 0 
Seat 2: Mahu2021 (big blind) collected (80)
Seat 3: OMARO977 (button) (small blind) folded before Flop



PokerStars Hand #251535811058: Tournament #3778920663, $1.84+$0.16 USD Hold'em No Limit - Level III (20/40) - 2024/07/17 20:40:49 CET [2024/07/17 14:40:49 ET]
Table '3778920663 1' 3-max Seat #2 is the button
Seat 2: Mahu2021 (470 in chips) 
Seat 3: OMARO977 (1030 in chips) 
Mahu2021: posts small blind 20
OMARO977: posts big blind 40
*** HOLE CARDS ***
Dealt to Mahu2021 [Qh 9s]
Mahu2021: raises 40 to 80
OMARO977: folds 
Uncalled bet (40) returned to Mahu2021
Mahu2021 collected 80 from pot
Mahu2021: doesn't show hand 
*** SUMMARY ***
Total pot 80 | Rake 0 
Seat 2: Mahu2021 (button) (small blind) collected (80)
Seat 3: OMARO977 (big blind) folded before Flop



PokerStars Hand #251535814498: Tournament #3778920663, $1.84+$0.16 USD Hold'em No Limit - Level III (20/40) - 2024/07/17 20:41:01 CET [2024/07/17 14:41:01 ET]
Table '3778920663 1' 3-max Seat #3 is the button
Seat 2: Mahu2021 (510 in chips) 
Seat 3: OMARO977 (990 in chips) 
OMARO977: posts small blind 20
Mahu2021: posts big blind 40
*** HOLE CARDS ***
Dealt to Mahu2021 [As Kh]
OMARO977: raises 40 to 80
Mahu2021: raises 430 to 510 and is all-in
OMARO977: folds 
Uncalled bet (430) returned to Mahu2021
Mahu2021 collected 160 from pot
Mahu2021: doesn't show hand 
*** SUMMARY ***
Total pot 160 | Rake 0 
Seat 2: Mahu2021 (big blind) collected (160)
Seat 3: OMARO977 (button) (small blind) folded before Flop



PokerStars Hand #251535819819: Tournament #3778920663, $1.84+$0.16 USD Hold'em No Limit - Level III (20/40) - 2024/07/17 20:41:21 CET [2024/07/17 14:41:21 ET]
Table '3778920663 1' 3-max Seat #2 is the button
Seat 2: Mahu2021 (590 in chips) 
Seat 3: OMARO977 (910 in chips) 
Mahu2021: posts small blind 20
OMARO977: posts big blind 40
*** HOLE CARDS ***
Dealt to Mahu2021 [4s Ac]
Mahu2021: calls 20
OMARO977: checks 
*** FLOP *** [2s 4c 7d]
OMARO977: checks 
Mahu2021: bets 40
OMARO977: calls 40
*** TURN *** [2s 4c 7d] [Qd]
OMARO977: checks 
Mahu2021: bets 40
OMARO977: calls 40
*** RIVER *** [2s 4c 7d Qd] [2d]
OMARO977: checks 
Mahu2021: bets 240
OMARO977: folds 
Uncalled bet (240) returned to Mahu2021
Mahu2021 collected 240 from pot
Mahu2021: doesn't show hand 
*** SUMMARY ***
Total pot 240 | Rake 0 
Board [2s 4c 7d Qd 2d]
Seat 2: Mahu2021 (button) (small blind) collected (240)
Seat 3: OMARO977 (big blind) folded on the River



PokerStars Hand #251535836731: Tournament #3778920663, $1.84+$0.16 USD Hold'em No Limit - Level III (20/40) - 2024/07/17 20:42:22 CET [2024/07/17 14:42:22 ET]
Table '3778920663 1' 3-max Seat #3 is the button
Seat 2: Mahu2021 (710 in chips) 
Seat 3: OMARO977 (790 in chips) 
OMARO977: posts small blind 20
Mahu2021: posts big blind 40
*** HOLE CARDS ***
Dealt to Mahu2021 [Th Kh]
OMARO977: calls 20
Mahu2021: checks 
*** FLOP *** [Ks Js 7c]
Mahu2021: checks 
OMARO977: bets 40
Mahu2021: calls 40
*** TURN *** [Ks Js 7c] [2c]
Mahu2021: checks 
OMARO977: checks 
*** RIVER *** [Ks Js 7c 2c] [Td]
Mahu2021: bets 160
OMARO977: folds 
Uncalled bet (160) returned to Mahu2021
Mahu2021 collected 160 from pot
Mahu2021: doesn't show hand 
*** SUMMARY ***
Total pot 160 | Rake 0 
Board [Ks Js 7c 2c Td]
Seat 2: Mahu2021 (big blind) collected (160)
Seat 3: OMARO977 (button) (small blind) folded on the River



PokerStars Hand #251535845506: Tournament #3778920663, $1.84+$0.16 USD Hold'em No Limit - Level III (20/40) - 2024/07/17 20:42:54 CET [2024/07/17 14:42:54 ET]
Table '3778920663 1' 3-max Seat #2 is the button
Seat 2: Mahu2021 (790 in chips) 
Seat 3: OMARO977 (710 in chips) 
Mahu2021: posts small blind 20
OMARO977: posts big blind 40
*** HOLE CARDS ***
Dealt to Mahu2021 [7s Js]
Mahu2021: calls 20
OMARO977: raises 80 to 120
Mahu2021: calls 80
*** FLOP *** [9d 7h Td]
OMARO977: checks 
Mahu2021: bets 670 and is all-in
OMARO977: folds 
Uncalled bet (670) returned to Mahu2021
Mahu2021 collected 240 from pot
Mahu2021: doesn't show hand 
*** SUMMARY ***
Total pot 240 | Rake 0 
Board [9d 7h Td]
Seat 2: Mahu2021 (button) (small blind) collected (240)
Seat 3: OMARO977 (big blind) folded on the Flop



PokerStars Hand #251535857519: Tournament #3778920663, $1.84+$0.16 USD Hold'em No Limit - Level IV (30/60) - 2024/07/17 20:43:38 CET [2024/07/17 14:43:38 ET]
Table '3778920663 1' 3-max Seat #3 is the button
Seat 2: Mahu2021 (910 in chips) 
Seat 3: OMARO977 (590 in chips) 
OMARO977: posts small blind 30
Mahu2021: posts big blind 60
*** HOLE CARDS ***
Dealt to Mahu2021 [7c Qs]
OMARO977: raises 530 to 590 and is all-in
Mahu2021: folds 
Uncalled bet (530) returned to OMARO977
OMARO977 collected 120 from pot
*** SUMMARY ***
Total pot 120 | Rake 0 
Seat 2: Mahu2021 (big blind) folded before Flop
Seat 3: OMARO977 (button) (small blind) collected (120)



PokerStars Hand #251535859377: Tournament #3778920663, $1.84+$0.16 USD Hold'em No Limit - Level IV (30/60) - 2024/07/17 20:43:45 CET [2024/07/17 14:43:45 ET]
Table '3778920663 1' 3-max Seat #2 is the button
Seat 2: Mahu2021 (850 in chips) 
Seat 3: OMARO977 (650 in chips) 
Mahu2021: posts small blind 30
OMARO977: posts big blind 60
*** HOLE CARDS ***
Dealt to Mahu2021 [Ac 2s]
Mahu2021: calls 30
OMARO977: checks 
*** FLOP *** [4d Th Qc]
OMARO977: checks 
Mahu2021: checks 
*** TURN *** [4d Th Qc] [Ah]
OMARO977: checks 
Mahu2021: bets 60
OMARO977: calls 60
*** RIVER *** [4d Th Qc Ah] [6c]
OMARO977: checks 
Mahu2021: bets 120
OMARO977: calls 120
*** SHOW DOWN ***
Mahu2021: shows [Ac 2s] (a pair of Aces)
OMARO977: mucks hand 
Mahu2021 collected 480 from pot
*** SUMMARY ***
Total pot 480 | Rake 0 
Board [4d Th Qc Ah 6c]
Seat 2: Mahu2021 (button) (small blind) showed [Ac 2s] and won (480) with a pair of Aces
Seat 3: OMARO977 (big blind) mucked [Td 5d]



PokerStars Hand #251535871667: Tournament #3778920663, $1.84+$0.16 USD Hold'em No Limit - Level IV (30/60) - 2024/07/17 20:44:30 CET [2024/07/17 14:44:30 ET]
Table '3778920663 1' 3-max Seat #3 is the button
Seat 2: Mahu2021 (1090 in chips) 
Seat 3: OMARO977 (410 in chips) 
OMARO977: posts small blind 30
Mahu2021: posts big blind 60
*** HOLE CARDS ***
Dealt to Mahu2021 [2h 4s]
OMARO977: folds 
Uncalled bet (30) returned to Mahu2021
Mahu2021 collected 60 from pot
Mahu2021: doesn't show hand 
*** SUMMARY ***
Total pot 60 | Rake 0 
Seat 2: Mahu2021 (big blind) collected (60)
Seat 3: OMARO977 (button) (small blind) folded before Flop



PokerStars Hand #251535872793: Tournament #3778920663, $1.84+$0.16 USD Hold'em No Limit - Level IV (30/60) - 2024/07/17 20:44:34 CET [2024/07/17 14:44:34 ET]
Table '3778920663 1' 3-max Seat #2 is the button
Seat 2: Mahu2021 (1120 in chips) 
Seat 3: OMARO977 (380 in chips) 
Mahu2021: posts small blind 30
OMARO977: posts big blind 60
*** HOLE CARDS ***
Dealt to Mahu2021 [Qc Qh]
Mahu2021: raises 60 to 120
OMARO977: folds 
Uncalled bet (60) returned to Mahu2021
Mahu2021 collected 120 from pot
Mahu2021: doesn't show hand 
*** SUMMARY ***
Total pot 120 | Rake 0 
Seat 2: Mahu2021 (button) (small blind) collected (120)
Seat 3: OMARO977 (big blind) folded before Flop



PokerStars Hand #251535874764: Tournament #3778920663, $1.84+$0.16 USD Hold'em No Limit - Level IV (30/60) - 2024/07/17 20:44:41 CET [2024/07/17 14:44:41 ET]
Table '3778920663 1' 3-max Seat #3 is the button
Seat 2: Mahu2021 (1180 in chips) 
Seat 3: OMARO977 (320 in chips) 
OMARO977: posts small blind 30
Mahu2021: posts big blind 60
*** HOLE CARDS ***
Dealt to Mahu2021 [5s Ac]
OMARO977: raises 260 to 320 and is all-in
Mahu2021: calls 260
*** FLOP *** [6h 7h As]
*** TURN *** [6h 7h As] [3s]
*** RIVER *** [6h 7h As 3s] [8d]
*** SHOW DOWN ***
Mahu2021: shows [5s Ac] (a pair of Aces)
OMARO977: shows [Kc 7s] (a pair of Sevens)
Mahu2021 collected 640 from pot
OMARO977 finished the tournament in 2nd place
Mahu2021 wins the tournament and receives $6.00 - congratulations!
*** SUMMARY ***
Total pot 640 | Rake 0 
Board [6h 7h As 3s 8d]
Seat 2: Mahu2021 (big blind) showed [5s Ac] and won (640) with a pair of Aces
Seat 3: OMARO977 (button) (small blind) showed [Kc 7s] and lost with a pair of Sevens



