PokerStars Hand #252505035150: Tournament #3802273669, $1.84+$0.16 USD Hold'em No Limit - Level I (10/20) - 2024/09/18 7:16:12 CET [2024/09/18 1:16:12 ET]
Table '3802273669 1' 3-max Seat #1 is the button
Seat 1: Mahu2021 (500 in chips) 
Seat 2: mazahua (500 in chips) 
Seat 3: maxperform12 (500 in chips) 
mazahua: posts small blind 10
maxperform12: posts big blind 20
*** HOLE CARDS ***
Dealt to Mahu2021 [Jc Qc]
Mahu2021: raises 20 to 40
mazahua: folds 
maxperform12: calls 20
*** FLOP *** [Jd Ac 3c]
maxperform12: checks 
Mahu2021: bets 40
maxperform12: calls 40
*** TURN *** [Jd Ac 3c] [Jh]
maxperform12: checks 
Mahu2021: bets 40
maxperform12: folds 
Uncalled bet (40) returned to Mahu2021
Mahu2021 collected 170 from pot
Mahu2021: doesn't show hand 
*** SUMMARY ***
Total pot 170 | Rake 0 
Board [Jd Ac 3c Jh]
Seat 1: Mahu2021 (button) collected (170)
Seat 2: mazahua (small blind) folded before Flop
Seat 3: maxperform12 (big blind) folded on the Turn



PokerStars Hand #252505036716: Tournament #3802273669, $1.84+$0.16 USD Hold'em No Limit - Level I (10/20) - 2024/09/18 7:16:32 CET [2024/09/18 1:16:32 ET]
Table '3802273669 1' 3-max Seat #2 is the button
Seat 1: Mahu2021 (590 in chips) 
Seat 2: mazahua (490 in chips) 
Seat 3: maxperform12 (420 in chips) 
maxperform12: posts small blind 10
Mahu2021: posts big blind 20
*** HOLE CARDS ***
Dealt to Mahu2021 [2s 4s]
mazahua: raises 40 to 60
maxperform12: folds 
Mahu2021: folds 
Uncalled bet (40) returned to mazahua
mazahua collected 50 from pot
*** SUMMARY ***
Total pot 50 | Rake 0 
Seat 1: Mahu2021 (big blind) folded before Flop
Seat 2: mazahua (button) collected (50)
Seat 3: maxperform12 (small blind) folded before Flop



PokerStars Hand #252505037513: Tournament #3802273669, $1.84+$0.16 USD Hold'em No Limit - Level I (10/20) - 2024/09/18 7:16:42 CET [2024/09/18 1:16:42 ET]
Table '3802273669 1' 3-max Seat #3 is the button
Seat 1: Mahu2021 (570 in chips) 
Seat 2: mazahua (520 in chips) 
Seat 3: maxperform12 (410 in chips) 
Mahu2021: posts small blind 10
mazahua: posts big blind 20
*** HOLE CARDS ***
Dealt to Mahu2021 [Ad 6c]
maxperform12: calls 20
Mahu2021: calls 10
mazahua: checks 
*** FLOP *** [4s Qd 7h]
Mahu2021: checks 
mazahua: checks 
maxperform12: checks 
*** TURN *** [4s Qd 7h] [2s]
Mahu2021: checks 
mazahua: bets 20
maxperform12: calls 20
Mahu2021: folds 
*** RIVER *** [4s Qd 7h 2s] [5c]
mazahua: checks 
maxperform12: checks 
*** SHOW DOWN ***
mazahua: shows [Js 3s] (high card Queen)
maxperform12: shows [7c Jh] (a pair of Sevens)
maxperform12 collected 100 from pot
*** SUMMARY ***
Total pot 100 | Rake 0 
Board [4s Qd 7h 2s 5c]
Seat 1: Mahu2021 (small blind) folded on the Turn
Seat 2: mazahua (big blind) showed [Js 3s] and lost with high card Queen
Seat 3: maxperform12 (button) showed [7c Jh] and won (100) with a pair of Sevens



PokerStars Hand #252505039459: Tournament #3802273669, $1.84+$0.16 USD Hold'em No Limit - Level I (10/20) - 2024/09/18 7:17:06 CET [2024/09/18 1:17:06 ET]
Table '3802273669 1' 3-max Seat #1 is the button
Seat 1: Mahu2021 (550 in chips) 
Seat 2: mazahua (480 in chips) 
Seat 3: maxperform12 (470 in chips) 
mazahua: posts small blind 10
maxperform12: posts big blind 20
*** HOLE CARDS ***
Dealt to Mahu2021 [Kc Js]
Mahu2021: raises 20 to 40
mazahua: folds 
maxperform12: calls 20
*** FLOP *** [9d 2h As]
maxperform12: bets 20
Mahu2021: folds 
Uncalled bet (20) returned to maxperform12
maxperform12 collected 90 from pot
*** SUMMARY ***
Total pot 90 | Rake 0 
Board [9d 2h As]
Seat 1: Mahu2021 (button) folded on the Flop
Seat 2: mazahua (small blind) folded before Flop
Seat 3: maxperform12 (big blind) collected (90)



PokerStars Hand #252505040450: Tournament #3802273669, $1.84+$0.16 USD Hold'em No Limit - Level I (10/20) - 2024/09/18 7:17:18 CET [2024/09/18 1:17:18 ET]
Table '3802273669 1' 3-max Seat #2 is the button
Seat 1: Mahu2021 (510 in chips) 
Seat 2: mazahua (470 in chips) 
Seat 3: maxperform12 (520 in chips) 
maxperform12: posts small blind 10
Mahu2021: posts big blind 20
*** HOLE CARDS ***
Dealt to Mahu2021 [Td 9c]
mazahua: folds 
maxperform12: calls 10
Mahu2021: checks 
*** FLOP *** [Ts 6c 5h]
maxperform12: checks 
Mahu2021: bets 40
maxperform12: folds 
Uncalled bet (40) returned to Mahu2021
Mahu2021 collected 40 from pot
Mahu2021: doesn't show hand 
*** SUMMARY ***
Total pot 40 | Rake 0 
Board [Ts 6c 5h]
Seat 1: Mahu2021 (big blind) collected (40)
Seat 2: mazahua (button) folded before Flop (didn't bet)
Seat 3: maxperform12 (small blind) folded on the Flop



PokerStars Hand #252505041946: Tournament #3802273669, $1.84+$0.16 USD Hold'em No Limit - Level I (10/20) - 2024/09/18 7:17:37 CET [2024/09/18 1:17:37 ET]
Table '3802273669 1' 3-max Seat #3 is the button
Seat 1: Mahu2021 (530 in chips) 
Seat 2: mazahua (470 in chips) 
Seat 3: maxperform12 (500 in chips) 
Mahu2021: posts small blind 10
mazahua: posts big blind 20
*** HOLE CARDS ***
Dealt to Mahu2021 [6h Kh]
maxperform12: calls 20
Mahu2021: calls 10
mazahua: checks 
*** FLOP *** [Td 4c Qs]
Mahu2021: checks 
mazahua: checks 
maxperform12: checks 
*** TURN *** [Td 4c Qs] [As]
Mahu2021: checks 
mazahua: bets 20
maxperform12: calls 20
Mahu2021: calls 20
*** RIVER *** [Td 4c Qs As] [Qc]
Mahu2021: checks 
mazahua: checks 
maxperform12: checks 
*** SHOW DOWN ***
Mahu2021: shows [6h Kh] (a pair of Queens)
mazahua: shows [5s Kc] (a pair of Queens)
maxperform12: shows [9h Ad] (two pair, Aces and Queens)
maxperform12 collected 120 from pot
*** SUMMARY ***
Total pot 120 | Rake 0 
Board [Td 4c Qs As Qc]
Seat 1: Mahu2021 (small blind) showed [6h Kh] and lost with a pair of Queens
Seat 2: mazahua (big blind) showed [5s Kc] and lost with a pair of Queens
Seat 3: maxperform12 (button) showed [9h Ad] and won (120) with two pair, Aces and Queens



PokerStars Hand #252505043772: Tournament #3802273669, $1.84+$0.16 USD Hold'em No Limit - Level I (10/20) - 2024/09/18 7:17:59 CET [2024/09/18 1:17:59 ET]
Table '3802273669 1' 3-max Seat #1 is the button
Seat 1: Mahu2021 (490 in chips) 
Seat 2: mazahua (430 in chips) 
Seat 3: maxperform12 (580 in chips) 
mazahua: posts small blind 10
maxperform12: posts big blind 20
*** HOLE CARDS ***
Dealt to Mahu2021 [7s 2d]
Mahu2021: folds 
mazahua: calls 10
maxperform12: checks 
*** FLOP *** [Qh 9s 3d]
mazahua: checks 
maxperform12: checks 
*** TURN *** [Qh 9s 3d] [8s]
mazahua: checks 
maxperform12: bets 20
mazahua: folds 
Uncalled bet (20) returned to maxperform12
maxperform12 collected 40 from pot
*** SUMMARY ***
Total pot 40 | Rake 0 
Board [Qh 9s 3d 8s]
Seat 1: Mahu2021 (button) folded before Flop (didn't bet)
Seat 2: mazahua (small blind) folded on the Turn
Seat 3: maxperform12 (big blind) collected (40)



PokerStars Hand #252505045355: Tournament #3802273669, $1.84+$0.16 USD Hold'em No Limit - Level I (10/20) - 2024/09/18 7:18:18 CET [2024/09/18 1:18:18 ET]
Table '3802273669 1' 3-max Seat #2 is the button
Seat 1: Mahu2021 (490 in chips) 
Seat 2: mazahua (410 in chips) 
Seat 3: maxperform12 (600 in chips) 
maxperform12: posts small blind 10
Mahu2021: posts big blind 20
*** HOLE CARDS ***
Dealt to Mahu2021 [7h Jh]
mazahua: raises 20 to 40
maxperform12: calls 30
Mahu2021: calls 20
*** FLOP *** [Ks 8c 9s]
maxperform12: bets 20
Mahu2021: calls 20
mazahua: calls 20
*** TURN *** [Ks 8c 9s] [9h]
maxperform12: bets 20
Mahu2021: calls 20
mazahua: raises 60 to 80
maxperform12: folds 
Mahu2021: folds 
Uncalled bet (60) returned to mazahua
mazahua collected 240 from pot
*** SUMMARY ***
Total pot 240 | Rake 0 
Board [Ks 8c 9s 9h]
Seat 1: Mahu2021 (big blind) folded on the Turn
Seat 2: mazahua (button) collected (240)
Seat 3: maxperform12 (small blind) folded on the Turn



PokerStars Hand #252505047190: Tournament #3802273669, $1.84+$0.16 USD Hold'em No Limit - Level I (10/20) - 2024/09/18 7:18:41 CET [2024/09/18 1:18:41 ET]
Table '3802273669 1' 3-max Seat #3 is the button
Seat 1: Mahu2021 (410 in chips) 
Seat 2: mazahua (570 in chips) 
Seat 3: maxperform12 (520 in chips) 
Mahu2021: posts small blind 10
mazahua: posts big blind 20
*** HOLE CARDS ***
Dealt to Mahu2021 [Th Jc]
maxperform12: calls 20
Mahu2021: calls 10
mazahua: checks 
*** FLOP *** [As Qh 2c]
Mahu2021: checks 
mazahua: checks 
maxperform12: checks 
*** TURN *** [As Qh 2c] [6s]
Mahu2021: checks 
mazahua: checks 
maxperform12: checks 
*** RIVER *** [As Qh 2c 6s] [4c]
Mahu2021: bets 20
mazahua: calls 20
maxperform12: folds 
*** SHOW DOWN ***
Mahu2021: shows [Th Jc] (high card Ace)
mazahua: shows [4h 3d] (a pair of Fours)
mazahua collected 100 from pot
*** SUMMARY ***
Total pot 100 | Rake 0 
Board [As Qh 2c 6s 4c]
Seat 1: Mahu2021 (small blind) showed [Th Jc] and lost with high card Ace
Seat 2: mazahua (big blind) showed [4h 3d] and won (100) with a pair of Fours
Seat 3: maxperform12 (button) folded on the River



PokerStars Hand #252505049218: Tournament #3802273669, $1.84+$0.16 USD Hold'em No Limit - Level I (10/20) - 2024/09/18 7:19:05 CET [2024/09/18 1:19:05 ET]
Table '3802273669 1' 3-max Seat #1 is the button
Seat 1: Mahu2021 (370 in chips) 
Seat 2: mazahua (630 in chips) 
Seat 3: maxperform12 (500 in chips) 
mazahua: posts small blind 10
maxperform12: posts big blind 20
*** HOLE CARDS ***
Dealt to Mahu2021 [As 6c]
Mahu2021: raises 20 to 40
mazahua: folds 
maxperform12: calls 20
*** FLOP *** [4c 2c Td]
maxperform12: checks 
Mahu2021: checks 
*** TURN *** [4c 2c Td] [Jd]
maxperform12: checks 
Mahu2021: checks 
*** RIVER *** [4c 2c Td Jd] [Kh]
maxperform12: checks 
Mahu2021: checks 
*** SHOW DOWN ***
maxperform12: shows [7h 8s] (high card King)
Mahu2021: shows [As 6c] (high card Ace)
Mahu2021 collected 90 from pot
*** SUMMARY ***
Total pot 90 | Rake 0 
Board [4c 2c Td Jd Kh]
Seat 1: Mahu2021 (button) showed [As 6c] and won (90) with high card Ace
Seat 2: mazahua (small blind) folded before Flop
Seat 3: maxperform12 (big blind) showed [7h 8s] and lost with high card King



PokerStars Hand #252505050719: Tournament #3802273669, $1.84+$0.16 USD Hold'em No Limit - Level II (15/30) - 2024/09/18 7:19:24 CET [2024/09/18 1:19:24 ET]
Table '3802273669 1' 3-max Seat #2 is the button
Seat 1: Mahu2021 (420 in chips) 
Seat 2: mazahua (620 in chips) 
Seat 3: maxperform12 (460 in chips) 
maxperform12: posts small blind 15
Mahu2021: posts big blind 30
*** HOLE CARDS ***
Dealt to Mahu2021 [9d 5h]
mazahua: folds 
maxperform12: calls 15
Mahu2021: checks 
*** FLOP *** [Td 8d 3c]
maxperform12: bets 30
Mahu2021: folds 
Uncalled bet (30) returned to maxperform12
maxperform12 collected 60 from pot
*** SUMMARY ***
Total pot 60 | Rake 0 
Board [Td 8d 3c]
Seat 1: Mahu2021 (big blind) folded on the Flop
Seat 2: mazahua (button) folded before Flop (didn't bet)
Seat 3: maxperform12 (small blind) collected (60)



PokerStars Hand #252505051836: Tournament #3802273669, $1.84+$0.16 USD Hold'em No Limit - Level II (15/30) - 2024/09/18 7:19:37 CET [2024/09/18 1:19:37 ET]
Table '3802273669 1' 3-max Seat #3 is the button
Seat 1: Mahu2021 (390 in chips) 
Seat 2: mazahua (620 in chips) 
Seat 3: maxperform12 (490 in chips) 
Mahu2021: posts small blind 15
mazahua: posts big blind 30
*** HOLE CARDS ***
Dealt to Mahu2021 [8s Qc]
maxperform12: calls 30
Mahu2021: calls 15
mazahua: checks 
*** FLOP *** [3d 4s Ac]
Mahu2021: checks 
mazahua: bets 30
maxperform12: calls 30
Mahu2021: folds 
*** TURN *** [3d 4s Ac] [9c]
mazahua: checks 
maxperform12: bets 30
mazahua: calls 30
*** RIVER *** [3d 4s Ac 9c] [2c]
mazahua: checks 
maxperform12: bets 30
mazahua: calls 30
*** SHOW DOWN ***
maxperform12: shows [As 3s] (two pair, Aces and Threes)
mazahua: mucks hand 
maxperform12 collected 270 from pot
*** SUMMARY ***
Total pot 270 | Rake 0 
Board [3d 4s Ac 9c 2c]
Seat 1: Mahu2021 (small blind) folded on the Flop
Seat 2: mazahua (big blind) mucked [4c 8d]
Seat 3: maxperform12 (button) showed [As 3s] and won (270) with two pair, Aces and Threes



PokerStars Hand #252505053847: Tournament #3802273669, $1.84+$0.16 USD Hold'em No Limit - Level II (15/30) - 2024/09/18 7:20:01 CET [2024/09/18 1:20:01 ET]
Table '3802273669 1' 3-max Seat #1 is the button
Seat 1: Mahu2021 (360 in chips) 
Seat 2: mazahua (500 in chips) 
Seat 3: maxperform12 (640 in chips) 
mazahua: posts small blind 15
maxperform12: posts big blind 30
*** HOLE CARDS ***
Dealt to Mahu2021 [Js 3d]
Mahu2021: folds 
mazahua: calls 15
maxperform12: checks 
*** FLOP *** [8s 8h 2h]
mazahua: checks 
maxperform12: checks 
*** TURN *** [8s 8h 2h] [Ts]
mazahua: bets 30
maxperform12: calls 30
*** RIVER *** [8s 8h 2h Ts] [4d]
mazahua: checks 
maxperform12: checks 
*** SHOW DOWN ***
mazahua: shows [4s Qc] (two pair, Eights and Fours)
maxperform12: mucks hand 
mazahua collected 120 from pot
*** SUMMARY ***
Total pot 120 | Rake 0 
Board [8s 8h 2h Ts 4d]
Seat 1: Mahu2021 (button) folded before Flop (didn't bet)
Seat 2: mazahua (small blind) showed [4s Qc] and won (120) with two pair, Eights and Fours
Seat 3: maxperform12 (big blind) mucked [7h 4h]



PokerStars Hand #252505055462: Tournament #3802273669, $1.84+$0.16 USD Hold'em No Limit - Level II (15/30) - 2024/09/18 7:20:21 CET [2024/09/18 1:20:21 ET]
Table '3802273669 1' 3-max Seat #2 is the button
Seat 1: Mahu2021 (360 in chips) 
Seat 2: mazahua (560 in chips) 
Seat 3: maxperform12 (580 in chips) 
maxperform12: posts small blind 15
Mahu2021: posts big blind 30
*** HOLE CARDS ***
Dealt to Mahu2021 [6d 4s]
mazahua: raises 30 to 60
maxperform12: calls 45
Mahu2021: folds 
*** FLOP *** [Ks Ac 9d]
maxperform12: bets 30
mazahua: raises 60 to 90
maxperform12: calls 60
*** TURN *** [Ks Ac 9d] [Qd]
maxperform12: checks 
mazahua: bets 60
maxperform12: folds 
Uncalled bet (60) returned to mazahua
mazahua collected 330 from pot
*** SUMMARY ***
Total pot 330 | Rake 0 
Board [Ks Ac 9d Qd]
Seat 1: Mahu2021 (big blind) folded before Flop
Seat 2: mazahua (button) collected (330)
Seat 3: maxperform12 (small blind) folded on the Turn



PokerStars Hand #252505057940: Tournament #3802273669, $1.84+$0.16 USD Hold'em No Limit - Level II (15/30) - 2024/09/18 7:20:51 CET [2024/09/18 1:20:51 ET]
Table '3802273669 1' 3-max Seat #3 is the button
Seat 1: Mahu2021 (330 in chips) 
Seat 2: mazahua (740 in chips) 
Seat 3: maxperform12 (430 in chips) 
Mahu2021: posts small blind 15
mazahua: posts big blind 30
*** HOLE CARDS ***
Dealt to Mahu2021 [9d Js]
maxperform12: folds 
Mahu2021: calls 15
mazahua: checks 
*** FLOP *** [8d Tc Jh]
Mahu2021: bets 30
mazahua: calls 30
*** TURN *** [8d Tc Jh] [Ac]
Mahu2021: bets 30
mazahua: calls 30
*** RIVER *** [8d Tc Jh Ac] [Qs]
Mahu2021: bets 180
mazahua: folds 
Uncalled bet (180) returned to Mahu2021
Mahu2021 collected 180 from pot
Mahu2021: doesn't show hand 
*** SUMMARY ***
Total pot 180 | Rake 0 
Board [8d Tc Jh Ac Qs]
Seat 1: Mahu2021 (small blind) collected (180)
Seat 2: mazahua (big blind) folded on the River
Seat 3: maxperform12 (button) folded before Flop (didn't bet)



PokerStars Hand #252505059445: Tournament #3802273669, $1.84+$0.16 USD Hold'em No Limit - Level II (15/30) - 2024/09/18 7:21:10 CET [2024/09/18 1:21:10 ET]
Table '3802273669 1' 3-max Seat #1 is the button
Seat 1: Mahu2021 (420 in chips) 
Seat 2: mazahua (650 in chips) 
Seat 3: maxperform12 (430 in chips) 
mazahua: posts small blind 15
maxperform12: posts big blind 30
*** HOLE CARDS ***
Dealt to Mahu2021 [5c Jc]
Mahu2021: calls 30
mazahua: folds 
maxperform12: checks 
*** FLOP *** [7d 2h 8c]
maxperform12: bets 30
Mahu2021: folds 
Uncalled bet (30) returned to maxperform12
maxperform12 collected 75 from pot
*** SUMMARY ***
Total pot 75 | Rake 0 
Board [7d 2h 8c]
Seat 1: Mahu2021 (button) folded on the Flop
Seat 2: mazahua (small blind) folded before Flop
Seat 3: maxperform12 (big blind) collected (75)



PokerStars Hand #252505060583: Tournament #3802273669, $1.84+$0.16 USD Hold'em No Limit - Level II (15/30) - 2024/09/18 7:21:25 CET [2024/09/18 1:21:25 ET]
Table '3802273669 1' 3-max Seat #2 is the button
Seat 1: Mahu2021 (390 in chips) 
Seat 2: mazahua (635 in chips) 
Seat 3: maxperform12 (475 in chips) 
maxperform12: posts small blind 15
Mahu2021: posts big blind 30
*** HOLE CARDS ***
Dealt to Mahu2021 [8c As]
mazahua: calls 30
maxperform12: calls 15
Mahu2021: raises 360 to 390 and is all-in
mazahua: folds 
maxperform12: folds 
Uncalled bet (360) returned to Mahu2021
Mahu2021 collected 90 from pot
Mahu2021: doesn't show hand 
*** SUMMARY ***
Total pot 90 | Rake 0 
Seat 1: Mahu2021 (big blind) collected (90)
Seat 2: mazahua (button) folded before Flop
Seat 3: maxperform12 (small blind) folded before Flop



PokerStars Hand #252505061581: Tournament #3802273669, $1.84+$0.16 USD Hold'em No Limit - Level II (15/30) - 2024/09/18 7:21:37 CET [2024/09/18 1:21:37 ET]
Table '3802273669 1' 3-max Seat #3 is the button
Seat 1: Mahu2021 (450 in chips) 
Seat 2: mazahua (605 in chips) 
Seat 3: maxperform12 (445 in chips) 
Mahu2021: posts small blind 15
mazahua: posts big blind 30
*** HOLE CARDS ***
Dealt to Mahu2021 [Qc Qh]
maxperform12: folds 
Mahu2021: raises 30 to 60
mazahua: calls 30
*** FLOP *** [Jc 6s 2d]
Mahu2021: bets 390 and is all-in
mazahua: folds 
Uncalled bet (390) returned to Mahu2021
Mahu2021 collected 120 from pot
Mahu2021: doesn't show hand 
*** SUMMARY ***
Total pot 120 | Rake 0 
Board [Jc 6s 2d]
Seat 1: Mahu2021 (small blind) collected (120)
Seat 2: mazahua (big blind) folded on the Flop
Seat 3: maxperform12 (button) folded before Flop (didn't bet)



PokerStars Hand #252505062984: Tournament #3802273669, $1.84+$0.16 USD Hold'em No Limit - Level II (15/30) - 2024/09/18 7:21:53 CET [2024/09/18 1:21:53 ET]
Table '3802273669 1' 3-max Seat #1 is the button
Seat 1: Mahu2021 (510 in chips) 
Seat 2: mazahua (545 in chips) 
Seat 3: maxperform12 (445 in chips) 
mazahua: posts small blind 15
maxperform12: posts big blind 30
*** HOLE CARDS ***
Dealt to Mahu2021 [3c 4s]
Mahu2021: folds 
mazahua: calls 15
maxperform12: checks 
*** FLOP *** [3h 7s 6c]
mazahua: checks 
maxperform12: checks 
*** TURN *** [3h 7s 6c] [Js]
mazahua: checks 
maxperform12: checks 
*** RIVER *** [3h 7s 6c Js] [6h]
mazahua: checks 
maxperform12: checks 
*** SHOW DOWN ***
mazahua: shows [Th Qc] (a pair of Sixes)
maxperform12: shows [Ks 4h] (a pair of Sixes - King kicker)
maxperform12 collected 60 from pot
*** SUMMARY ***
Total pot 60 | Rake 0 
Board [3h 7s 6c Js 6h]
Seat 1: Mahu2021 (button) folded before Flop (didn't bet)
Seat 2: mazahua (small blind) showed [Th Qc] and lost with a pair of Sixes
Seat 3: maxperform12 (big blind) showed [Ks 4h] and won (60) with a pair of Sixes



PokerStars Hand #252505064421: Tournament #3802273669, $1.84+$0.16 USD Hold'em No Limit - Level II (15/30) - 2024/09/18 7:22:10 CET [2024/09/18 1:22:10 ET]
Table '3802273669 1' 3-max Seat #2 is the button
Seat 1: Mahu2021 (510 in chips) 
Seat 2: mazahua (515 in chips) 
Seat 3: maxperform12 (475 in chips) 
maxperform12: posts small blind 15
Mahu2021: posts big blind 30
*** HOLE CARDS ***
Dealt to Mahu2021 [7h Qc]
mazahua: folds 
maxperform12: calls 15
Mahu2021: checks 
*** FLOP *** [7d 9c Qs]
maxperform12: checks 
Mahu2021: checks 
*** TURN *** [7d 9c Qs] [5h]
maxperform12: checks 
Mahu2021: bets 30
maxperform12: calls 30
*** RIVER *** [7d 9c Qs 5h] [3c]
maxperform12: checks 
Mahu2021: bets 30
maxperform12: calls 30
*** SHOW DOWN ***
Mahu2021: shows [7h Qc] (two pair, Queens and Sevens)
maxperform12: mucks hand 
Mahu2021 collected 180 from pot
*** SUMMARY ***
Total pot 180 | Rake 0 
Board [7d 9c Qs 5h 3c]
Seat 1: Mahu2021 (big blind) showed [7h Qc] and won (180) with two pair, Queens and Sevens
Seat 2: mazahua (button) folded before Flop (didn't bet)
Seat 3: maxperform12 (small blind) mucked [6h 6s]



PokerStars Hand #252505066964: Tournament #3802273669, $1.84+$0.16 USD Hold'em No Limit - Level III (20/40) - 2024/09/18 7:22:41 CET [2024/09/18 1:22:41 ET]
Table '3802273669 1' 3-max Seat #3 is the button
Seat 1: Mahu2021 (600 in chips) 
Seat 2: mazahua (515 in chips) 
Seat 3: maxperform12 (385 in chips) 
Mahu2021: posts small blind 20
mazahua: posts big blind 40
*** HOLE CARDS ***
Dealt to Mahu2021 [9c Qd]
maxperform12: folds 
Mahu2021: calls 20
mazahua: checks 
*** FLOP *** [7c 2h As]
Mahu2021: checks 
mazahua: bets 80
Mahu2021: folds 
Uncalled bet (80) returned to mazahua
mazahua collected 80 from pot
*** SUMMARY ***
Total pot 80 | Rake 0 
Board [7c 2h As]
Seat 1: Mahu2021 (small blind) folded on the Flop
Seat 2: mazahua (big blind) collected (80)
Seat 3: maxperform12 (button) folded before Flop (didn't bet)



PokerStars Hand #252505068146: Tournament #3802273669, $1.84+$0.16 USD Hold'em No Limit - Level III (20/40) - 2024/09/18 7:22:55 CET [2024/09/18 1:22:55 ET]
Table '3802273669 1' 3-max Seat #1 is the button
Seat 1: Mahu2021 (560 in chips) 
Seat 2: mazahua (555 in chips) 
Seat 3: maxperform12 (385 in chips) 
mazahua: posts small blind 20
maxperform12: posts big blind 40
*** HOLE CARDS ***
Dealt to Mahu2021 [8h 5s]
Mahu2021: folds 
mazahua: calls 20
maxperform12: checks 
*** FLOP *** [7c Jc 9c]
mazahua: checks 
maxperform12: checks 
*** TURN *** [7c Jc 9c] [Tc]
mazahua: checks 
maxperform12: checks 
*** RIVER *** [7c Jc 9c Tc] [4s]
mazahua: checks 
maxperform12: bets 40
mazahua: folds 
Uncalled bet (40) returned to maxperform12
maxperform12 collected 80 from pot
*** SUMMARY ***
Total pot 80 | Rake 0 
Board [7c Jc 9c Tc 4s]
Seat 1: Mahu2021 (button) folded before Flop (didn't bet)
Seat 2: mazahua (small blind) folded on the River
Seat 3: maxperform12 (big blind) collected (80)



PokerStars Hand #252505070239: Tournament #3802273669, $1.84+$0.16 USD Hold'em No Limit - Level III (20/40) - 2024/09/18 7:23:21 CET [2024/09/18 1:23:21 ET]
Table '3802273669 1' 3-max Seat #2 is the button
Seat 1: Mahu2021 (560 in chips) 
Seat 2: mazahua (515 in chips) 
Seat 3: maxperform12 (425 in chips) 
maxperform12: posts small blind 20
Mahu2021: posts big blind 40
*** HOLE CARDS ***
Dealt to Mahu2021 [5s 6c]
mazahua: folds 
maxperform12: calls 20
Mahu2021: checks 
*** FLOP *** [Th 9s Jc]
maxperform12: checks 
Mahu2021: checks 
*** TURN *** [Th 9s Jc] [9d]
maxperform12: checks 
Mahu2021: checks 
*** RIVER *** [Th 9s Jc 9d] [Qd]
maxperform12: checks 
Mahu2021: checks 
*** SHOW DOWN ***
maxperform12: shows [4c 5h] (a pair of Nines)
Mahu2021: shows [5s 6c] (a pair of Nines)
maxperform12 collected 40 from pot
Mahu2021 collected 40 from pot
*** SUMMARY ***
Total pot 80 | Rake 0 
Board [Th 9s Jc 9d Qd]
Seat 1: Mahu2021 (big blind) showed [5s 6c] and won (40) with a pair of Nines
Seat 2: mazahua (button) folded before Flop (didn't bet)
Seat 3: maxperform12 (small blind) showed [4c 5h] and won (40) with a pair of Nines



PokerStars Hand #252505071567: Tournament #3802273669, $1.84+$0.16 USD Hold'em No Limit - Level III (20/40) - 2024/09/18 7:23:36 CET [2024/09/18 1:23:36 ET]
Table '3802273669 1' 3-max Seat #3 is the button
Seat 1: Mahu2021 (560 in chips) 
Seat 2: mazahua (515 in chips) 
Seat 3: maxperform12 (425 in chips) 
Mahu2021: posts small blind 20
mazahua: posts big blind 40
*** HOLE CARDS ***
Dealt to Mahu2021 [3s 9c]
maxperform12: calls 40
Mahu2021: folds 
mazahua: checks 
*** FLOP *** [Qs Ac 4d]
mazahua: checks 
maxperform12: checks 
*** TURN *** [Qs Ac 4d] [Tc]
mazahua: bets 40
maxperform12: calls 40
*** RIVER *** [Qs Ac 4d Tc] [3d]
mazahua: checks 
maxperform12: checks 
*** SHOW DOWN ***
mazahua: shows [7d Kc] (high card Ace)
maxperform12: shows [As 5d] (a pair of Aces)
maxperform12 collected 180 from pot
*** SUMMARY ***
Total pot 180 | Rake 0 
Board [Qs Ac 4d Tc 3d]
Seat 1: Mahu2021 (small blind) folded before Flop
Seat 2: mazahua (big blind) showed [7d Kc] and lost with high card Ace
Seat 3: maxperform12 (button) showed [As 5d] and won (180) with a pair of Aces



PokerStars Hand #252505073163: Tournament #3802273669, $1.84+$0.16 USD Hold'em No Limit - Level III (20/40) - 2024/09/18 7:23:56 CET [2024/09/18 1:23:56 ET]
Table '3802273669 1' 3-max Seat #1 is the button
Seat 1: Mahu2021 (540 in chips) 
Seat 2: mazahua (435 in chips) 
Seat 3: maxperform12 (525 in chips) 
mazahua: posts small blind 20
maxperform12: posts big blind 40
*** HOLE CARDS ***
Dealt to Mahu2021 [8d Kc]
Mahu2021: raises 40 to 80
mazahua: folds 
maxperform12: calls 40
*** FLOP *** [7d 7s 7h]
maxperform12: checks 
Mahu2021: bets 40
maxperform12: folds 
Uncalled bet (40) returned to Mahu2021
Mahu2021 collected 180 from pot
Mahu2021: doesn't show hand 
*** SUMMARY ***
Total pot 180 | Rake 0 
Board [7d 7s 7h]
Seat 1: Mahu2021 (button) collected (180)
Seat 2: mazahua (small blind) folded before Flop
Seat 3: maxperform12 (big blind) folded on the Flop



PokerStars Hand #252505074225: Tournament #3802273669, $1.84+$0.16 USD Hold'em No Limit - Level III (20/40) - 2024/09/18 7:24:10 CET [2024/09/18 1:24:10 ET]
Table '3802273669 1' 3-max Seat #2 is the button
Seat 1: Mahu2021 (640 in chips) 
Seat 2: mazahua (415 in chips) 
Seat 3: maxperform12 (445 in chips) 
maxperform12: posts small blind 20
Mahu2021: posts big blind 40
*** HOLE CARDS ***
Dealt to Mahu2021 [2h 6h]
mazahua: folds 
maxperform12: calls 20
Mahu2021: checks 
*** FLOP *** [3h 9h 2s]
maxperform12: bets 40
Mahu2021: raises 120 to 160
maxperform12: folds 
Uncalled bet (120) returned to Mahu2021
Mahu2021 collected 160 from pot
Mahu2021: doesn't show hand 
*** SUMMARY ***
Total pot 160 | Rake 0 
Board [3h 9h 2s]
Seat 1: Mahu2021 (big blind) collected (160)
Seat 2: mazahua (button) folded before Flop (didn't bet)
Seat 3: maxperform12 (small blind) folded on the Flop



PokerStars Hand #252505075483: Tournament #3802273669, $1.84+$0.16 USD Hold'em No Limit - Level III (20/40) - 2024/09/18 7:24:25 CET [2024/09/18 1:24:25 ET]
Table '3802273669 1' 3-max Seat #3 is the button
Seat 1: Mahu2021 (720 in chips) 
Seat 2: mazahua (415 in chips) 
Seat 3: maxperform12 (365 in chips) 
Mahu2021: posts small blind 20
mazahua: posts big blind 40
*** HOLE CARDS ***
Dealt to Mahu2021 [9s 6s]
maxperform12: folds 
Mahu2021: calls 20
mazahua: checks 
*** FLOP *** [Js 5d Ah]
Mahu2021: checks 
mazahua: checks 
*** TURN *** [Js 5d Ah] [4h]
Mahu2021: checks 
mazahua: checks 
*** RIVER *** [Js 5d Ah 4h] [3s]
Mahu2021: bets 40
mazahua: calls 40
*** SHOW DOWN ***
Mahu2021: shows [9s 6s] (high card Ace)
mazahua: shows [Qd 3d] (a pair of Threes)
mazahua collected 160 from pot
*** SUMMARY ***
Total pot 160 | Rake 0 
Board [Js 5d Ah 4h 3s]
Seat 1: Mahu2021 (small blind) showed [9s 6s] and lost with high card Ace
Seat 2: mazahua (big blind) showed [Qd 3d] and won (160) with a pair of Threes
Seat 3: maxperform12 (button) folded before Flop (didn't bet)



PokerStars Hand #252505076877: Tournament #3802273669, $1.84+$0.16 USD Hold'em No Limit - Level III (20/40) - 2024/09/18 7:24:43 CET [2024/09/18 1:24:43 ET]
Table '3802273669 1' 3-max Seat #1 is the button
Seat 1: Mahu2021 (640 in chips) 
Seat 2: mazahua (495 in chips) 
Seat 3: maxperform12 (365 in chips) 
mazahua: posts small blind 20
maxperform12: posts big blind 40
*** HOLE CARDS ***
Dealt to Mahu2021 [5s Qh]
Mahu2021: folds 
mazahua: calls 20
maxperform12: checks 
*** FLOP *** [Jc Ts 4c]
mazahua: checks 
maxperform12: checks 
*** TURN *** [Jc Ts 4c] [Jd]
mazahua: checks 
maxperform12: checks 
*** RIVER *** [Jc Ts 4c Jd] [Th]
mazahua: checks 
maxperform12: bets 40
mazahua: folds 
Uncalled bet (40) returned to maxperform12
maxperform12 collected 80 from pot
*** SUMMARY ***
Total pot 80 | Rake 0 
Board [Jc Ts 4c Jd Th]
Seat 1: Mahu2021 (button) folded before Flop (didn't bet)
Seat 2: mazahua (small blind) folded on the River
Seat 3: maxperform12 (big blind) collected (80)



PokerStars Hand #252505078658: Tournament #3802273669, $1.84+$0.16 USD Hold'em No Limit - Level III (20/40) - 2024/09/18 7:25:05 CET [2024/09/18 1:25:05 ET]
Table '3802273669 1' 3-max Seat #2 is the button
Seat 1: Mahu2021 (640 in chips) 
Seat 2: mazahua (455 in chips) 
Seat 3: maxperform12 (405 in chips) 
maxperform12: posts small blind 20
Mahu2021: posts big blind 40
*** HOLE CARDS ***
Dealt to Mahu2021 [Qc Ks]
mazahua: folds 
maxperform12: calls 20
Mahu2021: raises 120 to 160
maxperform12: folds 
Uncalled bet (120) returned to Mahu2021
Mahu2021 collected 80 from pot
Mahu2021: doesn't show hand 
*** SUMMARY ***
Total pot 80 | Rake 0 
Seat 1: Mahu2021 (big blind) collected (80)
Seat 2: mazahua (button) folded before Flop (didn't bet)
Seat 3: maxperform12 (small blind) folded before Flop



PokerStars Hand #252505079922: Tournament #3802273669, $1.84+$0.16 USD Hold'em No Limit - Level IV (30/60) - 2024/09/18 7:25:21 CET [2024/09/18 1:25:21 ET]
Table '3802273669 1' 3-max Seat #3 is the button
Seat 1: Mahu2021 (680 in chips) 
Seat 2: mazahua (455 in chips) 
Seat 3: maxperform12 (365 in chips) 
Mahu2021: posts small blind 30
mazahua: posts big blind 60
*** HOLE CARDS ***
Dealt to Mahu2021 [7s Td]
maxperform12: calls 60
Mahu2021: folds 
mazahua: checks 
*** FLOP *** [7d 5c 3s]
mazahua: bets 60
maxperform12: folds 
Uncalled bet (60) returned to mazahua
mazahua collected 150 from pot
*** SUMMARY ***
Total pot 150 | Rake 0 
Board [7d 5c 3s]
Seat 1: Mahu2021 (small blind) folded before Flop
Seat 2: mazahua (big blind) collected (150)
Seat 3: maxperform12 (button) folded on the Flop



PokerStars Hand #252505081007: Tournament #3802273669, $1.84+$0.16 USD Hold'em No Limit - Level IV (30/60) - 2024/09/18 7:25:34 CET [2024/09/18 1:25:34 ET]
Table '3802273669 1' 3-max Seat #1 is the button
Seat 1: Mahu2021 (650 in chips) 
Seat 2: mazahua (545 in chips) 
Seat 3: maxperform12 (305 in chips) 
mazahua: posts small blind 30
maxperform12: posts big blind 60
*** HOLE CARDS ***
Dealt to Mahu2021 [2d Jd]
Mahu2021: folds 
mazahua: folds 
Uncalled bet (30) returned to maxperform12
maxperform12 collected 60 from pot
*** SUMMARY ***
Total pot 60 | Rake 0 
Seat 1: Mahu2021 (button) folded before Flop (didn't bet)
Seat 2: mazahua (small blind) folded before Flop
Seat 3: maxperform12 (big blind) collected (60)



PokerStars Hand #252505081654: Tournament #3802273669, $1.84+$0.16 USD Hold'em No Limit - Level IV (30/60) - 2024/09/18 7:25:42 CET [2024/09/18 1:25:42 ET]
Table '3802273669 1' 3-max Seat #2 is the button
Seat 1: Mahu2021 (650 in chips) 
Seat 2: mazahua (515 in chips) 
Seat 3: maxperform12 (335 in chips) 
maxperform12: posts small blind 30
Mahu2021: posts big blind 60
*** HOLE CARDS ***
Dealt to Mahu2021 [9s 2s]
mazahua: folds 
maxperform12: calls 30
Mahu2021: checks 
*** FLOP *** [8h 5c 3c]
maxperform12: bets 60
Mahu2021: folds 
Uncalled bet (60) returned to maxperform12
maxperform12 collected 120 from pot
*** SUMMARY ***
Total pot 120 | Rake 0 
Board [8h 5c 3c]
Seat 1: Mahu2021 (big blind) folded on the Flop
Seat 2: mazahua (button) folded before Flop (didn't bet)
Seat 3: maxperform12 (small blind) collected (120)



PokerStars Hand #252505082513: Tournament #3802273669, $1.84+$0.16 USD Hold'em No Limit - Level IV (30/60) - 2024/09/18 7:25:53 CET [2024/09/18 1:25:53 ET]
Table '3802273669 1' 3-max Seat #3 is the button
Seat 1: Mahu2021 (590 in chips) 
Seat 2: mazahua (515 in chips) 
Seat 3: maxperform12 (395 in chips) 
Mahu2021: posts small blind 30
mazahua: posts big blind 60
*** HOLE CARDS ***
Dealt to Mahu2021 [2h Td]
maxperform12: calls 60
Mahu2021: folds 
mazahua: checks 
*** FLOP *** [5s 4c Kd]
mazahua: bets 60
maxperform12: raises 275 to 335 and is all-in
mazahua: folds 
Uncalled bet (275) returned to maxperform12
maxperform12 collected 270 from pot
*** SUMMARY ***
Total pot 270 | Rake 0 
Board [5s 4c Kd]
Seat 1: Mahu2021 (small blind) folded before Flop
Seat 2: mazahua (big blind) folded on the Flop
Seat 3: maxperform12 (button) collected (270)



PokerStars Hand #252505084305: Tournament #3802273669, $1.84+$0.16 USD Hold'em No Limit - Level IV (30/60) - 2024/09/18 7:26:15 CET [2024/09/18 1:26:15 ET]
Table '3802273669 1' 3-max Seat #1 is the button
Seat 1: Mahu2021 (560 in chips) 
Seat 2: mazahua (395 in chips) 
Seat 3: maxperform12 (545 in chips) 
mazahua: posts small blind 30
maxperform12: posts big blind 60
*** HOLE CARDS ***
Dealt to Mahu2021 [Jc 9c]
Mahu2021: raises 60 to 120
mazahua: folds 
maxperform12: folds 
Uncalled bet (60) returned to Mahu2021
Mahu2021 collected 150 from pot
Mahu2021: doesn't show hand 
*** SUMMARY ***
Total pot 150 | Rake 0 
Seat 1: Mahu2021 (button) collected (150)
Seat 2: mazahua (small blind) folded before Flop
Seat 3: maxperform12 (big blind) folded before Flop



PokerStars Hand #252505084907: Tournament #3802273669, $1.84+$0.16 USD Hold'em No Limit - Level IV (30/60) - 2024/09/18 7:26:23 CET [2024/09/18 1:26:23 ET]
Table '3802273669 1' 3-max Seat #2 is the button
Seat 1: Mahu2021 (650 in chips) 
Seat 2: mazahua (365 in chips) 
Seat 3: maxperform12 (485 in chips) 
maxperform12: posts small blind 30
Mahu2021: posts big blind 60
*** HOLE CARDS ***
Dealt to Mahu2021 [Ac Ah]
mazahua: raises 120 to 180
maxperform12: folds 
Mahu2021: raises 470 to 650 and is all-in
mazahua: calls 185 and is all-in
Uncalled bet (285) returned to Mahu2021
*** FLOP *** [9d 3s Ts]
*** TURN *** [9d 3s Ts] [Ad]
*** RIVER *** [9d 3s Ts Ad] [7s]
*** SHOW DOWN ***
Mahu2021: shows [Ac Ah] (three of a kind, Aces)
mazahua: shows [Qs Td] (a pair of Tens)
Mahu2021 collected 760 from pot
mazahua finished the tournament in 3rd place
*** SUMMARY ***
Total pot 760 | Rake 0 
Board [9d 3s Ts Ad 7s]
Seat 1: Mahu2021 (big blind) showed [Ac Ah] and won (760) with three of a kind, Aces
Seat 2: mazahua (button) showed [Qs Td] and lost with a pair of Tens
Seat 3: maxperform12 (small blind) folded before Flop



PokerStars Hand #252505086549: Tournament #3802273669, $1.84+$0.16 USD Hold'em No Limit - Level IV (30/60) - 2024/09/18 7:26:43 CET [2024/09/18 1:26:43 ET]
Table '3802273669 1' 3-max Seat #1 is the button
Seat 1: Mahu2021 (1045 in chips) 
Seat 3: maxperform12 (455 in chips) 
Mahu2021: posts small blind 30
maxperform12: posts big blind 60
*** HOLE CARDS ***
Dealt to Mahu2021 [Jc Kc]
Mahu2021: raises 120 to 180
maxperform12: folds 
Uncalled bet (120) returned to Mahu2021
Mahu2021 collected 120 from pot
Mahu2021: doesn't show hand 
*** SUMMARY ***
Total pot 120 | Rake 0 
Seat 1: Mahu2021 (button) (small blind) collected (120)
Seat 3: maxperform12 (big blind) folded before Flop



PokerStars Hand #252505087228: Tournament #3802273669, $1.84+$0.16 USD Hold'em No Limit - Level IV (30/60) - 2024/09/18 7:26:51 CET [2024/09/18 1:26:51 ET]
Table '3802273669 1' 3-max Seat #3 is the button
Seat 1: Mahu2021 (1105 in chips) 
Seat 3: maxperform12 (395 in chips) 
maxperform12: posts small blind 30
Mahu2021: posts big blind 60
*** HOLE CARDS ***
Dealt to Mahu2021 [Jc Th]
maxperform12: folds 
Uncalled bet (30) returned to Mahu2021
Mahu2021 collected 60 from pot
Mahu2021: doesn't show hand 
*** SUMMARY ***
Total pot 60 | Rake 0 
Seat 1: Mahu2021 (big blind) collected (60)
Seat 3: maxperform12 (button) (small blind) folded before Flop



PokerStars Hand #252505087592: Tournament #3802273669, $1.84+$0.16 USD Hold'em No Limit - Level IV (30/60) - 2024/09/18 7:26:56 CET [2024/09/18 1:26:56 ET]
Table '3802273669 1' 3-max Seat #1 is the button
Seat 1: Mahu2021 (1135 in chips) 
Seat 3: maxperform12 (365 in chips) 
Mahu2021: posts small blind 30
maxperform12: posts big blind 60
*** HOLE CARDS ***
Dealt to Mahu2021 [4c 8d]
Mahu2021: folds 
Uncalled bet (30) returned to maxperform12
maxperform12 collected 60 from pot
*** SUMMARY ***
Total pot 60 | Rake 0 
Seat 1: Mahu2021 (button) (small blind) folded before Flop
Seat 3: maxperform12 (big blind) collected (60)



PokerStars Hand #252505087944: Tournament #3802273669, $1.84+$0.16 USD Hold'em No Limit - Level IV (30/60) - 2024/09/18 7:27:00 CET [2024/09/18 1:27:00 ET]
Table '3802273669 1' 3-max Seat #3 is the button
Seat 1: Mahu2021 (1105 in chips) 
Seat 3: maxperform12 (395 in chips) 
maxperform12: posts small blind 30
Mahu2021: posts big blind 60
*** HOLE CARDS ***
Dealt to Mahu2021 [7h 8c]
maxperform12: calls 30
Mahu2021: checks 
*** FLOP *** [2d Qs Ad]
Mahu2021: checks 
maxperform12: checks 
*** TURN *** [2d Qs Ad] [5h]
Mahu2021: bets 60
maxperform12: folds 
Uncalled bet (60) returned to Mahu2021
Mahu2021 collected 120 from pot
Mahu2021: doesn't show hand 
*** SUMMARY ***
Total pot 120 | Rake 0 
Board [2d Qs Ad 5h]
Seat 1: Mahu2021 (big blind) collected (120)
Seat 3: maxperform12 (button) (small blind) folded on the Turn



PokerStars Hand #252505088858: Tournament #3802273669, $1.84+$0.16 USD Hold'em No Limit - Level IV (30/60) - 2024/09/18 7:27:12 CET [2024/09/18 1:27:12 ET]
Table '3802273669 1' 3-max Seat #1 is the button
Seat 1: Mahu2021 (1165 in chips) 
Seat 3: maxperform12 (335 in chips) 
Mahu2021: posts small blind 30
maxperform12: posts big blind 60
*** HOLE CARDS ***
Dealt to Mahu2021 [8c 3d]
Mahu2021: folds 
Uncalled bet (30) returned to maxperform12
maxperform12 collected 60 from pot
*** SUMMARY ***
Total pot 60 | Rake 0 
Seat 1: Mahu2021 (button) (small blind) folded before Flop
Seat 3: maxperform12 (big blind) collected (60)



PokerStars Hand #252505089197: Tournament #3802273669, $1.84+$0.16 USD Hold'em No Limit - Level IV (30/60) - 2024/09/18 7:27:17 CET [2024/09/18 1:27:17 ET]
Table '3802273669 1' 3-max Seat #3 is the button
Seat 1: Mahu2021 (1135 in chips) 
Seat 3: maxperform12 (365 in chips) 
maxperform12: posts small blind 30
Mahu2021: posts big blind 60
*** HOLE CARDS ***
Dealt to Mahu2021 [Th Jh]
maxperform12: calls 30
Mahu2021: raises 180 to 240
maxperform12: folds 
Uncalled bet (180) returned to Mahu2021
Mahu2021 collected 120 from pot
Mahu2021: doesn't show hand 
*** SUMMARY ***
Total pot 120 | Rake 0 
Seat 1: Mahu2021 (big blind) collected (120)
Seat 3: maxperform12 (button) (small blind) folded before Flop



PokerStars Hand #252505089835: Tournament #3802273669, $1.84+$0.16 USD Hold'em No Limit - Level IV (30/60) - 2024/09/18 7:27:25 CET [2024/09/18 1:27:25 ET]
Table '3802273669 1' 3-max Seat #1 is the button
Seat 1: Mahu2021 (1195 in chips) 
Seat 3: maxperform12 (305 in chips) 
Mahu2021: posts small blind 30
maxperform12: posts big blind 60
*** HOLE CARDS ***
Dealt to Mahu2021 [Ts 9s]
Mahu2021: calls 30
maxperform12: checks 
*** FLOP *** [Ah 7d 4c]
maxperform12: bets 60
Mahu2021: folds 
Uncalled bet (60) returned to maxperform12
maxperform12 collected 120 from pot
*** SUMMARY ***
Total pot 120 | Rake 0 
Board [Ah 7d 4c]
Seat 1: Mahu2021 (button) (small blind) folded on the Flop
Seat 3: maxperform12 (big blind) collected (120)



PokerStars Hand #252505090616: Tournament #3802273669, $1.84+$0.16 USD Hold'em No Limit - Level IV (30/60) - 2024/09/18 7:27:35 CET [2024/09/18 1:27:35 ET]
Table '3802273669 1' 3-max Seat #3 is the button
Seat 1: Mahu2021 (1135 in chips) 
Seat 3: maxperform12 (365 in chips) 
maxperform12: posts small blind 30
Mahu2021: posts big blind 60
*** HOLE CARDS ***
Dealt to Mahu2021 [3d 9d]
maxperform12: calls 30
Mahu2021: checks 
*** FLOP *** [8s 8d Qh]
Mahu2021: checks 
maxperform12: bets 60
Mahu2021: folds 
Uncalled bet (60) returned to maxperform12
maxperform12 collected 120 from pot
*** SUMMARY ***
Total pot 120 | Rake 0 
Board [8s 8d Qh]
Seat 1: Mahu2021 (big blind) folded on the Flop
Seat 3: maxperform12 (button) (small blind) collected (120)



PokerStars Hand #252505091369: Tournament #3802273669, $1.84+$0.16 USD Hold'em No Limit - Level IV (30/60) - 2024/09/18 7:27:45 CET [2024/09/18 1:27:45 ET]
Table '3802273669 1' 3-max Seat #1 is the button
Seat 1: Mahu2021 (1075 in chips) 
Seat 3: maxperform12 (425 in chips) 
Mahu2021: posts small blind 30
maxperform12: posts big blind 60
*** HOLE CARDS ***
Dealt to Mahu2021 [Jc Qc]
Mahu2021: raises 60 to 120
maxperform12: calls 60
*** FLOP *** [Kc 4h Ks]
maxperform12: checks 
Mahu2021: checks 
*** TURN *** [Kc 4h Ks] [Js]
maxperform12: bets 60
Mahu2021: calls 60
*** RIVER *** [Kc 4h Ks Js] [Qd]
maxperform12: bets 60
Mahu2021: calls 60
*** SHOW DOWN ***
maxperform12: shows [Jh 5s] (two pair, Kings and Jacks)
Mahu2021: shows [Jc Qc] (two pair, Kings and Queens)
Mahu2021 collected 480 from pot
*** SUMMARY ***
Total pot 480 | Rake 0 
Board [Kc 4h Ks Js Qd]
Seat 1: Mahu2021 (button) (small blind) showed [Jc Qc] and won (480) with two pair, Kings and Queens
Seat 3: maxperform12 (big blind) showed [Jh 5s] and lost with two pair, Kings and Jacks



PokerStars Hand #252505092563: Tournament #3802273669, $1.84+$0.16 USD Hold'em No Limit - Level IV (30/60) - 2024/09/18 7:28:00 CET [2024/09/18 1:28:00 ET]
Table '3802273669 1' 3-max Seat #3 is the button
Seat 1: Mahu2021 (1315 in chips) 
Seat 3: maxperform12 (185 in chips) 
maxperform12: posts small blind 30
Mahu2021: posts big blind 60
*** HOLE CARDS ***
Dealt to Mahu2021 [4h 4d]
maxperform12: folds 
Uncalled bet (30) returned to Mahu2021
Mahu2021 collected 60 from pot
Mahu2021: doesn't show hand 
*** SUMMARY ***
Total pot 60 | Rake 0 
Seat 1: Mahu2021 (big blind) collected (60)
Seat 3: maxperform12 (button) (small blind) folded before Flop



PokerStars Hand #252505092993: Tournament #3802273669, $1.84+$0.16 USD Hold'em No Limit - Level IV (30/60) - 2024/09/18 7:28:05 CET [2024/09/18 1:28:05 ET]
Table '3802273669 1' 3-max Seat #1 is the button
Seat 1: Mahu2021 (1345 in chips) 
Seat 3: maxperform12 (155 in chips) 
Mahu2021: posts small blind 30
maxperform12: posts big blind 60
*** HOLE CARDS ***
Dealt to Mahu2021 [9d 5d]
Mahu2021: calls 30
maxperform12: raises 95 to 155 and is all-in
Mahu2021: folds 
Uncalled bet (95) returned to maxperform12
maxperform12 collected 120 from pot
*** SUMMARY ***
Total pot 120 | Rake 0 
Seat 1: Mahu2021 (button) (small blind) folded before Flop
Seat 3: maxperform12 (big blind) collected (120)



PokerStars Hand #252505093626: Tournament #3802273669, $1.84+$0.16 USD Hold'em No Limit - Level IV (30/60) - 2024/09/18 7:28:13 CET [2024/09/18 1:28:13 ET]
Table '3802273669 1' 3-max Seat #3 is the button
Seat 1: Mahu2021 (1285 in chips) 
Seat 3: maxperform12 (215 in chips) 
maxperform12: posts small blind 30
Mahu2021: posts big blind 60
*** HOLE CARDS ***
Dealt to Mahu2021 [7s 9c]
maxperform12: folds 
Uncalled bet (30) returned to Mahu2021
Mahu2021 collected 60 from pot
Mahu2021: doesn't show hand 
*** SUMMARY ***
Total pot 60 | Rake 0 
Seat 1: Mahu2021 (big blind) collected (60)
Seat 3: maxperform12 (button) (small blind) folded before Flop



PokerStars Hand #252505094291: Tournament #3802273669, $1.84+$0.16 USD Hold'em No Limit - Level V (40/80) - 2024/09/18 7:28:22 CET [2024/09/18 1:28:22 ET]
Table '3802273669 1' 3-max Seat #1 is the button
Seat 1: Mahu2021 (1315 in chips) 
Seat 3: maxperform12 (185 in chips) 
Mahu2021: posts small blind 40
maxperform12: posts big blind 80
*** HOLE CARDS ***
Dealt to Mahu2021 [6s Ac]
Mahu2021: raises 1235 to 1315 and is all-in
maxperform12: calls 105 and is all-in
Uncalled bet (1130) returned to Mahu2021
*** FLOP *** [Tc Ad Qd]
*** TURN *** [Tc Ad Qd] [Kd]
*** RIVER *** [Tc Ad Qd Kd] [Qc]
*** SHOW DOWN ***
maxperform12: shows [4d 6c] (a pair of Queens)
Mahu2021: shows [6s Ac] (two pair, Aces and Queens)
Mahu2021 collected 370 from pot
maxperform12 finished the tournament in 2nd place
Mahu2021 wins the tournament and receives $10.00 - congratulations!
*** SUMMARY ***
Total pot 370 | Rake 0 
Board [Tc Ad Qd Kd Qc]
Seat 1: Mahu2021 (button) (small blind) showed [6s Ac] and won (370) with two pair, Aces and Queens
Seat 3: maxperform12 (big blind) showed [4d 6c] and lost with a pair of Queens



