PokerStars Hand #249469544281: Tournament #3730014242, $1.84+$0.16 USD Hold'em No Limit - Level I (10/20) - 2024/03/17 14:59:20 CET [2024/03/17 9:59:20 ET]
Table '3730014242 1' 3-max Seat #1 is the button
Seat 1: suppi 55 (500 in chips) 
Seat 2: Mahu2021 (500 in chips) 
Seat 3: jnowacki (500 in chips) 
Mahu2021: posts small blind 10
jnowacki: posts big blind 20
*** HOLE CARDS ***
Dealt to Mahu2021 [4h Th]
suppi 55: calls 20
Mahu2021: folds 
jnowacki: checks 
*** FLOP *** [Qs 4s 9s]
jnowacki: checks 
suppi 55: bets 40
jnowacki: folds 
Uncalled bet (40) returned to suppi 55
suppi 55 collected 50 from pot
suppi 55: doesn't show hand 
*** SUMMARY ***
Total pot 50 | Rake 0 
Board [Qs 4s 9s]
Seat 1: suppi 55 (button) collected (50)
Seat 2: Mahu2021 (small blind) folded before Flop
Seat 3: jnowacki (big blind) folded on the Flop



PokerStars Hand #249469548003: Tournament #3730014242, $1.84+$0.16 USD Hold'em No Limit - Level I (10/20) - 2024/03/17 14:59:42 CET [2024/03/17 9:59:42 ET]
Table '3730014242 1' 3-max Seat #2 is the button
Seat 1: suppi 55 (530 in chips) 
Seat 2: Mahu2021 (490 in chips) 
Seat 3: jnowacki (480 in chips) 
jnowacki: posts small blind 10
suppi 55: posts big blind 20
*** HOLE CARDS ***
Dealt to Mahu2021 [6s 4s]
Mahu2021: calls 20
jnowacki: calls 10
suppi 55: checks 
*** FLOP *** [3s 8c Ks]
jnowacki: bets 20
suppi 55: folds 
Mahu2021: calls 20
*** TURN *** [3s 8c Ks] [Qh]
jnowacki: bets 61
Mahu2021: calls 61
*** RIVER *** [3s 8c Ks Qh] [6d]
jnowacki: bets 184
Mahu2021: folds 
Uncalled bet (184) returned to jnowacki
jnowacki collected 222 from pot
jnowacki: doesn't show hand 
*** SUMMARY ***
Total pot 222 | Rake 0 
Board [3s 8c Ks Qh 6d]
Seat 1: suppi 55 (big blind) folded on the Flop
Seat 2: Mahu2021 (button) folded on the River
Seat 3: jnowacki (small blind) collected (222)



PokerStars Hand #249469556588: Tournament #3730014242, $1.84+$0.16 USD Hold'em No Limit - Level I (10/20) - 2024/03/17 15:00:33 CET [2024/03/17 10:00:33 ET]
Table '3730014242 1' 3-max Seat #3 is the button
Seat 1: suppi 55 (510 in chips) 
Seat 2: Mahu2021 (389 in chips) 
Seat 3: jnowacki (601 in chips) 
suppi 55: posts small blind 10
Mahu2021: posts big blind 20
*** HOLE CARDS ***
Dealt to Mahu2021 [Jh 9c]
jnowacki: raises 20 to 40
suppi 55: folds 
Mahu2021: calls 20
*** FLOP *** [Th 8c Js]
Mahu2021: checks 
jnowacki: checks 
*** TURN *** [Th 8c Js] [Td]
Mahu2021: bets 40
jnowacki: calls 40
*** RIVER *** [Th 8c Js Td] [7c]
Mahu2021: bets 170
jnowacki: folds 
Uncalled bet (170) returned to Mahu2021
Mahu2021 collected 170 from pot
Mahu2021: doesn't show hand 
*** SUMMARY ***
Total pot 170 | Rake 0 
Board [Th 8c Js Td 7c]
Seat 1: suppi 55 (small blind) folded before Flop
Seat 2: Mahu2021 (big blind) collected (170)
Seat 3: jnowacki (button) folded on the River



PokerStars Hand #249469560118: Tournament #3730014242, $1.84+$0.16 USD Hold'em No Limit - Level I (10/20) - 2024/03/17 15:00:52 CET [2024/03/17 10:00:52 ET]
Table '3730014242 1' 3-max Seat #1 is the button
Seat 1: suppi 55 (500 in chips) 
Seat 2: Mahu2021 (479 in chips) 
Seat 3: jnowacki (521 in chips) 
Mahu2021: posts small blind 10
jnowacki: posts big blind 20
*** HOLE CARDS ***
Dealt to Mahu2021 [Kc Th]
suppi 55: raises 50 to 70
Mahu2021: folds 
jnowacki: folds 
Uncalled bet (50) returned to suppi 55
suppi 55 collected 50 from pot
suppi 55: doesn't show hand 
*** SUMMARY ***
Total pot 50 | Rake 0 
Seat 1: suppi 55 (button) collected (50)
Seat 2: Mahu2021 (small blind) folded before Flop
Seat 3: jnowacki (big blind) folded before Flop



PokerStars Hand #249469562818: Tournament #3730014242, $1.84+$0.16 USD Hold'em No Limit - Level I (10/20) - 2024/03/17 15:01:05 CET [2024/03/17 10:01:05 ET]
Table '3730014242 1' 3-max Seat #2 is the button
Seat 1: suppi 55 (530 in chips) 
Seat 2: Mahu2021 (469 in chips) 
Seat 3: jnowacki (501 in chips) 
jnowacki: posts small blind 10
suppi 55: posts big blind 20
*** HOLE CARDS ***
Dealt to Mahu2021 [Jd 2h]
Mahu2021: folds 
jnowacki: folds 
Uncalled bet (10) returned to suppi 55
suppi 55 collected 20 from pot
suppi 55: doesn't show hand 
*** SUMMARY ***
Total pot 20 | Rake 0 
Seat 1: suppi 55 (big blind) collected (20)
Seat 2: Mahu2021 (button) folded before Flop (didn't bet)
Seat 3: jnowacki (small blind) folded before Flop



PokerStars Hand #249469563968: Tournament #3730014242, $1.84+$0.16 USD Hold'em No Limit - Level I (10/20) - 2024/03/17 15:01:11 CET [2024/03/17 10:01:11 ET]
Table '3730014242 1' 3-max Seat #3 is the button
Seat 1: suppi 55 (540 in chips) 
Seat 2: Mahu2021 (469 in chips) 
Seat 3: jnowacki (491 in chips) 
suppi 55: posts small blind 10
Mahu2021: posts big blind 20
*** HOLE CARDS ***
Dealt to Mahu2021 [2s Ks]
jnowacki: folds 
suppi 55: raises 20 to 40
Mahu2021: calls 20
*** FLOP *** [5s Ts 3s]
suppi 55: checks 
Mahu2021: bets 40
suppi 55: raises 40 to 80
Mahu2021: raises 349 to 429 and is all-in
suppi 55: folds 
Uncalled bet (349) returned to Mahu2021
Mahu2021 collected 240 from pot
Mahu2021: doesn't show hand 
*** SUMMARY ***
Total pot 240 | Rake 0 
Board [5s Ts 3s]
Seat 1: suppi 55 (small blind) folded on the Flop
Seat 2: Mahu2021 (big blind) collected (240)
Seat 3: jnowacki (button) folded before Flop (didn't bet)



PokerStars Hand #249469571975: Tournament #3730014242, $1.84+$0.16 USD Hold'em No Limit - Level II (15/30) - 2024/03/17 15:01:48 CET [2024/03/17 10:01:48 ET]
Table '3730014242 1' 3-max Seat #1 is the button
Seat 1: suppi 55 (420 in chips) 
Seat 2: Mahu2021 (589 in chips) 
Seat 3: jnowacki (491 in chips) 
Mahu2021: posts small blind 15
jnowacki: posts big blind 30
*** HOLE CARDS ***
Dealt to Mahu2021 [As Kh]
suppi 55: folds 
Mahu2021: raises 60 to 90
jnowacki: folds 
Uncalled bet (60) returned to Mahu2021
Mahu2021 collected 60 from pot
Mahu2021: doesn't show hand 
*** SUMMARY ***
Total pot 60 | Rake 0 
Seat 1: suppi 55 (button) folded before Flop (didn't bet)
Seat 2: Mahu2021 (small blind) collected (60)
Seat 3: jnowacki (big blind) folded before Flop



PokerStars Hand #249469574942: Tournament #3730014242, $1.84+$0.16 USD Hold'em No Limit - Level II (15/30) - 2024/03/17 15:02:03 CET [2024/03/17 10:02:03 ET]
Table '3730014242 1' 3-max Seat #2 is the button
Seat 1: suppi 55 (420 in chips) 
Seat 2: Mahu2021 (619 in chips) 
Seat 3: jnowacki (461 in chips) 
jnowacki: posts small blind 15
suppi 55: posts big blind 30
*** HOLE CARDS ***
Dealt to Mahu2021 [8h Jc]
Mahu2021: folds 
jnowacki: raises 30 to 60
suppi 55: raises 30 to 90
jnowacki: calls 30
*** FLOP *** [3c Kd 3d]
jnowacki: checks 
suppi 55: checks 
*** TURN *** [3c Kd 3d] [Td]
jnowacki: checks 
suppi 55: bets 60
jnowacki: folds 
Uncalled bet (60) returned to suppi 55
suppi 55 collected 180 from pot
suppi 55: doesn't show hand 
*** SUMMARY ***
Total pot 180 | Rake 0 
Board [3c Kd 3d Td]
Seat 1: suppi 55 (big blind) collected (180)
Seat 2: Mahu2021 (button) folded before Flop (didn't bet)
Seat 3: jnowacki (small blind) folded on the Turn



PokerStars Hand #249469580745: Tournament #3730014242, $1.84+$0.16 USD Hold'em No Limit - Level II (15/30) - 2024/03/17 15:02:30 CET [2024/03/17 10:02:30 ET]
Table '3730014242 1' 3-max Seat #3 is the button
Seat 1: suppi 55 (510 in chips) 
Seat 2: Mahu2021 (619 in chips) 
Seat 3: jnowacki (371 in chips) 
suppi 55: posts small blind 15
Mahu2021: posts big blind 30
*** HOLE CARDS ***
Dealt to Mahu2021 [9c 6s]
jnowacki: folds 
suppi 55: folds 
Uncalled bet (15) returned to Mahu2021
Mahu2021 collected 30 from pot
Mahu2021: doesn't show hand 
*** SUMMARY ***
Total pot 30 | Rake 0 
Seat 1: suppi 55 (small blind) folded before Flop
Seat 2: Mahu2021 (big blind) collected (30)
Seat 3: jnowacki (button) folded before Flop (didn't bet)



PokerStars Hand #249469583624: Tournament #3730014242, $1.84+$0.16 USD Hold'em No Limit - Level II (15/30) - 2024/03/17 15:02:43 CET [2024/03/17 10:02:43 ET]
Table '3730014242 1' 3-max Seat #1 is the button
Seat 1: suppi 55 (495 in chips) 
Seat 2: Mahu2021 (634 in chips) 
Seat 3: jnowacki (371 in chips) 
Mahu2021: posts small blind 15
jnowacki: posts big blind 30
*** HOLE CARDS ***
Dealt to Mahu2021 [4c 3s]
suppi 55: calls 30
Mahu2021: calls 15
jnowacki: checks 
*** FLOP *** [As Ac 6h]
Mahu2021: checks 
jnowacki: checks 
suppi 55: checks 
*** TURN *** [As Ac 6h] [6c]
Mahu2021: checks 
jnowacki: bets 55
suppi 55: folds 
Mahu2021: folds 
Uncalled bet (55) returned to jnowacki
jnowacki collected 90 from pot
jnowacki: doesn't show hand 
*** SUMMARY ***
Total pot 90 | Rake 0 
Board [As Ac 6h 6c]
Seat 1: suppi 55 (button) folded on the Turn
Seat 2: Mahu2021 (small blind) folded on the Turn
Seat 3: jnowacki (big blind) collected (90)



PokerStars Hand #249469588026: Tournament #3730014242, $1.84+$0.16 USD Hold'em No Limit - Level II (15/30) - 2024/03/17 15:03:03 CET [2024/03/17 10:03:03 ET]
Table '3730014242 1' 3-max Seat #2 is the button
Seat 1: suppi 55 (465 in chips) 
Seat 2: Mahu2021 (604 in chips) 
Seat 3: jnowacki (431 in chips) 
jnowacki: posts small blind 15
suppi 55: posts big blind 30
*** HOLE CARDS ***
Dealt to Mahu2021 [Qd 8c]
Mahu2021: folds 
jnowacki: raises 30 to 60
suppi 55: folds 
Uncalled bet (30) returned to jnowacki
jnowacki collected 60 from pot
jnowacki: doesn't show hand 
*** SUMMARY ***
Total pot 60 | Rake 0 
Seat 1: suppi 55 (big blind) folded before Flop
Seat 2: Mahu2021 (button) folded before Flop (didn't bet)
Seat 3: jnowacki (small blind) collected (60)



PokerStars Hand #249469589708: Tournament #3730014242, $1.84+$0.16 USD Hold'em No Limit - Level II (15/30) - 2024/03/17 15:03:10 CET [2024/03/17 10:03:10 ET]
Table '3730014242 1' 3-max Seat #3 is the button
Seat 1: suppi 55 (435 in chips) 
Seat 2: Mahu2021 (604 in chips) 
Seat 3: jnowacki (461 in chips) 
suppi 55: posts small blind 15
Mahu2021: posts big blind 30
*** HOLE CARDS ***
Dealt to Mahu2021 [2c 9d]
jnowacki: raises 30 to 60
suppi 55: folds 
Mahu2021: folds 
Uncalled bet (30) returned to jnowacki
jnowacki collected 75 from pot
jnowacki: doesn't show hand 
*** SUMMARY ***
Total pot 75 | Rake 0 
Seat 1: suppi 55 (small blind) folded before Flop
Seat 2: Mahu2021 (big blind) folded before Flop
Seat 3: jnowacki (button) collected (75)



PokerStars Hand #249469591230: Tournament #3730014242, $1.84+$0.16 USD Hold'em No Limit - Level II (15/30) - 2024/03/17 15:03:17 CET [2024/03/17 10:03:17 ET]
Table '3730014242 1' 3-max Seat #1 is the button
Seat 1: suppi 55 (420 in chips) 
Seat 2: Mahu2021 (574 in chips) 
Seat 3: jnowacki (506 in chips) 
Mahu2021: posts small blind 15
jnowacki: posts big blind 30
*** HOLE CARDS ***
Dealt to Mahu2021 [6s 2s]
suppi 55: folds 
Mahu2021: calls 15
jnowacki: checks 
*** FLOP *** [Jc Ts Ad]
Mahu2021: checks 
jnowacki: checks 
*** TURN *** [Jc Ts Ad] [Tc]
Mahu2021: checks 
jnowacki: checks 
*** RIVER *** [Jc Ts Ad Tc] [8d]
Mahu2021: bets 60
jnowacki: folds 
Uncalled bet (60) returned to Mahu2021
Mahu2021 collected 60 from pot
Mahu2021: doesn't show hand 
*** SUMMARY ***
Total pot 60 | Rake 0 
Board [Jc Ts Ad Tc 8d]
Seat 1: suppi 55 (button) folded before Flop (didn't bet)
Seat 2: Mahu2021 (small blind) collected (60)
Seat 3: jnowacki (big blind) folded on the River



PokerStars Hand #249469599720: Tournament #3730014242, $1.84+$0.16 USD Hold'em No Limit - Level III (20/40) - 2024/03/17 15:03:55 CET [2024/03/17 10:03:55 ET]
Table '3730014242 1' 3-max Seat #2 is the button
Seat 1: suppi 55 (420 in chips) 
Seat 2: Mahu2021 (604 in chips) 
Seat 3: jnowacki (476 in chips) 
jnowacki: posts small blind 20
suppi 55: posts big blind 40
*** HOLE CARDS ***
Dealt to Mahu2021 [2s Js]
Mahu2021: calls 40
jnowacki: calls 20
suppi 55: checks 
*** FLOP *** [7d Td 5h]
jnowacki: bets 73
suppi 55: folds 
Mahu2021: folds 
Uncalled bet (73) returned to jnowacki
jnowacki collected 120 from pot
jnowacki: doesn't show hand 
*** SUMMARY ***
Total pot 120 | Rake 0 
Board [7d Td 5h]
Seat 1: suppi 55 (big blind) folded on the Flop
Seat 2: Mahu2021 (button) folded on the Flop
Seat 3: jnowacki (small blind) collected (120)



PokerStars Hand #249469608304: Tournament #3730014242, $1.84+$0.16 USD Hold'em No Limit - Level III (20/40) - 2024/03/17 15:04:33 CET [2024/03/17 10:04:33 ET]
Table '3730014242 1' 3-max Seat #3 is the button
Seat 1: suppi 55 (380 in chips) 
Seat 2: Mahu2021 (564 in chips) 
Seat 3: jnowacki (556 in chips) 
suppi 55: posts small blind 20
Mahu2021: posts big blind 40
*** HOLE CARDS ***
Dealt to Mahu2021 [Ac 4d]
jnowacki: folds 
suppi 55: calls 20
Mahu2021: checks 
*** FLOP *** [9c 5c 2d]
suppi 55: checks 
Mahu2021: bets 40
suppi 55: folds 
Uncalled bet (40) returned to Mahu2021
Mahu2021 collected 80 from pot
Mahu2021: doesn't show hand 
*** SUMMARY ***
Total pot 80 | Rake 0 
Board [9c 5c 2d]
Seat 1: suppi 55 (small blind) folded on the Flop
Seat 2: Mahu2021 (big blind) collected (80)
Seat 3: jnowacki (button) folded before Flop (didn't bet)



PokerStars Hand #249469611547: Tournament #3730014242, $1.84+$0.16 USD Hold'em No Limit - Level III (20/40) - 2024/03/17 15:04:47 CET [2024/03/17 10:04:47 ET]
Table '3730014242 1' 3-max Seat #1 is the button
Seat 1: suppi 55 (340 in chips) 
Seat 2: Mahu2021 (604 in chips) 
Seat 3: jnowacki (556 in chips) 
Mahu2021: posts small blind 20
jnowacki: posts big blind 40
*** HOLE CARDS ***
Dealt to Mahu2021 [2d Th]
suppi 55: folds 
Mahu2021: folds 
Uncalled bet (20) returned to jnowacki
jnowacki collected 40 from pot
jnowacki: doesn't show hand 
*** SUMMARY ***
Total pot 40 | Rake 0 
Seat 1: suppi 55 (button) folded before Flop (didn't bet)
Seat 2: Mahu2021 (small blind) folded before Flop
Seat 3: jnowacki (big blind) collected (40)



PokerStars Hand #249469613061: Tournament #3730014242, $1.84+$0.16 USD Hold'em No Limit - Level III (20/40) - 2024/03/17 15:04:54 CET [2024/03/17 10:04:54 ET]
Table '3730014242 1' 3-max Seat #2 is the button
Seat 1: suppi 55 (340 in chips) 
Seat 2: Mahu2021 (584 in chips) 
Seat 3: jnowacki (576 in chips) 
jnowacki: posts small blind 20
suppi 55: posts big blind 40
*** HOLE CARDS ***
Dealt to Mahu2021 [Td Jh]
Mahu2021: calls 40
jnowacki: raises 100 to 140
suppi 55: folds 
Mahu2021: folds 
Uncalled bet (100) returned to jnowacki
jnowacki collected 120 from pot
jnowacki: doesn't show hand 
*** SUMMARY ***
Total pot 120 | Rake 0 
Seat 1: suppi 55 (big blind) folded before Flop
Seat 2: Mahu2021 (button) folded before Flop
Seat 3: jnowacki (small blind) collected (120)



PokerStars Hand #249469615503: Tournament #3730014242, $1.84+$0.16 USD Hold'em No Limit - Level III (20/40) - 2024/03/17 15:05:05 CET [2024/03/17 10:05:05 ET]
Table '3730014242 1' 3-max Seat #3 is the button
Seat 1: suppi 55 (300 in chips) 
Seat 2: Mahu2021 (544 in chips) 
Seat 3: jnowacki (656 in chips) 
suppi 55: posts small blind 20
Mahu2021: posts big blind 40
*** HOLE CARDS ***
Dealt to Mahu2021 [Tc 4h]
jnowacki: folds 
suppi 55: raises 40 to 80
Mahu2021: folds 
Uncalled bet (40) returned to suppi 55
suppi 55 collected 80 from pot
suppi 55: doesn't show hand 
*** SUMMARY ***
Total pot 80 | Rake 0 
Seat 1: suppi 55 (small blind) collected (80)
Seat 2: Mahu2021 (big blind) folded before Flop
Seat 3: jnowacki (button) folded before Flop (didn't bet)



PokerStars Hand #249469616869: Tournament #3730014242, $1.84+$0.16 USD Hold'em No Limit - Level III (20/40) - 2024/03/17 15:05:11 CET [2024/03/17 10:05:11 ET]
Table '3730014242 1' 3-max Seat #1 is the button
Seat 1: suppi 55 (340 in chips) 
Seat 2: Mahu2021 (504 in chips) 
Seat 3: jnowacki (656 in chips) 
Mahu2021: posts small blind 20
jnowacki: posts big blind 40
*** HOLE CARDS ***
Dealt to Mahu2021 [9d 6s]
suppi 55: raises 40 to 80
Mahu2021: folds 
jnowacki: calls 40
*** FLOP *** [3c 8h Kc]
jnowacki: checks 
suppi 55: checks 
*** TURN *** [3c 8h Kc] [Ah]
jnowacki: checks 
suppi 55: checks 
*** RIVER *** [3c 8h Kc Ah] [4s]
jnowacki: checks 
suppi 55: bets 40
jnowacki: folds 
Uncalled bet (40) returned to suppi 55
suppi 55 collected 180 from pot
suppi 55: doesn't show hand 
*** SUMMARY ***
Total pot 180 | Rake 0 
Board [3c 8h Kc Ah 4s]
Seat 1: suppi 55 (button) collected (180)
Seat 2: Mahu2021 (small blind) folded before Flop
Seat 3: jnowacki (big blind) folded on the River



PokerStars Hand #249469626235: Tournament #3730014242, $1.84+$0.16 USD Hold'em No Limit - Level IV (30/60) - 2024/03/17 15:05:52 CET [2024/03/17 10:05:52 ET]
Table '3730014242 1' 3-max Seat #2 is the button
Seat 1: suppi 55 (440 in chips) 
Seat 2: Mahu2021 (484 in chips) 
Seat 3: jnowacki (576 in chips) 
jnowacki: posts small blind 30
suppi 55: posts big blind 60
*** HOLE CARDS ***
Dealt to Mahu2021 [6d 7h]
Mahu2021: folds 
jnowacki: folds 
Uncalled bet (30) returned to suppi 55
suppi 55 collected 60 from pot
suppi 55: doesn't show hand 
*** SUMMARY ***
Total pot 60 | Rake 0 
Seat 1: suppi 55 (big blind) collected (60)
Seat 2: Mahu2021 (button) folded before Flop (didn't bet)
Seat 3: jnowacki (small blind) folded before Flop



PokerStars Hand #249469628331: Tournament #3730014242, $1.84+$0.16 USD Hold'em No Limit - Level IV (30/60) - 2024/03/17 15:06:01 CET [2024/03/17 10:06:01 ET]
Table '3730014242 1' 3-max Seat #3 is the button
Seat 1: suppi 55 (470 in chips) 
Seat 2: Mahu2021 (484 in chips) 
Seat 3: jnowacki (546 in chips) 
suppi 55: posts small blind 30
Mahu2021: posts big blind 60
*** HOLE CARDS ***
Dealt to Mahu2021 [3d 2d]
jnowacki: raises 69 to 129
suppi 55: folds 
Mahu2021: folds 
Uncalled bet (69) returned to jnowacki
jnowacki collected 150 from pot
jnowacki: doesn't show hand 
*** SUMMARY ***
Total pot 150 | Rake 0 
Seat 1: suppi 55 (small blind) folded before Flop
Seat 2: Mahu2021 (big blind) folded before Flop
Seat 3: jnowacki (button) collected (150)



PokerStars Hand #249469630073: Tournament #3730014242, $1.84+$0.16 USD Hold'em No Limit - Level IV (30/60) - 2024/03/17 15:06:09 CET [2024/03/17 10:06:09 ET]
Table '3730014242 1' 3-max Seat #1 is the button
Seat 1: suppi 55 (440 in chips) 
Seat 2: Mahu2021 (424 in chips) 
Seat 3: jnowacki (636 in chips) 
Mahu2021: posts small blind 30
jnowacki: posts big blind 60
*** HOLE CARDS ***
Dealt to Mahu2021 [8h 3d]
suppi 55: folds 
Mahu2021: folds 
Uncalled bet (30) returned to jnowacki
jnowacki collected 60 from pot
jnowacki: doesn't show hand 
*** SUMMARY ***
Total pot 60 | Rake 0 
Seat 1: suppi 55 (button) folded before Flop (didn't bet)
Seat 2: Mahu2021 (small blind) folded before Flop
Seat 3: jnowacki (big blind) collected (60)



PokerStars Hand #249469631075: Tournament #3730014242, $1.84+$0.16 USD Hold'em No Limit - Level IV (30/60) - 2024/03/17 15:06:13 CET [2024/03/17 10:06:13 ET]
Table '3730014242 1' 3-max Seat #2 is the button
Seat 1: suppi 55 (440 in chips) 
Seat 2: Mahu2021 (394 in chips) 
Seat 3: jnowacki (666 in chips) 
jnowacki: posts small blind 30
suppi 55: posts big blind 60
*** HOLE CARDS ***
Dealt to Mahu2021 [3h 7d]
Mahu2021: folds 
jnowacki: raises 60 to 120
suppi 55: calls 60
*** FLOP *** [4h Js 9d]
jnowacki: bets 82
suppi 55: folds 
Uncalled bet (82) returned to jnowacki
jnowacki collected 240 from pot
jnowacki: doesn't show hand 
*** SUMMARY ***
Total pot 240 | Rake 0 
Board [4h Js 9d]
Seat 1: suppi 55 (big blind) folded on the Flop
Seat 2: Mahu2021 (button) folded before Flop (didn't bet)
Seat 3: jnowacki (small blind) collected (240)



PokerStars Hand #249469634341: Tournament #3730014242, $1.84+$0.16 USD Hold'em No Limit - Level IV (30/60) - 2024/03/17 15:06:28 CET [2024/03/17 10:06:28 ET]
Table '3730014242 1' 3-max Seat #3 is the button
Seat 1: suppi 55 (320 in chips) 
Seat 2: Mahu2021 (394 in chips) 
Seat 3: jnowacki (786 in chips) 
suppi 55: posts small blind 30
Mahu2021: posts big blind 60
*** HOLE CARDS ***
Dealt to Mahu2021 [Kc 6h]
jnowacki: folds 
suppi 55: raises 260 to 320 and is all-in
Mahu2021: folds 
Uncalled bet (260) returned to suppi 55
suppi 55 collected 120 from pot
suppi 55: doesn't show hand 
*** SUMMARY ***
Total pot 120 | Rake 0 
Seat 1: suppi 55 (small blind) collected (120)
Seat 2: Mahu2021 (big blind) folded before Flop
Seat 3: jnowacki (button) folded before Flop (didn't bet)



PokerStars Hand #249469636148: Tournament #3730014242, $1.84+$0.16 USD Hold'em No Limit - Level IV (30/60) - 2024/03/17 15:06:36 CET [2024/03/17 10:06:36 ET]
Table '3730014242 1' 3-max Seat #1 is the button
Seat 1: suppi 55 (380 in chips) 
Seat 2: Mahu2021 (334 in chips) 
Seat 3: jnowacki (786 in chips) 
Mahu2021: posts small blind 30
jnowacki: posts big blind 60
*** HOLE CARDS ***
Dealt to Mahu2021 [4c 4h]
suppi 55: folds 
Mahu2021: raises 274 to 334 and is all-in
jnowacki: folds 
Uncalled bet (274) returned to Mahu2021
Mahu2021 collected 120 from pot
Mahu2021: doesn't show hand 
*** SUMMARY ***
Total pot 120 | Rake 0 
Seat 1: suppi 55 (button) folded before Flop (didn't bet)
Seat 2: Mahu2021 (small blind) collected (120)
Seat 3: jnowacki (big blind) folded before Flop



PokerStars Hand #249469638072: Tournament #3730014242, $1.84+$0.16 USD Hold'em No Limit - Level IV (30/60) - 2024/03/17 15:06:44 CET [2024/03/17 10:06:44 ET]
Table '3730014242 1' 3-max Seat #2 is the button
Seat 1: suppi 55 (380 in chips) 
Seat 2: Mahu2021 (394 in chips) 
Seat 3: jnowacki (726 in chips) 
jnowacki: posts small blind 30
suppi 55: posts big blind 60
*** HOLE CARDS ***
Dealt to Mahu2021 [Qs 9h]
Mahu2021: folds 
jnowacki: folds 
Uncalled bet (30) returned to suppi 55
suppi 55 collected 60 from pot
suppi 55: doesn't show hand 
*** SUMMARY ***
Total pot 60 | Rake 0 
Seat 1: suppi 55 (big blind) collected (60)
Seat 2: Mahu2021 (button) folded before Flop (didn't bet)
Seat 3: jnowacki (small blind) folded before Flop



PokerStars Hand #249469639163: Tournament #3730014242, $1.84+$0.16 USD Hold'em No Limit - Level IV (30/60) - 2024/03/17 15:06:49 CET [2024/03/17 10:06:49 ET]
Table '3730014242 1' 3-max Seat #3 is the button
Seat 1: suppi 55 (410 in chips) 
Seat 2: Mahu2021 (394 in chips) 
Seat 3: jnowacki (696 in chips) 
suppi 55: posts small blind 30
Mahu2021: posts big blind 60
*** HOLE CARDS ***
Dealt to Mahu2021 [5d Tc]
jnowacki: raises 60 to 120
suppi 55: folds 
Mahu2021: folds 
Uncalled bet (60) returned to jnowacki
jnowacki collected 150 from pot
jnowacki: doesn't show hand 
*** SUMMARY ***
Total pot 150 | Rake 0 
Seat 1: suppi 55 (small blind) folded before Flop
Seat 2: Mahu2021 (big blind) folded before Flop
Seat 3: jnowacki (button) collected (150)



PokerStars Hand #249469640440: Tournament #3730014242, $1.84+$0.16 USD Hold'em No Limit - Level IV (30/60) - 2024/03/17 15:06:55 CET [2024/03/17 10:06:55 ET]
Table '3730014242 1' 3-max Seat #1 is the button
Seat 1: suppi 55 (380 in chips) 
Seat 2: Mahu2021 (334 in chips) 
Seat 3: jnowacki (786 in chips) 
Mahu2021: posts small blind 30
jnowacki: posts big blind 60
*** HOLE CARDS ***
Dealt to Mahu2021 [6c 4c]
suppi 55: raises 320 to 380 and is all-in
Mahu2021: folds 
jnowacki: folds 
Uncalled bet (320) returned to suppi 55
suppi 55 collected 150 from pot
suppi 55: doesn't show hand 
*** SUMMARY ***
Total pot 150 | Rake 0 
Seat 1: suppi 55 (button) collected (150)
Seat 2: Mahu2021 (small blind) folded before Flop
Seat 3: jnowacki (big blind) folded before Flop



PokerStars Hand #249469642208: Tournament #3730014242, $1.84+$0.16 USD Hold'em No Limit - Level IV (30/60) - 2024/03/17 15:07:03 CET [2024/03/17 10:07:03 ET]
Table '3730014242 1' 3-max Seat #2 is the button
Seat 1: suppi 55 (470 in chips) 
Seat 2: Mahu2021 (304 in chips) 
Seat 3: jnowacki (726 in chips) 
jnowacki: posts small blind 30
suppi 55: posts big blind 60
*** HOLE CARDS ***
Dealt to Mahu2021 [4c 9c]
Mahu2021: folds 
jnowacki: folds 
Uncalled bet (30) returned to suppi 55
suppi 55 collected 60 from pot
suppi 55: doesn't show hand 
*** SUMMARY ***
Total pot 60 | Rake 0 
Seat 1: suppi 55 (big blind) collected (60)
Seat 2: Mahu2021 (button) folded before Flop (didn't bet)
Seat 3: jnowacki (small blind) folded before Flop



PokerStars Hand #249469643309: Tournament #3730014242, $1.84+$0.16 USD Hold'em No Limit - Level IV (30/60) - 2024/03/17 15:07:07 CET [2024/03/17 10:07:07 ET]
Table '3730014242 1' 3-max Seat #3 is the button
Seat 1: suppi 55 (500 in chips) 
Seat 2: Mahu2021 (304 in chips) 
Seat 3: jnowacki (696 in chips) 
suppi 55: posts small blind 30
Mahu2021: posts big blind 60
*** HOLE CARDS ***
Dealt to Mahu2021 [Td Js]
jnowacki: folds 
suppi 55: folds 
Uncalled bet (30) returned to Mahu2021
Mahu2021 collected 60 from pot
Mahu2021: doesn't show hand 
*** SUMMARY ***
Total pot 60 | Rake 0 
Seat 1: suppi 55 (small blind) folded before Flop
Seat 2: Mahu2021 (big blind) collected (60)
Seat 3: jnowacki (button) folded before Flop (didn't bet)



PokerStars Hand #249469645352: Tournament #3730014242, $1.84+$0.16 USD Hold'em No Limit - Level IV (30/60) - 2024/03/17 15:07:17 CET [2024/03/17 10:07:17 ET]
Table '3730014242 1' 3-max Seat #1 is the button
Seat 1: suppi 55 (470 in chips) 
Seat 2: Mahu2021 (334 in chips) 
Seat 3: jnowacki (696 in chips) 
Mahu2021: posts small blind 30
jnowacki: posts big blind 60
*** HOLE CARDS ***
Dealt to Mahu2021 [2s Kd]
suppi 55: folds 
Mahu2021: folds 
Uncalled bet (30) returned to jnowacki
jnowacki collected 60 from pot
jnowacki: doesn't show hand 
*** SUMMARY ***
Total pot 60 | Rake 0 
Seat 1: suppi 55 (button) folded before Flop (didn't bet)
Seat 2: Mahu2021 (small blind) folded before Flop
Seat 3: jnowacki (big blind) collected (60)



PokerStars Hand #249469647479: Tournament #3730014242, $1.84+$0.16 USD Hold'em No Limit - Level V (40/80) - 2024/03/17 15:07:26 CET [2024/03/17 10:07:26 ET]
Table '3730014242 1' 3-max Seat #2 is the button
Seat 1: suppi 55 (470 in chips) 
Seat 2: Mahu2021 (304 in chips) 
Seat 3: jnowacki (726 in chips) 
jnowacki: posts small blind 40
suppi 55: posts big blind 80
*** HOLE CARDS ***
Dealt to Mahu2021 [Th 3s]
Mahu2021: folds 
jnowacki: raises 80 to 160
suppi 55: folds 
Uncalled bet (80) returned to jnowacki
jnowacki collected 160 from pot
jnowacki: doesn't show hand 
*** SUMMARY ***
Total pot 160 | Rake 0 
Seat 1: suppi 55 (big blind) folded before Flop
Seat 2: Mahu2021 (button) folded before Flop (didn't bet)
Seat 3: jnowacki (small blind) collected (160)



PokerStars Hand #249469650970: Tournament #3730014242, $1.84+$0.16 USD Hold'em No Limit - Level V (40/80) - 2024/03/17 15:07:41 CET [2024/03/17 10:07:41 ET]
Table '3730014242 1' 3-max Seat #3 is the button
Seat 1: suppi 55 (390 in chips) 
Seat 2: Mahu2021 (304 in chips) 
Seat 3: jnowacki (806 in chips) 
suppi 55: posts small blind 40
Mahu2021: posts big blind 80
*** HOLE CARDS ***
Dealt to Mahu2021 [4s 9c]
jnowacki: folds 
suppi 55: raises 310 to 390 and is all-in
Mahu2021: folds 
Uncalled bet (310) returned to suppi 55
suppi 55 collected 160 from pot
suppi 55: doesn't show hand 
*** SUMMARY ***
Total pot 160 | Rake 0 
Seat 1: suppi 55 (small blind) collected (160)
Seat 2: Mahu2021 (big blind) folded before Flop
Seat 3: jnowacki (button) folded before Flop (didn't bet)



PokerStars Hand #249469652684: Tournament #3730014242, $1.84+$0.16 USD Hold'em No Limit - Level V (40/80) - 2024/03/17 15:07:49 CET [2024/03/17 10:07:49 ET]
Table '3730014242 1' 3-max Seat #1 is the button
Seat 1: suppi 55 (470 in chips) 
Seat 2: Mahu2021 (224 in chips) 
Seat 3: jnowacki (806 in chips) 
Mahu2021: posts small blind 40
jnowacki: posts big blind 80
*** HOLE CARDS ***
Dealt to Mahu2021 [2d Ks]
suppi 55: raises 390 to 470 and is all-in
Mahu2021: folds 
jnowacki: folds 
Uncalled bet (390) returned to suppi 55
suppi 55 collected 200 from pot
suppi 55: doesn't show hand 
*** SUMMARY ***
Total pot 200 | Rake 0 
Seat 1: suppi 55 (button) collected (200)
Seat 2: Mahu2021 (small blind) folded before Flop
Seat 3: jnowacki (big blind) folded before Flop



PokerStars Hand #249469654191: Tournament #3730014242, $1.84+$0.16 USD Hold'em No Limit - Level V (40/80) - 2024/03/17 15:07:56 CET [2024/03/17 10:07:56 ET]
Table '3730014242 1' 3-max Seat #2 is the button
Seat 1: suppi 55 (590 in chips) 
Seat 2: Mahu2021 (184 in chips) 
Seat 3: jnowacki (726 in chips) 
jnowacki: posts small blind 40
suppi 55: posts big blind 80
*** HOLE CARDS ***
Dealt to Mahu2021 [9h 4c]
Mahu2021: folds 
jnowacki: folds 
Uncalled bet (40) returned to suppi 55
suppi 55 collected 80 from pot
suppi 55: doesn't show hand 
*** SUMMARY ***
Total pot 80 | Rake 0 
Seat 1: suppi 55 (big blind) collected (80)
Seat 2: Mahu2021 (button) folded before Flop (didn't bet)
Seat 3: jnowacki (small blind) folded before Flop



PokerStars Hand #249469655207: Tournament #3730014242, $1.84+$0.16 USD Hold'em No Limit - Level V (40/80) - 2024/03/17 15:08:00 CET [2024/03/17 10:08:00 ET]
Table '3730014242 1' 3-max Seat #3 is the button
Seat 1: suppi 55 (630 in chips) 
Seat 2: Mahu2021 (184 in chips) 
Seat 3: jnowacki (686 in chips) 
suppi 55: posts small blind 40
Mahu2021: posts big blind 80
*** HOLE CARDS ***
Dealt to Mahu2021 [7s 9s]
jnowacki: folds 
suppi 55: folds 
Uncalled bet (40) returned to Mahu2021
Mahu2021 collected 80 from pot
Mahu2021: doesn't show hand 
*** SUMMARY ***
Total pot 80 | Rake 0 
Seat 1: suppi 55 (small blind) folded before Flop
Seat 2: Mahu2021 (big blind) collected (80)
Seat 3: jnowacki (button) folded before Flop (didn't bet)



PokerStars Hand #249469657192: Tournament #3730014242, $1.84+$0.16 USD Hold'em No Limit - Level V (40/80) - 2024/03/17 15:08:09 CET [2024/03/17 10:08:09 ET]
Table '3730014242 1' 3-max Seat #1 is the button
Seat 1: suppi 55 (590 in chips) 
Seat 2: Mahu2021 (224 in chips) 
Seat 3: jnowacki (686 in chips) 
Mahu2021: posts small blind 40
jnowacki: posts big blind 80
*** HOLE CARDS ***
Dealt to Mahu2021 [Ac 2h]
suppi 55: raises 510 to 590 and is all-in
Mahu2021: calls 184 and is all-in
jnowacki: folds 
Uncalled bet (366) returned to suppi 55
*** FLOP *** [Ah 4h Js]
*** TURN *** [Ah 4h Js] [3c]
*** RIVER *** [Ah 4h Js 3c] [2s]
*** SHOW DOWN ***
Mahu2021: shows [Ac 2h] (two pair, Aces and Deuces)
suppi 55: shows [5d Ad] (a straight, Ace to Five)
suppi 55 collected 528 from pot
Mahu2021 finished the tournament in 3rd place
*** SUMMARY ***
Total pot 528 | Rake 0 
Board [Ah 4h Js 3c 2s]
Seat 1: suppi 55 (button) showed [5d Ad] and won (528) with a straight, Ace to Five
Seat 2: Mahu2021 (small blind) showed [Ac 2h] and lost with two pair, Aces and Deuces
Seat 3: jnowacki (big blind) folded before Flop



