PokerStars Hand #247877426038: Tournament #3691716058, $1.84+$0.16 USD Hold'em No Limit - Level I (10/20) - 2023/12/26 16:16:36 CET [2023/12/26 10:16:36 ET]
Table '3691716058 1' 3-max Seat #1 is the button
Seat 1: Mahu2021 (500 in chips) 
Seat 2: MrCoone (500 in chips) 
Seat 3: AAce98 (500 in chips) 
MrCoone: posts small blind 10
AAce98: posts big blind 20
*** HOLE CARDS ***
Dealt to Mahu2021 [7c Ad]
Mahu2021: calls 20
MrCoone: calls 10
AAce98: checks 
*** FLOP *** [Ah Qh 5h]
MrCoone: bets 30
AAce98: raises 30 to 60
Mahu2021: folds 
MrCoone: folds 
Uncalled bet (30) returned to AAce98
AAce98 collected 120 from pot
AAce98: doesn't show hand 
*** SUMMARY ***
Total pot 120 | Rake 0 
Board [Ah Qh 5h]
Seat 1: Mahu2021 (button) folded on the Flop
Seat 2: MrCoone (small blind) folded on the Flop
Seat 3: AAce98 (big blind) collected (120)



PokerStars Hand #247877432334: Tournament #3691716058, $1.84+$0.16 USD Hold'em No Limit - Level I (10/20) - 2023/12/26 16:17:01 CET [2023/12/26 10:17:01 ET]
Table '3691716058 1' 3-max Seat #2 is the button
Seat 1: Mahu2021 (480 in chips) 
Seat 2: MrCoone (450 in chips) 
Seat 3: AAce98 (570 in chips) 
AAce98: posts small blind 10
Mahu2021: posts big blind 20
*** HOLE CARDS ***
Dealt to Mahu2021 [8c 9c]
MrCoone: calls 20
AAce98: calls 10
Mahu2021: checks 
*** FLOP *** [Qd 9h Jc]
AAce98: bets 30
Mahu2021: calls 30
MrCoone: folds 
*** TURN *** [Qd 9h Jc] [Ac]
AAce98: bets 120
Mahu2021: calls 120
*** RIVER *** [Qd 9h Jc Ac] [Qh]
AAce98: bets 180
Mahu2021: folds 
Uncalled bet (180) returned to AAce98
AAce98 collected 360 from pot
AAce98: doesn't show hand 
*** SUMMARY ***
Total pot 360 | Rake 0 
Board [Qd 9h Jc Ac Qh]
Seat 1: Mahu2021 (big blind) folded on the River
Seat 2: MrCoone (button) folded on the Flop
Seat 3: AAce98 (small blind) collected (360)



PokerStars Hand #247877440169: Tournament #3691716058, $1.84+$0.16 USD Hold'em No Limit - Level I (10/20) - 2023/12/26 16:17:31 CET [2023/12/26 10:17:31 ET]
Table '3691716058 1' 3-max Seat #3 is the button
Seat 1: Mahu2021 (310 in chips) 
Seat 2: MrCoone (430 in chips) 
Seat 3: AAce98 (760 in chips) 
Mahu2021: posts small blind 10
MrCoone: posts big blind 20
*** HOLE CARDS ***
Dealt to Mahu2021 [7d 2s]
AAce98: raises 40 to 60
Mahu2021: folds 
MrCoone: calls 40
*** FLOP *** [Qh 8h Jh]
MrCoone: bets 370 and is all-in
AAce98: folds 
Uncalled bet (370) returned to MrCoone
MrCoone collected 130 from pot
MrCoone: doesn't show hand 
*** SUMMARY ***
Total pot 130 | Rake 0 
Board [Qh 8h Jh]
Seat 1: Mahu2021 (small blind) folded before Flop
Seat 2: MrCoone (big blind) collected (130)
Seat 3: AAce98 (button) folded on the Flop



PokerStars Hand #247877444281: Tournament #3691716058, $1.84+$0.16 USD Hold'em No Limit - Level I (10/20) - 2023/12/26 16:17:47 CET [2023/12/26 10:17:47 ET]
Table '3691716058 1' 3-max Seat #1 is the button
Seat 1: Mahu2021 (300 in chips) 
Seat 2: MrCoone (500 in chips) 
Seat 3: AAce98 (700 in chips) 
MrCoone: posts small blind 10
AAce98: posts big blind 20
*** HOLE CARDS ***
Dealt to Mahu2021 [Qh Kc]
Mahu2021: raises 20 to 40
MrCoone: folds 
AAce98: raises 90 to 130
Mahu2021: raises 170 to 300 and is all-in
AAce98: calls 170
*** FLOP *** [4d 5c 8s]
*** TURN *** [4d 5c 8s] [Qs]
*** RIVER *** [4d 5c 8s Qs] [Th]
*** SHOW DOWN ***
AAce98: shows [Ks Ac] (high card Ace)
Mahu2021: shows [Qh Kc] (a pair of Queens)
Mahu2021 collected 610 from pot
*** SUMMARY ***
Total pot 610 | Rake 0 
Board [4d 5c 8s Qs Th]
Seat 1: Mahu2021 (button) showed [Qh Kc] and won (610) with a pair of Queens
Seat 2: MrCoone (small blind) folded before Flop
Seat 3: AAce98 (big blind) showed [Ks Ac] and lost with high card Ace



PokerStars Hand #247877449360: Tournament #3691716058, $1.84+$0.16 USD Hold'em No Limit - Level I (10/20) - 2023/12/26 16:18:06 CET [2023/12/26 10:18:06 ET]
Table '3691716058 1' 3-max Seat #2 is the button
Seat 1: Mahu2021 (610 in chips) 
Seat 2: MrCoone (490 in chips) 
Seat 3: AAce98 (400 in chips) 
AAce98: posts small blind 10
Mahu2021: posts big blind 20
*** HOLE CARDS ***
Dealt to Mahu2021 [8d Qh]
MrCoone: folds 
AAce98: raises 20 to 40
Mahu2021: calls 20
*** FLOP *** [Td Ah 2d]
AAce98: bets 20
Mahu2021: folds 
Uncalled bet (20) returned to AAce98
AAce98 collected 80 from pot
AAce98: doesn't show hand 
*** SUMMARY ***
Total pot 80 | Rake 0 
Board [Td Ah 2d]
Seat 1: Mahu2021 (big blind) folded on the Flop
Seat 2: MrCoone (button) folded before Flop (didn't bet)
Seat 3: AAce98 (small blind) collected (80)



PokerStars Hand #247877452749: Tournament #3691716058, $1.84+$0.16 USD Hold'em No Limit - Level I (10/20) - 2023/12/26 16:18:19 CET [2023/12/26 10:18:19 ET]
Table '3691716058 1' 3-max Seat #3 is the button
Seat 1: Mahu2021 (570 in chips) 
Seat 2: MrCoone (490 in chips) 
Seat 3: AAce98 (440 in chips) 
Mahu2021: posts small blind 10
MrCoone: posts big blind 20
*** HOLE CARDS ***
Dealt to Mahu2021 [7c 4h]
AAce98: raises 420 to 440 and is all-in
Mahu2021: folds 
MrCoone: folds 
Uncalled bet (420) returned to AAce98
AAce98 collected 50 from pot
AAce98: doesn't show hand 
*** SUMMARY ***
Total pot 50 | Rake 0 
Seat 1: Mahu2021 (small blind) folded before Flop
Seat 2: MrCoone (big blind) folded before Flop
Seat 3: AAce98 (button) collected (50)



PokerStars Hand #247877459991: Tournament #3691716058, $1.84+$0.16 USD Hold'em No Limit - Level II (15/30) - 2023/12/26 16:18:47 CET [2023/12/26 10:18:47 ET]
Table '3691716058 1' 3-max Seat #1 is the button
Seat 1: Mahu2021 (560 in chips) 
Seat 2: MrCoone (470 in chips) 
Seat 3: AAce98 (470 in chips) 
MrCoone: posts small blind 15
AAce98: posts big blind 30
*** HOLE CARDS ***
Dealt to Mahu2021 [8s 9c]
Mahu2021: folds 
MrCoone: raises 30 to 60
AAce98: calls 30
*** FLOP *** [Jc Jd 7s]
MrCoone: checks 
AAce98: bets 60
MrCoone: calls 60
*** TURN *** [Jc Jd 7s] [7d]
MrCoone: checks 
AAce98: bets 240
MrCoone: folds 
Uncalled bet (240) returned to AAce98
AAce98 collected 240 from pot
AAce98: doesn't show hand 
*** SUMMARY ***
Total pot 240 | Rake 0 
Board [Jc Jd 7s 7d]
Seat 1: Mahu2021 (button) folded before Flop (didn't bet)
Seat 2: MrCoone (small blind) folded on the Turn
Seat 3: AAce98 (big blind) collected (240)



PokerStars Hand #247877466116: Tournament #3691716058, $1.84+$0.16 USD Hold'em No Limit - Level II (15/30) - 2023/12/26 16:19:11 CET [2023/12/26 10:19:11 ET]
Table '3691716058 1' 3-max Seat #2 is the button
Seat 1: Mahu2021 (560 in chips) 
Seat 2: MrCoone (350 in chips) 
Seat 3: AAce98 (590 in chips) 
AAce98: posts small blind 15
Mahu2021: posts big blind 30
*** HOLE CARDS ***
Dealt to Mahu2021 [2c 3h]
MrCoone: folds 
AAce98: calls 15
Mahu2021: checks 
*** FLOP *** [9d 6c Ad]
AAce98: checks 
Mahu2021: checks 
*** TURN *** [9d 6c Ad] [9h]
AAce98: checks 
Mahu2021: checks 
*** RIVER *** [9d 6c Ad 9h] [8c]
AAce98: bets 60
Mahu2021: folds 
Uncalled bet (60) returned to AAce98
AAce98 collected 60 from pot
AAce98: doesn't show hand 
*** SUMMARY ***
Total pot 60 | Rake 0 
Board [9d 6c Ad 9h 8c]
Seat 1: Mahu2021 (big blind) folded on the River
Seat 2: MrCoone (button) folded before Flop (didn't bet)
Seat 3: AAce98 (small blind) collected (60)



PokerStars Hand #247877470557: Tournament #3691716058, $1.84+$0.16 USD Hold'em No Limit - Level II (15/30) - 2023/12/26 16:19:28 CET [2023/12/26 10:19:28 ET]
Table '3691716058 1' 3-max Seat #3 is the button
Seat 1: Mahu2021 (530 in chips) 
Seat 2: MrCoone (350 in chips) 
Seat 3: AAce98 (620 in chips) 
Mahu2021: posts small blind 15
MrCoone: posts big blind 30
*** HOLE CARDS ***
Dealt to Mahu2021 [Jh 4s]
AAce98: folds 
Mahu2021: folds 
Uncalled bet (15) returned to MrCoone
MrCoone collected 30 from pot
MrCoone: doesn't show hand 
*** SUMMARY ***
Total pot 30 | Rake 0 
Seat 1: Mahu2021 (small blind) folded before Flop
Seat 2: MrCoone (big blind) collected (30)
Seat 3: AAce98 (button) folded before Flop (didn't bet)



PokerStars Hand #247877472835: Tournament #3691716058, $1.84+$0.16 USD Hold'em No Limit - Level II (15/30) - 2023/12/26 16:19:37 CET [2023/12/26 10:19:37 ET]
Table '3691716058 1' 3-max Seat #1 is the button
Seat 1: Mahu2021 (515 in chips) 
Seat 2: MrCoone (365 in chips) 
Seat 3: AAce98 (620 in chips) 
MrCoone: posts small blind 15
AAce98: posts big blind 30
*** HOLE CARDS ***
Dealt to Mahu2021 [8d 6h]
Mahu2021: folds 
MrCoone: raises 335 to 365 and is all-in
AAce98: folds 
Uncalled bet (335) returned to MrCoone
MrCoone collected 60 from pot
MrCoone: doesn't show hand 
*** SUMMARY ***
Total pot 60 | Rake 0 
Seat 1: Mahu2021 (button) folded before Flop (didn't bet)
Seat 2: MrCoone (small blind) collected (60)
Seat 3: AAce98 (big blind) folded before Flop



PokerStars Hand #247877474998: Tournament #3691716058, $1.84+$0.16 USD Hold'em No Limit - Level II (15/30) - 2023/12/26 16:19:45 CET [2023/12/26 10:19:45 ET]
Table '3691716058 1' 3-max Seat #2 is the button
Seat 1: Mahu2021 (515 in chips) 
Seat 2: MrCoone (395 in chips) 
Seat 3: AAce98 (590 in chips) 
AAce98: posts small blind 15
Mahu2021: posts big blind 30
*** HOLE CARDS ***
Dealt to Mahu2021 [Th 6d]
MrCoone: folds 
AAce98: raises 60 to 90
Mahu2021: folds 
Uncalled bet (60) returned to AAce98
AAce98 collected 60 from pot
AAce98: doesn't show hand 
*** SUMMARY ***
Total pot 60 | Rake 0 
Seat 1: Mahu2021 (big blind) folded before Flop
Seat 2: MrCoone (button) folded before Flop (didn't bet)
Seat 3: AAce98 (small blind) collected (60)



PokerStars Hand #247877478165: Tournament #3691716058, $1.84+$0.16 USD Hold'em No Limit - Level II (15/30) - 2023/12/26 16:19:57 CET [2023/12/26 10:19:57 ET]
Table '3691716058 1' 3-max Seat #3 is the button
Seat 1: Mahu2021 (485 in chips) 
Seat 2: MrCoone (395 in chips) 
Seat 3: AAce98 (620 in chips) 
Mahu2021: posts small blind 15
MrCoone: posts big blind 30
*** HOLE CARDS ***
Dealt to Mahu2021 [Qd 5h]
AAce98: raises 60 to 90
Mahu2021: folds 
MrCoone: folds 
Uncalled bet (60) returned to AAce98
AAce98 collected 75 from pot
AAce98: doesn't show hand 
*** SUMMARY ***
Total pot 75 | Rake 0 
Seat 1: Mahu2021 (small blind) folded before Flop
Seat 2: MrCoone (big blind) folded before Flop
Seat 3: AAce98 (button) collected (75)



PokerStars Hand #247877481111: Tournament #3691716058, $1.84+$0.16 USD Hold'em No Limit - Level II (15/30) - 2023/12/26 16:20:08 CET [2023/12/26 10:20:08 ET]
Table '3691716058 1' 3-max Seat #1 is the button
Seat 1: Mahu2021 (470 in chips) 
Seat 2: MrCoone (365 in chips) 
Seat 3: AAce98 (665 in chips) 
MrCoone: posts small blind 15
AAce98: posts big blind 30
*** HOLE CARDS ***
Dealt to Mahu2021 [5s 8d]
Mahu2021: folds 
MrCoone: folds 
Uncalled bet (15) returned to AAce98
AAce98 collected 30 from pot
AAce98: doesn't show hand 
*** SUMMARY ***
Total pot 30 | Rake 0 
Seat 1: Mahu2021 (button) folded before Flop (didn't bet)
Seat 2: MrCoone (small blind) folded before Flop
Seat 3: AAce98 (big blind) collected (30)



PokerStars Hand #247877482421: Tournament #3691716058, $1.84+$0.16 USD Hold'em No Limit - Level II (15/30) - 2023/12/26 16:20:13 CET [2023/12/26 10:20:13 ET]
Table '3691716058 1' 3-max Seat #2 is the button
Seat 1: Mahu2021 (470 in chips) 
Seat 2: MrCoone (350 in chips) 
Seat 3: AAce98 (680 in chips) 
AAce98: posts small blind 15
Mahu2021: posts big blind 30
*** HOLE CARDS ***
Dealt to Mahu2021 [Ks 5c]
MrCoone: raises 320 to 350 and is all-in
AAce98: folds 
Mahu2021: folds 
Uncalled bet (320) returned to MrCoone
MrCoone collected 75 from pot
MrCoone: doesn't show hand 
*** SUMMARY ***
Total pot 75 | Rake 0 
Seat 1: Mahu2021 (big blind) folded before Flop
Seat 2: MrCoone (button) collected (75)
Seat 3: AAce98 (small blind) folded before Flop



PokerStars Hand #247877484001: Tournament #3691716058, $1.84+$0.16 USD Hold'em No Limit - Level II (15/30) - 2023/12/26 16:20:19 CET [2023/12/26 10:20:19 ET]
Table '3691716058 1' 3-max Seat #3 is the button
Seat 1: Mahu2021 (440 in chips) 
Seat 2: MrCoone (395 in chips) 
Seat 3: AAce98 (665 in chips) 
Mahu2021: posts small blind 15
MrCoone: posts big blind 30
*** HOLE CARDS ***
Dealt to Mahu2021 [5c Tc]
AAce98: raises 60 to 90
Mahu2021: folds 
MrCoone: folds 
Uncalled bet (60) returned to AAce98
AAce98 collected 75 from pot
AAce98: doesn't show hand 
*** SUMMARY ***
Total pot 75 | Rake 0 
Seat 1: Mahu2021 (small blind) folded before Flop
Seat 2: MrCoone (big blind) folded before Flop
Seat 3: AAce98 (button) collected (75)



PokerStars Hand #247877485758: Tournament #3691716058, $1.84+$0.16 USD Hold'em No Limit - Level II (15/30) - 2023/12/26 16:20:26 CET [2023/12/26 10:20:26 ET]
Table '3691716058 1' 3-max Seat #1 is the button
Seat 1: Mahu2021 (425 in chips) 
Seat 2: MrCoone (365 in chips) 
Seat 3: AAce98 (710 in chips) 
MrCoone: posts small blind 15
AAce98: posts big blind 30
*** HOLE CARDS ***
Dealt to Mahu2021 [4h 3c]
Mahu2021: folds 
MrCoone: raises 335 to 365 and is all-in
AAce98: folds 
Uncalled bet (335) returned to MrCoone
MrCoone collected 60 from pot
MrCoone: doesn't show hand 
*** SUMMARY ***
Total pot 60 | Rake 0 
Seat 1: Mahu2021 (button) folded before Flop (didn't bet)
Seat 2: MrCoone (small blind) collected (60)
Seat 3: AAce98 (big blind) folded before Flop



PokerStars Hand #247877487546: Tournament #3691716058, $1.84+$0.16 USD Hold'em No Limit - Level II (15/30) - 2023/12/26 16:20:33 CET [2023/12/26 10:20:33 ET]
Table '3691716058 1' 3-max Seat #2 is the button
Seat 1: Mahu2021 (425 in chips) 
Seat 2: MrCoone (395 in chips) 
Seat 3: AAce98 (680 in chips) 
AAce98: posts small blind 15
Mahu2021: posts big blind 30
*** HOLE CARDS ***
Dealt to Mahu2021 [9h 8c]
MrCoone: raises 365 to 395 and is all-in
AAce98: folds 
Mahu2021: folds 
Uncalled bet (365) returned to MrCoone
MrCoone collected 75 from pot
MrCoone: doesn't show hand 
*** SUMMARY ***
Total pot 75 | Rake 0 
Seat 1: Mahu2021 (big blind) folded before Flop
Seat 2: MrCoone (button) collected (75)
Seat 3: AAce98 (small blind) folded before Flop



PokerStars Hand #247877490139: Tournament #3691716058, $1.84+$0.16 USD Hold'em No Limit - Level III (20/40) - 2023/12/26 16:20:43 CET [2023/12/26 10:20:43 ET]
Table '3691716058 1' 3-max Seat #3 is the button
Seat 1: Mahu2021 (395 in chips) 
Seat 2: MrCoone (440 in chips) 
Seat 3: AAce98 (665 in chips) 
Mahu2021: posts small blind 20
MrCoone: posts big blind 40
*** HOLE CARDS ***
Dealt to Mahu2021 [5d 9s]
AAce98: raises 80 to 120
Mahu2021: folds 
MrCoone: raises 320 to 440 and is all-in
AAce98: calls 320
*** FLOP *** [2h 6s 5s]
*** TURN *** [2h 6s 5s] [Js]
*** RIVER *** [2h 6s 5s Js] [7s]
*** SHOW DOWN ***
MrCoone: shows [Jc Ts] (a flush, Jack high)
AAce98: shows [8s 8d] (a flush, Jack high - lower cards)
MrCoone collected 900 from pot
*** SUMMARY ***
Total pot 900 | Rake 0 
Board [2h 6s 5s Js 7s]
Seat 1: Mahu2021 (small blind) folded before Flop
Seat 2: MrCoone (big blind) showed [Jc Ts] and won (900) with a flush, Jack high
Seat 3: AAce98 (button) showed [8s 8d] and lost with a flush, Jack high



PokerStars Hand #247877494058: Tournament #3691716058, $1.84+$0.16 USD Hold'em No Limit - Level III (20/40) - 2023/12/26 16:20:57 CET [2023/12/26 10:20:57 ET]
Table '3691716058 1' 3-max Seat #1 is the button
Seat 1: Mahu2021 (375 in chips) 
Seat 2: MrCoone (900 in chips) 
Seat 3: AAce98 (225 in chips) 
MrCoone: posts small blind 20
AAce98: posts big blind 40
*** HOLE CARDS ***
Dealt to Mahu2021 [7d Ad]
Mahu2021: raises 335 to 375 and is all-in
MrCoone: raises 525 to 900 and is all-in
AAce98: calls 185 and is all-in
Uncalled bet (525) returned to MrCoone
*** FLOP *** [Jc 8h Jd]
*** TURN *** [Jc 8h Jd] [Jh]
*** RIVER *** [Jc 8h Jd Jh] [Th]
*** SHOW DOWN ***
MrCoone: shows [6c Ac] (three of a kind, Jacks)
Mahu2021: shows [7d Ad] (three of a kind, Jacks)
MrCoone collected 150 from side pot
Mahu2021 collected 150 from side pot
AAce98: shows [7c Tc] (a full house, Jacks full of Tens)
AAce98 collected 675 from main pot
*** SUMMARY ***
Total pot 975 Main pot 675. Side pot 300. | Rake 0 
Board [Jc 8h Jd Jh Th]
Seat 1: Mahu2021 (button) showed [7d Ad] and won (150) with three of a kind, Jacks
Seat 2: MrCoone (small blind) showed [6c Ac] and won (150) with three of a kind, Jacks
Seat 3: AAce98 (big blind) showed [7c Tc] and won (675) with a full house, Jacks full of Tens



PokerStars Hand #247877498298: Tournament #3691716058, $1.84+$0.16 USD Hold'em No Limit - Level III (20/40) - 2023/12/26 16:21:13 CET [2023/12/26 10:21:13 ET]
Table '3691716058 1' 3-max Seat #2 is the button
Seat 1: Mahu2021 (150 in chips) 
Seat 2: MrCoone (675 in chips) 
Seat 3: AAce98 (675 in chips) 
AAce98: posts small blind 20
Mahu2021: posts big blind 40
*** HOLE CARDS ***
Dealt to Mahu2021 [Kh Td]
MrCoone: raises 635 to 675 and is all-in
AAce98: folds 
Mahu2021: calls 110 and is all-in
Uncalled bet (525) returned to MrCoone
*** FLOP *** [8h Tc 7h]
*** TURN *** [8h Tc 7h] [Qs]
*** RIVER *** [8h Tc 7h Qs] [Th]
*** SHOW DOWN ***
Mahu2021: shows [Kh Td] (three of a kind, Tens)
MrCoone: shows [7c 6d] (two pair, Tens and Sevens)
Mahu2021 collected 320 from pot
*** SUMMARY ***
Total pot 320 | Rake 0 
Board [8h Tc 7h Qs Th]
Seat 1: Mahu2021 (big blind) showed [Kh Td] and won (320) with three of a kind, Tens
Seat 2: MrCoone (button) showed [7c 6d] and lost with two pair, Tens and Sevens
Seat 3: AAce98 (small blind) folded before Flop



PokerStars Hand #247877501905: Tournament #3691716058, $1.84+$0.16 USD Hold'em No Limit - Level III (20/40) - 2023/12/26 16:21:27 CET [2023/12/26 10:21:27 ET]
Table '3691716058 1' 3-max Seat #3 is the button
Seat 1: Mahu2021 (320 in chips) 
Seat 2: MrCoone (525 in chips) 
Seat 3: AAce98 (655 in chips) 
Mahu2021: posts small blind 20
MrCoone: posts big blind 40
*** HOLE CARDS ***
Dealt to Mahu2021 [8c 3s]
AAce98: folds 
Mahu2021: folds 
Uncalled bet (20) returned to MrCoone
MrCoone collected 40 from pot
MrCoone: doesn't show hand 
*** SUMMARY ***
Total pot 40 | Rake 0 
Seat 1: Mahu2021 (small blind) folded before Flop
Seat 2: MrCoone (big blind) collected (40)
Seat 3: AAce98 (button) folded before Flop (didn't bet)



PokerStars Hand #247877503251: Tournament #3691716058, $1.84+$0.16 USD Hold'em No Limit - Level III (20/40) - 2023/12/26 16:21:32 CET [2023/12/26 10:21:32 ET]
Table '3691716058 1' 3-max Seat #1 is the button
Seat 1: Mahu2021 (300 in chips) 
Seat 2: MrCoone (545 in chips) 
Seat 3: AAce98 (655 in chips) 
MrCoone: posts small blind 20
AAce98: posts big blind 40
*** HOLE CARDS ***
Dealt to Mahu2021 [Qs 9s]
Mahu2021: raises 260 to 300 and is all-in
MrCoone: raises 245 to 545 and is all-in
AAce98: folds 
Uncalled bet (245) returned to MrCoone
*** FLOP *** [2c 4c Kd]
*** TURN *** [2c 4c Kd] [Jd]
*** RIVER *** [2c 4c Kd Jd] [7d]
*** SHOW DOWN ***
MrCoone: shows [Js Qh] (a pair of Jacks)
Mahu2021: shows [Qs 9s] (high card King)
MrCoone collected 640 from pot
Mahu2021 finished the tournament in 3rd place
*** SUMMARY ***
Total pot 640 | Rake 0 
Board [2c 4c Kd Jd 7d]
Seat 1: Mahu2021 (button) showed [Qs 9s] and lost with high card King
Seat 2: MrCoone (small blind) showed [Js Qh] and won (640) with a pair of Jacks
Seat 3: AAce98 (big blind) folded before Flop



