PokerStars Hand #243226407616: Tournament #3580622784, $0.92+$0.08 USD Hold'em No Limit - Level I (10/20) - 2023/04/21 15:47:53 CET [2023/04/21 9:47:53 ET]
Table '3580622784 1' 3-max Seat #1 is the button
Seat 1: pianka_pok (500 in chips) 
Seat 2: Mahu2021 (500 in chips) 
Seat 3: McSim99 (500 in chips) 
Mahu2021: posts small blind 10
McSim99: posts big blind 20
*** HOLE CARDS ***
Dealt to Mahu2021 [6d 3d]
pianka_pok: folds 
Mahu2021: calls 10
McSim99: checks 
*** FLOP *** [9d 4d 3h]
Mahu2021: bets 20
McSim99: raises 40 to 60
Mahu2021: calls 40
*** TURN *** [9d 4d 3h] [5c]
Mahu2021: checks 
McSim99: bets 60
Mahu2021: calls 60
*** RIVER *** [9d 4d 3h 5c] [7s]
Mahu2021: bets 360 and is all-in
McSim99: folds 
Uncalled bet (360) returned to Mahu2021
Mahu2021 collected 280 from pot
Mahu2021: doesn't show hand 
*** SUMMARY ***
Total pot 280 | Rake 0 
Board [9d 4d 3h 5c 7s]
Seat 1: pianka_pok (button) folded before Flop (didn't bet)
Seat 2: Mahu2021 (small blind) collected (280)
Seat 3: McSim99 (big blind) folded on the River



PokerStars Hand #243226417266: Tournament #3580622784, $0.92+$0.08 USD Hold'em No Limit - Level I (10/20) - 2023/04/21 15:48:34 CET [2023/04/21 9:48:34 ET]
Table '3580622784 1' 3-max Seat #2 is the button
Seat 1: pianka_pok (500 in chips) 
Seat 2: Mahu2021 (640 in chips) 
Seat 3: McSim99 (360 in chips) 
McSim99: posts small blind 10
pianka_pok: posts big blind 20
*** HOLE CARDS ***
Dealt to Mahu2021 [Ks 7d]
Mahu2021: folds 
McSim99: folds 
Uncalled bet (10) returned to pianka_pok
pianka_pok collected 20 from pot
pianka_pok: doesn't show hand 
*** SUMMARY ***
Total pot 20 | Rake 0 
Seat 1: pianka_pok (big blind) collected (20)
Seat 2: Mahu2021 (button) folded before Flop (didn't bet)
Seat 3: McSim99 (small blind) folded before Flop



PokerStars Hand #243226419052: Tournament #3580622784, $0.92+$0.08 USD Hold'em No Limit - Level I (10/20) - 2023/04/21 15:48:42 CET [2023/04/21 9:48:42 ET]
Table '3580622784 1' 3-max Seat #3 is the button
Seat 1: pianka_pok (510 in chips) 
Seat 2: Mahu2021 (640 in chips) 
Seat 3: McSim99 (350 in chips) 
pianka_pok: posts small blind 10
Mahu2021: posts big blind 20
*** HOLE CARDS ***
Dealt to Mahu2021 [Qd Jd]
McSim99: folds 
pianka_pok: raises 20 to 40
Mahu2021: calls 20
*** FLOP *** [Jh Qs 6s]
pianka_pok: bets 46
Mahu2021: calls 46
*** TURN *** [Jh Qs 6s] [Qc]
pianka_pok: checks 
Mahu2021: bets 40
pianka_pok: calls 40
*** RIVER *** [Jh Qs 6s Qc] [2s]
pianka_pok: bets 206
Mahu2021: raises 308 to 514 and is all-in
pianka_pok: calls 178 and is all-in
Uncalled bet (130) returned to Mahu2021
*** SHOW DOWN ***
Mahu2021: shows [Qd Jd] (a full house, Queens full of Jacks)
pianka_pok: shows [Ks 5s] (a flush, King high)
Mahu2021 collected 1020 from pot
pianka_pok finished the tournament in 3rd place
*** SUMMARY ***
Total pot 1020 | Rake 0 
Board [Jh Qs 6s Qc 2s]
Seat 1: pianka_pok (small blind) showed [Ks 5s] and lost with a flush, King high
Seat 2: Mahu2021 (big blind) showed [Qd Jd] and won (1020) with a full house, Queens full of Jacks
Seat 3: McSim99 (button) folded before Flop (didn't bet)



PokerStars Hand #243226427671: Tournament #3580622784, $0.92+$0.08 USD Hold'em No Limit - Level I (10/20) - 2023/04/21 15:49:19 CET [2023/04/21 9:49:19 ET]
Table '3580622784 1' 3-max Seat #2 is the button
Seat 2: Mahu2021 (1150 in chips) 
Seat 3: McSim99 (350 in chips) 
Mahu2021: posts small blind 10
McSim99: posts big blind 20
*** HOLE CARDS ***
Dealt to Mahu2021 [9c 6h]
Mahu2021: folds 
Uncalled bet (10) returned to McSim99
McSim99 collected 20 from pot
*** SUMMARY ***
Total pot 20 | Rake 0 
Seat 2: Mahu2021 (button) (small blind) folded before Flop
Seat 3: McSim99 (big blind) collected (20)



PokerStars Hand #243226428797: Tournament #3580622784, $0.92+$0.08 USD Hold'em No Limit - Level I (10/20) - 2023/04/21 15:49:24 CET [2023/04/21 9:49:24 ET]
Table '3580622784 1' 3-max Seat #3 is the button
Seat 2: Mahu2021 (1140 in chips) 
Seat 3: McSim99 (360 in chips) 
McSim99: posts small blind 10
Mahu2021: posts big blind 20
*** HOLE CARDS ***
Dealt to Mahu2021 [Qh 4d]
McSim99: raises 20 to 40
Mahu2021: calls 20
*** FLOP *** [6h 4c 2c]
Mahu2021: checks 
McSim99: bets 60
Mahu2021: raises 1040 to 1100 and is all-in
McSim99: calls 260 and is all-in
Uncalled bet (780) returned to Mahu2021
*** TURN *** [6h 4c 2c] [Th]
*** RIVER *** [6h 4c 2c Th] [8d]
*** SHOW DOWN ***
Mahu2021: shows [Qh 4d] (a pair of Fours)
McSim99: shows [Kh 4h] (a pair of Fours - King kicker)
McSim99 collected 720 from pot
*** SUMMARY ***
Total pot 720 | Rake 0 
Board [6h 4c 2c Th 8d]
Seat 2: Mahu2021 (big blind) showed [Qh 4d] and lost with a pair of Fours
Seat 3: McSim99 (button) (small blind) showed [Kh 4h] and won (720) with a pair of Fours



PokerStars Hand #243226433532: Tournament #3580622784, $0.92+$0.08 USD Hold'em No Limit - Level I (10/20) - 2023/04/21 15:49:45 CET [2023/04/21 9:49:45 ET]
Table '3580622784 1' 3-max Seat #2 is the button
Seat 2: Mahu2021 (780 in chips) 
Seat 3: McSim99 (720 in chips) 
Mahu2021: posts small blind 10
McSim99: posts big blind 20
*** HOLE CARDS ***
Dealt to Mahu2021 [Ah 3c]
Mahu2021: raises 760 to 780 and is all-in
McSim99: folds 
Uncalled bet (760) returned to Mahu2021
Mahu2021 collected 40 from pot
Mahu2021: doesn't show hand 
*** SUMMARY ***
Total pot 40 | Rake 0 
Seat 2: Mahu2021 (button) (small blind) collected (40)
Seat 3: McSim99 (big blind) folded before Flop



PokerStars Hand #243226435803: Tournament #3580622784, $0.92+$0.08 USD Hold'em No Limit - Level I (10/20) - 2023/04/21 15:49:55 CET [2023/04/21 9:49:55 ET]
Table '3580622784 1' 3-max Seat #3 is the button
Seat 2: Mahu2021 (800 in chips) 
Seat 3: McSim99 (700 in chips) 
McSim99: posts small blind 10
Mahu2021: posts big blind 20
*** HOLE CARDS ***
Dealt to Mahu2021 [3c 9s]
McSim99: raises 40 to 60
Mahu2021: folds 
Uncalled bet (40) returned to McSim99
McSim99 collected 40 from pot
*** SUMMARY ***
Total pot 40 | Rake 0 
Seat 2: Mahu2021 (big blind) folded before Flop
Seat 3: McSim99 (button) (small blind) collected (40)



PokerStars Hand #243226437229: Tournament #3580622784, $0.92+$0.08 USD Hold'em No Limit - Level I (10/20) - 2023/04/21 15:50:01 CET [2023/04/21 9:50:01 ET]
Table '3580622784 1' 3-max Seat #2 is the button
Seat 2: Mahu2021 (780 in chips) 
Seat 3: McSim99 (720 in chips) 
Mahu2021: posts small blind 10
McSim99: posts big blind 20
*** HOLE CARDS ***
Dealt to Mahu2021 [3h Td]
Mahu2021: folds 
Uncalled bet (10) returned to McSim99
McSim99 collected 20 from pot
*** SUMMARY ***
Total pot 20 | Rake 0 
Seat 2: Mahu2021 (button) (small blind) folded before Flop
Seat 3: McSim99 (big blind) collected (20)



PokerStars Hand #243226438231: Tournament #3580622784, $0.92+$0.08 USD Hold'em No Limit - Level I (10/20) - 2023/04/21 15:50:05 CET [2023/04/21 9:50:05 ET]
Table '3580622784 1' 3-max Seat #3 is the button
Seat 2: Mahu2021 (770 in chips) 
Seat 3: McSim99 (730 in chips) 
McSim99: posts small blind 10
Mahu2021: posts big blind 20
*** HOLE CARDS ***
Dealt to Mahu2021 [Tc Ks]
McSim99: folds 
Uncalled bet (10) returned to Mahu2021
Mahu2021 collected 20 from pot
Mahu2021: doesn't show hand 
*** SUMMARY ***
Total pot 20 | Rake 0 
Seat 2: Mahu2021 (big blind) collected (20)
Seat 3: McSim99 (button) (small blind) folded before Flop



PokerStars Hand #243226439926: Tournament #3580622784, $0.92+$0.08 USD Hold'em No Limit - Level I (10/20) - 2023/04/21 15:50:12 CET [2023/04/21 9:50:12 ET]
Table '3580622784 1' 3-max Seat #2 is the button
Seat 2: Mahu2021 (780 in chips) 
Seat 3: McSim99 (720 in chips) 
Mahu2021: posts small blind 10
McSim99: posts big blind 20
*** HOLE CARDS ***
Dealt to Mahu2021 [7s As]
Mahu2021: calls 10
McSim99: checks 
*** FLOP *** [6c 5c Qs]
McSim99: checks 
Mahu2021: checks 
*** TURN *** [6c 5c Qs] [8h]
McSim99: bets 40
Mahu2021: calls 40
*** RIVER *** [6c 5c Qs 8h] [3c]
McSim99: bets 20
Mahu2021: calls 20
*** SHOW DOWN ***
McSim99: shows [3h Qd] (two pair, Queens and Threes)
Mahu2021: mucks hand 
McSim99 collected 160 from pot
*** SUMMARY ***
Total pot 160 | Rake 0 
Board [6c 5c Qs 8h 3c]
Seat 2: Mahu2021 (button) (small blind) mucked [7s As]
Seat 3: McSim99 (big blind) showed [3h Qd] and won (160) with two pair, Queens and Threes



PokerStars Hand #243226443183: Tournament #3580622784, $0.92+$0.08 USD Hold'em No Limit - Level I (10/20) - 2023/04/21 15:50:26 CET [2023/04/21 9:50:26 ET]
Table '3580622784 1' 3-max Seat #3 is the button
Seat 2: Mahu2021 (700 in chips) 
Seat 3: McSim99 (800 in chips) 
McSim99: posts small blind 10
Mahu2021: posts big blind 20
*** HOLE CARDS ***
Dealt to Mahu2021 [Tc 8h]
McSim99: folds 
Uncalled bet (10) returned to Mahu2021
Mahu2021 collected 20 from pot
Mahu2021: doesn't show hand 
*** SUMMARY ***
Total pot 20 | Rake 0 
Seat 2: Mahu2021 (big blind) collected (20)
Seat 3: McSim99 (button) (small blind) folded before Flop



PokerStars Hand #243226444676: Tournament #3580622784, $0.92+$0.08 USD Hold'em No Limit - Level I (10/20) - 2023/04/21 15:50:33 CET [2023/04/21 9:50:33 ET]
Table '3580622784 1' 3-max Seat #2 is the button
Seat 2: Mahu2021 (710 in chips) 
Seat 3: McSim99 (790 in chips) 
Mahu2021: posts small blind 10
McSim99: posts big blind 20
*** HOLE CARDS ***
Dealt to Mahu2021 [6d Ks]
Mahu2021: calls 10
McSim99: checks 
*** FLOP *** [9h 3c 5s]
McSim99: checks 
Mahu2021: bets 20
McSim99: calls 20
*** TURN *** [9h 3c 5s] [3s]
McSim99: checks 
Mahu2021: checks 
*** RIVER *** [9h 3c 5s 3s] [Qd]
McSim99: bets 60
Mahu2021: folds 
Uncalled bet (60) returned to McSim99
McSim99 collected 80 from pot
*** SUMMARY ***
Total pot 80 | Rake 0 
Board [9h 3c 5s 3s Qd]
Seat 2: Mahu2021 (button) (small blind) folded on the River
Seat 3: McSim99 (big blind) collected (80)



PokerStars Hand #243226449053: Tournament #3580622784, $0.92+$0.08 USD Hold'em No Limit - Level I (10/20) - 2023/04/21 15:50:52 CET [2023/04/21 9:50:52 ET]
Table '3580622784 1' 3-max Seat #3 is the button
Seat 2: Mahu2021 (670 in chips) 
Seat 3: McSim99 (830 in chips) 
McSim99: posts small blind 10
Mahu2021: posts big blind 20
*** HOLE CARDS ***
Dealt to Mahu2021 [7h 7c]
McSim99: calls 10
Mahu2021: raises 650 to 670 and is all-in
McSim99: folds 
Uncalled bet (650) returned to Mahu2021
Mahu2021 collected 40 from pot
Mahu2021: doesn't show hand 
*** SUMMARY ***
Total pot 40 | Rake 0 
Seat 2: Mahu2021 (big blind) collected (40)
Seat 3: McSim99 (button) (small blind) folded before Flop



PokerStars Hand #243226451296: Tournament #3580622784, $0.92+$0.08 USD Hold'em No Limit - Level II (15/30) - 2023/04/21 15:51:02 CET [2023/04/21 9:51:02 ET]
Table '3580622784 1' 3-max Seat #2 is the button
Seat 2: Mahu2021 (690 in chips) 
Seat 3: McSim99 (810 in chips) 
Mahu2021: posts small blind 15
McSim99: posts big blind 30
*** HOLE CARDS ***
Dealt to Mahu2021 [5s 6h]
Mahu2021: calls 15
McSim99: checks 
*** FLOP *** [3s 5h Qs]
McSim99: checks 
Mahu2021: bets 30
McSim99: calls 30
*** TURN *** [3s 5h Qs] [9s]
McSim99: checks 
Mahu2021: bets 30
McSim99: calls 30
*** RIVER *** [3s 5h Qs 9s] [Jd]
McSim99: checks 
Mahu2021: checks 
*** SHOW DOWN ***
McSim99: shows [Kh Jc] (a pair of Jacks)
Mahu2021: mucks hand 
McSim99 collected 180 from pot
*** SUMMARY ***
Total pot 180 | Rake 0 
Board [3s 5h Qs 9s Jd]
Seat 2: Mahu2021 (button) (small blind) mucked [5s 6h]
Seat 3: McSim99 (big blind) showed [Kh Jc] and won (180) with a pair of Jacks



PokerStars Hand #243226454749: Tournament #3580622784, $0.92+$0.08 USD Hold'em No Limit - Level II (15/30) - 2023/04/21 15:51:17 CET [2023/04/21 9:51:17 ET]
Table '3580622784 1' 3-max Seat #3 is the button
Seat 2: Mahu2021 (600 in chips) 
Seat 3: McSim99 (900 in chips) 
McSim99: posts small blind 15
Mahu2021: posts big blind 30
*** HOLE CARDS ***
Dealt to Mahu2021 [Ah 8d]
McSim99: folds 
Uncalled bet (15) returned to Mahu2021
Mahu2021 collected 30 from pot
Mahu2021: doesn't show hand 
*** SUMMARY ***
Total pot 30 | Rake 0 
Seat 2: Mahu2021 (big blind) collected (30)
Seat 3: McSim99 (button) (small blind) folded before Flop



PokerStars Hand #243226455835: Tournament #3580622784, $0.92+$0.08 USD Hold'em No Limit - Level II (15/30) - 2023/04/21 15:51:22 CET [2023/04/21 9:51:22 ET]
Table '3580622784 1' 3-max Seat #2 is the button
Seat 2: Mahu2021 (615 in chips) 
Seat 3: McSim99 (885 in chips) 
Mahu2021: posts small blind 15
McSim99: posts big blind 30
*** HOLE CARDS ***
Dealt to Mahu2021 [8s 4c]
Mahu2021: folds 
Uncalled bet (15) returned to McSim99
McSim99 collected 30 from pot
*** SUMMARY ***
Total pot 30 | Rake 0 
Seat 2: Mahu2021 (button) (small blind) folded before Flop
Seat 3: McSim99 (big blind) collected (30)



PokerStars Hand #243226456937: Tournament #3580622784, $0.92+$0.08 USD Hold'em No Limit - Level II (15/30) - 2023/04/21 15:51:27 CET [2023/04/21 9:51:27 ET]
Table '3580622784 1' 3-max Seat #3 is the button
Seat 2: Mahu2021 (600 in chips) 
Seat 3: McSim99 (900 in chips) 
McSim99: posts small blind 15
Mahu2021: posts big blind 30
*** HOLE CARDS ***
Dealt to Mahu2021 [3c Ks]
McSim99: raises 30 to 60
Mahu2021: calls 30
*** FLOP *** [2d 8d 6c]
Mahu2021: checks 
McSim99: checks 
*** TURN *** [2d 8d 6c] [5s]
Mahu2021: checks 
McSim99: checks 
*** RIVER *** [2d 8d 6c 5s] [Jh]
Mahu2021: checks 
McSim99: checks 
*** SHOW DOWN ***
Mahu2021: shows [3c Ks] (high card King)
McSim99: shows [Kh Td] (high card King - Jack+Ten kicker)
McSim99 collected 120 from pot
*** SUMMARY ***
Total pot 120 | Rake 0 
Board [2d 8d 6c 5s Jh]
Seat 2: Mahu2021 (big blind) showed [3c Ks] and lost with high card King
Seat 3: McSim99 (button) (small blind) showed [Kh Td] and won (120) with high card King



PokerStars Hand #243226460532: Tournament #3580622784, $0.92+$0.08 USD Hold'em No Limit - Level II (15/30) - 2023/04/21 15:51:42 CET [2023/04/21 9:51:42 ET]
Table '3580622784 1' 3-max Seat #2 is the button
Seat 2: Mahu2021 (540 in chips) 
Seat 3: McSim99 (960 in chips) 
Mahu2021: posts small blind 15
McSim99: posts big blind 30
*** HOLE CARDS ***
Dealt to Mahu2021 [As Tc]
Mahu2021: raises 60 to 90
McSim99: folds 
Uncalled bet (60) returned to Mahu2021
Mahu2021 collected 60 from pot
Mahu2021: doesn't show hand 
*** SUMMARY ***
Total pot 60 | Rake 0 
Seat 2: Mahu2021 (button) (small blind) collected (60)
Seat 3: McSim99 (big blind) folded before Flop



PokerStars Hand #243226462039: Tournament #3580622784, $0.92+$0.08 USD Hold'em No Limit - Level II (15/30) - 2023/04/21 15:51:49 CET [2023/04/21 9:51:49 ET]
Table '3580622784 1' 3-max Seat #3 is the button
Seat 2: Mahu2021 (570 in chips) 
Seat 3: McSim99 (930 in chips) 
McSim99: posts small blind 15
Mahu2021: posts big blind 30
*** HOLE CARDS ***
Dealt to Mahu2021 [9h Kh]
McSim99: raises 30 to 60
Mahu2021: calls 30
*** FLOP *** [5c 7c 7d]
Mahu2021: checks 
McSim99: bets 60
Mahu2021: calls 60
*** TURN *** [5c 7c 7d] [5h]
Mahu2021: checks 
McSim99: bets 30
Mahu2021: raises 420 to 450 and is all-in
McSim99: calls 420
*** RIVER *** [5c 7c 7d 5h] [3d]
*** SHOW DOWN ***
Mahu2021: shows [9h Kh] (two pair, Sevens and Fives)
McSim99: shows [8s 5s] (a full house, Fives full of Sevens)
McSim99 collected 1140 from pot
Mahu2021 finished the tournament in 2nd place
McSim99 wins the tournament and receives $3.00 - congratulations!
*** SUMMARY ***
Total pot 1140 | Rake 0 
Board [5c 7c 7d 5h 3d]
Seat 2: Mahu2021 (big blind) showed [9h Kh] and lost with two pair, Sevens and Fives
Seat 3: McSim99 (button) (small blind) showed [8s 5s] and won (1140) with a full house, Fives full of Sevens



