PokerStars Hand #253375278704: Tournament #3822864148, $1.84+$0.16 USD Hold'em No Limit - Level I (10/20) - 2024/11/12 17:58:10 CET [2024/11/12 11:58:10 ET]
Table '3822864148 1' 3-max Seat #1 is the button
Seat 1: Griv1312 (500 in chips) 
Seat 2: hasbulla2000 (500 in chips) 
Seat 3: Mahu2021 (500 in chips) 
hasbulla2000: posts small blind 10
Mahu2021: posts big blind 20
*** HOLE CARDS ***
Dealt to Mahu2021 [7c Qc]
Griv1312: calls 20
hasbulla2000: calls 10
Mahu2021: checks 
*** FLOP *** [2c 8c 7h]
hasbulla2000: checks 
Mahu2021: bets 60
Griv1312: raises 420 to 480 and is all-in
hasbulla2000: calls 480 and is all-in
Mahu2021: calls 420 and is all-in
*** TURN *** [2c 8c 7h] [5c]
*** RIVER *** [2c 8c 7h 5c] [Qd]
*** SHOW DOWN ***
hasbulla2000: shows [Jh 9s] (high card Queen)
Mahu2021: shows [7c Qc] (a flush, Queen high)
Griv1312: shows [2s 8s] (two pair, Eights and Deuces)
Mahu2021 collected 1500 from pot
Griv1312 finished the tournament in 2nd place
hasbulla2000 finished the tournament in 2nd place
Mahu2021 wins the tournament and receives $4.00 - congratulations!
*** SUMMARY ***
Total pot 1500 | Rake 0 
Board [2c 8c 7h 5c Qd]
Seat 1: Griv1312 (button) showed [2s 8s] and lost with two pair, Eights and Deuces
Seat 2: hasbulla2000 (small blind) showed [Jh 9s] and lost with high card Queen
Seat 3: Mahu2021 (big blind) showed [7c Qc] and won (1500) with a flush, Queen high



