PokerStars Hand #252858040216: Tournament #3810328224, $1.84+$0.16 USD Hold'em No Limit - Level I (10/20) - 2024/10/10 15:41:35 CET [2024/10/10 9:41:35 ET]
Table '3810328224 1' 3-max Seat #1 is the button
Seat 1: Mahu2021 (500 in chips) 
Seat 2: kyouhei1013 (500 in chips) 
Seat 3: elgreco6606 (500 in chips) 
kyouhei1013: posts small blind 10
elgreco6606: posts big blind 20
*** HOLE CARDS ***
Dealt to Mahu2021 [Tc 8s]
Mahu2021: folds 
kyouhei1013: raises 20 to 40
elgreco6606: calls 20
*** FLOP *** [Th 7c Ah]
kyouhei1013: bets 40
elgreco6606: calls 40
*** TURN *** [Th 7c Ah] [6c]
kyouhei1013: checks 
elgreco6606: bets 80
kyouhei1013: raises 340 to 420 and is all-in
elgreco6606: folds 
Uncalled bet (340) returned to kyouhei1013
kyouhei1013 collected 320 from pot
kyouhei1013: doesn't show hand 
*** SUMMARY ***
Total pot 320 | Rake 0 
Board [Th 7c Ah 6c]
Seat 1: Mahu2021 (button) folded before Flop (didn't bet)
Seat 2: kyouhei1013 (small blind) collected (320)
Seat 3: elgreco6606 (big blind) folded on the Turn



PokerStars Hand #252858044945: Tournament #3810328224, $1.84+$0.16 USD Hold'em No Limit - Level I (10/20) - 2024/10/10 15:42:01 CET [2024/10/10 9:42:01 ET]
Table '3810328224 1' 3-max Seat #2 is the button
Seat 1: Mahu2021 (500 in chips) 
Seat 2: kyouhei1013 (660 in chips) 
Seat 3: elgreco6606 (340 in chips) 
elgreco6606: posts small blind 10
Mahu2021: posts big blind 20
*** HOLE CARDS ***
Dealt to Mahu2021 [As 7d]
kyouhei1013: folds 
elgreco6606: raises 40 to 60
Mahu2021: calls 40
*** FLOP *** [7h 8s Kd]
elgreco6606: bets 60
Mahu2021: folds 
Uncalled bet (60) returned to elgreco6606
elgreco6606 collected 120 from pot
*** SUMMARY ***
Total pot 120 | Rake 0 
Board [7h 8s Kd]
Seat 1: Mahu2021 (big blind) folded on the Flop
Seat 2: kyouhei1013 (button) folded before Flop (didn't bet)
Seat 3: elgreco6606 (small blind) collected (120)



PokerStars Hand #252858048651: Tournament #3810328224, $1.84+$0.16 USD Hold'em No Limit - Level I (10/20) - 2024/10/10 15:42:22 CET [2024/10/10 9:42:22 ET]
Table '3810328224 1' 3-max Seat #3 is the button
Seat 1: Mahu2021 (440 in chips) 
Seat 2: kyouhei1013 (660 in chips) 
Seat 3: elgreco6606 (400 in chips) 
Mahu2021: posts small blind 10
kyouhei1013: posts big blind 20
*** HOLE CARDS ***
Dealt to Mahu2021 [3s 4s]
elgreco6606: folds 
Mahu2021: calls 10
kyouhei1013: raises 640 to 660 and is all-in
Mahu2021: folds 
Uncalled bet (640) returned to kyouhei1013
kyouhei1013 collected 40 from pot
kyouhei1013: doesn't show hand 
*** SUMMARY ***
Total pot 40 | Rake 0 
Seat 1: Mahu2021 (small blind) folded before Flop
Seat 2: kyouhei1013 (big blind) collected (40)
Seat 3: elgreco6606 (button) folded before Flop (didn't bet)



PokerStars Hand #252858050488: Tournament #3810328224, $1.84+$0.16 USD Hold'em No Limit - Level I (10/20) - 2024/10/10 15:42:32 CET [2024/10/10 9:42:32 ET]
Table '3810328224 1' 3-max Seat #1 is the button
Seat 1: Mahu2021 (420 in chips) 
Seat 2: kyouhei1013 (680 in chips) 
Seat 3: elgreco6606 (400 in chips) 
kyouhei1013: posts small blind 10
elgreco6606: posts big blind 20
*** HOLE CARDS ***
Dealt to Mahu2021 [9s 7d]
Mahu2021: folds 
kyouhei1013: raises 20 to 40
elgreco6606: calls 20
*** FLOP *** [3c 2s Th]
kyouhei1013: bets 40
elgreco6606: calls 40
*** TURN *** [3c 2s Th] [2c]
kyouhei1013: checks 
elgreco6606: checks 
*** RIVER *** [3c 2s Th 2c] [4d]
kyouhei1013: bets 80
elgreco6606: calls 80
*** SHOW DOWN ***
kyouhei1013: shows [Td Qd] (two pair, Tens and Deuces)
elgreco6606: mucks hand 
kyouhei1013 collected 320 from pot
*** SUMMARY ***
Total pot 320 | Rake 0 
Board [3c 2s Th 2c 4d]
Seat 1: Mahu2021 (button) folded before Flop (didn't bet)
Seat 2: kyouhei1013 (small blind) showed [Td Qd] and won (320) with two pair, Tens and Deuces
Seat 3: elgreco6606 (big blind) mucked [4c 3d]



PokerStars Hand #252858054185: Tournament #3810328224, $1.84+$0.16 USD Hold'em No Limit - Level I (10/20) - 2024/10/10 15:42:53 CET [2024/10/10 9:42:53 ET]
Table '3810328224 1' 3-max Seat #2 is the button
Seat 1: Mahu2021 (420 in chips) 
Seat 2: kyouhei1013 (840 in chips) 
Seat 3: elgreco6606 (240 in chips) 
elgreco6606: posts small blind 10
Mahu2021: posts big blind 20
*** HOLE CARDS ***
Dealt to Mahu2021 [9d 7d]
kyouhei1013: raises 20 to 40
elgreco6606: calls 30
Mahu2021: calls 20
*** FLOP *** [2h 5s Td]
elgreco6606: checks 
Mahu2021: checks 
kyouhei1013: bets 20
elgreco6606: calls 20
Mahu2021: folds 
*** TURN *** [2h 5s Td] [Ts]
elgreco6606: bets 80
kyouhei1013: folds 
Uncalled bet (80) returned to elgreco6606
elgreco6606 collected 160 from pot
*** SUMMARY ***
Total pot 160 | Rake 0 
Board [2h 5s Td Ts]
Seat 1: Mahu2021 (big blind) folded on the Flop
Seat 2: kyouhei1013 (button) folded on the Turn
Seat 3: elgreco6606 (small blind) collected (160)



PokerStars Hand #252858058821: Tournament #3810328224, $1.84+$0.16 USD Hold'em No Limit - Level I (10/20) - 2024/10/10 15:43:19 CET [2024/10/10 9:43:19 ET]
Table '3810328224 1' 3-max Seat #3 is the button
Seat 1: Mahu2021 (380 in chips) 
Seat 2: kyouhei1013 (780 in chips) 
Seat 3: elgreco6606 (340 in chips) 
Mahu2021: posts small blind 10
kyouhei1013: posts big blind 20
*** HOLE CARDS ***
Dealt to Mahu2021 [6c 5c]
elgreco6606: raises 20 to 40
Mahu2021: calls 30
kyouhei1013: calls 20
*** FLOP *** [Js As 5h]
Mahu2021: checks 
kyouhei1013: checks 
elgreco6606: bets 60
Mahu2021: folds 
kyouhei1013: folds 
Uncalled bet (60) returned to elgreco6606
elgreco6606 collected 120 from pot
*** SUMMARY ***
Total pot 120 | Rake 0 
Board [Js As 5h]
Seat 1: Mahu2021 (small blind) folded on the Flop
Seat 2: kyouhei1013 (big blind) folded on the Flop
Seat 3: elgreco6606 (button) collected (120)



PokerStars Hand #252858061330: Tournament #3810328224, $1.84+$0.16 USD Hold'em No Limit - Level I (10/20) - 2024/10/10 15:43:33 CET [2024/10/10 9:43:33 ET]
Table '3810328224 1' 3-max Seat #1 is the button
Seat 1: Mahu2021 (340 in chips) 
Seat 2: kyouhei1013 (740 in chips) 
Seat 3: elgreco6606 (420 in chips) 
kyouhei1013: posts small blind 10
elgreco6606: posts big blind 20
*** HOLE CARDS ***
Dealt to Mahu2021 [Td 3d]
Mahu2021: folds 
kyouhei1013: folds 
Uncalled bet (10) returned to elgreco6606
elgreco6606 collected 20 from pot
*** SUMMARY ***
Total pot 20 | Rake 0 
Seat 1: Mahu2021 (button) folded before Flop (didn't bet)
Seat 2: kyouhei1013 (small blind) folded before Flop
Seat 3: elgreco6606 (big blind) collected (20)



PokerStars Hand #252858062313: Tournament #3810328224, $1.84+$0.16 USD Hold'em No Limit - Level I (10/20) - 2024/10/10 15:43:38 CET [2024/10/10 9:43:38 ET]
Table '3810328224 1' 3-max Seat #2 is the button
Seat 1: Mahu2021 (340 in chips) 
Seat 2: kyouhei1013 (730 in chips) 
Seat 3: elgreco6606 (430 in chips) 
elgreco6606: posts small blind 10
Mahu2021: posts big blind 20
*** HOLE CARDS ***
Dealt to Mahu2021 [4c Jc]
kyouhei1013: folds 
elgreco6606: calls 10
Mahu2021: checks 
*** FLOP *** [2c 9d 8d]
elgreco6606: bets 40
Mahu2021: folds 
Uncalled bet (40) returned to elgreco6606
elgreco6606 collected 40 from pot
*** SUMMARY ***
Total pot 40 | Rake 0 
Board [2c 9d 8d]
Seat 1: Mahu2021 (big blind) folded on the Flop
Seat 2: kyouhei1013 (button) folded before Flop (didn't bet)
Seat 3: elgreco6606 (small blind) collected (40)



PokerStars Hand #252858064063: Tournament #3810328224, $1.84+$0.16 USD Hold'em No Limit - Level I (10/20) - 2024/10/10 15:43:48 CET [2024/10/10 9:43:48 ET]
Table '3810328224 1' 3-max Seat #3 is the button
Seat 1: Mahu2021 (320 in chips) 
Seat 2: kyouhei1013 (730 in chips) 
Seat 3: elgreco6606 (450 in chips) 
Mahu2021: posts small blind 10
kyouhei1013: posts big blind 20
*** HOLE CARDS ***
Dealt to Mahu2021 [9c Td]
elgreco6606: folds 
Mahu2021: calls 10
kyouhei1013: checks 
*** FLOP *** [Qc 7c 9s]
Mahu2021: bets 20
kyouhei1013: folds 
Uncalled bet (20) returned to Mahu2021
Mahu2021 collected 40 from pot
Mahu2021: doesn't show hand 
*** SUMMARY ***
Total pot 40 | Rake 0 
Board [Qc 7c 9s]
Seat 1: Mahu2021 (small blind) collected (40)
Seat 2: kyouhei1013 (big blind) folded on the Flop
Seat 3: elgreco6606 (button) folded before Flop (didn't bet)



PokerStars Hand #252858065928: Tournament #3810328224, $1.84+$0.16 USD Hold'em No Limit - Level I (10/20) - 2024/10/10 15:43:59 CET [2024/10/10 9:43:59 ET]
Table '3810328224 1' 3-max Seat #1 is the button
Seat 1: Mahu2021 (340 in chips) 
Seat 2: kyouhei1013 (710 in chips) 
Seat 3: elgreco6606 (450 in chips) 
kyouhei1013: posts small blind 10
elgreco6606: posts big blind 20
*** HOLE CARDS ***
Dealt to Mahu2021 [Qh Ad]
Mahu2021: raises 40 to 60
kyouhei1013: folds 
elgreco6606: calls 40
*** FLOP *** [7s 7d 2h]
elgreco6606: checks 
Mahu2021: bets 280 and is all-in
elgreco6606: folds 
Uncalled bet (280) returned to Mahu2021
Mahu2021 collected 130 from pot
Mahu2021: doesn't show hand 
*** SUMMARY ***
Total pot 130 | Rake 0 
Board [7s 7d 2h]
Seat 1: Mahu2021 (button) collected (130)
Seat 2: kyouhei1013 (small blind) folded before Flop
Seat 3: elgreco6606 (big blind) folded on the Flop



PokerStars Hand #252858068113: Tournament #3810328224, $1.84+$0.16 USD Hold'em No Limit - Level I (10/20) - 2024/10/10 15:44:11 CET [2024/10/10 9:44:11 ET]
Table '3810328224 1' 3-max Seat #2 is the button
Seat 1: Mahu2021 (410 in chips) 
Seat 2: kyouhei1013 (700 in chips) 
Seat 3: elgreco6606 (390 in chips) 
elgreco6606: posts small blind 10
Mahu2021: posts big blind 20
*** HOLE CARDS ***
Dealt to Mahu2021 [9s Th]
kyouhei1013: raises 20 to 40
elgreco6606: calls 30
Mahu2021: calls 20
*** FLOP *** [6d 7s 8d]
elgreco6606: checks 
Mahu2021: checks 
kyouhei1013: bets 60
elgreco6606: raises 60 to 120
Mahu2021: raises 250 to 370 and is all-in
kyouhei1013: calls 310
elgreco6606: calls 230 and is all-in
*** TURN *** [6d 7s 8d] [Td]
*** RIVER *** [6d 7s 8d Td] [5d]
*** SHOW DOWN ***
Mahu2021: shows [9s Th] (a straight, Six to Ten)
kyouhei1013: shows [7c 9c] (a straight, Six to Ten)
Mahu2021 collected 20 from side pot
kyouhei1013 collected 20 from side pot
elgreco6606: shows [9d Qd] (a flush, Queen high)
elgreco6606 collected 1170 from main pot
*** SUMMARY ***
Total pot 1210 Main pot 1170. Side pot 40. | Rake 0 
Board [6d 7s 8d Td 5d]
Seat 1: Mahu2021 (big blind) showed [9s Th] and won (20) with a straight, Six to Ten
Seat 2: kyouhei1013 (button) showed [7c 9c] and won (20) with a straight, Six to Ten
Seat 3: elgreco6606 (small blind) showed [9d Qd] and won (1170) with a flush, Queen high



PokerStars Hand #252858074539: Tournament #3810328224, $1.84+$0.16 USD Hold'em No Limit - Level II (15/30) - 2024/10/10 15:44:47 CET [2024/10/10 9:44:47 ET]
Table '3810328224 1' 3-max Seat #3 is the button
Seat 1: Mahu2021 (20 in chips) 
Seat 2: kyouhei1013 (310 in chips) 
Seat 3: elgreco6606 (1170 in chips) 
Mahu2021: posts small blind 15
kyouhei1013: posts big blind 30
*** HOLE CARDS ***
Dealt to Mahu2021 [2h 5s]
elgreco6606: folds 
Mahu2021: calls 5 and is all-in
Uncalled bet (10) returned to kyouhei1013
*** FLOP *** [2d Td Th]
*** TURN *** [2d Td Th] [6c]
*** RIVER *** [2d Td Th 6c] [9h]
*** SHOW DOWN ***
Mahu2021: shows [2h 5s] (two pair, Tens and Deuces)
kyouhei1013: shows [5c Kd] (a pair of Tens)
Mahu2021 collected 40 from pot
*** SUMMARY ***
Total pot 40 | Rake 0 
Board [2d Td Th 6c 9h]
Seat 1: Mahu2021 (small blind) showed [2h 5s] and won (40) with two pair, Tens and Deuces
Seat 2: kyouhei1013 (big blind) showed [5c Kd] and lost with a pair of Tens
Seat 3: elgreco6606 (button) folded before Flop (didn't bet)



PokerStars Hand #252858077707: Tournament #3810328224, $1.84+$0.16 USD Hold'em No Limit - Level II (15/30) - 2024/10/10 15:45:04 CET [2024/10/10 9:45:04 ET]
Table '3810328224 1' 3-max Seat #1 is the button
Seat 1: Mahu2021 (40 in chips) 
Seat 2: kyouhei1013 (290 in chips) 
Seat 3: elgreco6606 (1170 in chips) 
kyouhei1013: posts small blind 15
elgreco6606: posts big blind 30
*** HOLE CARDS ***
Dealt to Mahu2021 [3d Jc]
Mahu2021: folds 
kyouhei1013: raises 30 to 60
elgreco6606: calls 30
*** FLOP *** [7d 3s Qh]
kyouhei1013: bets 60
elgreco6606: calls 60
*** TURN *** [7d 3s Qh] [As]
kyouhei1013: bets 170 and is all-in
elgreco6606: calls 170
*** RIVER *** [7d 3s Qh As] [4d]
*** SHOW DOWN ***
kyouhei1013: shows [Td 8s] (high card Ace)
elgreco6606: shows [Kh Kd] (a pair of Kings)
elgreco6606 collected 580 from pot
kyouhei1013 finished the tournament in 3rd place
*** SUMMARY ***
Total pot 580 | Rake 0 
Board [7d 3s Qh As 4d]
Seat 1: Mahu2021 (button) folded before Flop (didn't bet)
Seat 2: kyouhei1013 (small blind) showed [Td 8s] and lost with high card Ace
Seat 3: elgreco6606 (big blind) showed [Kh Kd] and won (580) with a pair of Kings



PokerStars Hand #252858082032: Tournament #3810328224, $1.84+$0.16 USD Hold'em No Limit - Level II (15/30) - 2024/10/10 15:45:28 CET [2024/10/10 9:45:28 ET]
Table '3810328224 1' 3-max Seat #3 is the button
Seat 1: Mahu2021 (40 in chips) 
Seat 3: elgreco6606 (1460 in chips) 
elgreco6606: posts small blind 15
Mahu2021: posts big blind 30
*** HOLE CARDS ***
Dealt to Mahu2021 [7c Jc]
elgreco6606: raises 30 to 60
Mahu2021: calls 10 and is all-in
Uncalled bet (20) returned to elgreco6606
*** FLOP *** [3d Ac 4d]
*** TURN *** [3d Ac 4d] [4h]
*** RIVER *** [3d Ac 4d 4h] [2s]
*** SHOW DOWN ***
Mahu2021: shows [7c Jc] (a pair of Fours)
elgreco6606: shows [Qc 7s] (a pair of Fours - Ace+Queen kicker)
elgreco6606 collected 80 from pot
Mahu2021 finished the tournament in 2nd place
elgreco6606 wins the tournament and receives $6.00 - congratulations!
*** SUMMARY ***
Total pot 80 | Rake 0 
Board [3d Ac 4d 4h 2s]
Seat 1: Mahu2021 (big blind) showed [7c Jc] and lost with a pair of Fours
Seat 3: elgreco6606 (button) (small blind) showed [Qc 7s] and won (80) with a pair of Fours



