PokerStars Hand #252506945534: Tournament #3802327534, $1.84+$0.16 USD Hold'em No Limit - Level I (10/20) - 2024/09/18 12:53:35 CET [2024/09/18 6:53:35 ET]
Table '3802327534 1' 3-max Seat #1 is the button
Seat 1: PJG666 (500 in chips) 
Seat 2: nickyy2302 (500 in chips) 
Seat 3: Mahu2021 (500 in chips) 
nickyy2302: posts small blind 10
Mahu2021: posts big blind 20
*** HOLE CARDS ***
Dealt to Mahu2021 [Ad 7c]
PJG666: folds 
nickyy2302: calls 10
Mahu2021: checks 
*** FLOP *** [4h 3h 4d]
nickyy2302: checks 
Mahu2021: checks 
*** TURN *** [4h 3h 4d] [3c]
nickyy2302: checks 
Mahu2021: bets 40
nickyy2302: calls 40
*** RIVER *** [4h 3h 4d 3c] [4s]
nickyy2302: checks 
Mahu2021: bets 440 and is all-in
nickyy2302: calls 440 and is all-in
*** SHOW DOWN ***
Mahu2021: shows [Ad 7c] (a full house, Fours full of Threes)
nickyy2302: shows [Jc 7s] (a full house, Fours full of Threes)
nickyy2302 collected 500 from pot
Mahu2021 collected 500 from pot
*** SUMMARY ***
Total pot 1000 | Rake 0 
Board [4h 3h 4d 3c 4s]
Seat 1: PJG666 (button) folded before Flop (didn't bet)
Seat 2: nickyy2302 (small blind) showed [Jc 7s] and won (500) with a full house, Fours full of Threes
Seat 3: Mahu2021 (big blind) showed [Ad 7c] and won (500) with a full house, Fours full of Threes



PokerStars Hand #252506949543: Tournament #3802327534, $1.84+$0.16 USD Hold'em No Limit - Level I (10/20) - 2024/09/18 12:54:04 CET [2024/09/18 6:54:04 ET]
Table '3802327534 1' 3-max Seat #2 is the button
Seat 1: PJG666 (500 in chips) 
Seat 2: nickyy2302 (500 in chips) 
Seat 3: Mahu2021 (500 in chips) 
Mahu2021: posts small blind 10
PJG666: posts big blind 20
*** HOLE CARDS ***
Dealt to Mahu2021 [As 8c]
nickyy2302: calls 20
Mahu2021: calls 10
PJG666: checks 
*** FLOP *** [5s 5h Th]
Mahu2021: checks 
PJG666: checks 
nickyy2302: checks 
*** TURN *** [5s 5h Th] [9c]
Mahu2021: checks 
PJG666: checks 
nickyy2302: checks 
*** RIVER *** [5s 5h Th 9c] [6s]
Mahu2021: checks 
PJG666: checks 
nickyy2302: checks 
*** SHOW DOWN ***
Mahu2021: shows [As 8c] (a pair of Fives)
PJG666: mucks hand 
nickyy2302: shows [9d Js] (two pair, Nines and Fives)
nickyy2302 collected 60 from pot
*** SUMMARY ***
Total pot 60 | Rake 0 
Board [5s 5h Th 9c 6s]
Seat 1: PJG666 (big blind) mucked [Qc 4c]
Seat 2: nickyy2302 (button) showed [9d Js] and won (60) with two pair, Nines and Fives
Seat 3: Mahu2021 (small blind) showed [As 8c] and lost with a pair of Fives



PokerStars Hand #252506952590: Tournament #3802327534, $1.84+$0.16 USD Hold'em No Limit - Level I (10/20) - 2024/09/18 12:54:26 CET [2024/09/18 6:54:26 ET]
Table '3802327534 1' 3-max Seat #3 is the button
Seat 1: PJG666 (480 in chips) 
Seat 2: nickyy2302 (540 in chips) 
Seat 3: Mahu2021 (480 in chips) 
PJG666: posts small blind 10
nickyy2302: posts big blind 20
*** HOLE CARDS ***
Dealt to Mahu2021 [Td 9d]
Mahu2021: raises 20 to 40
PJG666: folds 
nickyy2302: calls 20
*** FLOP *** [Tc 8d 5d]
nickyy2302: checks 
Mahu2021: bets 40
nickyy2302: calls 40
*** TURN *** [Tc 8d 5d] [9c]
nickyy2302: checks 
Mahu2021: bets 40
nickyy2302: calls 40
*** RIVER *** [Tc 8d 5d 9c] [Qh]
nickyy2302: bets 100
Mahu2021: calls 100
*** SHOW DOWN ***
nickyy2302: shows [Qs 5c] (two pair, Queens and Fives)
Mahu2021: mucks hand 
nickyy2302 collected 450 from pot
*** SUMMARY ***
Total pot 450 | Rake 0 
Board [Tc 8d 5d 9c Qh]
Seat 1: PJG666 (small blind) folded before Flop
Seat 2: nickyy2302 (big blind) showed [Qs 5c] and won (450) with two pair, Queens and Fives
Seat 3: Mahu2021 (button) mucked [Td 9d]



PokerStars Hand #252506957165: Tournament #3802327534, $1.84+$0.16 USD Hold'em No Limit - Level I (10/20) - 2024/09/18 12:55:00 CET [2024/09/18 6:55:00 ET]
Table '3802327534 1' 3-max Seat #1 is the button
Seat 1: PJG666 (470 in chips) 
Seat 2: nickyy2302 (770 in chips) 
Seat 3: Mahu2021 (260 in chips) 
nickyy2302: posts small blind 10
Mahu2021: posts big blind 20
*** HOLE CARDS ***
Dealt to Mahu2021 [5s 5h]
PJG666: raises 20 to 40
nickyy2302: calls 30
Mahu2021: raises 220 to 260 and is all-in
PJG666: folds 
nickyy2302: calls 220
*** FLOP *** [Qs Ac 4s]
*** TURN *** [Qs Ac 4s] [Kc]
*** RIVER *** [Qs Ac 4s Kc] [Kd]
*** SHOW DOWN ***
nickyy2302: shows [8s 6s] (a pair of Kings)
Mahu2021: shows [5s 5h] (two pair, Kings and Fives)
Mahu2021 collected 560 from pot
*** SUMMARY ***
Total pot 560 | Rake 0 
Board [Qs Ac 4s Kc Kd]
Seat 1: PJG666 (button) folded before Flop
Seat 2: nickyy2302 (small blind) showed [8s 6s] and lost with a pair of Kings
Seat 3: Mahu2021 (big blind) showed [5s 5h] and won (560) with two pair, Kings and Fives



PokerStars Hand #252506959303: Tournament #3802327534, $1.84+$0.16 USD Hold'em No Limit - Level I (10/20) - 2024/09/18 12:55:19 CET [2024/09/18 6:55:19 ET]
Table '3802327534 1' 3-max Seat #2 is the button
Seat 1: PJG666 (430 in chips) 
Seat 2: nickyy2302 (510 in chips) 
Seat 3: Mahu2021 (560 in chips) 
Mahu2021: posts small blind 10
PJG666: posts big blind 20
*** HOLE CARDS ***
Dealt to Mahu2021 [2d Jc]
nickyy2302: calls 20
Mahu2021: folds 
PJG666: checks 
*** FLOP *** [5h 4c 8s]
PJG666: checks 
nickyy2302: checks 
*** TURN *** [5h 4c 8s] [Ah]
PJG666: checks 
nickyy2302: bets 20
PJG666: folds 
Uncalled bet (20) returned to nickyy2302
nickyy2302 collected 50 from pot
*** SUMMARY ***
Total pot 50 | Rake 0 
Board [5h 4c 8s Ah]
Seat 1: PJG666 (big blind) folded on the Turn
Seat 2: nickyy2302 (button) collected (50)
Seat 3: Mahu2021 (small blind) folded before Flop



PokerStars Hand #252506961012: Tournament #3802327534, $1.84+$0.16 USD Hold'em No Limit - Level I (10/20) - 2024/09/18 12:55:34 CET [2024/09/18 6:55:34 ET]
Table '3802327534 1' 3-max Seat #3 is the button
Seat 1: PJG666 (410 in chips) 
Seat 2: nickyy2302 (540 in chips) 
Seat 3: Mahu2021 (550 in chips) 
PJG666: posts small blind 10
nickyy2302: posts big blind 20
*** HOLE CARDS ***
Dealt to Mahu2021 [3d 2d]
Mahu2021: folds 
PJG666: calls 10
nickyy2302: checks 
*** FLOP *** [5s 4c 7d]
PJG666: checks 
nickyy2302: bets 20
PJG666: calls 20
*** TURN *** [5s 4c 7d] [3c]
PJG666: checks 
nickyy2302: bets 20
PJG666: raises 40 to 60
nickyy2302: raises 40 to 100
PJG666: raises 270 to 370 and is all-in
nickyy2302: calls 270
*** RIVER *** [5s 4c 7d 3c] [5c]
*** SHOW DOWN ***
PJG666: shows [Ac 6d] (a straight, Three to Seven)
nickyy2302: shows [Ah 6s] (a straight, Three to Seven)
PJG666 collected 410 from pot
nickyy2302 collected 410 from pot
*** SUMMARY ***
Total pot 820 | Rake 0 
Board [5s 4c 7d 3c 5c]
Seat 1: PJG666 (small blind) showed [Ac 6d] and won (410) with a straight, Three to Seven
Seat 2: nickyy2302 (big blind) showed [Ah 6s] and won (410) with a straight, Three to Seven
Seat 3: Mahu2021 (button) folded before Flop (didn't bet)



PokerStars Hand #252506964576: Tournament #3802327534, $1.84+$0.16 USD Hold'em No Limit - Level I (10/20) - 2024/09/18 12:56:06 CET [2024/09/18 6:56:06 ET]
Table '3802327534 1' 3-max Seat #1 is the button
Seat 1: PJG666 (410 in chips) 
Seat 2: nickyy2302 (540 in chips) 
Seat 3: Mahu2021 (550 in chips) 
nickyy2302: posts small blind 10
Mahu2021: posts big blind 20
*** HOLE CARDS ***
Dealt to Mahu2021 [Qh Jh]
PJG666: raises 20 to 40
nickyy2302: folds 
Mahu2021: calls 20
*** FLOP *** [Ac Ts 5c]
Mahu2021: checks 
PJG666: bets 20
Mahu2021: calls 20
*** TURN *** [Ac Ts 5c] [9c]
Mahu2021: checks 
PJG666: bets 130
Mahu2021: folds 
Uncalled bet (130) returned to PJG666
PJG666 collected 130 from pot
PJG666: doesn't show hand 
*** SUMMARY ***
Total pot 130 | Rake 0 
Board [Ac Ts 5c 9c]
Seat 1: PJG666 (button) collected (130)
Seat 2: nickyy2302 (small blind) folded before Flop
Seat 3: Mahu2021 (big blind) folded on the Turn



PokerStars Hand #252506967192: Tournament #3802327534, $1.84+$0.16 USD Hold'em No Limit - Level I (10/20) - 2024/09/18 12:56:30 CET [2024/09/18 6:56:30 ET]
Table '3802327534 1' 3-max Seat #2 is the button
Seat 1: PJG666 (480 in chips) 
Seat 2: nickyy2302 (530 in chips) 
Seat 3: Mahu2021 (490 in chips) 
Mahu2021: posts small blind 10
PJG666: posts big blind 20
*** HOLE CARDS ***
Dealt to Mahu2021 [2s Qd]
nickyy2302: calls 20
Mahu2021: folds 
PJG666: raises 460 to 480 and is all-in
nickyy2302: folds 
Uncalled bet (460) returned to PJG666
PJG666 collected 50 from pot
PJG666: doesn't show hand 
*** SUMMARY ***
Total pot 50 | Rake 0 
Seat 1: PJG666 (big blind) collected (50)
Seat 2: nickyy2302 (button) folded before Flop
Seat 3: Mahu2021 (small blind) folded before Flop



PokerStars Hand #252506969245: Tournament #3802327534, $1.84+$0.16 USD Hold'em No Limit - Level II (15/30) - 2024/09/18 12:56:48 CET [2024/09/18 6:56:48 ET]
Table '3802327534 1' 3-max Seat #3 is the button
Seat 1: PJG666 (510 in chips) 
Seat 2: nickyy2302 (510 in chips) 
Seat 3: Mahu2021 (480 in chips) 
PJG666: posts small blind 15
nickyy2302: posts big blind 30
*** HOLE CARDS ***
Dealt to Mahu2021 [Td 7d]
Mahu2021: folds 
PJG666: calls 15
nickyy2302: checks 
*** FLOP *** [4h 3s Qc]
PJG666: checks 
nickyy2302: bets 30
PJG666: folds 
Uncalled bet (30) returned to nickyy2302
nickyy2302 collected 60 from pot
*** SUMMARY ***
Total pot 60 | Rake 0 
Board [4h 3s Qc]
Seat 1: PJG666 (small blind) folded on the Flop
Seat 2: nickyy2302 (big blind) collected (60)
Seat 3: Mahu2021 (button) folded before Flop (didn't bet)



PokerStars Hand #252506973216: Tournament #3802327534, $1.84+$0.16 USD Hold'em No Limit - Level II (15/30) - 2024/09/18 12:57:23 CET [2024/09/18 6:57:23 ET]
Table '3802327534 1' 3-max Seat #1 is the button
Seat 1: PJG666 (480 in chips) 
Seat 2: nickyy2302 (540 in chips) 
Seat 3: Mahu2021 (480 in chips) 
nickyy2302: posts small blind 15
Mahu2021: posts big blind 30
*** HOLE CARDS ***
Dealt to Mahu2021 [8c Td]
PJG666: folds 
nickyy2302: calls 15
Mahu2021: checks 
*** FLOP *** [Th 6d 2c]
nickyy2302: checks 
Mahu2021: bets 60
nickyy2302: folds 
Uncalled bet (60) returned to Mahu2021
Mahu2021 collected 60 from pot
Mahu2021: doesn't show hand 
*** SUMMARY ***
Total pot 60 | Rake 0 
Board [Th 6d 2c]
Seat 1: PJG666 (button) folded before Flop (didn't bet)
Seat 2: nickyy2302 (small blind) folded on the Flop
Seat 3: Mahu2021 (big blind) collected (60)



PokerStars Hand #252506976036: Tournament #3802327534, $1.84+$0.16 USD Hold'em No Limit - Level II (15/30) - 2024/09/18 12:57:49 CET [2024/09/18 6:57:49 ET]
Table '3802327534 1' 3-max Seat #2 is the button
Seat 1: PJG666 (480 in chips) 
Seat 2: nickyy2302 (510 in chips) 
Seat 3: Mahu2021 (510 in chips) 
Mahu2021: posts small blind 15
PJG666: posts big blind 30
*** HOLE CARDS ***
Dealt to Mahu2021 [9h 2h]
nickyy2302: calls 30
Mahu2021: folds 
PJG666: checks 
*** FLOP *** [2c 5s Ah]
PJG666: bets 30
nickyy2302: calls 30
*** TURN *** [2c 5s Ah] [5h]
PJG666: bets 60
nickyy2302: folds 
Uncalled bet (60) returned to PJG666
PJG666 collected 135 from pot
PJG666: doesn't show hand 
*** SUMMARY ***
Total pot 135 | Rake 0 
Board [2c 5s Ah 5h]
Seat 1: PJG666 (big blind) collected (135)
Seat 2: nickyy2302 (button) folded on the Turn
Seat 3: Mahu2021 (small blind) folded before Flop



PokerStars Hand #252506979137: Tournament #3802327534, $1.84+$0.16 USD Hold'em No Limit - Level II (15/30) - 2024/09/18 12:58:16 CET [2024/09/18 6:58:16 ET]
Table '3802327534 1' 3-max Seat #3 is the button
Seat 1: PJG666 (555 in chips) 
Seat 2: nickyy2302 (450 in chips) 
Seat 3: Mahu2021 (495 in chips) 
PJG666: posts small blind 15
nickyy2302: posts big blind 30
*** HOLE CARDS ***
Dealt to Mahu2021 [8h Td]
Mahu2021: folds 
PJG666: raises 30 to 60
nickyy2302: calls 30
*** FLOP *** [6s 3c 2d]
PJG666: bets 30
nickyy2302: calls 30
*** TURN *** [6s 3c 2d] [7s]
PJG666: bets 60
nickyy2302: calls 60
*** RIVER *** [6s 3c 2d 7s] [Jc]
PJG666: bets 150
nickyy2302: calls 150
*** SHOW DOWN ***
PJG666: shows [6d 6c] (three of a kind, Sixes)
nickyy2302: mucks hand 
PJG666 collected 600 from pot
*** SUMMARY ***
Total pot 600 | Rake 0 
Board [6s 3c 2d 7s Jc]
Seat 1: PJG666 (small blind) showed [6d 6c] and won (600) with three of a kind, Sixes
Seat 2: nickyy2302 (big blind) mucked [9d 7c]
Seat 3: Mahu2021 (button) folded before Flop (didn't bet)



PokerStars Hand #252506982954: Tournament #3802327534, $1.84+$0.16 USD Hold'em No Limit - Level II (15/30) - 2024/09/18 12:58:51 CET [2024/09/18 6:58:51 ET]
Table '3802327534 1' 3-max Seat #1 is the button
Seat 1: PJG666 (855 in chips) 
Seat 2: nickyy2302 (150 in chips) 
Seat 3: Mahu2021 (495 in chips) 
nickyy2302: posts small blind 15
Mahu2021: posts big blind 30
*** HOLE CARDS ***
Dealt to Mahu2021 [Tc 6c]
PJG666: folds 
nickyy2302: raises 120 to 150 and is all-in
Mahu2021: folds 
Uncalled bet (120) returned to nickyy2302
nickyy2302 collected 60 from pot
*** SUMMARY ***
Total pot 60 | Rake 0 
Seat 1: PJG666 (button) folded before Flop (didn't bet)
Seat 2: nickyy2302 (small blind) collected (60)
Seat 3: Mahu2021 (big blind) folded before Flop



PokerStars Hand #252506984300: Tournament #3802327534, $1.84+$0.16 USD Hold'em No Limit - Level II (15/30) - 2024/09/18 12:59:04 CET [2024/09/18 6:59:04 ET]
Table '3802327534 1' 3-max Seat #2 is the button
Seat 1: PJG666 (855 in chips) 
Seat 2: nickyy2302 (180 in chips) 
Seat 3: Mahu2021 (465 in chips) 
Mahu2021: posts small blind 15
PJG666: posts big blind 30
*** HOLE CARDS ***
Dealt to Mahu2021 [Ah 7h]
nickyy2302: raises 150 to 180 and is all-in
Mahu2021: calls 165
PJG666: calls 150
*** FLOP *** [Jc 5h 6d]
Mahu2021: checks 
PJG666: bets 675 and is all-in
Mahu2021: folds 
Uncalled bet (675) returned to PJG666
*** TURN *** [Jc 5h 6d] [Js]
*** RIVER *** [Jc 5h 6d Js] [Ts]
*** SHOW DOWN ***
PJG666: shows [Jd Ad] (three of a kind, Jacks)
nickyy2302: shows [9c Ks] (a pair of Jacks)
PJG666 collected 540 from pot
nickyy2302 finished the tournament in 3rd place
*** SUMMARY ***
Total pot 540 | Rake 0 
Board [Jc 5h 6d Js Ts]
Seat 1: PJG666 (big blind) showed [Jd Ad] and won (540) with three of a kind, Jacks
Seat 2: nickyy2302 (button) showed [9c Ks] and lost with a pair of Jacks
Seat 3: Mahu2021 (small blind) folded on the Flop



PokerStars Hand #252506987125: Tournament #3802327534, $1.84+$0.16 USD Hold'em No Limit - Level II (15/30) - 2024/09/18 12:59:29 CET [2024/09/18 6:59:29 ET]
Table '3802327534 1' 3-max Seat #1 is the button
Seat 1: PJG666 (1215 in chips) 
Seat 3: Mahu2021 (285 in chips) 
PJG666: posts small blind 15
Mahu2021: posts big blind 30
*** HOLE CARDS ***
Dealt to Mahu2021 [7h Jc]
PJG666: calls 15
Mahu2021: checks 
*** FLOP *** [Ah Ac Qd]
Mahu2021: checks 
PJG666: checks 
*** TURN *** [Ah Ac Qd] [4s]
Mahu2021: bets 30
PJG666: calls 30
*** RIVER *** [Ah Ac Qd 4s] [6h]
Mahu2021: checks 
PJG666: bets 30
Mahu2021: folds 
Uncalled bet (30) returned to PJG666
PJG666 collected 120 from pot
PJG666: doesn't show hand 
*** SUMMARY ***
Total pot 120 | Rake 0 
Board [Ah Ac Qd 4s 6h]
Seat 1: PJG666 (button) (small blind) collected (120)
Seat 3: Mahu2021 (big blind) folded on the River



PokerStars Hand #252506989734: Tournament #3802327534, $1.84+$0.16 USD Hold'em No Limit - Level III (20/40) - 2024/09/18 12:59:52 CET [2024/09/18 6:59:52 ET]
Table '3802327534 1' 3-max Seat #3 is the button
Seat 1: PJG666 (1275 in chips) 
Seat 3: Mahu2021 (225 in chips) 
Mahu2021: posts small blind 20
PJG666: posts big blind 40
*** HOLE CARDS ***
Dealt to Mahu2021 [5h 4s]
Mahu2021: calls 20
PJG666: checks 
*** FLOP *** [9s Ac Jh]
PJG666: checks 
Mahu2021: checks 
*** TURN *** [9s Ac Jh] [Qh]
PJG666: checks 
Mahu2021: checks 
*** RIVER *** [9s Ac Jh Qh] [Ah]
PJG666: checks 
Mahu2021: checks 
*** SHOW DOWN ***
PJG666: shows [7s 2d] (a pair of Aces)
Mahu2021: shows [5h 4s] (a pair of Aces)
PJG666 collected 40 from pot
Mahu2021 collected 40 from pot
*** SUMMARY ***
Total pot 80 | Rake 0 
Board [9s Ac Jh Qh Ah]
Seat 1: PJG666 (big blind) showed [7s 2d] and won (40) with a pair of Aces
Seat 3: Mahu2021 (button) (small blind) showed [5h 4s] and won (40) with a pair of Aces



PokerStars Hand #252506991264: Tournament #3802327534, $1.84+$0.16 USD Hold'em No Limit - Level III (20/40) - 2024/09/18 13:00:06 CET [2024/09/18 7:00:06 ET]
Table '3802327534 1' 3-max Seat #1 is the button
Seat 1: PJG666 (1275 in chips) 
Seat 3: Mahu2021 (225 in chips) 
PJG666: posts small blind 20
Mahu2021: posts big blind 40
*** HOLE CARDS ***
Dealt to Mahu2021 [6d Jh]
PJG666: calls 20
Mahu2021: checks 
*** FLOP *** [2c Qd Qh]
Mahu2021: checks 
PJG666: checks 
*** TURN *** [2c Qd Qh] [Kd]
Mahu2021: checks 
PJG666: bets 40
Mahu2021: folds 
Uncalled bet (40) returned to PJG666
PJG666 collected 80 from pot
PJG666: doesn't show hand 
*** SUMMARY ***
Total pot 80 | Rake 0 
Board [2c Qd Qh Kd]
Seat 1: PJG666 (button) (small blind) collected (80)
Seat 3: Mahu2021 (big blind) folded on the Turn



PokerStars Hand #252506992563: Tournament #3802327534, $1.84+$0.16 USD Hold'em No Limit - Level III (20/40) - 2024/09/18 13:00:18 CET [2024/09/18 7:00:18 ET]
Table '3802327534 1' 3-max Seat #3 is the button
Seat 1: PJG666 (1315 in chips) 
Seat 3: Mahu2021 (185 in chips) 
Mahu2021: posts small blind 20
PJG666: posts big blind 40
*** HOLE CARDS ***
Dealt to Mahu2021 [As 9c]
Mahu2021: raises 40 to 80
PJG666: folds 
Uncalled bet (40) returned to Mahu2021
Mahu2021 collected 80 from pot
Mahu2021: doesn't show hand 
*** SUMMARY ***
Total pot 80 | Rake 0 
Seat 1: PJG666 (big blind) folded before Flop
Seat 3: Mahu2021 (button) (small blind) collected (80)



PokerStars Hand #252506993667: Tournament #3802327534, $1.84+$0.16 USD Hold'em No Limit - Level III (20/40) - 2024/09/18 13:00:27 CET [2024/09/18 7:00:27 ET]
Table '3802327534 1' 3-max Seat #1 is the button
Seat 1: PJG666 (1275 in chips) 
Seat 3: Mahu2021 (225 in chips) 
PJG666: posts small blind 20
Mahu2021: posts big blind 40
*** HOLE CARDS ***
Dealt to Mahu2021 [Jc 2h]
PJG666: folds 
Uncalled bet (20) returned to Mahu2021
Mahu2021 collected 40 from pot
Mahu2021: doesn't show hand 
*** SUMMARY ***
Total pot 40 | Rake 0 
Seat 1: PJG666 (button) (small blind) folded before Flop
Seat 3: Mahu2021 (big blind) collected (40)



PokerStars Hand #252506994475: Tournament #3802327534, $1.84+$0.16 USD Hold'em No Limit - Level III (20/40) - 2024/09/18 13:00:34 CET [2024/09/18 7:00:34 ET]
Table '3802327534 1' 3-max Seat #3 is the button
Seat 1: PJG666 (1255 in chips) 
Seat 3: Mahu2021 (245 in chips) 
Mahu2021: posts small blind 20
PJG666: posts big blind 40
*** HOLE CARDS ***
Dealt to Mahu2021 [2h Jc]
Mahu2021: calls 20
PJG666: checks 
*** FLOP *** [9s 4h Kc]
PJG666: checks 
Mahu2021: checks 
*** TURN *** [9s 4h Kc] [3s]
PJG666: bets 80
Mahu2021: folds 
Uncalled bet (80) returned to PJG666
PJG666 collected 80 from pot
PJG666: doesn't show hand 
*** SUMMARY ***
Total pot 80 | Rake 0 
Board [9s 4h Kc 3s]
Seat 1: PJG666 (big blind) collected (80)
Seat 3: Mahu2021 (button) (small blind) folded on the Turn



PokerStars Hand #252506996371: Tournament #3802327534, $1.84+$0.16 USD Hold'em No Limit - Level III (20/40) - 2024/09/18 13:00:49 CET [2024/09/18 7:00:49 ET]
Table '3802327534 1' 3-max Seat #1 is the button
Seat 1: PJG666 (1295 in chips) 
Seat 3: Mahu2021 (205 in chips) 
PJG666: posts small blind 20
Mahu2021: posts big blind 40
*** HOLE CARDS ***
Dealt to Mahu2021 [8s 6d]
PJG666: calls 20
Mahu2021: checks 
*** FLOP *** [7h 8c 8d]
Mahu2021: checks 
PJG666: checks 
*** TURN *** [7h 8c 8d] [9s]
Mahu2021: checks 
PJG666: checks 
*** RIVER *** [7h 8c 8d 9s] [9h]
Mahu2021: bets 80
PJG666: calls 80
*** SHOW DOWN ***
Mahu2021: shows [8s 6d] (a full house, Eights full of Nines)
PJG666: mucks hand 
Mahu2021 collected 240 from pot
*** SUMMARY ***
Total pot 240 | Rake 0 
Board [7h 8c 8d 9s 9h]
Seat 1: PJG666 (button) (small blind) mucked [Kd 5s]
Seat 3: Mahu2021 (big blind) showed [8s 6d] and won (240) with a full house, Eights full of Nines



PokerStars Hand #252506998332: Tournament #3802327534, $1.84+$0.16 USD Hold'em No Limit - Level III (20/40) - 2024/09/18 13:01:04 CET [2024/09/18 7:01:04 ET]
Table '3802327534 1' 3-max Seat #3 is the button
Seat 1: PJG666 (1175 in chips) 
Seat 3: Mahu2021 (325 in chips) 
Mahu2021: posts small blind 20
PJG666: posts big blind 40
*** HOLE CARDS ***
Dealt to Mahu2021 [8d 5d]
Mahu2021: calls 20
PJG666: checks 
*** FLOP *** [Ks 5s 3d]
PJG666: checks 
Mahu2021: bets 40
PJG666: folds 
Uncalled bet (40) returned to Mahu2021
Mahu2021 collected 80 from pot
Mahu2021: doesn't show hand 
*** SUMMARY ***
Total pot 80 | Rake 0 
Board [Ks 5s 3d]
Seat 1: PJG666 (big blind) folded on the Flop
Seat 3: Mahu2021 (button) (small blind) collected (80)



PokerStars Hand #252506999737: Tournament #3802327534, $1.84+$0.16 USD Hold'em No Limit - Level III (20/40) - 2024/09/18 13:01:14 CET [2024/09/18 7:01:14 ET]
Table '3802327534 1' 3-max Seat #1 is the button
Seat 1: PJG666 (1135 in chips) 
Seat 3: Mahu2021 (365 in chips) 
PJG666: posts small blind 20
Mahu2021: posts big blind 40
*** HOLE CARDS ***
Dealt to Mahu2021 [Ad Th]
PJG666: calls 20
Mahu2021: raises 325 to 365 and is all-in
PJG666: folds 
Uncalled bet (325) returned to Mahu2021
Mahu2021 collected 80 from pot
Mahu2021: doesn't show hand 
*** SUMMARY ***
Total pot 80 | Rake 0 
Seat 1: PJG666 (button) (small blind) folded before Flop
Seat 3: Mahu2021 (big blind) collected (80)



PokerStars Hand #252507000717: Tournament #3802327534, $1.84+$0.16 USD Hold'em No Limit - Level III (20/40) - 2024/09/18 13:01:21 CET [2024/09/18 7:01:21 ET]
Table '3802327534 1' 3-max Seat #3 is the button
Seat 1: PJG666 (1095 in chips) 
Seat 3: Mahu2021 (405 in chips) 
Mahu2021: posts small blind 20
PJG666: posts big blind 40
*** HOLE CARDS ***
Dealt to Mahu2021 [3c 5s]
Mahu2021: calls 20
PJG666: checks 
*** FLOP *** [Js 3d Tc]
PJG666: bets 40
Mahu2021: calls 40
*** TURN *** [Js 3d Tc] [5h]
PJG666: bets 80
Mahu2021: raises 80 to 160
PJG666: raises 855 to 1015 and is all-in
Mahu2021: calls 165 and is all-in
Uncalled bet (690) returned to PJG666
*** RIVER *** [Js 3d Tc 5h] [6c]
*** SHOW DOWN ***
PJG666: shows [3s Ts] (two pair, Tens and Threes)
Mahu2021: shows [3c 5s] (two pair, Fives and Threes)
PJG666 collected 810 from pot
Mahu2021 finished the tournament in 2nd place
PJG666 wins the tournament and receives $6.00 - congratulations!
*** SUMMARY ***
Total pot 810 | Rake 0 
Board [Js 3d Tc 5h 6c]
Seat 1: PJG666 (big blind) showed [3s Ts] and won (810) with two pair, Tens and Threes
Seat 3: Mahu2021 (button) (small blind) showed [3c 5s] and lost with two pair, Fives and Threes



