PokerStars Hand #250180826013: Tournament #3747186121, $1.84+$0.16 USD Hold'em No Limit - Level I (10/20) - 2024/04/26 18:53:57 CET [2024/04/26 12:53:57 ET]
Table '3747186121 1' 3-max Seat #1 is the button
Seat 1: Mahu2021 (500 in chips) 
Seat 2: lui1z (500 in chips) 
Seat 3: tortulito (500 in chips) 
lui1z: posts small blind 10
tortulito: posts big blind 20
*** HOLE CARDS ***
Dealt to Mahu2021 [4d 6s]
Mahu2021: folds 
lui1z: raises 20 to 40
tortulito: calls 20
*** FLOP *** [5d Jd Jc]
lui1z: checks 
tortulito: checks 
*** TURN *** [5d Jd Jc] [8d]
lui1z: bets 20
tortulito: folds 
Uncalled bet (20) returned to lui1z
lui1z collected 80 from pot
lui1z: doesn't show hand 
*** SUMMARY ***
Total pot 80 | Rake 0 
Board [5d Jd Jc 8d]
Seat 1: Mahu2021 (button) folded before Flop (didn't bet)
Seat 2: lui1z (small blind) collected (80)
Seat 3: tortulito (big blind) folded on the Turn



PokerStars Hand #250180830581: Tournament #3747186121, $1.84+$0.16 USD Hold'em No Limit - Level I (10/20) - 2024/04/26 18:54:15 CET [2024/04/26 12:54:15 ET]
Table '3747186121 1' 3-max Seat #2 is the button
Seat 1: Mahu2021 (500 in chips) 
Seat 2: lui1z (540 in chips) 
Seat 3: tortulito (460 in chips) 
tortulito: posts small blind 10
Mahu2021: posts big blind 20
*** HOLE CARDS ***
Dealt to Mahu2021 [2h 8s]
lui1z: folds 
tortulito: calls 10
Mahu2021: checks 
*** FLOP *** [Qd 9h 4s]
tortulito: checks 
Mahu2021: checks 
*** TURN *** [Qd 9h 4s] [5h]
tortulito: bets 29
Mahu2021: folds 
Uncalled bet (29) returned to tortulito
tortulito collected 40 from pot
*** SUMMARY ***
Total pot 40 | Rake 0 
Board [Qd 9h 4s 5h]
Seat 1: Mahu2021 (big blind) folded on the Turn
Seat 2: lui1z (button) folded before Flop (didn't bet)
Seat 3: tortulito (small blind) collected (40)



PokerStars Hand #250180833713: Tournament #3747186121, $1.84+$0.16 USD Hold'em No Limit - Level I (10/20) - 2024/04/26 18:54:27 CET [2024/04/26 12:54:27 ET]
Table '3747186121 1' 3-max Seat #3 is the button
Seat 1: Mahu2021 (480 in chips) 
Seat 2: lui1z (540 in chips) 
Seat 3: tortulito (480 in chips) 
Mahu2021: posts small blind 10
lui1z: posts big blind 20
*** HOLE CARDS ***
Dealt to Mahu2021 [5c 6s]
tortulito: folds 
Mahu2021: raises 20 to 40
lui1z: raises 20 to 60
Mahu2021: calls 20
*** FLOP *** [Qs 7d Kh]
Mahu2021: checks 
lui1z: checks 
*** TURN *** [Qs 7d Kh] [3d]
Mahu2021: checks 
lui1z: bets 60
Mahu2021: folds 
Uncalled bet (60) returned to lui1z
lui1z collected 120 from pot
lui1z: doesn't show hand 
*** SUMMARY ***
Total pot 120 | Rake 0 
Board [Qs 7d Kh 3d]
Seat 1: Mahu2021 (small blind) folded on the Turn
Seat 2: lui1z (big blind) collected (120)
Seat 3: tortulito (button) folded before Flop (didn't bet)



PokerStars Hand #250180838399: Tournament #3747186121, $1.84+$0.16 USD Hold'em No Limit - Level I (10/20) - 2024/04/26 18:54:45 CET [2024/04/26 12:54:45 ET]
Table '3747186121 1' 3-max Seat #1 is the button
Seat 1: Mahu2021 (420 in chips) 
Seat 2: lui1z (600 in chips) 
Seat 3: tortulito (480 in chips) 
lui1z: posts small blind 10
tortulito: posts big blind 20
*** HOLE CARDS ***
Dealt to Mahu2021 [As Kc]
Mahu2021: raises 20 to 40
lui1z: raises 560 to 600 and is all-in
tortulito: folds 
Mahu2021: calls 380 and is all-in
Uncalled bet (180) returned to lui1z
*** FLOP *** [Qs 2s Jh]
*** TURN *** [Qs 2s Jh] [4d]
*** RIVER *** [Qs 2s Jh 4d] [6d]
*** SHOW DOWN ***
lui1z: shows [Ac 7d] (high card Ace)
Mahu2021: shows [As Kc] (high card Ace - King kicker)
Mahu2021 collected 860 from pot
*** SUMMARY ***
Total pot 860 | Rake 0 
Board [Qs 2s Jh 4d 6d]
Seat 1: Mahu2021 (button) showed [As Kc] and won (860) with high card Ace
Seat 2: lui1z (small blind) showed [Ac 7d] and lost with high card Ace
Seat 3: tortulito (big blind) folded before Flop



PokerStars Hand #250180842409: Tournament #3747186121, $1.84+$0.16 USD Hold'em No Limit - Level I (10/20) - 2024/04/26 18:55:01 CET [2024/04/26 12:55:01 ET]
Table '3747186121 1' 3-max Seat #2 is the button
Seat 1: Mahu2021 (860 in chips) 
Seat 2: lui1z (180 in chips) 
Seat 3: tortulito (460 in chips) 
tortulito: posts small blind 10
Mahu2021: posts big blind 20
*** HOLE CARDS ***
Dealt to Mahu2021 [Js Kc]
lui1z: raises 140 to 160
tortulito: folds 
Mahu2021: raises 140 to 300
lui1z: calls 20 and is all-in
Uncalled bet (120) returned to Mahu2021
*** FLOP *** [9s Ah 6s]
*** TURN *** [9s Ah 6s] [2d]
*** RIVER *** [9s Ah 6s 2d] [5s]
*** SHOW DOWN ***
Mahu2021: shows [Js Kc] (high card Ace)
lui1z: shows [8d 6d] (a pair of Sixes)
lui1z collected 370 from pot
*** SUMMARY ***
Total pot 370 | Rake 0 
Board [9s Ah 6s 2d 5s]
Seat 1: Mahu2021 (big blind) showed [Js Kc] and lost with high card Ace
Seat 2: lui1z (button) showed [8d 6d] and won (370) with a pair of Sixes
Seat 3: tortulito (small blind) folded before Flop



PokerStars Hand #250180847039: Tournament #3747186121, $1.84+$0.16 USD Hold'em No Limit - Level I (10/20) - 2024/04/26 18:55:20 CET [2024/04/26 12:55:20 ET]
Table '3747186121 1' 3-max Seat #3 is the button
Seat 1: Mahu2021 (680 in chips) 
Seat 2: lui1z (370 in chips) 
Seat 3: tortulito (450 in chips) 
Mahu2021: posts small blind 10
lui1z: posts big blind 20
*** HOLE CARDS ***
Dealt to Mahu2021 [8d Qh]
tortulito: raises 38 to 58
Mahu2021: folds 
lui1z: folds 
Uncalled bet (38) returned to tortulito
tortulito collected 50 from pot
*** SUMMARY ***
Total pot 50 | Rake 0 
Seat 1: Mahu2021 (small blind) folded before Flop
Seat 2: lui1z (big blind) folded before Flop
Seat 3: tortulito (button) collected (50)



PokerStars Hand #250180849616: Tournament #3747186121, $1.84+$0.16 USD Hold'em No Limit - Level I (10/20) - 2024/04/26 18:55:34 CET [2024/04/26 12:55:34 ET]
Table '3747186121 1' 3-max Seat #1 is the button
Seat 1: Mahu2021 (670 in chips) 
Seat 2: lui1z (350 in chips) 
Seat 3: tortulito (480 in chips) 
lui1z: posts small blind 10
tortulito: posts big blind 20
*** HOLE CARDS ***
Dealt to Mahu2021 [9d 8s]
Mahu2021: folds 
lui1z: folds 
Uncalled bet (10) returned to tortulito
tortulito collected 20 from pot
*** SUMMARY ***
Total pot 20 | Rake 0 
Seat 1: Mahu2021 (button) folded before Flop (didn't bet)
Seat 2: lui1z (small blind) folded before Flop
Seat 3: tortulito (big blind) collected (20)



PokerStars Hand #250180851721: Tournament #3747186121, $1.84+$0.16 USD Hold'em No Limit - Level I (10/20) - 2024/04/26 18:55:45 CET [2024/04/26 12:55:45 ET]
Table '3747186121 1' 3-max Seat #2 is the button
Seat 1: Mahu2021 (670 in chips) 
Seat 2: lui1z (340 in chips) 
Seat 3: tortulito (490 in chips) 
tortulito: posts small blind 10
Mahu2021: posts big blind 20
*** HOLE CARDS ***
Dealt to Mahu2021 [9h 8s]
lui1z: raises 20 to 40
tortulito: calls 30
Mahu2021: calls 20
*** FLOP *** [Ad 3c Qc]
tortulito: checks 
Mahu2021: checks 
lui1z: checks 
*** TURN *** [Ad 3c Qc] [Ac]
tortulito: checks 
Mahu2021: checks 
lui1z: bets 60
tortulito: calls 60
Mahu2021: folds 
*** RIVER *** [Ad 3c Qc Ac] [9d]
tortulito: checks 
lui1z: bets 240 and is all-in
tortulito: folds 
Uncalled bet (240) returned to lui1z
lui1z collected 240 from pot
lui1z: doesn't show hand 
*** SUMMARY ***
Total pot 240 | Rake 0 
Board [Ad 3c Qc Ac 9d]
Seat 1: Mahu2021 (big blind) folded on the Turn
Seat 2: lui1z (button) collected (240)
Seat 3: tortulito (small blind) folded on the River



PokerStars Hand #250180863557: Tournament #3747186121, $1.84+$0.16 USD Hold'em No Limit - Level II (15/30) - 2024/04/26 18:56:45 CET [2024/04/26 12:56:45 ET]
Table '3747186121 1' 3-max Seat #3 is the button
Seat 1: Mahu2021 (630 in chips) 
Seat 2: lui1z (480 in chips) 
Seat 3: tortulito (390 in chips) 
Mahu2021: posts small blind 15
lui1z: posts big blind 30
*** HOLE CARDS ***
Dealt to Mahu2021 [Qc 7h]
tortulito: calls 30
Mahu2021: calls 15
lui1z: checks 
*** FLOP *** [Jd Jc 9c]
Mahu2021: checks 
lui1z: checks 
tortulito: checks 
*** TURN *** [Jd Jc 9c] [Qh]
Mahu2021: bets 60
lui1z: folds 
tortulito: calls 60
*** RIVER *** [Jd Jc 9c Qh] [4s]
Mahu2021: bets 60
tortulito: calls 60
*** SHOW DOWN ***
Mahu2021: shows [Qc 7h] (two pair, Queens and Jacks)
tortulito: shows [Qs Ts] (two pair, Queens and Jacks - Ten kicker)
tortulito collected 330 from pot
*** SUMMARY ***
Total pot 330 | Rake 0 
Board [Jd Jc 9c Qh 4s]
Seat 1: Mahu2021 (small blind) showed [Qc 7h] and lost with two pair, Queens and Jacks
Seat 2: lui1z (big blind) folded on the Turn
Seat 3: tortulito (button) showed [Qs Ts] and won (330) with two pair, Queens and Jacks



PokerStars Hand #250180872859: Tournament #3747186121, $1.84+$0.16 USD Hold'em No Limit - Level II (15/30) - 2024/04/26 18:57:33 CET [2024/04/26 12:57:33 ET]
Table '3747186121 1' 3-max Seat #1 is the button
Seat 1: Mahu2021 (480 in chips) 
Seat 2: lui1z (450 in chips) 
Seat 3: tortulito (570 in chips) 
lui1z: posts small blind 15
tortulito: posts big blind 30
*** HOLE CARDS ***
Dealt to Mahu2021 [7s Ks]
Mahu2021: raises 30 to 60
lui1z: calls 45
tortulito: folds 
*** FLOP *** [Jc 4h 7d]
lui1z: bets 75
Mahu2021: raises 345 to 420 and is all-in
lui1z: calls 315 and is all-in
Uncalled bet (30) returned to Mahu2021
*** TURN *** [Jc 4h 7d] [2s]
*** RIVER *** [Jc 4h 7d 2s] [4c]
*** SHOW DOWN ***
lui1z: shows [6s 8s] (a pair of Fours)
Mahu2021: shows [7s Ks] (two pair, Sevens and Fours)
Mahu2021 collected 930 from pot
lui1z finished the tournament in 3rd place
*** SUMMARY ***
Total pot 930 | Rake 0 
Board [Jc 4h 7d 2s 4c]
Seat 1: Mahu2021 (button) showed [7s Ks] and won (930) with two pair, Sevens and Fours
Seat 2: lui1z (small blind) showed [6s 8s] and lost with a pair of Fours
Seat 3: tortulito (big blind) folded before Flop



PokerStars Hand #250180881020: Tournament #3747186121, $1.84+$0.16 USD Hold'em No Limit - Level III (20/40) - 2024/04/26 18:58:15 CET [2024/04/26 12:58:15 ET]
Table '3747186121 1' 3-max Seat #3 is the button
Seat 1: Mahu2021 (960 in chips) 
Seat 3: tortulito (540 in chips) 
tortulito: posts small blind 20
Mahu2021: posts big blind 40
*** HOLE CARDS ***
Dealt to Mahu2021 [Th Qd]
tortulito: folds 
Uncalled bet (20) returned to Mahu2021
Mahu2021 collected 40 from pot
Mahu2021: doesn't show hand 
*** SUMMARY ***
Total pot 40 | Rake 0 
Seat 1: Mahu2021 (big blind) collected (40)
Seat 3: tortulito (button) (small blind) folded before Flop



PokerStars Hand #250180882060: Tournament #3747186121, $1.84+$0.16 USD Hold'em No Limit - Level III (20/40) - 2024/04/26 18:58:20 CET [2024/04/26 12:58:20 ET]
Table '3747186121 1' 3-max Seat #1 is the button
Seat 1: Mahu2021 (980 in chips) 
Seat 3: tortulito (520 in chips) 
Mahu2021: posts small blind 20
tortulito: posts big blind 40
*** HOLE CARDS ***
Dealt to Mahu2021 [Th 4s]
Mahu2021: folds 
Uncalled bet (20) returned to tortulito
tortulito collected 40 from pot
*** SUMMARY ***
Total pot 40 | Rake 0 
Seat 1: Mahu2021 (button) (small blind) folded before Flop
Seat 3: tortulito (big blind) collected (40)



PokerStars Hand #250180882934: Tournament #3747186121, $1.84+$0.16 USD Hold'em No Limit - Level III (20/40) - 2024/04/26 18:58:25 CET [2024/04/26 12:58:25 ET]
Table '3747186121 1' 3-max Seat #3 is the button
Seat 1: Mahu2021 (960 in chips) 
Seat 3: tortulito (540 in chips) 
tortulito: posts small blind 20
Mahu2021: posts big blind 40
*** HOLE CARDS ***
Dealt to Mahu2021 [3h Qh]
tortulito: calls 20
Mahu2021: checks 
*** FLOP *** [8d 6h 2h]
Mahu2021: checks 
tortulito: checks 
*** TURN *** [8d 6h 2h] [7s]
Mahu2021: checks 
tortulito: checks 
*** RIVER *** [8d 6h 2h 7s] [4h]
Mahu2021: bets 920 and is all-in
tortulito: folds 
Uncalled bet (920) returned to Mahu2021
Mahu2021 collected 80 from pot
Mahu2021: doesn't show hand 
*** SUMMARY ***
Total pot 80 | Rake 0 
Board [8d 6h 2h 7s 4h]
Seat 1: Mahu2021 (big blind) collected (80)
Seat 3: tortulito (button) (small blind) folded on the River



PokerStars Hand #250180888163: Tournament #3747186121, $1.84+$0.16 USD Hold'em No Limit - Level III (20/40) - 2024/04/26 18:58:52 CET [2024/04/26 12:58:52 ET]
Table '3747186121 1' 3-max Seat #1 is the button
Seat 1: Mahu2021 (1000 in chips) 
Seat 3: tortulito (500 in chips) 
Mahu2021: posts small blind 20
tortulito: posts big blind 40
*** HOLE CARDS ***
Dealt to Mahu2021 [Qs 4s]
Mahu2021: raises 40 to 80
tortulito: calls 40
*** FLOP *** [9h Td 7s]
tortulito: checks 
Mahu2021: checks 
*** TURN *** [9h Td 7s] [3h]
tortulito: checks 
Mahu2021: bets 40
tortulito: calls 40
*** RIVER *** [9h Td 7s 3h] [Ac]
tortulito: checks 
Mahu2021: bets 160
tortulito: calls 160
*** SHOW DOWN ***
Mahu2021: shows [Qs 4s] (high card Ace)
tortulito: shows [As 8h] (a pair of Aces)
tortulito collected 560 from pot
*** SUMMARY ***
Total pot 560 | Rake 0 
Board [9h Td 7s 3h Ac]
Seat 1: Mahu2021 (button) (small blind) showed [Qs 4s] and lost with high card Ace
Seat 3: tortulito (big blind) showed [As 8h] and won (560) with a pair of Aces



PokerStars Hand #250180893185: Tournament #3747186121, $1.84+$0.16 USD Hold'em No Limit - Level III (20/40) - 2024/04/26 18:59:18 CET [2024/04/26 12:59:18 ET]
Table '3747186121 1' 3-max Seat #3 is the button
Seat 1: Mahu2021 (720 in chips) 
Seat 3: tortulito (780 in chips) 
tortulito: posts small blind 20
Mahu2021: posts big blind 40
*** HOLE CARDS ***
Dealt to Mahu2021 [Ac 3d]
tortulito: calls 20
Mahu2021: checks 
*** FLOP *** [5c 9c 9d]
Mahu2021: checks 
tortulito: checks 
*** TURN *** [5c 9c 9d] [3s]
Mahu2021: checks 
tortulito: bets 40
Mahu2021: calls 40
*** RIVER *** [5c 9c 9d 3s] [9s]
Mahu2021: checks 
tortulito: checks 
*** SHOW DOWN ***
Mahu2021: shows [Ac 3d] (a full house, Nines full of Threes)
tortulito: shows [Ks 3h] (a full house, Nines full of Threes)
Mahu2021 collected 80 from pot
tortulito collected 80 from pot
*** SUMMARY ***
Total pot 160 | Rake 0 
Board [5c 9c 9d 3s 9s]
Seat 1: Mahu2021 (big blind) showed [Ac 3d] and won (80) with a full house, Nines full of Threes
Seat 3: tortulito (button) (small blind) showed [Ks 3h] and won (80) with a full house, Nines full of Threes



PokerStars Hand #250180896318: Tournament #3747186121, $1.84+$0.16 USD Hold'em No Limit - Level III (20/40) - 2024/04/26 18:59:34 CET [2024/04/26 12:59:34 ET]
Table '3747186121 1' 3-max Seat #1 is the button
Seat 1: Mahu2021 (720 in chips) 
Seat 3: tortulito (780 in chips) 
Mahu2021: posts small blind 20
tortulito: posts big blind 40
*** HOLE CARDS ***
Dealt to Mahu2021 [As 6s]
Mahu2021: raises 40 to 80
tortulito: calls 40
*** FLOP *** [5c 6d Td]
tortulito: checks 
Mahu2021: bets 80
tortulito: calls 80
*** TURN *** [5c 6d Td] [2s]
tortulito: checks 
Mahu2021: bets 80
tortulito: folds 
Uncalled bet (80) returned to Mahu2021
Mahu2021 collected 320 from pot
Mahu2021: doesn't show hand 
*** SUMMARY ***
Total pot 320 | Rake 0 
Board [5c 6d Td 2s]
Seat 1: Mahu2021 (button) (small blind) collected (320)
Seat 3: tortulito (big blind) folded on the Turn



PokerStars Hand #250180900780: Tournament #3747186121, $1.84+$0.16 USD Hold'em No Limit - Level III (20/40) - 2024/04/26 18:59:57 CET [2024/04/26 12:59:57 ET]
Table '3747186121 1' 3-max Seat #3 is the button
Seat 1: Mahu2021 (880 in chips) 
Seat 3: tortulito (620 in chips) 
tortulito: posts small blind 20
Mahu2021: posts big blind 40
*** HOLE CARDS ***
Dealt to Mahu2021 [6s Ts]
tortulito: calls 20
Mahu2021: checks 
*** FLOP *** [4c 4s Ks]
Mahu2021: checks 
tortulito: checks 
*** TURN *** [4c 4s Ks] [Js]
Mahu2021: bets 40
tortulito: folds 
Uncalled bet (40) returned to Mahu2021
Mahu2021 collected 80 from pot
Mahu2021: doesn't show hand 
*** SUMMARY ***
Total pot 80 | Rake 0 
Board [4c 4s Ks Js]
Seat 1: Mahu2021 (big blind) collected (80)
Seat 3: tortulito (button) (small blind) folded on the Turn



PokerStars Hand #250180903851: Tournament #3747186121, $1.84+$0.16 USD Hold'em No Limit - Level IV (30/60) - 2024/04/26 19:00:13 CET [2024/04/26 13:00:13 ET]
Table '3747186121 1' 3-max Seat #1 is the button
Seat 1: Mahu2021 (920 in chips) 
Seat 3: tortulito (580 in chips) 
Mahu2021: posts small blind 30
tortulito: posts big blind 60
*** HOLE CARDS ***
Dealt to Mahu2021 [Ah 9c]
Mahu2021: raises 60 to 120
tortulito: folds 
Uncalled bet (60) returned to Mahu2021
Mahu2021 collected 120 from pot
Mahu2021: doesn't show hand 
*** SUMMARY ***
Total pot 120 | Rake 0 
Seat 1: Mahu2021 (button) (small blind) collected (120)
Seat 3: tortulito (big blind) folded before Flop



PokerStars Hand #250180905509: Tournament #3747186121, $1.84+$0.16 USD Hold'em No Limit - Level IV (30/60) - 2024/04/26 19:00:22 CET [2024/04/26 13:00:22 ET]
Table '3747186121 1' 3-max Seat #3 is the button
Seat 1: Mahu2021 (980 in chips) 
Seat 3: tortulito (520 in chips) 
tortulito: posts small blind 30
Mahu2021: posts big blind 60
*** HOLE CARDS ***
Dealt to Mahu2021 [Js 9c]
tortulito: raises 460 to 520 and is all-in
Mahu2021: folds 
Uncalled bet (460) returned to tortulito
tortulito collected 120 from pot
*** SUMMARY ***
Total pot 120 | Rake 0 
Seat 1: Mahu2021 (big blind) folded before Flop
Seat 3: tortulito (button) (small blind) collected (120)



PokerStars Hand #250180907168: Tournament #3747186121, $1.84+$0.16 USD Hold'em No Limit - Level IV (30/60) - 2024/04/26 19:00:29 CET [2024/04/26 13:00:29 ET]
Table '3747186121 1' 3-max Seat #1 is the button
Seat 1: Mahu2021 (920 in chips) 
Seat 3: tortulito (580 in chips) 
Mahu2021: posts small blind 30
tortulito: posts big blind 60
*** HOLE CARDS ***
Dealt to Mahu2021 [Ks Qs]
Mahu2021: raises 60 to 120
tortulito: calls 60
*** FLOP *** [Td 9h Ts]
tortulito: checks 
Mahu2021: checks 
*** TURN *** [Td 9h Ts] [5d]
tortulito: checks 
Mahu2021: bets 120
tortulito: folds 
Uncalled bet (120) returned to Mahu2021
Mahu2021 collected 240 from pot
Mahu2021: doesn't show hand 
*** SUMMARY ***
Total pot 240 | Rake 0 
Board [Td 9h Ts 5d]
Seat 1: Mahu2021 (button) (small blind) collected (240)
Seat 3: tortulito (big blind) folded on the Turn



PokerStars Hand #250180911132: Tournament #3747186121, $1.84+$0.16 USD Hold'em No Limit - Level IV (30/60) - 2024/04/26 19:00:49 CET [2024/04/26 13:00:49 ET]
Table '3747186121 1' 3-max Seat #3 is the button
Seat 1: Mahu2021 (1040 in chips) 
Seat 3: tortulito (460 in chips) 
tortulito: posts small blind 30
Mahu2021: posts big blind 60
*** HOLE CARDS ***
Dealt to Mahu2021 [2c 7s]
tortulito: calls 30
Mahu2021: checks 
*** FLOP *** [Qs 9c Jd]
Mahu2021: checks 
tortulito: bets 60
Mahu2021: folds 
Uncalled bet (60) returned to tortulito
tortulito collected 120 from pot
*** SUMMARY ***
Total pot 120 | Rake 0 
Board [Qs 9c Jd]
Seat 1: Mahu2021 (big blind) folded on the Flop
Seat 3: tortulito (button) (small blind) collected (120)



PokerStars Hand #250180913164: Tournament #3747186121, $1.84+$0.16 USD Hold'em No Limit - Level IV (30/60) - 2024/04/26 19:00:58 CET [2024/04/26 13:00:58 ET]
Table '3747186121 1' 3-max Seat #1 is the button
Seat 1: Mahu2021 (980 in chips) 
Seat 3: tortulito (520 in chips) 
Mahu2021: posts small blind 30
tortulito: posts big blind 60
*** HOLE CARDS ***
Dealt to Mahu2021 [Kh 3s]
Mahu2021: calls 30
tortulito: checks 
*** FLOP *** [2d Kd 9d]
tortulito: checks 
Mahu2021: bets 60
tortulito: folds 
Uncalled bet (60) returned to Mahu2021
Mahu2021 collected 120 from pot
Mahu2021: doesn't show hand 
*** SUMMARY ***
Total pot 120 | Rake 0 
Board [2d Kd 9d]
Seat 1: Mahu2021 (button) (small blind) collected (120)
Seat 3: tortulito (big blind) folded on the Flop



PokerStars Hand #250180916505: Tournament #3747186121, $1.84+$0.16 USD Hold'em No Limit - Level IV (30/60) - 2024/04/26 19:01:13 CET [2024/04/26 13:01:13 ET]
Table '3747186121 1' 3-max Seat #3 is the button
Seat 1: Mahu2021 (1040 in chips) 
Seat 3: tortulito (460 in chips) 
tortulito: posts small blind 30
Mahu2021: posts big blind 60
*** HOLE CARDS ***
Dealt to Mahu2021 [5c 9h]
tortulito: folds 
Uncalled bet (30) returned to Mahu2021
Mahu2021 collected 60 from pot
Mahu2021: doesn't show hand 
*** SUMMARY ***
Total pot 60 | Rake 0 
Seat 1: Mahu2021 (big blind) collected (60)
Seat 3: tortulito (button) (small blind) folded before Flop



PokerStars Hand #250180918157: Tournament #3747186121, $1.84+$0.16 USD Hold'em No Limit - Level IV (30/60) - 2024/04/26 19:01:20 CET [2024/04/26 13:01:20 ET]
Table '3747186121 1' 3-max Seat #1 is the button
Seat 1: Mahu2021 (1070 in chips) 
Seat 3: tortulito (430 in chips) 
Mahu2021: posts small blind 30
tortulito: posts big blind 60
*** HOLE CARDS ***
Dealt to Mahu2021 [Ac Kd]
Mahu2021: raises 60 to 120
tortulito: raises 310 to 430 and is all-in
Mahu2021: calls 310
*** FLOP *** [4d 7s 3s]
*** TURN *** [4d 7s 3s] [9c]
*** RIVER *** [4d 7s 3s 9c] [4c]
*** SHOW DOWN ***
tortulito: shows [4h As] (three of a kind, Fours)
Mahu2021: shows [Ac Kd] (a pair of Fours)
tortulito collected 860 from pot
*** SUMMARY ***
Total pot 860 | Rake 0 
Board [4d 7s 3s 9c 4c]
Seat 1: Mahu2021 (button) (small blind) showed [Ac Kd] and lost with a pair of Fours
Seat 3: tortulito (big blind) showed [4h As] and won (860) with three of a kind, Fours



PokerStars Hand #250180921599: Tournament #3747186121, $1.84+$0.16 USD Hold'em No Limit - Level IV (30/60) - 2024/04/26 19:01:35 CET [2024/04/26 13:01:35 ET]
Table '3747186121 1' 3-max Seat #3 is the button
Seat 1: Mahu2021 (640 in chips) 
Seat 3: tortulito (860 in chips) 
tortulito: posts small blind 30
Mahu2021: posts big blind 60
*** HOLE CARDS ***
Dealt to Mahu2021 [Kd 2d]
tortulito: raises 60 to 120
Mahu2021: calls 60
*** FLOP *** [7c 5h 4s]
Mahu2021: checks 
tortulito: bets 96
Mahu2021: folds 
Uncalled bet (96) returned to tortulito
tortulito collected 240 from pot
*** SUMMARY ***
Total pot 240 | Rake 0 
Board [7c 5h 4s]
Seat 1: Mahu2021 (big blind) folded on the Flop
Seat 3: tortulito (button) (small blind) collected (240)



PokerStars Hand #250180924644: Tournament #3747186121, $1.84+$0.16 USD Hold'em No Limit - Level IV (30/60) - 2024/04/26 19:01:48 CET [2024/04/26 13:01:48 ET]
Table '3747186121 1' 3-max Seat #1 is the button
Seat 1: Mahu2021 (520 in chips) 
Seat 3: tortulito (980 in chips) 
Mahu2021: posts small blind 30
tortulito: posts big blind 60
*** HOLE CARDS ***
Dealt to Mahu2021 [6d 5c]
Mahu2021: calls 30
tortulito: checks 
*** FLOP *** [6s Js Jc]
tortulito: checks 
Mahu2021: bets 120
tortulito: folds 
Uncalled bet (120) returned to Mahu2021
Mahu2021 collected 120 from pot
Mahu2021: doesn't show hand 
*** SUMMARY ***
Total pot 120 | Rake 0 
Board [6s Js Jc]
Seat 1: Mahu2021 (button) (small blind) collected (120)
Seat 3: tortulito (big blind) folded on the Flop



PokerStars Hand #250180929044: Tournament #3747186121, $1.84+$0.16 USD Hold'em No Limit - Level V (40/80) - 2024/04/26 19:02:07 CET [2024/04/26 13:02:07 ET]
Table '3747186121 1' 3-max Seat #3 is the button
Seat 1: Mahu2021 (580 in chips) 
Seat 3: tortulito (920 in chips) 
tortulito: posts small blind 40
Mahu2021: posts big blind 80
*** HOLE CARDS ***
Dealt to Mahu2021 [5c Kh]
tortulito: calls 40
Mahu2021: raises 500 to 580 and is all-in
tortulito: folds 
Uncalled bet (500) returned to Mahu2021
Mahu2021 collected 160 from pot
Mahu2021: doesn't show hand 
*** SUMMARY ***
Total pot 160 | Rake 0 
Seat 1: Mahu2021 (big blind) collected (160)
Seat 3: tortulito (button) (small blind) folded before Flop



PokerStars Hand #250180931204: Tournament #3747186121, $1.84+$0.16 USD Hold'em No Limit - Level V (40/80) - 2024/04/26 19:02:15 CET [2024/04/26 13:02:15 ET]
Table '3747186121 1' 3-max Seat #1 is the button
Seat 1: Mahu2021 (660 in chips) 
Seat 3: tortulito (840 in chips) 
Mahu2021: posts small blind 40
tortulito: posts big blind 80
*** HOLE CARDS ***
Dealt to Mahu2021 [Qh Js]
Mahu2021: raises 80 to 160
tortulito: raises 680 to 840 and is all-in
Mahu2021: calls 500 and is all-in
Uncalled bet (180) returned to tortulito
*** FLOP *** [7s 9d Tc]
*** TURN *** [7s 9d Tc] [4c]
*** RIVER *** [7s 9d Tc 4c] [Ad]
*** SHOW DOWN ***
tortulito: shows [Ac Kd] (a pair of Aces)
Mahu2021: shows [Qh Js] (high card Ace)
tortulito collected 1320 from pot
Mahu2021 finished the tournament in 2nd place
tortulito wins the tournament and receives $4.00 - congratulations!
*** SUMMARY ***
Total pot 1320 | Rake 0 
Board [7s 9d Tc 4c Ad]
Seat 1: Mahu2021 (button) (small blind) showed [Qh Js] and lost with high card Ace
Seat 3: tortulito (big blind) showed [Ac Kd] and won (1320) with a pair of Aces



