PokerStars Hand #253159684045: Tournament #3817812827, $1.84+$0.16 USD Hold'em No Limit - Level I (10/20) - 2024/10/29 18:44:37 CET [2024/10/29 13:44:37 ET]
Table '3817812827 1' 3-max Seat #1 is the button
Seat 1: dziugas88 (500 in chips) 
Seat 2: RiderBet (500 in chips) 
Seat 3: Mahu2021 (500 in chips) 
RiderBet: posts small blind 10
Mahu2021: posts big blind 20
*** HOLE CARDS ***
Dealt to Mahu2021 [Kd Qd]
dziugas88: raises 20 to 40
RiderBet: raises 100 to 140
Mahu2021: folds 
dziugas88: folds 
Uncalled bet (100) returned to RiderBet
RiderBet collected 100 from pot
*** SUMMARY ***
Total pot 100 | Rake 0 
Seat 1: dziugas88 (button) folded before Flop
Seat 2: RiderBet (small blind) collected (100)
Seat 3: Mahu2021 (big blind) folded before Flop



PokerStars Hand #253159687143: Tournament #3817812827, $1.84+$0.16 USD Hold'em No Limit - Level I (10/20) - 2024/10/29 18:44:49 CET [2024/10/29 13:44:49 ET]
Table '3817812827 1' 3-max Seat #2 is the button
Seat 1: dziugas88 (460 in chips) 
Seat 2: RiderBet (560 in chips) 
Seat 3: Mahu2021 (480 in chips) 
Mahu2021: posts small blind 10
dziugas88: posts big blind 20
*** HOLE CARDS ***
Dealt to Mahu2021 [3h As]
RiderBet: folds 
Mahu2021: raises 20 to 40
dziugas88: raises 420 to 460 and is all-in
Mahu2021: folds 
Uncalled bet (420) returned to dziugas88
dziugas88 collected 80 from pot
dziugas88: doesn't show hand 
*** SUMMARY ***
Total pot 80 | Rake 0 
Seat 1: dziugas88 (big blind) collected (80)
Seat 2: RiderBet (button) folded before Flop (didn't bet)
Seat 3: Mahu2021 (small blind) folded before Flop



PokerStars Hand #253159689482: Tournament #3817812827, $1.84+$0.16 USD Hold'em No Limit - Level I (10/20) - 2024/10/29 18:44:58 CET [2024/10/29 13:44:58 ET]
Table '3817812827 1' 3-max Seat #3 is the button
Seat 1: dziugas88 (500 in chips) 
Seat 2: RiderBet (560 in chips) 
Seat 3: Mahu2021 (440 in chips) 
dziugas88: posts small blind 10
RiderBet: posts big blind 20
*** HOLE CARDS ***
Dealt to Mahu2021 [Tc 5h]
Mahu2021: folds 
dziugas88: calls 10
RiderBet: checks 
*** FLOP *** [6s 2h 4d]
dziugas88: checks 
RiderBet: checks 
*** TURN *** [6s 2h 4d] [3h]
dziugas88: checks 
RiderBet: checks 
*** RIVER *** [6s 2h 4d 3h] [Th]
dziugas88: checks 
RiderBet: checks 
*** SHOW DOWN ***
dziugas88: shows [4c Ah] (a pair of Fours)
RiderBet: mucks hand 
dziugas88 collected 40 from pot
*** SUMMARY ***
Total pot 40 | Rake 0 
Board [6s 2h 4d 3h Th]
Seat 1: dziugas88 (small blind) showed [4c Ah] and won (40) with a pair of Fours
Seat 2: RiderBet (big blind) mucked [Js Qd]
Seat 3: Mahu2021 (button) folded before Flop (didn't bet)



PokerStars Hand #253159693174: Tournament #3817812827, $1.84+$0.16 USD Hold'em No Limit - Level I (10/20) - 2024/10/29 18:45:13 CET [2024/10/29 13:45:13 ET]
Table '3817812827 1' 3-max Seat #1 is the button
Seat 1: dziugas88 (520 in chips) 
Seat 2: RiderBet (540 in chips) 
Seat 3: Mahu2021 (440 in chips) 
RiderBet: posts small blind 10
Mahu2021: posts big blind 20
*** HOLE CARDS ***
Dealt to Mahu2021 [2s 5s]
dziugas88: raises 20 to 40
RiderBet: raises 500 to 540 and is all-in
Mahu2021: folds 
dziugas88: calls 480 and is all-in
Uncalled bet (20) returned to RiderBet
*** FLOP *** [8s 2h 4h]
*** TURN *** [8s 2h 4h] [As]
*** RIVER *** [8s 2h 4h As] [9d]
*** SHOW DOWN ***
RiderBet: shows [3s 3d] (a pair of Threes)
dziugas88: shows [Jc Ah] (a pair of Aces)
dziugas88 collected 1060 from pot
*** SUMMARY ***
Total pot 1060 | Rake 0 
Board [8s 2h 4h As 9d]
Seat 1: dziugas88 (button) showed [Jc Ah] and won (1060) with a pair of Aces
Seat 2: RiderBet (small blind) showed [3s 3d] and lost with a pair of Threes
Seat 3: Mahu2021 (big blind) folded before Flop



PokerStars Hand #253159697167: Tournament #3817812827, $1.84+$0.16 USD Hold'em No Limit - Level I (10/20) - 2024/10/29 18:45:29 CET [2024/10/29 13:45:29 ET]
Table '3817812827 1' 3-max Seat #2 is the button
Seat 1: dziugas88 (1060 in chips) 
Seat 2: RiderBet (20 in chips) 
Seat 3: Mahu2021 (420 in chips) 
Mahu2021: posts small blind 10
dziugas88: posts big blind 20
*** HOLE CARDS ***
Dealt to Mahu2021 [Qh 5c]
RiderBet: calls 20 and is all-in
Mahu2021: calls 10
dziugas88: checks 
*** FLOP *** [Th Ac 7s]
Mahu2021: checks 
dziugas88: checks 
*** TURN *** [Th Ac 7s] [Ks]
Mahu2021: checks 
dziugas88: checks 
*** RIVER *** [Th Ac 7s Ks] [2s]
Mahu2021: checks 
dziugas88: checks 
*** SHOW DOWN ***
Mahu2021: shows [Qh 5c] (high card Ace)
dziugas88: mucks hand 
RiderBet: shows [As 3d] (a pair of Aces)
RiderBet collected 60 from pot
*** SUMMARY ***
Total pot 60 | Rake 0 
Board [Th Ac 7s Ks 2s]
Seat 1: dziugas88 (big blind) mucked [6h 5d]
Seat 2: RiderBet (button) showed [As 3d] and won (60) with a pair of Aces
Seat 3: Mahu2021 (small blind) showed [Qh 5c] and lost with high card Ace



PokerStars Hand #253159700163: Tournament #3817812827, $1.84+$0.16 USD Hold'em No Limit - Level I (10/20) - 2024/10/29 18:45:41 CET [2024/10/29 13:45:41 ET]
Table '3817812827 1' 3-max Seat #3 is the button
Seat 1: dziugas88 (1040 in chips) 
Seat 2: RiderBet (60 in chips) 
Seat 3: Mahu2021 (400 in chips) 
dziugas88: posts small blind 10
RiderBet: posts big blind 20
*** HOLE CARDS ***
Dealt to Mahu2021 [3d As]
Mahu2021: folds 
dziugas88: folds 
Uncalled bet (10) returned to RiderBet
RiderBet collected 20 from pot
*** SUMMARY ***
Total pot 20 | Rake 0 
Seat 1: dziugas88 (small blind) folded before Flop
Seat 2: RiderBet (big blind) collected (20)
Seat 3: Mahu2021 (button) folded before Flop (didn't bet)



PokerStars Hand #253159702282: Tournament #3817812827, $1.84+$0.16 USD Hold'em No Limit - Level I (10/20) - 2024/10/29 18:45:50 CET [2024/10/29 13:45:50 ET]
Table '3817812827 1' 3-max Seat #1 is the button
Seat 1: dziugas88 (1030 in chips) 
Seat 2: RiderBet (70 in chips) 
Seat 3: Mahu2021 (400 in chips) 
RiderBet: posts small blind 10
Mahu2021: posts big blind 20
*** HOLE CARDS ***
Dealt to Mahu2021 [Js 8c]
dziugas88: raises 20 to 40
RiderBet: raises 30 to 70 and is all-in
Mahu2021: folds 
dziugas88: calls 30
*** FLOP *** [9s Jd 6s]
*** TURN *** [9s Jd 6s] [Tc]
*** RIVER *** [9s Jd 6s Tc] [5c]
*** SHOW DOWN ***
RiderBet: shows [4h Kh] (high card King)
dziugas88: shows [6h 6d] (three of a kind, Sixes)
dziugas88 collected 160 from pot
RiderBet finished the tournament in 3rd place
*** SUMMARY ***
Total pot 160 | Rake 0 
Board [9s Jd 6s Tc 5c]
Seat 1: dziugas88 (button) showed [6h 6d] and won (160) with three of a kind, Sixes
Seat 2: RiderBet (small blind) showed [4h Kh] and lost with high card King
Seat 3: Mahu2021 (big blind) folded before Flop



PokerStars Hand #253159706675: Tournament #3817812827, $1.84+$0.16 USD Hold'em No Limit - Level I (10/20) - 2024/10/29 18:46:08 CET [2024/10/29 13:46:08 ET]
Table '3817812827 1' 3-max Seat #3 is the button
Seat 1: dziugas88 (1120 in chips) 
Seat 3: Mahu2021 (380 in chips) 
Mahu2021: posts small blind 10
dziugas88: posts big blind 20
*** HOLE CARDS ***
Dealt to Mahu2021 [Qh 5d]
Mahu2021: calls 10
dziugas88: checks 
*** FLOP *** [7h 2s 3c]
dziugas88: checks 
Mahu2021: checks 
*** TURN *** [7h 2s 3c] [Ah]
dziugas88: checks 
Mahu2021: checks 
*** RIVER *** [7h 2s 3c Ah] [Ks]
dziugas88: checks 
Mahu2021: checks 
*** SHOW DOWN ***
dziugas88: shows [4h Th] (high card Ace)
Mahu2021: shows [Qh 5d] (high card Ace - King+Queen kicker)
Mahu2021 collected 40 from pot
*** SUMMARY ***
Total pot 40 | Rake 0 
Board [7h 2s 3c Ah Ks]
Seat 1: dziugas88 (big blind) showed [4h Th] and lost with high card Ace
Seat 3: Mahu2021 (button) (small blind) showed [Qh 5d] and won (40) with high card Ace



PokerStars Hand #253159709373: Tournament #3817812827, $1.84+$0.16 USD Hold'em No Limit - Level I (10/20) - 2024/10/29 18:46:19 CET [2024/10/29 13:46:19 ET]
Table '3817812827 1' 3-max Seat #1 is the button
Seat 1: dziugas88 (1100 in chips) 
Seat 3: Mahu2021 (400 in chips) 
dziugas88: posts small blind 10
Mahu2021: posts big blind 20
*** HOLE CARDS ***
Dealt to Mahu2021 [6h 7h]
dziugas88: calls 10
Mahu2021: checks 
*** FLOP *** [4d Qh Jc]
Mahu2021: checks 
dziugas88: checks 
*** TURN *** [4d Qh Jc] [5h]
Mahu2021: checks 
dziugas88: checks 
*** RIVER *** [4d Qh Jc 5h] [8d]
Mahu2021: bets 380 and is all-in
dziugas88: folds 
Uncalled bet (380) returned to Mahu2021
Mahu2021 collected 40 from pot
Mahu2021: doesn't show hand 
*** SUMMARY ***
Total pot 40 | Rake 0 
Board [4d Qh Jc 5h 8d]
Seat 1: dziugas88 (button) (small blind) folded on the River
Seat 3: Mahu2021 (big blind) collected (40)



PokerStars Hand #253159712970: Tournament #3817812827, $1.84+$0.16 USD Hold'em No Limit - Level I (10/20) - 2024/10/29 18:46:33 CET [2024/10/29 13:46:33 ET]
Table '3817812827 1' 3-max Seat #3 is the button
Seat 1: dziugas88 (1080 in chips) 
Seat 3: Mahu2021 (420 in chips) 
Mahu2021: posts small blind 10
dziugas88: posts big blind 20
*** HOLE CARDS ***
Dealt to Mahu2021 [7c 4h]
Mahu2021: folds 
Uncalled bet (10) returned to dziugas88
dziugas88 collected 20 from pot
dziugas88: doesn't show hand 
*** SUMMARY ***
Total pot 20 | Rake 0 
Seat 1: dziugas88 (big blind) collected (20)
Seat 3: Mahu2021 (button) (small blind) folded before Flop



PokerStars Hand #253159714835: Tournament #3817812827, $1.84+$0.16 USD Hold'em No Limit - Level II (15/30) - 2024/10/29 18:46:41 CET [2024/10/29 13:46:41 ET]
Table '3817812827 1' 3-max Seat #1 is the button
Seat 1: dziugas88 (1090 in chips) 
Seat 3: Mahu2021 (410 in chips) 
dziugas88: posts small blind 15
Mahu2021: posts big blind 30
*** HOLE CARDS ***
Dealt to Mahu2021 [2c 8s]
dziugas88: folds 
Uncalled bet (15) returned to Mahu2021
Mahu2021 collected 30 from pot
Mahu2021: doesn't show hand 
*** SUMMARY ***
Total pot 30 | Rake 0 
Seat 1: dziugas88 (button) (small blind) folded before Flop
Seat 3: Mahu2021 (big blind) collected (30)



PokerStars Hand #253159715890: Tournament #3817812827, $1.84+$0.16 USD Hold'em No Limit - Level II (15/30) - 2024/10/29 18:46:45 CET [2024/10/29 13:46:45 ET]
Table '3817812827 1' 3-max Seat #3 is the button
Seat 1: dziugas88 (1075 in chips) 
Seat 3: Mahu2021 (425 in chips) 
Mahu2021: posts small blind 15
dziugas88: posts big blind 30
*** HOLE CARDS ***
Dealt to Mahu2021 [8s 2s]
Mahu2021: calls 15
dziugas88: raises 45 to 75
Mahu2021: folds 
Uncalled bet (45) returned to dziugas88
dziugas88 collected 60 from pot
dziugas88: doesn't show hand 
*** SUMMARY ***
Total pot 60 | Rake 0 
Seat 1: dziugas88 (big blind) collected (60)
Seat 3: Mahu2021 (button) (small blind) folded before Flop



PokerStars Hand #253159717895: Tournament #3817812827, $1.84+$0.16 USD Hold'em No Limit - Level II (15/30) - 2024/10/29 18:46:53 CET [2024/10/29 13:46:53 ET]
Table '3817812827 1' 3-max Seat #1 is the button
Seat 1: dziugas88 (1105 in chips) 
Seat 3: Mahu2021 (395 in chips) 
dziugas88: posts small blind 15
Mahu2021: posts big blind 30
*** HOLE CARDS ***
Dealt to Mahu2021 [Ad Ah]
dziugas88: calls 15
Mahu2021: raises 90 to 120
dziugas88: folds 
Uncalled bet (90) returned to Mahu2021
Mahu2021 collected 60 from pot
Mahu2021: doesn't show hand 
*** SUMMARY ***
Total pot 60 | Rake 0 
Seat 1: dziugas88 (button) (small blind) folded before Flop
Seat 3: Mahu2021 (big blind) collected (60)



PokerStars Hand #253159720318: Tournament #3817812827, $1.84+$0.16 USD Hold'em No Limit - Level II (15/30) - 2024/10/29 18:47:03 CET [2024/10/29 13:47:03 ET]
Table '3817812827 1' 3-max Seat #3 is the button
Seat 1: dziugas88 (1075 in chips) 
Seat 3: Mahu2021 (425 in chips) 
Mahu2021: posts small blind 15
dziugas88: posts big blind 30
*** HOLE CARDS ***
Dealt to Mahu2021 [5s 2h]
Mahu2021: folds 
Uncalled bet (15) returned to dziugas88
dziugas88 collected 30 from pot
dziugas88: doesn't show hand 
*** SUMMARY ***
Total pot 30 | Rake 0 
Seat 1: dziugas88 (big blind) collected (30)
Seat 3: Mahu2021 (button) (small blind) folded before Flop



PokerStars Hand #253159721511: Tournament #3817812827, $1.84+$0.16 USD Hold'em No Limit - Level II (15/30) - 2024/10/29 18:47:07 CET [2024/10/29 13:47:07 ET]
Table '3817812827 1' 3-max Seat #1 is the button
Seat 1: dziugas88 (1090 in chips) 
Seat 3: Mahu2021 (410 in chips) 
dziugas88: posts small blind 15
Mahu2021: posts big blind 30
*** HOLE CARDS ***
Dealt to Mahu2021 [8d As]
dziugas88: calls 15
Mahu2021: raises 380 to 410 and is all-in
dziugas88: folds 
Uncalled bet (380) returned to Mahu2021
Mahu2021 collected 60 from pot
Mahu2021: doesn't show hand 
*** SUMMARY ***
Total pot 60 | Rake 0 
Seat 1: dziugas88 (button) (small blind) folded before Flop
Seat 3: Mahu2021 (big blind) collected (60)



PokerStars Hand #253159723233: Tournament #3817812827, $1.84+$0.16 USD Hold'em No Limit - Level II (15/30) - 2024/10/29 18:47:14 CET [2024/10/29 13:47:14 ET]
Table '3817812827 1' 3-max Seat #3 is the button
Seat 1: dziugas88 (1060 in chips) 
Seat 3: Mahu2021 (440 in chips) 
Mahu2021: posts small blind 15
dziugas88: posts big blind 30
*** HOLE CARDS ***
Dealt to Mahu2021 [6c Qs]
Mahu2021: calls 15
dziugas88: checks 
*** FLOP *** [2c 6s 5d]
dziugas88: checks 
Mahu2021: bets 30
dziugas88: calls 30
*** TURN *** [2c 6s 5d] [Ad]
dziugas88: checks 
Mahu2021: bets 30
dziugas88: calls 30
*** RIVER *** [2c 6s 5d Ad] [Jh]
dziugas88: checks 
Mahu2021: checks 
*** SHOW DOWN ***
dziugas88: shows [9h 4s] (high card Ace)
Mahu2021: shows [6c Qs] (a pair of Sixes)
Mahu2021 collected 180 from pot
*** SUMMARY ***
Total pot 180 | Rake 0 
Board [2c 6s 5d Ad Jh]
Seat 1: dziugas88 (big blind) showed [9h 4s] and lost with high card Ace
Seat 3: Mahu2021 (button) (small blind) showed [6c Qs] and won (180) with a pair of Sixes



PokerStars Hand #253159727153: Tournament #3817812827, $1.84+$0.16 USD Hold'em No Limit - Level II (15/30) - 2024/10/29 18:47:30 CET [2024/10/29 13:47:30 ET]
Table '3817812827 1' 3-max Seat #1 is the button
Seat 1: dziugas88 (970 in chips) 
Seat 3: Mahu2021 (530 in chips) 
dziugas88: posts small blind 15
Mahu2021: posts big blind 30
*** HOLE CARDS ***
Dealt to Mahu2021 [3s Kc]
dziugas88: calls 15
Mahu2021: checks 
*** FLOP *** [Ts 4s Qd]
Mahu2021: checks 
dziugas88: checks 
*** TURN *** [Ts 4s Qd] [8h]
Mahu2021: checks 
dziugas88: checks 
*** RIVER *** [Ts 4s Qd 8h] [5c]
Mahu2021: checks 
dziugas88: checks 
*** SHOW DOWN ***
Mahu2021: shows [3s Kc] (high card King)
dziugas88: shows [2c 2h] (a pair of Deuces)
dziugas88 collected 60 from pot
*** SUMMARY ***
Total pot 60 | Rake 0 
Board [Ts 4s Qd 8h 5c]
Seat 1: dziugas88 (button) (small blind) showed [2c 2h] and won (60) with a pair of Deuces
Seat 3: Mahu2021 (big blind) showed [3s Kc] and lost with high card King



PokerStars Hand #253159730239: Tournament #3817812827, $1.84+$0.16 USD Hold'em No Limit - Level II (15/30) - 2024/10/29 18:47:43 CET [2024/10/29 13:47:43 ET]
Table '3817812827 1' 3-max Seat #3 is the button
Seat 1: dziugas88 (1000 in chips) 
Seat 3: Mahu2021 (500 in chips) 
Mahu2021: posts small blind 15
dziugas88: posts big blind 30
*** HOLE CARDS ***
Dealt to Mahu2021 [Th Jd]
Mahu2021: raises 30 to 60
dziugas88: raises 940 to 1000 and is all-in
Mahu2021: folds 
Uncalled bet (940) returned to dziugas88
dziugas88 collected 120 from pot
dziugas88: doesn't show hand 
*** SUMMARY ***
Total pot 120 | Rake 0 
Seat 1: dziugas88 (big blind) collected (120)
Seat 3: Mahu2021 (button) (small blind) folded before Flop



PokerStars Hand #253159732622: Tournament #3817812827, $1.84+$0.16 USD Hold'em No Limit - Level II (15/30) - 2024/10/29 18:47:52 CET [2024/10/29 13:47:52 ET]
Table '3817812827 1' 3-max Seat #1 is the button
Seat 1: dziugas88 (1060 in chips) 
Seat 3: Mahu2021 (440 in chips) 
dziugas88: posts small blind 15
Mahu2021: posts big blind 30
*** HOLE CARDS ***
Dealt to Mahu2021 [4h Kd]
dziugas88: calls 15
Mahu2021: checks 
*** FLOP *** [4s 9c Ts]
Mahu2021: bets 30
dziugas88: calls 30
*** TURN *** [4s 9c Ts] [6s]
Mahu2021: checks 
dziugas88: checks 
*** RIVER *** [4s 9c Ts 6s] [2d]
Mahu2021: checks 
dziugas88: checks 
*** SHOW DOWN ***
Mahu2021: shows [4h Kd] (a pair of Fours)
dziugas88: mucks hand 
Mahu2021 collected 120 from pot
*** SUMMARY ***
Total pot 120 | Rake 0 
Board [4s 9c Ts 6s 2d]
Seat 1: dziugas88 (button) (small blind) mucked [4d 3d]
Seat 3: Mahu2021 (big blind) showed [4h Kd] and won (120) with a pair of Fours



PokerStars Hand #253159735771: Tournament #3817812827, $1.84+$0.16 USD Hold'em No Limit - Level II (15/30) - 2024/10/29 18:48:05 CET [2024/10/29 13:48:05 ET]
Table '3817812827 1' 3-max Seat #3 is the button
Seat 1: dziugas88 (1000 in chips) 
Seat 3: Mahu2021 (500 in chips) 
Mahu2021: posts small blind 15
dziugas88: posts big blind 30
*** HOLE CARDS ***
Dealt to Mahu2021 [4s 5s]
Mahu2021: raises 30 to 60
dziugas88: calls 30
*** FLOP *** [6s Kc 9c]
dziugas88: checks 
Mahu2021: checks 
*** TURN *** [6s Kc 9c] [2h]
dziugas88: bets 60
Mahu2021: folds 
Uncalled bet (60) returned to dziugas88
dziugas88 collected 120 from pot
dziugas88: doesn't show hand 
*** SUMMARY ***
Total pot 120 | Rake 0 
Board [6s Kc 9c 2h]
Seat 1: dziugas88 (big blind) collected (120)
Seat 3: Mahu2021 (button) (small blind) folded on the Turn



PokerStars Hand #253159738967: Tournament #3817812827, $1.84+$0.16 USD Hold'em No Limit - Level II (15/30) - 2024/10/29 18:48:18 CET [2024/10/29 13:48:18 ET]
Table '3817812827 1' 3-max Seat #1 is the button
Seat 1: dziugas88 (1060 in chips) 
Seat 3: Mahu2021 (440 in chips) 
dziugas88: posts small blind 15
Mahu2021: posts big blind 30
*** HOLE CARDS ***
Dealt to Mahu2021 [Jh Js]
dziugas88: calls 15
Mahu2021: raises 90 to 120
dziugas88: folds 
Uncalled bet (90) returned to Mahu2021
Mahu2021 collected 60 from pot
Mahu2021: doesn't show hand 
*** SUMMARY ***
Total pot 60 | Rake 0 
Seat 1: dziugas88 (button) (small blind) folded before Flop
Seat 3: Mahu2021 (big blind) collected (60)



PokerStars Hand #253159740753: Tournament #3817812827, $1.84+$0.16 USD Hold'em No Limit - Level II (15/30) - 2024/10/29 18:48:25 CET [2024/10/29 13:48:25 ET]
Table '3817812827 1' 3-max Seat #3 is the button
Seat 1: dziugas88 (1030 in chips) 
Seat 3: Mahu2021 (470 in chips) 
Mahu2021: posts small blind 15
dziugas88: posts big blind 30
*** HOLE CARDS ***
Dealt to Mahu2021 [2c Tc]
Mahu2021: folds 
Uncalled bet (15) returned to dziugas88
dziugas88 collected 30 from pot
dziugas88: doesn't show hand 
*** SUMMARY ***
Total pot 30 | Rake 0 
Seat 1: dziugas88 (big blind) collected (30)
Seat 3: Mahu2021 (button) (small blind) folded before Flop



PokerStars Hand #253159741956: Tournament #3817812827, $1.84+$0.16 USD Hold'em No Limit - Level II (15/30) - 2024/10/29 18:48:30 CET [2024/10/29 13:48:30 ET]
Table '3817812827 1' 3-max Seat #1 is the button
Seat 1: dziugas88 (1045 in chips) 
Seat 3: Mahu2021 (455 in chips) 
dziugas88: posts small blind 15
Mahu2021: posts big blind 30
*** HOLE CARDS ***
Dealt to Mahu2021 [4s Qd]
dziugas88: calls 15
Mahu2021: checks 
*** FLOP *** [6c 4d 7c]
Mahu2021: bets 30
dziugas88: calls 30
*** TURN *** [6c 4d 7c] [6s]
Mahu2021: checks 
dziugas88: checks 
*** RIVER *** [6c 4d 7c 6s] [6d]
Mahu2021: bets 120
dziugas88: folds 
Uncalled bet (120) returned to Mahu2021
Mahu2021 collected 120 from pot
Mahu2021: doesn't show hand 
*** SUMMARY ***
Total pot 120 | Rake 0 
Board [6c 4d 7c 6s 6d]
Seat 1: dziugas88 (button) (small blind) folded on the River
Seat 3: Mahu2021 (big blind) collected (120)



PokerStars Hand #253159746327: Tournament #3817812827, $1.84+$0.16 USD Hold'em No Limit - Level III (20/40) - 2024/10/29 18:48:47 CET [2024/10/29 13:48:47 ET]
Table '3817812827 1' 3-max Seat #3 is the button
Seat 1: dziugas88 (985 in chips) 
Seat 3: Mahu2021 (515 in chips) 
Mahu2021: posts small blind 20
dziugas88: posts big blind 40
*** HOLE CARDS ***
Dealt to Mahu2021 [3d Kc]
Mahu2021: raises 40 to 80
dziugas88: calls 40
*** FLOP *** [8d 9c Th]
dziugas88: checks 
Mahu2021: checks 
*** TURN *** [8d 9c Th] [8h]
dziugas88: checks 
Mahu2021: checks 
*** RIVER *** [8d 9c Th 8h] [9d]
dziugas88: checks 
Mahu2021: checks 
*** SHOW DOWN ***
dziugas88: shows [Kd 7d] (two pair, Nines and Eights)
Mahu2021: shows [3d Kc] (two pair, Nines and Eights)
dziugas88 collected 80 from pot
Mahu2021 collected 80 from pot
*** SUMMARY ***
Total pot 160 | Rake 0 
Board [8d 9c Th 8h 9d]
Seat 1: dziugas88 (big blind) showed [Kd 7d] and won (80) with two pair, Nines and Eights
Seat 3: Mahu2021 (button) (small blind) showed [3d Kc] and won (80) with two pair, Nines and Eights



PokerStars Hand #253159749292: Tournament #3817812827, $1.84+$0.16 USD Hold'em No Limit - Level III (20/40) - 2024/10/29 18:48:59 CET [2024/10/29 13:48:59 ET]
Table '3817812827 1' 3-max Seat #1 is the button
Seat 1: dziugas88 (985 in chips) 
Seat 3: Mahu2021 (515 in chips) 
dziugas88: posts small blind 20
Mahu2021: posts big blind 40
*** HOLE CARDS ***
Dealt to Mahu2021 [3c 6s]
dziugas88: calls 20
Mahu2021: checks 
*** FLOP *** [2s 7h Qd]
Mahu2021: checks 
dziugas88: checks 
*** TURN *** [2s 7h Qd] [3s]
Mahu2021: checks 
dziugas88: checks 
*** RIVER *** [2s 7h Qd 3s] [6d]
Mahu2021: checks 
dziugas88: checks 
*** SHOW DOWN ***
Mahu2021: shows [3c 6s] (two pair, Sixes and Threes)
dziugas88: mucks hand 
Mahu2021 collected 80 from pot
*** SUMMARY ***
Total pot 80 | Rake 0 
Board [2s 7h Qd 3s 6d]
Seat 1: dziugas88 (button) (small blind) mucked [2h 9h]
Seat 3: Mahu2021 (big blind) showed [3c 6s] and won (80) with two pair, Sixes and Threes



PokerStars Hand #253159752213: Tournament #3817812827, $1.84+$0.16 USD Hold'em No Limit - Level III (20/40) - 2024/10/29 18:49:12 CET [2024/10/29 13:49:12 ET]
Table '3817812827 1' 3-max Seat #3 is the button
Seat 1: dziugas88 (945 in chips) 
Seat 3: Mahu2021 (555 in chips) 
Mahu2021: posts small blind 20
dziugas88: posts big blind 40
*** HOLE CARDS ***
Dealt to Mahu2021 [Qd Ts]
Mahu2021: raises 40 to 80
dziugas88: calls 40
*** FLOP *** [2d 5d 3h]
dziugas88: checks 
Mahu2021: checks 
*** TURN *** [2d 5d 3h] [2s]
dziugas88: bets 80
Mahu2021: folds 
Uncalled bet (80) returned to dziugas88
dziugas88 collected 160 from pot
dziugas88: doesn't show hand 
*** SUMMARY ***
Total pot 160 | Rake 0 
Board [2d 5d 3h 2s]
Seat 1: dziugas88 (big blind) collected (160)
Seat 3: Mahu2021 (button) (small blind) folded on the Turn



PokerStars Hand #253159755468: Tournament #3817812827, $1.84+$0.16 USD Hold'em No Limit - Level III (20/40) - 2024/10/29 18:49:25 CET [2024/10/29 13:49:25 ET]
Table '3817812827 1' 3-max Seat #1 is the button
Seat 1: dziugas88 (1025 in chips) 
Seat 3: Mahu2021 (475 in chips) 
dziugas88: posts small blind 20
Mahu2021: posts big blind 40
*** HOLE CARDS ***
Dealt to Mahu2021 [Ac Qd]
dziugas88: raises 985 to 1025 and is all-in
Mahu2021: calls 435 and is all-in
Uncalled bet (550) returned to dziugas88
*** FLOP *** [3c Kd Tc]
*** TURN *** [3c Kd Tc] [3s]
*** RIVER *** [3c Kd Tc 3s] [6h]
*** SHOW DOWN ***
Mahu2021: shows [Ac Qd] (a pair of Threes)
dziugas88: shows [7d Ah] (a pair of Threes - lower kicker)
Mahu2021 collected 950 from pot
*** SUMMARY ***
Total pot 950 | Rake 0 
Board [3c Kd Tc 3s 6h]
Seat 1: dziugas88 (button) (small blind) showed [7d Ah] and lost with a pair of Threes
Seat 3: Mahu2021 (big blind) showed [Ac Qd] and won (950) with a pair of Threes



PokerStars Hand #253159758826: Tournament #3817812827, $1.84+$0.16 USD Hold'em No Limit - Level III (20/40) - 2024/10/29 18:49:38 CET [2024/10/29 13:49:38 ET]
Table '3817812827 1' 3-max Seat #3 is the button
Seat 1: dziugas88 (550 in chips) 
Seat 3: Mahu2021 (950 in chips) 
Mahu2021: posts small blind 20
dziugas88: posts big blind 40
*** HOLE CARDS ***
Dealt to Mahu2021 [Ks 4h]
Mahu2021: raises 40 to 80
dziugas88: folds 
Uncalled bet (40) returned to Mahu2021
Mahu2021 collected 80 from pot
Mahu2021: doesn't show hand 
*** SUMMARY ***
Total pot 80 | Rake 0 
Seat 1: dziugas88 (big blind) folded before Flop
Seat 3: Mahu2021 (button) (small blind) collected (80)



PokerStars Hand #253159760730: Tournament #3817812827, $1.84+$0.16 USD Hold'em No Limit - Level III (20/40) - 2024/10/29 18:49:45 CET [2024/10/29 13:49:45 ET]
Table '3817812827 1' 3-max Seat #1 is the button
Seat 1: dziugas88 (510 in chips) 
Seat 3: Mahu2021 (990 in chips) 
dziugas88: posts small blind 20
Mahu2021: posts big blind 40
*** HOLE CARDS ***
Dealt to Mahu2021 [8s 3d]
dziugas88: calls 20
Mahu2021: checks 
*** FLOP *** [Ad 9d Ah]
Mahu2021: checks 
dziugas88: checks 
*** TURN *** [Ad 9d Ah] [6h]
Mahu2021: bets 40
dziugas88: folds 
Uncalled bet (40) returned to Mahu2021
Mahu2021 collected 80 from pot
Mahu2021: doesn't show hand 
*** SUMMARY ***
Total pot 80 | Rake 0 
Board [Ad 9d Ah 6h]
Seat 1: dziugas88 (button) (small blind) folded on the Turn
Seat 3: Mahu2021 (big blind) collected (80)



PokerStars Hand #253159763040: Tournament #3817812827, $1.84+$0.16 USD Hold'em No Limit - Level III (20/40) - 2024/10/29 18:49:55 CET [2024/10/29 13:49:55 ET]
Table '3817812827 1' 3-max Seat #3 is the button
Seat 1: dziugas88 (470 in chips) 
Seat 3: Mahu2021 (1030 in chips) 
Mahu2021: posts small blind 20
dziugas88: posts big blind 40
*** HOLE CARDS ***
Dealt to Mahu2021 [8h Jh]
Mahu2021: raises 40 to 80
dziugas88: calls 40
*** FLOP *** [Th 7h 6c]
dziugas88: checks 
Mahu2021: checks 
*** TURN *** [Th 7h 6c] [4c]
dziugas88: bets 40
Mahu2021: calls 40
*** RIVER *** [Th 7h 6c 4c] [Kc]
dziugas88: checks 
Mahu2021: bets 120
dziugas88: folds 
Uncalled bet (120) returned to Mahu2021
Mahu2021 collected 240 from pot
Mahu2021: doesn't show hand 
*** SUMMARY ***
Total pot 240 | Rake 0 
Board [Th 7h 6c 4c Kc]
Seat 1: dziugas88 (big blind) folded on the River
Seat 3: Mahu2021 (button) (small blind) collected (240)



PokerStars Hand #253159767127: Tournament #3817812827, $1.84+$0.16 USD Hold'em No Limit - Level III (20/40) - 2024/10/29 18:50:12 CET [2024/10/29 13:50:12 ET]
Table '3817812827 1' 3-max Seat #1 is the button
Seat 1: dziugas88 (350 in chips) 
Seat 3: Mahu2021 (1150 in chips) 
dziugas88: posts small blind 20
Mahu2021: posts big blind 40
*** HOLE CARDS ***
Dealt to Mahu2021 [6d Js]
dziugas88: calls 20
Mahu2021: checks 
*** FLOP *** [5s 7s 3s]
Mahu2021: checks 
dziugas88: bets 40
Mahu2021: calls 40
*** TURN *** [5s 7s 3s] [Qc]
Mahu2021: checks 
dziugas88: bets 142
Mahu2021: folds 
Uncalled bet (142) returned to dziugas88
dziugas88 collected 160 from pot
dziugas88: doesn't show hand 
*** SUMMARY ***
Total pot 160 | Rake 0 
Board [5s 7s 3s Qc]
Seat 1: dziugas88 (button) (small blind) collected (160)
Seat 3: Mahu2021 (big blind) folded on the Turn



PokerStars Hand #253159770426: Tournament #3817812827, $1.84+$0.16 USD Hold'em No Limit - Level III (20/40) - 2024/10/29 18:50:25 CET [2024/10/29 13:50:25 ET]
Table '3817812827 1' 3-max Seat #3 is the button
Seat 1: dziugas88 (430 in chips) 
Seat 3: Mahu2021 (1070 in chips) 
Mahu2021: posts small blind 20
dziugas88: posts big blind 40
*** HOLE CARDS ***
Dealt to Mahu2021 [Qs Qh]
Mahu2021: raises 1030 to 1070 and is all-in
dziugas88: folds 
Uncalled bet (1030) returned to Mahu2021
Mahu2021 collected 80 from pot
Mahu2021: doesn't show hand 
*** SUMMARY ***
Total pot 80 | Rake 0 
Seat 1: dziugas88 (big blind) folded before Flop
Seat 3: Mahu2021 (button) (small blind) collected (80)



PokerStars Hand #253159772078: Tournament #3817812827, $1.84+$0.16 USD Hold'em No Limit - Level III (20/40) - 2024/10/29 18:50:32 CET [2024/10/29 13:50:32 ET]
Table '3817812827 1' 3-max Seat #1 is the button
Seat 1: dziugas88 (390 in chips) 
Seat 3: Mahu2021 (1110 in chips) 
dziugas88: posts small blind 20
Mahu2021: posts big blind 40
*** HOLE CARDS ***
Dealt to Mahu2021 [Ad 3c]
dziugas88: raises 350 to 390 and is all-in
Mahu2021: folds 
Uncalled bet (350) returned to dziugas88
dziugas88 collected 80 from pot
dziugas88: doesn't show hand 
*** SUMMARY ***
Total pot 80 | Rake 0 
Seat 1: dziugas88 (button) (small blind) collected (80)
Seat 3: Mahu2021 (big blind) folded before Flop



PokerStars Hand #253159774573: Tournament #3817812827, $1.84+$0.16 USD Hold'em No Limit - Level IV (30/60) - 2024/10/29 18:50:42 CET [2024/10/29 13:50:42 ET]
Table '3817812827 1' 3-max Seat #3 is the button
Seat 1: dziugas88 (430 in chips) 
Seat 3: Mahu2021 (1070 in chips) 
Mahu2021: posts small blind 30
dziugas88: posts big blind 60
*** HOLE CARDS ***
Dealt to Mahu2021 [Td 4h]
Mahu2021: folds 
Uncalled bet (30) returned to dziugas88
dziugas88 collected 60 from pot
dziugas88: doesn't show hand 
*** SUMMARY ***
Total pot 60 | Rake 0 
Seat 1: dziugas88 (big blind) collected (60)
Seat 3: Mahu2021 (button) (small blind) folded before Flop



PokerStars Hand #253159775665: Tournament #3817812827, $1.84+$0.16 USD Hold'em No Limit - Level IV (30/60) - 2024/10/29 18:50:46 CET [2024/10/29 13:50:46 ET]
Table '3817812827 1' 3-max Seat #1 is the button
Seat 1: dziugas88 (460 in chips) 
Seat 3: Mahu2021 (1040 in chips) 
dziugas88: posts small blind 30
Mahu2021: posts big blind 60
*** HOLE CARDS ***
Dealt to Mahu2021 [Kh 5s]
dziugas88: raises 400 to 460 and is all-in
Mahu2021: folds 
Uncalled bet (400) returned to dziugas88
dziugas88 collected 120 from pot
dziugas88: doesn't show hand 
*** SUMMARY ***
Total pot 120 | Rake 0 
Seat 1: dziugas88 (button) (small blind) collected (120)
Seat 3: Mahu2021 (big blind) folded before Flop



PokerStars Hand #253159777251: Tournament #3817812827, $1.84+$0.16 USD Hold'em No Limit - Level IV (30/60) - 2024/10/29 18:50:53 CET [2024/10/29 13:50:53 ET]
Table '3817812827 1' 3-max Seat #3 is the button
Seat 1: dziugas88 (520 in chips) 
Seat 3: Mahu2021 (980 in chips) 
Mahu2021: posts small blind 30
dziugas88: posts big blind 60
*** HOLE CARDS ***
Dealt to Mahu2021 [8c 7c]
Mahu2021: calls 30
dziugas88: raises 460 to 520 and is all-in
Mahu2021: folds 
Uncalled bet (460) returned to dziugas88
dziugas88 collected 120 from pot
dziugas88: doesn't show hand 
*** SUMMARY ***
Total pot 120 | Rake 0 
Seat 1: dziugas88 (big blind) collected (120)
Seat 3: Mahu2021 (button) (small blind) folded before Flop



PokerStars Hand #253159778895: Tournament #3817812827, $1.84+$0.16 USD Hold'em No Limit - Level IV (30/60) - 2024/10/29 18:50:59 CET [2024/10/29 13:50:59 ET]
Table '3817812827 1' 3-max Seat #1 is the button
Seat 1: dziugas88 (580 in chips) 
Seat 3: Mahu2021 (920 in chips) 
dziugas88: posts small blind 30
Mahu2021: posts big blind 60
*** HOLE CARDS ***
Dealt to Mahu2021 [4d As]
dziugas88: calls 30
Mahu2021: raises 860 to 920 and is all-in
dziugas88: folds 
Uncalled bet (860) returned to Mahu2021
Mahu2021 collected 120 from pot
Mahu2021: doesn't show hand 
*** SUMMARY ***
Total pot 120 | Rake 0 
Seat 1: dziugas88 (button) (small blind) folded before Flop
Seat 3: Mahu2021 (big blind) collected (120)



PokerStars Hand #253159780592: Tournament #3817812827, $1.84+$0.16 USD Hold'em No Limit - Level IV (30/60) - 2024/10/29 18:51:06 CET [2024/10/29 13:51:06 ET]
Table '3817812827 1' 3-max Seat #3 is the button
Seat 1: dziugas88 (520 in chips) 
Seat 3: Mahu2021 (980 in chips) 
Mahu2021: posts small blind 30
dziugas88: posts big blind 60
*** HOLE CARDS ***
Dealt to Mahu2021 [Ks 7c]
Mahu2021: raises 60 to 120
dziugas88: folds 
Uncalled bet (60) returned to Mahu2021
Mahu2021 collected 120 from pot
Mahu2021: doesn't show hand 
*** SUMMARY ***
Total pot 120 | Rake 0 
Seat 1: dziugas88 (big blind) folded before Flop
Seat 3: Mahu2021 (button) (small blind) collected (120)



PokerStars Hand #253159781921: Tournament #3817812827, $1.84+$0.16 USD Hold'em No Limit - Level IV (30/60) - 2024/10/29 18:51:11 CET [2024/10/29 13:51:11 ET]
Table '3817812827 1' 3-max Seat #1 is the button
Seat 1: dziugas88 (460 in chips) 
Seat 3: Mahu2021 (1040 in chips) 
dziugas88: posts small blind 30
Mahu2021: posts big blind 60
*** HOLE CARDS ***
Dealt to Mahu2021 [As 7d]
dziugas88: raises 400 to 460 and is all-in
Mahu2021: calls 400
*** FLOP *** [Qh 8h 6d]
*** TURN *** [Qh 8h 6d] [Qc]
*** RIVER *** [Qh 8h 6d Qc] [2h]
*** SHOW DOWN ***
Mahu2021: shows [As 7d] (a pair of Queens)
dziugas88: shows [Ks Ac] (a pair of Queens - Ace+King kicker)
dziugas88 collected 920 from pot
*** SUMMARY ***
Total pot 920 | Rake 0 
Board [Qh 8h 6d Qc 2h]
Seat 1: dziugas88 (button) (small blind) showed [Ks Ac] and won (920) with a pair of Queens
Seat 3: Mahu2021 (big blind) showed [As 7d] and lost with a pair of Queens



PokerStars Hand #253159784857: Tournament #3817812827, $1.84+$0.16 USD Hold'em No Limit - Level IV (30/60) - 2024/10/29 18:51:23 CET [2024/10/29 13:51:23 ET]
Table '3817812827 1' 3-max Seat #3 is the button
Seat 1: dziugas88 (920 in chips) 
Seat 3: Mahu2021 (580 in chips) 
Mahu2021: posts small blind 30
dziugas88: posts big blind 60
*** HOLE CARDS ***
Dealt to Mahu2021 [Kd Jh]
Mahu2021: raises 60 to 120
dziugas88: folds 
Uncalled bet (60) returned to Mahu2021
Mahu2021 collected 120 from pot
Mahu2021: doesn't show hand 
*** SUMMARY ***
Total pot 120 | Rake 0 
Seat 1: dziugas88 (big blind) folded before Flop
Seat 3: Mahu2021 (button) (small blind) collected (120)



PokerStars Hand #253159786549: Tournament #3817812827, $1.84+$0.16 USD Hold'em No Limit - Level IV (30/60) - 2024/10/29 18:51:31 CET [2024/10/29 13:51:31 ET]
Table '3817812827 1' 3-max Seat #1 is the button
Seat 1: dziugas88 (860 in chips) 
Seat 3: Mahu2021 (640 in chips) 
dziugas88: posts small blind 30
Mahu2021: posts big blind 60
*** HOLE CARDS ***
Dealt to Mahu2021 [Ks Qs]
dziugas88: folds 
Uncalled bet (30) returned to Mahu2021
Mahu2021 collected 60 from pot
Mahu2021: doesn't show hand 
*** SUMMARY ***
Total pot 60 | Rake 0 
Seat 1: dziugas88 (button) (small blind) folded before Flop
Seat 3: Mahu2021 (big blind) collected (60)



PokerStars Hand #253159787552: Tournament #3817812827, $1.84+$0.16 USD Hold'em No Limit - Level IV (30/60) - 2024/10/29 18:51:34 CET [2024/10/29 13:51:34 ET]
Table '3817812827 1' 3-max Seat #3 is the button
Seat 1: dziugas88 (830 in chips) 
Seat 3: Mahu2021 (670 in chips) 
Mahu2021: posts small blind 30
dziugas88: posts big blind 60
*** HOLE CARDS ***
Dealt to Mahu2021 [As 6h]
Mahu2021: raises 60 to 120
dziugas88: calls 60
*** FLOP *** [7d 2h 9c]
dziugas88: checks 
Mahu2021: checks 
*** TURN *** [7d 2h 9c] [Js]
dziugas88: bets 120
Mahu2021: folds 
Uncalled bet (120) returned to dziugas88
dziugas88 collected 240 from pot
dziugas88: doesn't show hand 
*** SUMMARY ***
Total pot 240 | Rake 0 
Board [7d 2h 9c Js]
Seat 1: dziugas88 (big blind) collected (240)
Seat 3: Mahu2021 (button) (small blind) folded on the Turn



PokerStars Hand #253159790319: Tournament #3817812827, $1.84+$0.16 USD Hold'em No Limit - Level IV (30/60) - 2024/10/29 18:51:46 CET [2024/10/29 13:51:46 ET]
Table '3817812827 1' 3-max Seat #1 is the button
Seat 1: dziugas88 (950 in chips) 
Seat 3: Mahu2021 (550 in chips) 
dziugas88: posts small blind 30
Mahu2021: posts big blind 60
*** HOLE CARDS ***
Dealt to Mahu2021 [9d 2d]
dziugas88: calls 30
Mahu2021: checks 
*** FLOP *** [6c Tc Qd]
Mahu2021: checks 
dziugas88: checks 
*** TURN *** [6c Tc Qd] [Ah]
Mahu2021: checks 
dziugas88: bets 60
Mahu2021: folds 
Uncalled bet (60) returned to dziugas88
dziugas88 collected 120 from pot
dziugas88: doesn't show hand 
*** SUMMARY ***
Total pot 120 | Rake 0 
Board [6c Tc Qd Ah]
Seat 1: dziugas88 (button) (small blind) collected (120)
Seat 3: Mahu2021 (big blind) folded on the Turn



PokerStars Hand #253159792884: Tournament #3817812827, $1.84+$0.16 USD Hold'em No Limit - Level IV (30/60) - 2024/10/29 18:51:56 CET [2024/10/29 13:51:56 ET]
Table '3817812827 1' 3-max Seat #3 is the button
Seat 1: dziugas88 (1010 in chips) 
Seat 3: Mahu2021 (490 in chips) 
Mahu2021: posts small blind 30
dziugas88: posts big blind 60
*** HOLE CARDS ***
Dealt to Mahu2021 [Ac Kc]
Mahu2021: raises 60 to 120
dziugas88: folds 
Uncalled bet (60) returned to Mahu2021
Mahu2021 collected 120 from pot
Mahu2021: doesn't show hand 
*** SUMMARY ***
Total pot 120 | Rake 0 
Seat 1: dziugas88 (big blind) folded before Flop
Seat 3: Mahu2021 (button) (small blind) collected (120)



PokerStars Hand #253159794259: Tournament #3817812827, $1.84+$0.16 USD Hold'em No Limit - Level IV (30/60) - 2024/10/29 18:52:02 CET [2024/10/29 13:52:02 ET]
Table '3817812827 1' 3-max Seat #1 is the button
Seat 1: dziugas88 (950 in chips) 
Seat 3: Mahu2021 (550 in chips) 
dziugas88: posts small blind 30
Mahu2021: posts big blind 60
*** HOLE CARDS ***
Dealt to Mahu2021 [5c 5h]
dziugas88: raises 60 to 120
Mahu2021: raises 430 to 550 and is all-in
dziugas88: calls 430
*** FLOP *** [Ks 2d 7d]
*** TURN *** [Ks 2d 7d] [4c]
*** RIVER *** [Ks 2d 7d 4c] [6c]
*** SHOW DOWN ***
Mahu2021: shows [5c 5h] (a pair of Fives)
dziugas88: shows [Js Jd] (a pair of Jacks)
dziugas88 collected 1100 from pot
Mahu2021 finished the tournament in 2nd place
dziugas88 wins the tournament and receives $4.00 - congratulations!
*** SUMMARY ***
Total pot 1100 | Rake 0 
Board [Ks 2d 7d 4c 6c]
Seat 1: dziugas88 (button) (small blind) showed [Js Jd] and won (1100) with a pair of Jacks
Seat 3: Mahu2021 (big blind) showed [5c 5h] and lost with a pair of Fives



