PokerStars Hand #244478852193: Tournament #3609230133, $0.92+$0.08 USD Hold'em No Limit - Level I (10/20) - 2023/06/26 20:04:16 CET [2023/06/26 14:04:16 ET]
Table '3609230133 1' 3-max Seat #1 is the button
Seat 1: Mahu2021 (500 in chips) 
Seat 2: nastabeto (500 in chips) 
Seat 3: Imbastrol (500 in chips) 
nastabeto: posts small blind 10
Imbastrol: posts big blind 20
*** HOLE CARDS ***
Dealt to Mahu2021 [4s 8c]
Mahu2021: folds 
nastabeto: raises 20 to 40
Imbastrol: folds 
Uncalled bet (20) returned to nastabeto
nastabeto collected 40 from pot
nastabeto: doesn't show hand 
*** SUMMARY ***
Total pot 40 | Rake 0 
Seat 1: Mahu2021 (button) folded before Flop (didn't bet)
Seat 2: nastabeto (small blind) collected (40)
Seat 3: Imbastrol (big blind) folded before Flop



PokerStars Hand #244478855006: Tournament #3609230133, $0.92+$0.08 USD Hold'em No Limit - Level I (10/20) - 2023/06/26 20:04:25 CET [2023/06/26 14:04:25 ET]
Table '3609230133 1' 3-max Seat #2 is the button
Seat 1: Mahu2021 (500 in chips) 
Seat 2: nastabeto (520 in chips) 
Seat 3: Imbastrol (480 in chips) 
Imbastrol: posts small blind 10
Mahu2021: posts big blind 20
*** HOLE CARDS ***
Dealt to Mahu2021 [Kc Jh]
nastabeto: folds 
Imbastrol: folds 
Uncalled bet (10) returned to Mahu2021
Mahu2021 collected 20 from pot
Mahu2021: doesn't show hand 
*** SUMMARY ***
Total pot 20 | Rake 0 
Seat 1: Mahu2021 (big blind) collected (20)
Seat 2: nastabeto (button) folded before Flop (didn't bet)
Seat 3: Imbastrol (small blind) folded before Flop



PokerStars Hand #244478858174: Tournament #3609230133, $0.92+$0.08 USD Hold'em No Limit - Level I (10/20) - 2023/06/26 20:04:35 CET [2023/06/26 14:04:35 ET]
Table '3609230133 1' 3-max Seat #3 is the button
Seat 1: Mahu2021 (510 in chips) 
Seat 2: nastabeto (520 in chips) 
Seat 3: Imbastrol (470 in chips) 
Mahu2021: posts small blind 10
nastabeto: posts big blind 20
*** HOLE CARDS ***
Dealt to Mahu2021 [Qc 9s]
Imbastrol: folds 
Mahu2021: calls 10
nastabeto: checks 
*** FLOP *** [6c Ks Th]
Mahu2021: checks 
nastabeto: bets 20
Mahu2021: calls 20
*** TURN *** [6c Ks Th] [Jd]
Mahu2021: checks 
nastabeto: checks 
*** RIVER *** [6c Ks Th Jd] [Qh]
Mahu2021: checks 
nastabeto: checks 
*** SHOW DOWN ***
Mahu2021: shows [Qc 9s] (a straight, Nine to King)
nastabeto: mucks hand 
Mahu2021 collected 80 from pot
*** SUMMARY ***
Total pot 80 | Rake 0 
Board [6c Ks Th Jd Qh]
Seat 1: Mahu2021 (small blind) showed [Qc 9s] and won (80) with a straight, Nine to King
Seat 2: nastabeto (big blind) mucked [6d 4s]
Seat 3: Imbastrol (button) folded before Flop (didn't bet)



PokerStars Hand #244478864806: Tournament #3609230133, $0.92+$0.08 USD Hold'em No Limit - Level I (10/20) - 2023/06/26 20:04:57 CET [2023/06/26 14:04:57 ET]
Table '3609230133 1' 3-max Seat #1 is the button
Seat 1: Mahu2021 (550 in chips) 
Seat 2: nastabeto (480 in chips) 
Seat 3: Imbastrol (470 in chips) 
nastabeto: posts small blind 10
Imbastrol: posts big blind 20
*** HOLE CARDS ***
Dealt to Mahu2021 [2h 6h]
Mahu2021: folds 
nastabeto: calls 10
Imbastrol: raises 40 to 60
nastabeto: calls 40
*** FLOP *** [Ts Kc Ad]
nastabeto: checks 
Imbastrol: bets 40
nastabeto: calls 40
*** TURN *** [Ts Kc Ad] [7c]
nastabeto: checks 
Imbastrol: bets 80
nastabeto: calls 80
*** RIVER *** [Ts Kc Ad 7c] [7d]
nastabeto: checks 
Imbastrol: checks 
*** SHOW DOWN ***
nastabeto: shows [9c Tc] (two pair, Tens and Sevens)
Imbastrol: mucks hand 
nastabeto collected 360 from pot
*** SUMMARY ***
Total pot 360 | Rake 0 
Board [Ts Kc Ad 7c 7d]
Seat 1: Mahu2021 (button) folded before Flop (didn't bet)
Seat 2: nastabeto (small blind) showed [9c Tc] and won (360) with two pair, Tens and Sevens
Seat 3: Imbastrol (big blind) mucked [Jc 8c]



PokerStars Hand #244478878776: Tournament #3609230133, $0.92+$0.08 USD Hold'em No Limit - Level I (10/20) - 2023/06/26 20:05:43 CET [2023/06/26 14:05:43 ET]
Table '3609230133 1' 3-max Seat #2 is the button
Seat 1: Mahu2021 (550 in chips) 
Seat 2: nastabeto (660 in chips) 
Seat 3: Imbastrol (290 in chips) 
Imbastrol: posts small blind 10
Mahu2021: posts big blind 20
*** HOLE CARDS ***
Dealt to Mahu2021 [7s 8c]
nastabeto: raises 20 to 40
Imbastrol: folds 
Mahu2021: calls 20
*** FLOP *** [7d 8h 2d]
Mahu2021: checks 
nastabeto: checks 
*** TURN *** [7d 8h 2d] [4s]
Mahu2021: bets 90
nastabeto: calls 90
*** RIVER *** [7d 8h 2d 4s] [Kc]
Mahu2021: bets 270
nastabeto: folds 
Uncalled bet (270) returned to Mahu2021
Mahu2021 collected 270 from pot
Mahu2021: doesn't show hand 
*** SUMMARY ***
Total pot 270 | Rake 0 
Board [7d 8h 2d 4s Kc]
Seat 1: Mahu2021 (big blind) collected (270)
Seat 2: nastabeto (button) folded on the River
Seat 3: Imbastrol (small blind) folded before Flop



PokerStars Hand #244478891485: Tournament #3609230133, $0.92+$0.08 USD Hold'em No Limit - Level I (10/20) - 2023/06/26 20:06:25 CET [2023/06/26 14:06:25 ET]
Table '3609230133 1' 3-max Seat #3 is the button
Seat 1: Mahu2021 (690 in chips) 
Seat 2: nastabeto (530 in chips) 
Seat 3: Imbastrol (280 in chips) 
Mahu2021: posts small blind 10
nastabeto: posts big blind 20
*** HOLE CARDS ***
Dealt to Mahu2021 [4d 6h]
Imbastrol: folds 
Mahu2021: folds 
Uncalled bet (10) returned to nastabeto
nastabeto collected 20 from pot
nastabeto: doesn't show hand 
*** SUMMARY ***
Total pot 20 | Rake 0 
Seat 1: Mahu2021 (small blind) folded before Flop
Seat 2: nastabeto (big blind) collected (20)
Seat 3: Imbastrol (button) folded before Flop (didn't bet)



PokerStars Hand #244478893575: Tournament #3609230133, $0.92+$0.08 USD Hold'em No Limit - Level I (10/20) - 2023/06/26 20:06:32 CET [2023/06/26 14:06:32 ET]
Table '3609230133 1' 3-max Seat #1 is the button
Seat 1: Mahu2021 (680 in chips) 
Seat 2: nastabeto (540 in chips) 
Seat 3: Imbastrol (280 in chips) 
nastabeto: posts small blind 10
Imbastrol: posts big blind 20
*** HOLE CARDS ***
Dealt to Mahu2021 [8d Jc]
Mahu2021: folds 
nastabeto: raises 20 to 40
Imbastrol: calls 20
*** FLOP *** [Ks 8c Th]
nastabeto: bets 20
Imbastrol: calls 20
*** TURN *** [Ks 8c Th] [8s]
nastabeto: checks 
Imbastrol: checks 
*** RIVER *** [Ks 8c Th 8s] [7h]
nastabeto: checks 
Imbastrol: bets 80
nastabeto: folds 
Uncalled bet (80) returned to Imbastrol
Imbastrol collected 120 from pot
Imbastrol: doesn't show hand 
*** SUMMARY ***
Total pot 120 | Rake 0 
Board [Ks 8c Th 8s 7h]
Seat 1: Mahu2021 (button) folded before Flop (didn't bet)
Seat 2: nastabeto (small blind) folded on the River
Seat 3: Imbastrol (big blind) collected (120)



PokerStars Hand #244478913203: Tournament #3609230133, $0.92+$0.08 USD Hold'em No Limit - Level II (15/30) - 2023/06/26 20:07:37 CET [2023/06/26 14:07:37 ET]
Table '3609230133 1' 3-max Seat #2 is the button
Seat 1: Mahu2021 (680 in chips) 
Seat 2: nastabeto (480 in chips) 
Seat 3: Imbastrol (340 in chips) 
Imbastrol: posts small blind 15
Mahu2021: posts big blind 30
*** HOLE CARDS ***
Dealt to Mahu2021 [Qh 4h]
nastabeto: folds 
Imbastrol: raises 310 to 340 and is all-in
Mahu2021: folds 
Uncalled bet (310) returned to Imbastrol
Imbastrol collected 60 from pot
Imbastrol: doesn't show hand 
*** SUMMARY ***
Total pot 60 | Rake 0 
Seat 1: Mahu2021 (big blind) folded before Flop
Seat 2: nastabeto (button) folded before Flop (didn't bet)
Seat 3: Imbastrol (small blind) collected (60)



PokerStars Hand #244478917018: Tournament #3609230133, $0.92+$0.08 USD Hold'em No Limit - Level II (15/30) - 2023/06/26 20:07:50 CET [2023/06/26 14:07:50 ET]
Table '3609230133 1' 3-max Seat #3 is the button
Seat 1: Mahu2021 (650 in chips) 
Seat 2: nastabeto (480 in chips) 
Seat 3: Imbastrol (370 in chips) 
Mahu2021: posts small blind 15
nastabeto: posts big blind 30
*** HOLE CARDS ***
Dealt to Mahu2021 [5d Td]
Imbastrol: folds 
Mahu2021: folds 
Uncalled bet (15) returned to nastabeto
nastabeto collected 30 from pot
nastabeto: doesn't show hand 
*** SUMMARY ***
Total pot 30 | Rake 0 
Seat 1: Mahu2021 (small blind) folded before Flop
Seat 2: nastabeto (big blind) collected (30)
Seat 3: Imbastrol (button) folded before Flop (didn't bet)



PokerStars Hand #244478918586: Tournament #3609230133, $0.92+$0.08 USD Hold'em No Limit - Level II (15/30) - 2023/06/26 20:07:54 CET [2023/06/26 14:07:54 ET]
Table '3609230133 1' 3-max Seat #1 is the button
Seat 1: Mahu2021 (635 in chips) 
Seat 2: nastabeto (495 in chips) 
Seat 3: Imbastrol (370 in chips) 
nastabeto: posts small blind 15
Imbastrol: posts big blind 30
*** HOLE CARDS ***
Dealt to Mahu2021 [4d Jd]
Mahu2021: folds 
nastabeto: calls 15
Imbastrol: raises 60 to 90
nastabeto: folds 
Uncalled bet (60) returned to Imbastrol
Imbastrol collected 60 from pot
Imbastrol: doesn't show hand 
*** SUMMARY ***
Total pot 60 | Rake 0 
Seat 1: Mahu2021 (button) folded before Flop (didn't bet)
Seat 2: nastabeto (small blind) folded before Flop
Seat 3: Imbastrol (big blind) collected (60)



PokerStars Hand #244478924493: Tournament #3609230133, $0.92+$0.08 USD Hold'em No Limit - Level II (15/30) - 2023/06/26 20:08:14 CET [2023/06/26 14:08:14 ET]
Table '3609230133 1' 3-max Seat #2 is the button
Seat 1: Mahu2021 (635 in chips) 
Seat 2: nastabeto (465 in chips) 
Seat 3: Imbastrol (400 in chips) 
Imbastrol: posts small blind 15
Mahu2021: posts big blind 30
*** HOLE CARDS ***
Dealt to Mahu2021 [9d Ac]
nastabeto: calls 30
Imbastrol: raises 90 to 120
Mahu2021: folds 
nastabeto: calls 90
*** FLOP *** [Td 5h 6d]
Imbastrol: bets 84
nastabeto: calls 84
*** TURN *** [Td 5h 6d] [Th]
Imbastrol: bets 196 and is all-in
nastabeto: calls 196
*** RIVER *** [Td 5h 6d Th] [7c]
*** SHOW DOWN ***
Imbastrol: shows [Kh Ks] (two pair, Kings and Tens)
nastabeto: shows [Js Kc] (a pair of Tens)
Imbastrol collected 830 from pot
*** SUMMARY ***
Total pot 830 | Rake 0 
Board [Td 5h 6d Th 7c]
Seat 1: Mahu2021 (big blind) folded before Flop
Seat 2: nastabeto (button) showed [Js Kc] and lost with a pair of Tens
Seat 3: Imbastrol (small blind) showed [Kh Ks] and won (830) with two pair, Kings and Tens



PokerStars Hand #244478934421: Tournament #3609230133, $0.92+$0.08 USD Hold'em No Limit - Level II (15/30) - 2023/06/26 20:08:46 CET [2023/06/26 14:08:46 ET]
Table '3609230133 1' 3-max Seat #3 is the button
Seat 1: Mahu2021 (605 in chips) 
Seat 2: nastabeto (65 in chips) 
Seat 3: Imbastrol (830 in chips) 
Mahu2021: posts small blind 15
nastabeto: posts big blind 30
*** HOLE CARDS ***
Dealt to Mahu2021 [Js Jc]
Imbastrol: raises 30 to 60
Mahu2021: raises 545 to 605 and is all-in
nastabeto: calls 35 and is all-in
Imbastrol: folds 
Uncalled bet (540) returned to Mahu2021
*** FLOP *** [4h As 2c]
*** TURN *** [4h As 2c] [6c]
*** RIVER *** [4h As 2c 6c] [6h]
*** SHOW DOWN ***
Mahu2021: shows [Js Jc] (two pair, Jacks and Sixes)
nastabeto: shows [Qd 4c] (two pair, Sixes and Fours)
Mahu2021 collected 190 from pot
nastabeto finished the tournament in 3rd place
*** SUMMARY ***
Total pot 190 | Rake 0 
Board [4h As 2c 6c 6h]
Seat 1: Mahu2021 (small blind) showed [Js Jc] and won (190) with two pair, Jacks and Sixes
Seat 2: nastabeto (big blind) showed [Qd 4c] and lost with two pair, Sixes and Fours
Seat 3: Imbastrol (button) folded before Flop



PokerStars Hand #244478940548: Tournament #3609230133, $0.92+$0.08 USD Hold'em No Limit - Level II (15/30) - 2023/06/26 20:09:06 CET [2023/06/26 14:09:06 ET]
Table '3609230133 1' 3-max Seat #1 is the button
Seat 1: Mahu2021 (730 in chips) 
Seat 3: Imbastrol (770 in chips) 
Mahu2021: posts small blind 15
Imbastrol: posts big blind 30
*** HOLE CARDS ***
Dealt to Mahu2021 [Ad Js]
Mahu2021: raises 60 to 90
Imbastrol: calls 60
*** FLOP *** [9h 6s 8h]
Imbastrol: checks 
Mahu2021: checks 
*** TURN *** [9h 6s 8h] [Jd]
Imbastrol: bets 90
Mahu2021: calls 90
*** RIVER *** [9h 6s 8h Jd] [8d]
Imbastrol: bets 590 and is all-in
Mahu2021: folds 
Uncalled bet (590) returned to Imbastrol
Imbastrol collected 360 from pot
Imbastrol: doesn't show hand 
*** SUMMARY ***
Total pot 360 | Rake 0 
Board [9h 6s 8h Jd 8d]
Seat 1: Mahu2021 (button) (small blind) folded on the River
Seat 3: Imbastrol (big blind) collected (360)



PokerStars Hand #244478948445: Tournament #3609230133, $0.92+$0.08 USD Hold'em No Limit - Level II (15/30) - 2023/06/26 20:09:32 CET [2023/06/26 14:09:32 ET]
Table '3609230133 1' 3-max Seat #3 is the button
Seat 1: Mahu2021 (550 in chips) 
Seat 3: Imbastrol (950 in chips) 
Imbastrol: posts small blind 15
Mahu2021: posts big blind 30
*** HOLE CARDS ***
Dealt to Mahu2021 [3c 7d]
Imbastrol: raises 30 to 60
Mahu2021: folds 
Uncalled bet (30) returned to Imbastrol
Imbastrol collected 60 from pot
Imbastrol: doesn't show hand 
*** SUMMARY ***
Total pot 60 | Rake 0 
Seat 1: Mahu2021 (big blind) folded before Flop
Seat 3: Imbastrol (button) (small blind) collected (60)



PokerStars Hand #244478949951: Tournament #3609230133, $0.92+$0.08 USD Hold'em No Limit - Level II (15/30) - 2023/06/26 20:09:37 CET [2023/06/26 14:09:37 ET]
Table '3609230133 1' 3-max Seat #1 is the button
Seat 1: Mahu2021 (520 in chips) 
Seat 3: Imbastrol (980 in chips) 
Mahu2021: posts small blind 15
Imbastrol: posts big blind 30
*** HOLE CARDS ***
Dealt to Mahu2021 [9c 7h]
Mahu2021: folds 
Uncalled bet (15) returned to Imbastrol
Imbastrol collected 30 from pot
Imbastrol: doesn't show hand 
*** SUMMARY ***
Total pot 30 | Rake 0 
Seat 1: Mahu2021 (button) (small blind) folded before Flop
Seat 3: Imbastrol (big blind) collected (30)



PokerStars Hand #244478951349: Tournament #3609230133, $0.92+$0.08 USD Hold'em No Limit - Level II (15/30) - 2023/06/26 20:09:42 CET [2023/06/26 14:09:42 ET]
Table '3609230133 1' 3-max Seat #3 is the button
Seat 1: Mahu2021 (505 in chips) 
Seat 3: Imbastrol (995 in chips) 
Imbastrol: posts small blind 15
Mahu2021: posts big blind 30
*** HOLE CARDS ***
Dealt to Mahu2021 [Jd 8s]
Imbastrol: folds 
Uncalled bet (15) returned to Mahu2021
Mahu2021 collected 30 from pot
Mahu2021: doesn't show hand 
*** SUMMARY ***
Total pot 30 | Rake 0 
Seat 1: Mahu2021 (big blind) collected (30)
Seat 3: Imbastrol (button) (small blind) folded before Flop



PokerStars Hand #244478952403: Tournament #3609230133, $0.92+$0.08 USD Hold'em No Limit - Level II (15/30) - 2023/06/26 20:09:45 CET [2023/06/26 14:09:45 ET]
Table '3609230133 1' 3-max Seat #1 is the button
Seat 1: Mahu2021 (520 in chips) 
Seat 3: Imbastrol (980 in chips) 
Mahu2021: posts small blind 15
Imbastrol: posts big blind 30
*** HOLE CARDS ***
Dealt to Mahu2021 [5h Tc]
Mahu2021: folds 
Uncalled bet (15) returned to Imbastrol
Imbastrol collected 30 from pot
Imbastrol: doesn't show hand 
*** SUMMARY ***
Total pot 30 | Rake 0 
Seat 1: Mahu2021 (button) (small blind) folded before Flop
Seat 3: Imbastrol (big blind) collected (30)



PokerStars Hand #244478953700: Tournament #3609230133, $0.92+$0.08 USD Hold'em No Limit - Level II (15/30) - 2023/06/26 20:09:49 CET [2023/06/26 14:09:49 ET]
Table '3609230133 1' 3-max Seat #3 is the button
Seat 1: Mahu2021 (505 in chips) 
Seat 3: Imbastrol (995 in chips) 
Imbastrol: posts small blind 15
Mahu2021: posts big blind 30
*** HOLE CARDS ***
Dealt to Mahu2021 [Ad Kh]
Imbastrol: raises 30 to 60
Mahu2021: raises 445 to 505 and is all-in
Imbastrol: folds 
Uncalled bet (445) returned to Mahu2021
Mahu2021 collected 120 from pot
Mahu2021: doesn't show hand 
*** SUMMARY ***
Total pot 120 | Rake 0 
Seat 1: Mahu2021 (big blind) collected (120)
Seat 3: Imbastrol (button) (small blind) folded before Flop



PokerStars Hand #244478956150: Tournament #3609230133, $0.92+$0.08 USD Hold'em No Limit - Level II (15/30) - 2023/06/26 20:09:57 CET [2023/06/26 14:09:57 ET]
Table '3609230133 1' 3-max Seat #1 is the button
Seat 1: Mahu2021 (565 in chips) 
Seat 3: Imbastrol (935 in chips) 
Mahu2021: posts small blind 15
Imbastrol: posts big blind 30
*** HOLE CARDS ***
Dealt to Mahu2021 [9d Qh]
Mahu2021: calls 15
Imbastrol: raises 60 to 90
Mahu2021: calls 60
*** FLOP *** [5h 2h Kh]
Imbastrol: bets 56
Mahu2021: calls 56
*** TURN *** [5h 2h Kh] [Ts]
Imbastrol: checks 
Mahu2021: checks 
*** RIVER *** [5h 2h Kh Ts] [8d]
Imbastrol: bets 120
Mahu2021: folds 
Uncalled bet (120) returned to Imbastrol
Imbastrol collected 292 from pot
Imbastrol: doesn't show hand 
*** SUMMARY ***
Total pot 292 | Rake 0 
Board [5h 2h Kh Ts 8d]
Seat 1: Mahu2021 (button) (small blind) folded on the River
Seat 3: Imbastrol (big blind) collected (292)



PokerStars Hand #244478965219: Tournament #3609230133, $0.92+$0.08 USD Hold'em No Limit - Level III (20/40) - 2023/06/26 20:10:27 CET [2023/06/26 14:10:27 ET]
Table '3609230133 1' 3-max Seat #3 is the button
Seat 1: Mahu2021 (419 in chips) 
Seat 3: Imbastrol (1081 in chips) 
Imbastrol: posts small blind 20
Mahu2021: posts big blind 40
*** HOLE CARDS ***
Dealt to Mahu2021 [4h 2c]
Imbastrol: raises 40 to 80
Mahu2021: folds 
Uncalled bet (40) returned to Imbastrol
Imbastrol collected 80 from pot
Imbastrol: doesn't show hand 
*** SUMMARY ***
Total pot 80 | Rake 0 
Seat 1: Mahu2021 (big blind) folded before Flop
Seat 3: Imbastrol (button) (small blind) collected (80)



PokerStars Hand #244478966629: Tournament #3609230133, $0.92+$0.08 USD Hold'em No Limit - Level III (20/40) - 2023/06/26 20:10:31 CET [2023/06/26 14:10:31 ET]
Table '3609230133 1' 3-max Seat #1 is the button
Seat 1: Mahu2021 (379 in chips) 
Seat 3: Imbastrol (1121 in chips) 
Mahu2021: posts small blind 20
Imbastrol: posts big blind 40
*** HOLE CARDS ***
Dealt to Mahu2021 [Td 8c]
Mahu2021: calls 20
Imbastrol: checks 
*** FLOP *** [4h 5c 3d]
Imbastrol: bets 40
Mahu2021: folds 
Uncalled bet (40) returned to Imbastrol
Imbastrol collected 80 from pot
Imbastrol: doesn't show hand 
*** SUMMARY ***
Total pot 80 | Rake 0 
Board [4h 5c 3d]
Seat 1: Mahu2021 (button) (small blind) folded on the Flop
Seat 3: Imbastrol (big blind) collected (80)



PokerStars Hand #244478969412: Tournament #3609230133, $0.92+$0.08 USD Hold'em No Limit - Level III (20/40) - 2023/06/26 20:10:40 CET [2023/06/26 14:10:40 ET]
Table '3609230133 1' 3-max Seat #3 is the button
Seat 1: Mahu2021 (339 in chips) 
Seat 3: Imbastrol (1161 in chips) 
Imbastrol: posts small blind 20
Mahu2021: posts big blind 40
*** HOLE CARDS ***
Dealt to Mahu2021 [3h Qh]
Imbastrol: raises 40 to 80
Mahu2021: folds 
Uncalled bet (40) returned to Imbastrol
Imbastrol collected 80 from pot
Imbastrol: doesn't show hand 
*** SUMMARY ***
Total pot 80 | Rake 0 
Seat 1: Mahu2021 (big blind) folded before Flop
Seat 3: Imbastrol (button) (small blind) collected (80)



PokerStars Hand #244478970957: Tournament #3609230133, $0.92+$0.08 USD Hold'em No Limit - Level III (20/40) - 2023/06/26 20:10:46 CET [2023/06/26 14:10:46 ET]
Table '3609230133 1' 3-max Seat #1 is the button
Seat 1: Mahu2021 (299 in chips) 
Seat 3: Imbastrol (1201 in chips) 
Mahu2021: posts small blind 20
Imbastrol: posts big blind 40
*** HOLE CARDS ***
Dealt to Mahu2021 [6d 2h]
Mahu2021: folds 
Uncalled bet (20) returned to Imbastrol
Imbastrol collected 40 from pot
Imbastrol: doesn't show hand 
*** SUMMARY ***
Total pot 40 | Rake 0 
Seat 1: Mahu2021 (button) (small blind) folded before Flop
Seat 3: Imbastrol (big blind) collected (40)



PokerStars Hand #244478972281: Tournament #3609230133, $0.92+$0.08 USD Hold'em No Limit - Level III (20/40) - 2023/06/26 20:10:50 CET [2023/06/26 14:10:50 ET]
Table '3609230133 1' 3-max Seat #3 is the button
Seat 1: Mahu2021 (279 in chips) 
Seat 3: Imbastrol (1221 in chips) 
Imbastrol: posts small blind 20
Mahu2021: posts big blind 40
*** HOLE CARDS ***
Dealt to Mahu2021 [4h 9d]
Imbastrol: raises 40 to 80
Mahu2021: folds 
Uncalled bet (40) returned to Imbastrol
Imbastrol collected 80 from pot
Imbastrol: doesn't show hand 
*** SUMMARY ***
Total pot 80 | Rake 0 
Seat 1: Mahu2021 (big blind) folded before Flop
Seat 3: Imbastrol (button) (small blind) collected (80)



PokerStars Hand #244478973790: Tournament #3609230133, $0.92+$0.08 USD Hold'em No Limit - Level III (20/40) - 2023/06/26 20:10:55 CET [2023/06/26 14:10:55 ET]
Table '3609230133 1' 3-max Seat #1 is the button
Seat 1: Mahu2021 (239 in chips) 
Seat 3: Imbastrol (1261 in chips) 
Mahu2021: posts small blind 20
Imbastrol: posts big blind 40
*** HOLE CARDS ***
Dealt to Mahu2021 [5s 5d]
Mahu2021: raises 199 to 239 and is all-in
Imbastrol: folds 
Uncalled bet (199) returned to Mahu2021
Mahu2021 collected 80 from pot
Mahu2021: doesn't show hand 
*** SUMMARY ***
Total pot 80 | Rake 0 
Seat 1: Mahu2021 (button) (small blind) collected (80)
Seat 3: Imbastrol (big blind) folded before Flop



PokerStars Hand #244478977067: Tournament #3609230133, $0.92+$0.08 USD Hold'em No Limit - Level III (20/40) - 2023/06/26 20:11:06 CET [2023/06/26 14:11:06 ET]
Table '3609230133 1' 3-max Seat #3 is the button
Seat 1: Mahu2021 (279 in chips) 
Seat 3: Imbastrol (1221 in chips) 
Imbastrol: posts small blind 20
Mahu2021: posts big blind 40
*** HOLE CARDS ***
Dealt to Mahu2021 [5h 9s]
Imbastrol: folds 
Uncalled bet (20) returned to Mahu2021
Mahu2021 collected 40 from pot
Mahu2021: doesn't show hand 
*** SUMMARY ***
Total pot 40 | Rake 0 
Seat 1: Mahu2021 (big blind) collected (40)
Seat 3: Imbastrol (button) (small blind) folded before Flop



PokerStars Hand #244478978063: Tournament #3609230133, $0.92+$0.08 USD Hold'em No Limit - Level III (20/40) - 2023/06/26 20:11:09 CET [2023/06/26 14:11:09 ET]
Table '3609230133 1' 3-max Seat #1 is the button
Seat 1: Mahu2021 (299 in chips) 
Seat 3: Imbastrol (1201 in chips) 
Mahu2021: posts small blind 20
Imbastrol: posts big blind 40
*** HOLE CARDS ***
Dealt to Mahu2021 [2c Th]
Mahu2021: folds 
Uncalled bet (20) returned to Imbastrol
Imbastrol collected 40 from pot
Imbastrol: doesn't show hand 
*** SUMMARY ***
Total pot 40 | Rake 0 
Seat 1: Mahu2021 (button) (small blind) folded before Flop
Seat 3: Imbastrol (big blind) collected (40)



PokerStars Hand #244478979351: Tournament #3609230133, $0.92+$0.08 USD Hold'em No Limit - Level III (20/40) - 2023/06/26 20:11:13 CET [2023/06/26 14:11:13 ET]
Table '3609230133 1' 3-max Seat #3 is the button
Seat 1: Mahu2021 (279 in chips) 
Seat 3: Imbastrol (1221 in chips) 
Imbastrol: posts small blind 20
Mahu2021: posts big blind 40
*** HOLE CARDS ***
Dealt to Mahu2021 [3d 6s]
Imbastrol: raises 1181 to 1221 and is all-in
Mahu2021: folds 
Uncalled bet (1181) returned to Imbastrol
Imbastrol collected 80 from pot
Imbastrol: doesn't show hand 
*** SUMMARY ***
Total pot 80 | Rake 0 
Seat 1: Mahu2021 (big blind) folded before Flop
Seat 3: Imbastrol (button) (small blind) collected (80)



PokerStars Hand #244478981809: Tournament #3609230133, $0.92+$0.08 USD Hold'em No Limit - Level III (20/40) - 2023/06/26 20:11:21 CET [2023/06/26 14:11:21 ET]
Table '3609230133 1' 3-max Seat #1 is the button
Seat 1: Mahu2021 (239 in chips) 
Seat 3: Imbastrol (1261 in chips) 
Mahu2021: posts small blind 20
Imbastrol: posts big blind 40
*** HOLE CARDS ***
Dealt to Mahu2021 [4d 5s]
Mahu2021: folds 
Uncalled bet (20) returned to Imbastrol
Imbastrol collected 40 from pot
Imbastrol: doesn't show hand 
*** SUMMARY ***
Total pot 40 | Rake 0 
Seat 1: Mahu2021 (button) (small blind) folded before Flop
Seat 3: Imbastrol (big blind) collected (40)



PokerStars Hand #244478983088: Tournament #3609230133, $0.92+$0.08 USD Hold'em No Limit - Level III (20/40) - 2023/06/26 20:11:26 CET [2023/06/26 14:11:26 ET]
Table '3609230133 1' 3-max Seat #3 is the button
Seat 1: Mahu2021 (219 in chips) 
Seat 3: Imbastrol (1281 in chips) 
Imbastrol: posts small blind 20
Mahu2021: posts big blind 40
*** HOLE CARDS ***
Dealt to Mahu2021 [Ad 9c]
Imbastrol: raises 1241 to 1281 and is all-in
Mahu2021: calls 179 and is all-in
Uncalled bet (1062) returned to Imbastrol
*** FLOP *** [Td Tc Kd]
*** TURN *** [Td Tc Kd] [Ts]
*** RIVER *** [Td Tc Kd Ts] [Th]
*** SHOW DOWN ***
Mahu2021: shows [Ad 9c] (four of a kind, Tens)
Imbastrol: shows [8h 8s] (four of a kind, Tens - lower kicker)
Mahu2021 collected 438 from pot
*** SUMMARY ***
Total pot 438 | Rake 0 
Board [Td Tc Kd Ts Th]
Seat 1: Mahu2021 (big blind) showed [Ad 9c] and won (438) with four of a kind, Tens
Seat 3: Imbastrol (button) (small blind) showed [8h 8s] and lost with four of a kind, Tens



PokerStars Hand #244478986441: Tournament #3609230133, $0.92+$0.08 USD Hold'em No Limit - Level III (20/40) - 2023/06/26 20:11:37 CET [2023/06/26 14:11:37 ET]
Table '3609230133 1' 3-max Seat #1 is the button
Seat 1: Mahu2021 (438 in chips) 
Seat 3: Imbastrol (1062 in chips) 
Mahu2021: posts small blind 20
Imbastrol: posts big blind 40
*** HOLE CARDS ***
Dealt to Mahu2021 [6c 7s]
Mahu2021: folds 
Uncalled bet (20) returned to Imbastrol
Imbastrol collected 40 from pot
Imbastrol: doesn't show hand 
*** SUMMARY ***
Total pot 40 | Rake 0 
Seat 1: Mahu2021 (button) (small blind) folded before Flop
Seat 3: Imbastrol (big blind) collected (40)



PokerStars Hand #244478987987: Tournament #3609230133, $0.92+$0.08 USD Hold'em No Limit - Level III (20/40) - 2023/06/26 20:11:42 CET [2023/06/26 14:11:42 ET]
Table '3609230133 1' 3-max Seat #3 is the button
Seat 1: Mahu2021 (418 in chips) 
Seat 3: Imbastrol (1082 in chips) 
Imbastrol: posts small blind 20
Mahu2021: posts big blind 40
*** HOLE CARDS ***
Dealt to Mahu2021 [7c 2d]
Imbastrol: calls 20
Mahu2021: checks 
*** FLOP *** [2s Td Th]
Mahu2021: bets 378 and is all-in
Imbastrol: calls 378
*** TURN *** [2s Td Th] [Ks]
*** RIVER *** [2s Td Th Ks] [9c]
*** SHOW DOWN ***
Mahu2021: shows [7c 2d] (two pair, Tens and Deuces)
Imbastrol: shows [Tc 4h] (three of a kind, Tens)
Imbastrol collected 836 from pot
Mahu2021 finished the tournament in 2nd place
Imbastrol wins the tournament and receives $3.00 - congratulations!
*** SUMMARY ***
Total pot 836 | Rake 0 
Board [2s Td Th Ks 9c]
Seat 1: Mahu2021 (big blind) showed [7c 2d] and lost with two pair, Tens and Deuces
Seat 3: Imbastrol (button) (small blind) showed [Tc 4h] and won (836) with three of a kind, Tens



