PokerStars Hand #253356100880: Tournament #3822419288, $1.84+$0.16 USD Hold'em No Limit - Level I (10/20) - 2024/11/11 12:52:21 CET [2024/11/11 6:52:21 ET]
Table '3822419288 1' 3-max Seat #1 is the button
Seat 1: john-paul400 (500 in chips) 
Seat 2: Mahu2021 (500 in chips) 
Seat 3: tnucami (500 in chips) 
Mahu2021: posts small blind 10
tnucami: posts big blind 20
*** HOLE CARDS ***
Dealt to Mahu2021 [Qd 3d]
john-paul400: calls 20
Mahu2021: calls 10
tnucami: checks 
*** FLOP *** [5d 9d As]
Mahu2021: checks 
tnucami: checks 
john-paul400: bets 40
Mahu2021: calls 40
tnucami: raises 90 to 130
john-paul400: folds 
Mahu2021: calls 90
*** TURN *** [5d 9d As] [3c]
Mahu2021: checks 
tnucami: bets 350 and is all-in
Mahu2021: calls 350 and is all-in
*** RIVER *** [5d 9d As 3c] [Tc]
*** SHOW DOWN ***
Mahu2021: shows [Qd 3d] (a pair of Threes)
tnucami: shows [7s Ah] (a pair of Aces)
tnucami collected 1060 from pot
Mahu2021 finished the tournament in 3rd place
*** SUMMARY ***
Total pot 1060 | Rake 0 
Board [5d 9d As 3c Tc]
Seat 1: john-paul400 (button) folded on the Flop
Seat 2: Mahu2021 (small blind) showed [Qd 3d] and lost with a pair of Threes
Seat 3: tnucami (big blind) showed [7s Ah] and won (1060) with a pair of Aces



