PokerStars Hand #252858535459: Tournament #3810340665, $1.84+$0.16 USD Hold'em No Limit - Level I (10/20) - 2024/10/10 16:27:22 CET [2024/10/10 10:27:22 ET]
Table '3810340665 1' 3-max Seat #1 is the button
Seat 1: Mahu2021 (500 in chips) 
Seat 2: weihmy (500 in chips) 
Seat 3: Krasachikdm (500 in chips) 
weihmy: posts small blind 10
Krasachikdm: posts big blind 20
*** HOLE CARDS ***
Dealt to Mahu2021 [8c Ks]
Mahu2021: folds 
weihmy: calls 10
Krasachikdm: checks 
*** FLOP *** [5s Qh 5h]
weihmy: checks 
Krasachikdm: checks 
*** TURN *** [5s Qh 5h] [Jd]
weihmy: checks 
Krasachikdm: checks 
*** RIVER *** [5s Qh 5h Jd] [9c]
weihmy: checks 
Krasachikdm: bets 20
weihmy: calls 20
*** SHOW DOWN ***
Krasachikdm: shows [3h 4d] (a pair of Fives)
weihmy: shows [3s 3d] (two pair, Fives and Threes)
weihmy collected 80 from pot
*** SUMMARY ***
Total pot 80 | Rake 0 
Board [5s Qh 5h Jd 9c]
Seat 1: Mahu2021 (button) folded before Flop (didn't bet)
Seat 2: weihmy (small blind) showed [3s 3d] and won (80) with two pair, Fives and Threes
Seat 3: Krasachikdm (big blind) showed [3h 4d] and lost with a pair of Fives



PokerStars Hand #252858545561: Tournament #3810340665, $1.84+$0.16 USD Hold'em No Limit - Level I (10/20) - 2024/10/10 16:28:14 CET [2024/10/10 10:28:14 ET]
Table '3810340665 1' 3-max Seat #2 is the button
Seat 1: Mahu2021 (500 in chips) 
Seat 2: weihmy (540 in chips) 
Seat 3: Krasachikdm (460 in chips) 
Krasachikdm: posts small blind 10
Mahu2021: posts big blind 20
*** HOLE CARDS ***
Dealt to Mahu2021 [As 6c]
weihmy: calls 20
Krasachikdm: folds 
Mahu2021: checks 
*** FLOP *** [5c Qc 2h]
Mahu2021: checks 
weihmy: checks 
*** TURN *** [5c Qc 2h] [3h]
Mahu2021: bets 20
weihmy: folds 
Uncalled bet (20) returned to Mahu2021
Mahu2021 collected 50 from pot
Mahu2021: doesn't show hand 
*** SUMMARY ***
Total pot 50 | Rake 0 
Board [5c Qc 2h 3h]
Seat 1: Mahu2021 (big blind) collected (50)
Seat 2: weihmy (button) folded on the Turn
Seat 3: Krasachikdm (small blind) folded before Flop



PokerStars Hand #252858550765: Tournament #3810340665, $1.84+$0.16 USD Hold'em No Limit - Level I (10/20) - 2024/10/10 16:28:40 CET [2024/10/10 10:28:40 ET]
Table '3810340665 1' 3-max Seat #3 is the button
Seat 1: Mahu2021 (530 in chips) 
Seat 2: weihmy (520 in chips) 
Seat 3: Krasachikdm (450 in chips) 
Mahu2021: posts small blind 10
weihmy: posts big blind 20
*** HOLE CARDS ***
Dealt to Mahu2021 [3c 3s]
Krasachikdm: folds 
Mahu2021: raises 20 to 40
weihmy: calls 20
*** FLOP *** [Ac 7s Jh]
Mahu2021: checks 
weihmy: checks 
*** TURN *** [Ac 7s Jh] [7c]
Mahu2021: bets 40
weihmy: calls 40
*** RIVER *** [Ac 7s Jh 7c] [Kh]
Mahu2021: checks 
weihmy: bets 40
Mahu2021: folds 
Uncalled bet (40) returned to weihmy
weihmy collected 160 from pot
weihmy: doesn't show hand 
*** SUMMARY ***
Total pot 160 | Rake 0 
Board [Ac 7s Jh 7c Kh]
Seat 1: Mahu2021 (small blind) folded on the River
Seat 2: weihmy (big blind) collected (160)
Seat 3: Krasachikdm (button) folded before Flop (didn't bet)



PokerStars Hand #252858555040: Tournament #3810340665, $1.84+$0.16 USD Hold'em No Limit - Level I (10/20) - 2024/10/10 16:29:02 CET [2024/10/10 10:29:02 ET]
Table '3810340665 1' 3-max Seat #1 is the button
Seat 1: Mahu2021 (450 in chips) 
Seat 2: weihmy (600 in chips) 
Seat 3: Krasachikdm (450 in chips) 
weihmy: posts small blind 10
Krasachikdm: posts big blind 20
*** HOLE CARDS ***
Dealt to Mahu2021 [Th 2s]
Mahu2021: folds 
weihmy: calls 10
Krasachikdm: checks 
*** FLOP *** [Qd 5d As]
weihmy: bets 40
Krasachikdm: folds 
Uncalled bet (40) returned to weihmy
weihmy collected 40 from pot
weihmy: doesn't show hand 
*** SUMMARY ***
Total pot 40 | Rake 0 
Board [Qd 5d As]
Seat 1: Mahu2021 (button) folded before Flop (didn't bet)
Seat 2: weihmy (small blind) collected (40)
Seat 3: Krasachikdm (big blind) folded on the Flop



PokerStars Hand #252858560141: Tournament #3810340665, $1.84+$0.16 USD Hold'em No Limit - Level I (10/20) - 2024/10/10 16:29:29 CET [2024/10/10 10:29:29 ET]
Table '3810340665 1' 3-max Seat #2 is the button
Seat 1: Mahu2021 (450 in chips) 
Seat 2: weihmy (620 in chips) 
Seat 3: Krasachikdm (430 in chips) 
Krasachikdm: posts small blind 10
Mahu2021: posts big blind 20
*** HOLE CARDS ***
Dealt to Mahu2021 [Jh Th]
weihmy: calls 20
Krasachikdm: folds 
Mahu2021: checks 
*** FLOP *** [Td 8h Jc]
Mahu2021: bets 40
weihmy: calls 40
*** TURN *** [Td 8h Jc] [2d]
Mahu2021: bets 40
weihmy: calls 40
*** RIVER *** [Td 8h Jc 2d] [6d]
Mahu2021: bets 40
weihmy: calls 40
*** SHOW DOWN ***
Mahu2021: shows [Jh Th] (two pair, Jacks and Tens)
weihmy: mucks hand 
Mahu2021 collected 290 from pot
*** SUMMARY ***
Total pot 290 | Rake 0 
Board [Td 8h Jc 2d 6d]
Seat 1: Mahu2021 (big blind) showed [Jh Th] and won (290) with two pair, Jacks and Tens
Seat 2: weihmy (button) mucked [Tc 8c]
Seat 3: Krasachikdm (small blind) folded before Flop



PokerStars Hand #252858565478: Tournament #3810340665, $1.84+$0.16 USD Hold'em No Limit - Level I (10/20) - 2024/10/10 16:29:56 CET [2024/10/10 10:29:56 ET]
Table '3810340665 1' 3-max Seat #3 is the button
Seat 1: Mahu2021 (600 in chips) 
Seat 2: weihmy (480 in chips) 
Seat 3: Krasachikdm (420 in chips) 
Mahu2021: posts small blind 10
weihmy: posts big blind 20
*** HOLE CARDS ***
Dealt to Mahu2021 [Ah Ks]
Krasachikdm: folds 
Mahu2021: raises 40 to 60
weihmy: calls 40
*** FLOP *** [5s 7c 4s]
Mahu2021: checks 
weihmy: checks 
*** TURN *** [5s 7c 4s] [3h]
Mahu2021: checks 
weihmy: checks 
*** RIVER *** [5s 7c 4s 3h] [6c]
Mahu2021: bets 100
weihmy: calls 100
*** SHOW DOWN ***
Mahu2021: shows [Ah Ks] (a straight, Three to Seven)
weihmy: shows [Qd Kd] (a straight, Three to Seven)
Mahu2021 collected 160 from pot
weihmy collected 160 from pot
*** SUMMARY ***
Total pot 320 | Rake 0 
Board [5s 7c 4s 3h 6c]
Seat 1: Mahu2021 (small blind) showed [Ah Ks] and won (160) with a straight, Three to Seven
Seat 2: weihmy (big blind) showed [Qd Kd] and won (160) with a straight, Three to Seven
Seat 3: Krasachikdm (button) folded before Flop (didn't bet)



PokerStars Hand #252858570284: Tournament #3810340665, $1.84+$0.16 USD Hold'em No Limit - Level I (10/20) - 2024/10/10 16:30:20 CET [2024/10/10 10:30:20 ET]
Table '3810340665 1' 3-max Seat #1 is the button
Seat 1: Mahu2021 (600 in chips) 
Seat 2: weihmy (480 in chips) 
Seat 3: Krasachikdm (420 in chips) 
weihmy: posts small blind 10
Krasachikdm: posts big blind 20
*** HOLE CARDS ***
Dealt to Mahu2021 [8d Kc]
Mahu2021: folds 
weihmy: folds 
Uncalled bet (10) returned to Krasachikdm
Krasachikdm collected 20 from pot
Krasachikdm: doesn't show hand 
*** SUMMARY ***
Total pot 20 | Rake 0 
Seat 1: Mahu2021 (button) folded before Flop (didn't bet)
Seat 2: weihmy (small blind) folded before Flop
Seat 3: Krasachikdm (big blind) collected (20)



PokerStars Hand #252858572106: Tournament #3810340665, $1.84+$0.16 USD Hold'em No Limit - Level II (15/30) - 2024/10/10 16:30:29 CET [2024/10/10 10:30:29 ET]
Table '3810340665 1' 3-max Seat #2 is the button
Seat 1: Mahu2021 (600 in chips) 
Seat 2: weihmy (470 in chips) 
Seat 3: Krasachikdm (430 in chips) 
Krasachikdm: posts small blind 15
Mahu2021: posts big blind 30
*** HOLE CARDS ***
Dealt to Mahu2021 [Ah 2d]
weihmy: folds 
Krasachikdm: raises 400 to 430 and is all-in
Mahu2021: folds 
Uncalled bet (400) returned to Krasachikdm
Krasachikdm collected 60 from pot
Krasachikdm: doesn't show hand 
*** SUMMARY ***
Total pot 60 | Rake 0 
Seat 1: Mahu2021 (big blind) folded before Flop
Seat 2: weihmy (button) folded before Flop (didn't bet)
Seat 3: Krasachikdm (small blind) collected (60)



PokerStars Hand #252858575536: Tournament #3810340665, $1.84+$0.16 USD Hold'em No Limit - Level II (15/30) - 2024/10/10 16:30:47 CET [2024/10/10 10:30:47 ET]
Table '3810340665 1' 3-max Seat #3 is the button
Seat 1: Mahu2021 (570 in chips) 
Seat 2: weihmy (470 in chips) 
Seat 3: Krasachikdm (460 in chips) 
Mahu2021: posts small blind 15
weihmy: posts big blind 30
*** HOLE CARDS ***
Dealt to Mahu2021 [7d 2s]
Krasachikdm: folds 
Mahu2021: folds 
Uncalled bet (15) returned to weihmy
weihmy collected 30 from pot
weihmy: doesn't show hand 
*** SUMMARY ***
Total pot 30 | Rake 0 
Seat 1: Mahu2021 (small blind) folded before Flop
Seat 2: weihmy (big blind) collected (30)
Seat 3: Krasachikdm (button) folded before Flop (didn't bet)



PokerStars Hand #252858576390: Tournament #3810340665, $1.84+$0.16 USD Hold'em No Limit - Level II (15/30) - 2024/10/10 16:30:51 CET [2024/10/10 10:30:51 ET]
Table '3810340665 1' 3-max Seat #1 is the button
Seat 1: Mahu2021 (555 in chips) 
Seat 2: weihmy (485 in chips) 
Seat 3: Krasachikdm (460 in chips) 
weihmy: posts small blind 15
Krasachikdm: posts big blind 30
*** HOLE CARDS ***
Dealt to Mahu2021 [6s 7d]
Mahu2021: folds 
weihmy: folds 
Uncalled bet (15) returned to Krasachikdm
Krasachikdm collected 30 from pot
Krasachikdm: doesn't show hand 
*** SUMMARY ***
Total pot 30 | Rake 0 
Seat 1: Mahu2021 (button) folded before Flop (didn't bet)
Seat 2: weihmy (small blind) folded before Flop
Seat 3: Krasachikdm (big blind) collected (30)



PokerStars Hand #252858578116: Tournament #3810340665, $1.84+$0.16 USD Hold'em No Limit - Level II (15/30) - 2024/10/10 16:31:00 CET [2024/10/10 10:31:00 ET]
Table '3810340665 1' 3-max Seat #2 is the button
Seat 1: Mahu2021 (555 in chips) 
Seat 2: weihmy (470 in chips) 
Seat 3: Krasachikdm (475 in chips) 
Krasachikdm: posts small blind 15
Mahu2021: posts big blind 30
*** HOLE CARDS ***
Dealt to Mahu2021 [2h 8s]
weihmy: calls 30
Krasachikdm: folds 
Mahu2021: checks 
*** FLOP *** [7s 6h 2c]
Mahu2021: bets 30
weihmy: folds 
Uncalled bet (30) returned to Mahu2021
Mahu2021 collected 75 from pot
Mahu2021: doesn't show hand 
*** SUMMARY ***
Total pot 75 | Rake 0 
Board [7s 6h 2c]
Seat 1: Mahu2021 (big blind) collected (75)
Seat 2: weihmy (button) folded on the Flop
Seat 3: Krasachikdm (small blind) folded before Flop



PokerStars Hand #252858581054: Tournament #3810340665, $1.84+$0.16 USD Hold'em No Limit - Level II (15/30) - 2024/10/10 16:31:15 CET [2024/10/10 10:31:15 ET]
Table '3810340665 1' 3-max Seat #3 is the button
Seat 1: Mahu2021 (600 in chips) 
Seat 2: weihmy (440 in chips) 
Seat 3: Krasachikdm (460 in chips) 
Mahu2021: posts small blind 15
weihmy: posts big blind 30
*** HOLE CARDS ***
Dealt to Mahu2021 [Ks 5s]
Krasachikdm: folds 
Mahu2021: raises 30 to 60
weihmy: calls 30
*** FLOP *** [Js 3c Ah]
Mahu2021: checks 
weihmy: bets 120
Mahu2021: folds 
Uncalled bet (120) returned to weihmy
weihmy collected 120 from pot
weihmy: doesn't show hand 
*** SUMMARY ***
Total pot 120 | Rake 0 
Board [Js 3c Ah]
Seat 1: Mahu2021 (small blind) folded on the Flop
Seat 2: weihmy (big blind) collected (120)
Seat 3: Krasachikdm (button) folded before Flop (didn't bet)



PokerStars Hand #252858583659: Tournament #3810340665, $1.84+$0.16 USD Hold'em No Limit - Level II (15/30) - 2024/10/10 16:31:28 CET [2024/10/10 10:31:28 ET]
Table '3810340665 1' 3-max Seat #1 is the button
Seat 1: Mahu2021 (540 in chips) 
Seat 2: weihmy (500 in chips) 
Seat 3: Krasachikdm (460 in chips) 
weihmy: posts small blind 15
Krasachikdm: posts big blind 30
*** HOLE CARDS ***
Dealt to Mahu2021 [Jd 7d]
Mahu2021: raises 30 to 60
weihmy: folds 
Krasachikdm: calls 30
*** FLOP *** [4d Ah 9d]
Krasachikdm: checks 
Mahu2021: bets 60
Krasachikdm: calls 60
*** TURN *** [4d Ah 9d] [9s]
Krasachikdm: checks 
Mahu2021: checks 
*** RIVER *** [4d Ah 9d 9s] [6h]
Krasachikdm: bets 120
Mahu2021: folds 
Uncalled bet (120) returned to Krasachikdm
Krasachikdm collected 255 from pot
Krasachikdm: doesn't show hand 
*** SUMMARY ***
Total pot 255 | Rake 0 
Board [4d Ah 9d 9s 6h]
Seat 1: Mahu2021 (button) folded on the River
Seat 2: weihmy (small blind) folded before Flop
Seat 3: Krasachikdm (big blind) collected (255)



PokerStars Hand #252858589770: Tournament #3810340665, $1.84+$0.16 USD Hold'em No Limit - Level II (15/30) - 2024/10/10 16:32:00 CET [2024/10/10 10:32:00 ET]
Table '3810340665 1' 3-max Seat #2 is the button
Seat 1: Mahu2021 (420 in chips) 
Seat 2: weihmy (485 in chips) 
Seat 3: Krasachikdm (595 in chips) 
Krasachikdm: posts small blind 15
Mahu2021: posts big blind 30
*** HOLE CARDS ***
Dealt to Mahu2021 [2s 2c]
weihmy: calls 30
Krasachikdm: folds 
Mahu2021: raises 390 to 420 and is all-in
weihmy: calls 390
*** FLOP *** [Td 8s Kh]
*** TURN *** [Td 8s Kh] [8h]
*** RIVER *** [Td 8s Kh 8h] [5c]
*** SHOW DOWN ***
Mahu2021: shows [2s 2c] (two pair, Eights and Deuces)
weihmy: shows [Jh Qc] (a pair of Eights)
Mahu2021 collected 855 from pot
*** SUMMARY ***
Total pot 855 | Rake 0 
Board [Td 8s Kh 8h 5c]
Seat 1: Mahu2021 (big blind) showed [2s 2c] and won (855) with two pair, Eights and Deuces
Seat 2: weihmy (button) showed [Jh Qc] and lost with a pair of Eights
Seat 3: Krasachikdm (small blind) folded before Flop



PokerStars Hand #252858593623: Tournament #3810340665, $1.84+$0.16 USD Hold'em No Limit - Level II (15/30) - 2024/10/10 16:32:19 CET [2024/10/10 10:32:19 ET]
Table '3810340665 1' 3-max Seat #3 is the button
Seat 1: Mahu2021 (855 in chips) 
Seat 2: weihmy (65 in chips) 
Seat 3: Krasachikdm (580 in chips) 
Mahu2021: posts small blind 15
weihmy: posts big blind 30
*** HOLE CARDS ***
Dealt to Mahu2021 [8c 6d]
Krasachikdm: folds 
Mahu2021: folds 
Uncalled bet (15) returned to weihmy
weihmy collected 30 from pot
weihmy: doesn't show hand 
*** SUMMARY ***
Total pot 30 | Rake 0 
Seat 1: Mahu2021 (small blind) folded before Flop
Seat 2: weihmy (big blind) collected (30)
Seat 3: Krasachikdm (button) folded before Flop (didn't bet)



PokerStars Hand #252858594471: Tournament #3810340665, $1.84+$0.16 USD Hold'em No Limit - Level II (15/30) - 2024/10/10 16:32:24 CET [2024/10/10 10:32:24 ET]
Table '3810340665 1' 3-max Seat #1 is the button
Seat 1: Mahu2021 (840 in chips) 
Seat 2: weihmy (80 in chips) 
Seat 3: Krasachikdm (580 in chips) 
weihmy: posts small blind 15
Krasachikdm: posts big blind 30
*** HOLE CARDS ***
Dealt to Mahu2021 [2c Qh]
Mahu2021: folds 
weihmy: calls 15
Krasachikdm: checks 
*** FLOP *** [Ad 9c Ks]
weihmy: checks 
Krasachikdm: checks 
*** TURN *** [Ad 9c Ks] [9s]
weihmy: checks 
Krasachikdm: checks 
*** RIVER *** [Ad 9c Ks 9s] [Jh]
weihmy: checks 
Krasachikdm: checks 
*** SHOW DOWN ***
weihmy: shows [5c 3h] (a pair of Nines)
Krasachikdm: shows [7d 3d] (a pair of Nines)
weihmy collected 30 from pot
Krasachikdm collected 30 from pot
*** SUMMARY ***
Total pot 60 | Rake 0 
Board [Ad 9c Ks 9s Jh]
Seat 1: Mahu2021 (button) folded before Flop (didn't bet)
Seat 2: weihmy (small blind) showed [5c 3h] and won (30) with a pair of Nines
Seat 3: Krasachikdm (big blind) showed [7d 3d] and won (30) with a pair of Nines



PokerStars Hand #252858602934: Tournament #3810340665, $1.84+$0.16 USD Hold'em No Limit - Level II (15/30) - 2024/10/10 16:33:07 CET [2024/10/10 10:33:07 ET]
Table '3810340665 1' 3-max Seat #2 is the button
Seat 1: Mahu2021 (840 in chips) 
Seat 2: weihmy (80 in chips) 
Seat 3: Krasachikdm (580 in chips) 
Krasachikdm: posts small blind 15
Mahu2021: posts big blind 30
*** HOLE CARDS ***
Dealt to Mahu2021 [7s 2s]
weihmy: folds 
Krasachikdm: raises 550 to 580 and is all-in
Mahu2021: folds 
Uncalled bet (550) returned to Krasachikdm
Krasachikdm collected 60 from pot
Krasachikdm: doesn't show hand 
*** SUMMARY ***
Total pot 60 | Rake 0 
Seat 1: Mahu2021 (big blind) folded before Flop
Seat 2: weihmy (button) folded before Flop (didn't bet)
Seat 3: Krasachikdm (small blind) collected (60)



PokerStars Hand #252858604746: Tournament #3810340665, $1.84+$0.16 USD Hold'em No Limit - Level II (15/30) - 2024/10/10 16:33:16 CET [2024/10/10 10:33:16 ET]
Table '3810340665 1' 3-max Seat #3 is the button
Seat 1: Mahu2021 (810 in chips) 
Seat 2: weihmy (80 in chips) 
Seat 3: Krasachikdm (610 in chips) 
Mahu2021: posts small blind 15
weihmy: posts big blind 30
*** HOLE CARDS ***
Dealt to Mahu2021 [5h 6h]
Krasachikdm: folds 
Mahu2021: raises 60 to 90
weihmy: folds 
Uncalled bet (60) returned to Mahu2021
Mahu2021 collected 60 from pot
Mahu2021: doesn't show hand 
*** SUMMARY ***
Total pot 60 | Rake 0 
Seat 1: Mahu2021 (small blind) collected (60)
Seat 2: weihmy (big blind) folded before Flop
Seat 3: Krasachikdm (button) folded before Flop (didn't bet)



PokerStars Hand #252858608009: Tournament #3810340665, $1.84+$0.16 USD Hold'em No Limit - Level III (20/40) - 2024/10/10 16:33:33 CET [2024/10/10 10:33:33 ET]
Table '3810340665 1' 3-max Seat #1 is the button
Seat 1: Mahu2021 (840 in chips) 
Seat 2: weihmy (50 in chips) 
Seat 3: Krasachikdm (610 in chips) 
weihmy: posts small blind 20
Krasachikdm: posts big blind 40
*** HOLE CARDS ***
Dealt to Mahu2021 [Kc Ac]
Mahu2021: raises 40 to 80
weihmy: calls 30 and is all-in
Krasachikdm: folds 
Uncalled bet (30) returned to Mahu2021
*** FLOP *** [Kh 9s 7c]
*** TURN *** [Kh 9s 7c] [Ts]
*** RIVER *** [Kh 9s 7c Ts] [8h]
*** SHOW DOWN ***
weihmy: shows [7h 7s] (three of a kind, Sevens)
Mahu2021: shows [Kc Ac] (a pair of Kings)
weihmy collected 140 from pot
*** SUMMARY ***
Total pot 140 | Rake 0 
Board [Kh 9s 7c Ts 8h]
Seat 1: Mahu2021 (button) showed [Kc Ac] and lost with a pair of Kings
Seat 2: weihmy (small blind) showed [7h 7s] and won (140) with three of a kind, Sevens
Seat 3: Krasachikdm (big blind) folded before Flop



PokerStars Hand #252858613583: Tournament #3810340665, $1.84+$0.16 USD Hold'em No Limit - Level III (20/40) - 2024/10/10 16:34:01 CET [2024/10/10 10:34:01 ET]
Table '3810340665 1' 3-max Seat #2 is the button
Seat 1: Mahu2021 (790 in chips) 
Seat 2: weihmy (140 in chips) 
Seat 3: Krasachikdm (570 in chips) 
Krasachikdm: posts small blind 20
Mahu2021: posts big blind 40
*** HOLE CARDS ***
Dealt to Mahu2021 [Qc 5c]
weihmy: folds 
Krasachikdm: raises 530 to 570 and is all-in
Mahu2021: folds 
Uncalled bet (530) returned to Krasachikdm
Krasachikdm collected 80 from pot
Krasachikdm: doesn't show hand 
*** SUMMARY ***
Total pot 80 | Rake 0 
Seat 1: Mahu2021 (big blind) folded before Flop
Seat 2: weihmy (button) folded before Flop (didn't bet)
Seat 3: Krasachikdm (small blind) collected (80)



PokerStars Hand #252858615572: Tournament #3810340665, $1.84+$0.16 USD Hold'em No Limit - Level III (20/40) - 2024/10/10 16:34:11 CET [2024/10/10 10:34:11 ET]
Table '3810340665 1' 3-max Seat #3 is the button
Seat 1: Mahu2021 (750 in chips) 
Seat 2: weihmy (140 in chips) 
Seat 3: Krasachikdm (610 in chips) 
Mahu2021: posts small blind 20
weihmy: posts big blind 40
*** HOLE CARDS ***
Dealt to Mahu2021 [As 9s]
Krasachikdm: folds 
Mahu2021: raises 710 to 750 and is all-in
weihmy: calls 100 and is all-in
Uncalled bet (610) returned to Mahu2021
*** FLOP *** [3h 2d Td]
*** TURN *** [3h 2d Td] [8c]
*** RIVER *** [3h 2d Td 8c] [Jc]
*** SHOW DOWN ***
Mahu2021: shows [As 9s] (high card Ace)
weihmy: shows [3d Th] (two pair, Tens and Threes)
weihmy collected 280 from pot
*** SUMMARY ***
Total pot 280 | Rake 0 
Board [3h 2d Td 8c Jc]
Seat 1: Mahu2021 (small blind) showed [As 9s] and lost with high card Ace
Seat 2: weihmy (big blind) showed [3d Th] and won (280) with two pair, Tens and Threes
Seat 3: Krasachikdm (button) folded before Flop (didn't bet)



PokerStars Hand #252858619473: Tournament #3810340665, $1.84+$0.16 USD Hold'em No Limit - Level III (20/40) - 2024/10/10 16:34:30 CET [2024/10/10 10:34:30 ET]
Table '3810340665 1' 3-max Seat #1 is the button
Seat 1: Mahu2021 (610 in chips) 
Seat 2: weihmy (280 in chips) 
Seat 3: Krasachikdm (610 in chips) 
weihmy: posts small blind 20
Krasachikdm: posts big blind 40
*** HOLE CARDS ***
Dealt to Mahu2021 [2d 5s]
Mahu2021: folds 
weihmy: folds 
Uncalled bet (20) returned to Krasachikdm
Krasachikdm collected 40 from pot
Krasachikdm: doesn't show hand 
*** SUMMARY ***
Total pot 40 | Rake 0 
Seat 1: Mahu2021 (button) folded before Flop (didn't bet)
Seat 2: weihmy (small blind) folded before Flop
Seat 3: Krasachikdm (big blind) collected (40)



PokerStars Hand #252858620838: Tournament #3810340665, $1.84+$0.16 USD Hold'em No Limit - Level III (20/40) - 2024/10/10 16:34:37 CET [2024/10/10 10:34:37 ET]
Table '3810340665 1' 3-max Seat #2 is the button
Seat 1: Mahu2021 (610 in chips) 
Seat 2: weihmy (260 in chips) 
Seat 3: Krasachikdm (630 in chips) 
Krasachikdm: posts small blind 20
Mahu2021: posts big blind 40
*** HOLE CARDS ***
Dealt to Mahu2021 [Qs 6d]
weihmy: folds 
Krasachikdm: raises 590 to 630 and is all-in
Mahu2021: folds 
Uncalled bet (590) returned to Krasachikdm
Krasachikdm collected 80 from pot
Krasachikdm: doesn't show hand 
*** SUMMARY ***
Total pot 80 | Rake 0 
Seat 1: Mahu2021 (big blind) folded before Flop
Seat 2: weihmy (button) folded before Flop (didn't bet)
Seat 3: Krasachikdm (small blind) collected (80)



PokerStars Hand #252858624078: Tournament #3810340665, $1.84+$0.16 USD Hold'em No Limit - Level III (20/40) - 2024/10/10 16:34:53 CET [2024/10/10 10:34:53 ET]
Table '3810340665 1' 3-max Seat #3 is the button
Seat 1: Mahu2021 (570 in chips) 
Seat 2: weihmy (260 in chips) 
Seat 3: Krasachikdm (670 in chips) 
Mahu2021: posts small blind 20
weihmy: posts big blind 40
*** HOLE CARDS ***
Dealt to Mahu2021 [Ks 6h]
Krasachikdm: folds 
Mahu2021: calls 20
weihmy: checks 
*** FLOP *** [7s Kd 7h]
Mahu2021: bets 40
weihmy: folds 
Uncalled bet (40) returned to Mahu2021
Mahu2021 collected 80 from pot
Mahu2021: doesn't show hand 
*** SUMMARY ***
Total pot 80 | Rake 0 
Board [7s Kd 7h]
Seat 1: Mahu2021 (small blind) collected (80)
Seat 2: weihmy (big blind) folded on the Flop
Seat 3: Krasachikdm (button) folded before Flop (didn't bet)



PokerStars Hand #252858626354: Tournament #3810340665, $1.84+$0.16 USD Hold'em No Limit - Level III (20/40) - 2024/10/10 16:35:05 CET [2024/10/10 10:35:05 ET]
Table '3810340665 1' 3-max Seat #1 is the button
Seat 1: Mahu2021 (610 in chips) 
Seat 2: weihmy (220 in chips) 
Seat 3: Krasachikdm (670 in chips) 
weihmy: posts small blind 20
Krasachikdm: posts big blind 40
*** HOLE CARDS ***
Dealt to Mahu2021 [7c 2c]
Mahu2021: folds 
weihmy: folds 
Uncalled bet (20) returned to Krasachikdm
Krasachikdm collected 40 from pot
Krasachikdm: doesn't show hand 
*** SUMMARY ***
Total pot 40 | Rake 0 
Seat 1: Mahu2021 (button) folded before Flop (didn't bet)
Seat 2: weihmy (small blind) folded before Flop
Seat 3: Krasachikdm (big blind) collected (40)



PokerStars Hand #252858627629: Tournament #3810340665, $1.84+$0.16 USD Hold'em No Limit - Level III (20/40) - 2024/10/10 16:35:11 CET [2024/10/10 10:35:11 ET]
Table '3810340665 1' 3-max Seat #2 is the button
Seat 1: Mahu2021 (610 in chips) 
Seat 2: weihmy (200 in chips) 
Seat 3: Krasachikdm (690 in chips) 
Krasachikdm: posts small blind 20
Mahu2021: posts big blind 40
*** HOLE CARDS ***
Dealt to Mahu2021 [Tc 6h]
weihmy: folds 
Krasachikdm: folds 
Uncalled bet (20) returned to Mahu2021
Mahu2021 collected 40 from pot
Mahu2021: doesn't show hand 
*** SUMMARY ***
Total pot 40 | Rake 0 
Seat 1: Mahu2021 (big blind) collected (40)
Seat 2: weihmy (button) folded before Flop (didn't bet)
Seat 3: Krasachikdm (small blind) folded before Flop



PokerStars Hand #252858629439: Tournament #3810340665, $1.84+$0.16 USD Hold'em No Limit - Level III (20/40) - 2024/10/10 16:35:20 CET [2024/10/10 10:35:20 ET]
Table '3810340665 1' 3-max Seat #3 is the button
Seat 1: Mahu2021 (630 in chips) 
Seat 2: weihmy (200 in chips) 
Seat 3: Krasachikdm (670 in chips) 
Mahu2021: posts small blind 20
weihmy: posts big blind 40
*** HOLE CARDS ***
Dealt to Mahu2021 [2s Kh]
Krasachikdm: raises 630 to 670 and is all-in
Mahu2021: folds 
weihmy: calls 160 and is all-in
Uncalled bet (470) returned to Krasachikdm
*** FLOP *** [3c 2d Td]
*** TURN *** [3c 2d Td] [As]
*** RIVER *** [3c 2d Td As] [2h]
*** SHOW DOWN ***
weihmy: shows [5h 7c] (a pair of Deuces)
Krasachikdm: shows [4d 4s] (two pair, Fours and Deuces)
Krasachikdm collected 420 from pot
weihmy finished the tournament in 3rd place
*** SUMMARY ***
Total pot 420 | Rake 0 
Board [3c 2d Td As 2h]
Seat 1: Mahu2021 (small blind) folded before Flop
Seat 2: weihmy (big blind) showed [5h 7c] and lost with a pair of Deuces
Seat 3: Krasachikdm (button) showed [4d 4s] and won (420) with two pair, Fours and Deuces



PokerStars Hand #252858633334: Tournament #3810340665, $1.84+$0.16 USD Hold'em No Limit - Level III (20/40) - 2024/10/10 16:35:40 CET [2024/10/10 10:35:40 ET]
Table '3810340665 1' 3-max Seat #1 is the button
Seat 1: Mahu2021 (610 in chips) 
Seat 3: Krasachikdm (890 in chips) 
Mahu2021: posts small blind 20
Krasachikdm: posts big blind 40
*** HOLE CARDS ***
Dealt to Mahu2021 [Qc 4d]
Mahu2021: calls 20
Krasachikdm: checks 
*** FLOP *** [As 5c 4h]
Krasachikdm: checks 
Mahu2021: bets 40
Krasachikdm: folds 
Uncalled bet (40) returned to Mahu2021
Mahu2021 collected 80 from pot
Mahu2021: doesn't show hand 
*** SUMMARY ***
Total pot 80 | Rake 0 
Board [As 5c 4h]
Seat 1: Mahu2021 (button) (small blind) collected (80)
Seat 3: Krasachikdm (big blind) folded on the Flop



PokerStars Hand #252858635898: Tournament #3810340665, $1.84+$0.16 USD Hold'em No Limit - Level III (20/40) - 2024/10/10 16:35:52 CET [2024/10/10 10:35:52 ET]
Table '3810340665 1' 3-max Seat #3 is the button
Seat 1: Mahu2021 (650 in chips) 
Seat 3: Krasachikdm (850 in chips) 
Krasachikdm: posts small blind 20
Mahu2021: posts big blind 40
*** HOLE CARDS ***
Dealt to Mahu2021 [Ks Ad]
Krasachikdm: calls 20
Mahu2021: raises 120 to 160
Krasachikdm: folds 
Uncalled bet (120) returned to Mahu2021
Mahu2021 collected 80 from pot
Mahu2021: doesn't show hand 
*** SUMMARY ***
Total pot 80 | Rake 0 
Seat 1: Mahu2021 (big blind) collected (80)
Seat 3: Krasachikdm (button) (small blind) folded before Flop



PokerStars Hand #252858638036: Tournament #3810340665, $1.84+$0.16 USD Hold'em No Limit - Level III (20/40) - 2024/10/10 16:36:03 CET [2024/10/10 10:36:03 ET]
Table '3810340665 1' 3-max Seat #1 is the button
Seat 1: Mahu2021 (690 in chips) 
Seat 3: Krasachikdm (810 in chips) 
Mahu2021: posts small blind 20
Krasachikdm: posts big blind 40
*** HOLE CARDS ***
Dealt to Mahu2021 [4d 8d]
Mahu2021: calls 20
Krasachikdm: checks 
*** FLOP *** [Ah Ts 2d]
Krasachikdm: checks 
Mahu2021: checks 
*** TURN *** [Ah Ts 2d] [4s]
Krasachikdm: checks 
Mahu2021: bets 40
Krasachikdm: folds 
Uncalled bet (40) returned to Mahu2021
Mahu2021 collected 80 from pot
Mahu2021: doesn't show hand 
*** SUMMARY ***
Total pot 80 | Rake 0 
Board [Ah Ts 2d 4s]
Seat 1: Mahu2021 (button) (small blind) collected (80)
Seat 3: Krasachikdm (big blind) folded on the Turn



PokerStars Hand #252858641195: Tournament #3810340665, $1.84+$0.16 USD Hold'em No Limit - Level III (20/40) - 2024/10/10 16:36:19 CET [2024/10/10 10:36:19 ET]
Table '3810340665 1' 3-max Seat #3 is the button
Seat 1: Mahu2021 (730 in chips) 
Seat 3: Krasachikdm (770 in chips) 
Krasachikdm: posts small blind 20
Mahu2021: posts big blind 40
*** HOLE CARDS ***
Dealt to Mahu2021 [5h 9h]
Krasachikdm: calls 20
Mahu2021: checks 
*** FLOP *** [9d Ts Qs]
Mahu2021: checks 
Krasachikdm: checks 
*** TURN *** [9d Ts Qs] [3d]
Mahu2021: checks 
Krasachikdm: checks 
*** RIVER *** [9d Ts Qs 3d] [5d]
Mahu2021: bets 80
Krasachikdm: folds 
Uncalled bet (80) returned to Mahu2021
Mahu2021 collected 80 from pot
Mahu2021: doesn't show hand 
*** SUMMARY ***
Total pot 80 | Rake 0 
Board [9d Ts Qs 3d 5d]
Seat 1: Mahu2021 (big blind) collected (80)
Seat 3: Krasachikdm (button) (small blind) folded on the River



PokerStars Hand #252858646249: Tournament #3810340665, $1.84+$0.16 USD Hold'em No Limit - Level IV (30/60) - 2024/10/10 16:36:44 CET [2024/10/10 10:36:44 ET]
Table '3810340665 1' 3-max Seat #1 is the button
Seat 1: Mahu2021 (770 in chips) 
Seat 3: Krasachikdm (730 in chips) 
Mahu2021: posts small blind 30
Krasachikdm: posts big blind 60
*** HOLE CARDS ***
Dealt to Mahu2021 [2c 3c]
Mahu2021: calls 30
Krasachikdm: raises 670 to 730 and is all-in
Mahu2021: folds 
Uncalled bet (670) returned to Krasachikdm
Krasachikdm collected 120 from pot
Krasachikdm: doesn't show hand 
*** SUMMARY ***
Total pot 120 | Rake 0 
Seat 1: Mahu2021 (button) (small blind) folded before Flop
Seat 3: Krasachikdm (big blind) collected (120)



PokerStars Hand #252858647879: Tournament #3810340665, $1.84+$0.16 USD Hold'em No Limit - Level IV (30/60) - 2024/10/10 16:36:52 CET [2024/10/10 10:36:52 ET]
Table '3810340665 1' 3-max Seat #3 is the button
Seat 1: Mahu2021 (710 in chips) 
Seat 3: Krasachikdm (790 in chips) 
Krasachikdm: posts small blind 30
Mahu2021: posts big blind 60
*** HOLE CARDS ***
Dealt to Mahu2021 [Js 3d]
Krasachikdm: folds 
Uncalled bet (30) returned to Mahu2021
Mahu2021 collected 60 from pot
Mahu2021: doesn't show hand 
*** SUMMARY ***
Total pot 60 | Rake 0 
Seat 1: Mahu2021 (big blind) collected (60)
Seat 3: Krasachikdm (button) (small blind) folded before Flop



PokerStars Hand #252858648749: Tournament #3810340665, $1.84+$0.16 USD Hold'em No Limit - Level IV (30/60) - 2024/10/10 16:36:56 CET [2024/10/10 10:36:56 ET]
Table '3810340665 1' 3-max Seat #1 is the button
Seat 1: Mahu2021 (740 in chips) 
Seat 3: Krasachikdm (760 in chips) 
Mahu2021: posts small blind 30
Krasachikdm: posts big blind 60
*** HOLE CARDS ***
Dealt to Mahu2021 [9s Ac]
Mahu2021: raises 60 to 120
Krasachikdm: folds 
Uncalled bet (60) returned to Mahu2021
Mahu2021 collected 120 from pot
Mahu2021: doesn't show hand 
*** SUMMARY ***
Total pot 120 | Rake 0 
Seat 1: Mahu2021 (button) (small blind) collected (120)
Seat 3: Krasachikdm (big blind) folded before Flop



PokerStars Hand #252858649900: Tournament #3810340665, $1.84+$0.16 USD Hold'em No Limit - Level IV (30/60) - 2024/10/10 16:37:02 CET [2024/10/10 10:37:02 ET]
Table '3810340665 1' 3-max Seat #3 is the button
Seat 1: Mahu2021 (800 in chips) 
Seat 3: Krasachikdm (700 in chips) 
Krasachikdm: posts small blind 30
Mahu2021: posts big blind 60
*** HOLE CARDS ***
Dealt to Mahu2021 [Qd Js]
Krasachikdm: folds 
Uncalled bet (30) returned to Mahu2021
Mahu2021 collected 60 from pot
Mahu2021: doesn't show hand 
*** SUMMARY ***
Total pot 60 | Rake 0 
Seat 1: Mahu2021 (big blind) collected (60)
Seat 3: Krasachikdm (button) (small blind) folded before Flop



PokerStars Hand #252858650708: Tournament #3810340665, $1.84+$0.16 USD Hold'em No Limit - Level IV (30/60) - 2024/10/10 16:37:07 CET [2024/10/10 10:37:07 ET]
Table '3810340665 1' 3-max Seat #1 is the button
Seat 1: Mahu2021 (830 in chips) 
Seat 3: Krasachikdm (670 in chips) 
Mahu2021: posts small blind 30
Krasachikdm: posts big blind 60
*** HOLE CARDS ***
Dealt to Mahu2021 [2c 7c]
Mahu2021: folds 
Uncalled bet (30) returned to Krasachikdm
Krasachikdm collected 60 from pot
Krasachikdm: doesn't show hand 
*** SUMMARY ***
Total pot 60 | Rake 0 
Seat 1: Mahu2021 (button) (small blind) folded before Flop
Seat 3: Krasachikdm (big blind) collected (60)



PokerStars Hand #252858651524: Tournament #3810340665, $1.84+$0.16 USD Hold'em No Limit - Level IV (30/60) - 2024/10/10 16:37:11 CET [2024/10/10 10:37:11 ET]
Table '3810340665 1' 3-max Seat #3 is the button
Seat 1: Mahu2021 (800 in chips) 
Seat 3: Krasachikdm (700 in chips) 
Krasachikdm: posts small blind 30
Mahu2021: posts big blind 60
*** HOLE CARDS ***
Dealt to Mahu2021 [4c Kc]
Krasachikdm: folds 
Uncalled bet (30) returned to Mahu2021
Mahu2021 collected 60 from pot
Mahu2021: doesn't show hand 
*** SUMMARY ***
Total pot 60 | Rake 0 
Seat 1: Mahu2021 (big blind) collected (60)
Seat 3: Krasachikdm (button) (small blind) folded before Flop



PokerStars Hand #252858652473: Tournament #3810340665, $1.84+$0.16 USD Hold'em No Limit - Level IV (30/60) - 2024/10/10 16:37:15 CET [2024/10/10 10:37:15 ET]
Table '3810340665 1' 3-max Seat #1 is the button
Seat 1: Mahu2021 (830 in chips) 
Seat 3: Krasachikdm (670 in chips) 
Mahu2021: posts small blind 30
Krasachikdm: posts big blind 60
*** HOLE CARDS ***
Dealt to Mahu2021 [7c Qs]
Mahu2021: calls 30
Krasachikdm: raises 610 to 670 and is all-in
Mahu2021: folds 
Uncalled bet (610) returned to Krasachikdm
Krasachikdm collected 120 from pot
Krasachikdm: doesn't show hand 
*** SUMMARY ***
Total pot 120 | Rake 0 
Seat 1: Mahu2021 (button) (small blind) folded before Flop
Seat 3: Krasachikdm (big blind) collected (120)



PokerStars Hand #252858654151: Tournament #3810340665, $1.84+$0.16 USD Hold'em No Limit - Level IV (30/60) - 2024/10/10 16:37:24 CET [2024/10/10 10:37:24 ET]
Table '3810340665 1' 3-max Seat #3 is the button
Seat 1: Mahu2021 (770 in chips) 
Seat 3: Krasachikdm (730 in chips) 
Krasachikdm: posts small blind 30
Mahu2021: posts big blind 60
*** HOLE CARDS ***
Dealt to Mahu2021 [Qc 8h]
Krasachikdm: calls 30
Mahu2021: checks 
*** FLOP *** [Tc Kh Js]
Mahu2021: checks 
Krasachikdm: checks 
*** TURN *** [Tc Kh Js] [6c]
Mahu2021: bets 60
Krasachikdm: calls 60
*** RIVER *** [Tc Kh Js 6c] [5h]
Mahu2021: checks 
Krasachikdm: checks 
*** SHOW DOWN ***
Mahu2021: shows [Qc 8h] (high card King)
Krasachikdm: shows [Qd 6s] (a pair of Sixes)
Krasachikdm collected 240 from pot
*** SUMMARY ***
Total pot 240 | Rake 0 
Board [Tc Kh Js 6c 5h]
Seat 1: Mahu2021 (big blind) showed [Qc 8h] and lost with high card King
Seat 3: Krasachikdm (button) (small blind) showed [Qd 6s] and won (240) with a pair of Sixes



PokerStars Hand #252858659998: Tournament #3810340665, $1.84+$0.16 USD Hold'em No Limit - Level IV (30/60) - 2024/10/10 16:37:53 CET [2024/10/10 10:37:53 ET]
Table '3810340665 1' 3-max Seat #1 is the button
Seat 1: Mahu2021 (650 in chips) 
Seat 3: Krasachikdm (850 in chips) 
Mahu2021: posts small blind 30
Krasachikdm: posts big blind 60
*** HOLE CARDS ***
Dealt to Mahu2021 [9d 3d]
Mahu2021: calls 30
Krasachikdm: checks 
*** FLOP *** [Jh 8d Jc]
Krasachikdm: checks 
Mahu2021: bets 120
Krasachikdm: folds 
Uncalled bet (120) returned to Mahu2021
Mahu2021 collected 120 from pot
Mahu2021: doesn't show hand 
*** SUMMARY ***
Total pot 120 | Rake 0 
Board [Jh 8d Jc]
Seat 1: Mahu2021 (button) (small blind) collected (120)
Seat 3: Krasachikdm (big blind) folded on the Flop



PokerStars Hand #252858664764: Tournament #3810340665, $1.84+$0.16 USD Hold'em No Limit - Level IV (30/60) - 2024/10/10 16:38:17 CET [2024/10/10 10:38:17 ET]
Table '3810340665 1' 3-max Seat #3 is the button
Seat 1: Mahu2021 (710 in chips) 
Seat 3: Krasachikdm (790 in chips) 
Krasachikdm: posts small blind 30
Mahu2021: posts big blind 60
*** HOLE CARDS ***
Dealt to Mahu2021 [Ts 5d]
Krasachikdm: calls 30
Mahu2021: checks 
*** FLOP *** [Jc Th 2c]
Mahu2021: checks 
Krasachikdm: bets 60
Mahu2021: calls 60
*** TURN *** [Jc Th 2c] [8h]
Mahu2021: checks 
Krasachikdm: bets 90
Mahu2021: folds 
Uncalled bet (90) returned to Krasachikdm
Krasachikdm collected 240 from pot
Krasachikdm: doesn't show hand 
*** SUMMARY ***
Total pot 240 | Rake 0 
Board [Jc Th 2c 8h]
Seat 1: Mahu2021 (big blind) folded on the Turn
Seat 3: Krasachikdm (button) (small blind) collected (240)



PokerStars Hand #252858669040: Tournament #3810340665, $1.84+$0.16 USD Hold'em No Limit - Level IV (30/60) - 2024/10/10 16:38:39 CET [2024/10/10 10:38:39 ET]
Table '3810340665 1' 3-max Seat #1 is the button
Seat 1: Mahu2021 (590 in chips) 
Seat 3: Krasachikdm (910 in chips) 
Mahu2021: posts small blind 30
Krasachikdm: posts big blind 60
*** HOLE CARDS ***
Dealt to Mahu2021 [Ks Jd]
Mahu2021: raises 60 to 120
Krasachikdm: folds 
Uncalled bet (60) returned to Mahu2021
Mahu2021 collected 120 from pot
Mahu2021: doesn't show hand 
*** SUMMARY ***
Total pot 120 | Rake 0 
Seat 1: Mahu2021 (button) (small blind) collected (120)
Seat 3: Krasachikdm (big blind) folded before Flop



PokerStars Hand #252858671595: Tournament #3810340665, $1.84+$0.16 USD Hold'em No Limit - Level IV (30/60) - 2024/10/10 16:38:53 CET [2024/10/10 10:38:53 ET]
Table '3810340665 1' 3-max Seat #3 is the button
Seat 1: Mahu2021 (650 in chips) 
Seat 3: Krasachikdm (850 in chips) 
Krasachikdm: posts small blind 30
Mahu2021: posts big blind 60
*** HOLE CARDS ***
Dealt to Mahu2021 [8h 5h]
Krasachikdm: raises 790 to 850 and is all-in
Mahu2021: folds 
Uncalled bet (790) returned to Krasachikdm
Krasachikdm collected 120 from pot
Krasachikdm: doesn't show hand 
*** SUMMARY ***
Total pot 120 | Rake 0 
Seat 1: Mahu2021 (big blind) folded before Flop
Seat 3: Krasachikdm (button) (small blind) collected (120)



PokerStars Hand #252858673448: Tournament #3810340665, $1.84+$0.16 USD Hold'em No Limit - Level IV (30/60) - 2024/10/10 16:39:02 CET [2024/10/10 10:39:02 ET]
Table '3810340665 1' 3-max Seat #1 is the button
Seat 1: Mahu2021 (590 in chips) 
Seat 3: Krasachikdm (910 in chips) 
Mahu2021: posts small blind 30
Krasachikdm: posts big blind 60
*** HOLE CARDS ***
Dealt to Mahu2021 [Kd Ks]
Mahu2021: raises 530 to 590 and is all-in
Krasachikdm: calls 530
*** FLOP *** [Kh As Jd]
*** TURN *** [Kh As Jd] [6c]
*** RIVER *** [Kh As Jd 6c] [4h]
*** SHOW DOWN ***
Krasachikdm: shows [Js Ad] (two pair, Aces and Jacks)
Mahu2021: shows [Kd Ks] (three of a kind, Kings)
Mahu2021 collected 1180 from pot
*** SUMMARY ***
Total pot 1180 | Rake 0 
Board [Kh As Jd 6c 4h]
Seat 1: Mahu2021 (button) (small blind) showed [Kd Ks] and won (1180) with three of a kind, Kings
Seat 3: Krasachikdm (big blind) showed [Js Ad] and lost with two pair, Aces and Jacks



PokerStars Hand #252858676275: Tournament #3810340665, $1.84+$0.16 USD Hold'em No Limit - Level IV (30/60) - 2024/10/10 16:39:16 CET [2024/10/10 10:39:16 ET]
Table '3810340665 1' 3-max Seat #3 is the button
Seat 1: Mahu2021 (1180 in chips) 
Seat 3: Krasachikdm (320 in chips) 
Krasachikdm: posts small blind 30
Mahu2021: posts big blind 60
*** HOLE CARDS ***
Dealt to Mahu2021 [Qs Qh]
Krasachikdm: raises 260 to 320 and is all-in
Mahu2021: calls 260
*** FLOP *** [9s 5h Kc]
*** TURN *** [9s 5h Kc] [4s]
*** RIVER *** [9s 5h Kc 4s] [Ks]
*** SHOW DOWN ***
Mahu2021: shows [Qs Qh] (two pair, Kings and Queens)
Krasachikdm: shows [Qd 5d] (two pair, Kings and Fives)
Mahu2021 collected 640 from pot
Krasachikdm finished the tournament in 2nd place
Mahu2021 wins the tournament and receives $6.00 - congratulations!
*** SUMMARY ***
Total pot 640 | Rake 0 
Board [9s 5h Kc 4s Ks]
Seat 1: Mahu2021 (big blind) showed [Qs Qh] and won (640) with two pair, Kings and Queens
Seat 3: Krasachikdm (button) (small blind) showed [Qd 5d] and lost with two pair, Kings and Fives



