PokerStars Zoom Hand #254676421589:  Hold'em No Limit ($0.05/$0.10) - 2025/02/02 21:33:04 CET [2025/02/02 15:33:04 ET]
Table 'Aludra' 6-max Seat #1 is the button
Seat 1: steveps18 ($10.93 in chips) 
Seat 2: aces882 ($14.77 in chips) 
Seat 3: Mahu2021 ($10 in chips) 
Seat 4: lilou301 ($9.90 in chips) 
Seat 5: gashead1970 ($8.27 in chips) 
Seat 6: 2mad4fun ($9.76 in chips) 
aces882: posts small blind $0.05
Mahu2021: posts big blind $0.10
*** HOLE CARDS ***
Dealt to Mahu2021 [5d 7d]
lilou301: folds 
gashead1970: calls $0.10
2mad4fun: folds 
steveps18: folds 
aces882: folds 
Mahu2021: checks 
*** FLOP *** [Js 9h Qd]
Mahu2021: checks 
gashead1970: checks 
*** TURN *** [Js 9h Qd] [9d]
Mahu2021: checks 
gashead1970: checks 
*** RIVER *** [Js 9h Qd 9d] [Kd]
Mahu2021: bets $0.24
gashead1970: raises $0.24 to $0.48
Mahu2021: calls $0.24
*** SHOW DOWN ***
gashead1970: shows [Kc 2h] (two pair, Kings and Nines)
Mahu2021: shows [5d 7d] (a flush, King high)
Mahu2021 collected $1.16 from pot
*** SUMMARY ***
Total pot $1.21 | Rake $0.05 
Board [Js 9h Qd 9d Kd]
Seat 1: steveps18 (button) folded before Flop (didn't bet)
Seat 2: aces882 (small blind) folded before Flop
Seat 3: Mahu2021 (big blind) showed [5d 7d] and won ($1.16) with a flush, King high
Seat 4: lilou301 folded before Flop (didn't bet)
Seat 5: gashead1970 showed [Kc 2h] and lost with two pair, Kings and Nines
Seat 6: 2mad4fun folded before Flop (didn't bet)



PokerStars Zoom Hand #254676440392:  Hold'em No Limit ($0.05/$0.10) - 2025/02/02 21:33:53 CET [2025/02/02 15:33:53 ET]
Table 'Aludra' 6-max Seat #1 is the button
Seat 1: Chakman1990 ($23.91 in chips) 
Seat 2: Mahu2021 ($10.58 in chips) 
Seat 3: dragonlanc32 ($9.85 in chips) 
Seat 4: gashead1970 ($7.69 in chips) 
Seat 5: StarsKK ($13.67 in chips) 
Seat 6: anderson ca6 ($19.02 in chips) 
Mahu2021: posts small blind $0.05
dragonlanc32: posts big blind $0.10
*** HOLE CARDS ***
Dealt to Mahu2021 [Th 7h]
gashead1970: calls $0.10
StarsKK: folds 
anderson ca6: folds 
Chakman1990: folds 
Mahu2021: folds 
dragonlanc32: checks 
*** FLOP *** [3d Qc Js]
dragonlanc32: checks 
gashead1970: checks 
*** TURN *** [3d Qc Js] [2h]
dragonlanc32: checks 
gashead1970: checks 
*** RIVER *** [3d Qc Js 2h] [Qs]
dragonlanc32: checks 
gashead1970: checks 
*** SHOW DOWN ***
dragonlanc32: shows [6h Kh] (a pair of Queens)
gashead1970: shows [7d Kd] (a pair of Queens - King+Jack+Seven kicker)
gashead1970 collected $0.24 from pot
*** SUMMARY ***
Total pot $0.25 | Rake $0.01 
Board [3d Qc Js 2h Qs]
Seat 1: Chakman1990 (button) folded before Flop (didn't bet)
Seat 2: Mahu2021 (small blind) folded before Flop
Seat 3: dragonlanc32 (big blind) showed [6h Kh] and lost with a pair of Queens
Seat 4: gashead1970 showed [7d Kd] and won ($0.24) with a pair of Queens
Seat 5: StarsKK folded before Flop (didn't bet)
Seat 6: anderson ca6 folded before Flop (didn't bet)



PokerStars Zoom Hand #254676444052:  Hold'em No Limit ($0.05/$0.10) - 2025/02/02 21:34:02 CET [2025/02/02 15:34:02 ET]
Table 'Aludra' 6-max Seat #1 is the button
Seat 1: Mahu2021 ($10.53 in chips) 
Seat 2: avisvanrental ($9.75 in chips) 
Seat 3: guang1_lol ($10 in chips) 
Seat 4: vyaan65 ($11.48 in chips) 
Seat 5: dragonlanc32 ($10.88 in chips) 
Seat 6: steveps18 ($10.03 in chips) 
avisvanrental: posts small blind $0.05
guang1_lol: posts big blind $0.10
*** HOLE CARDS ***
Dealt to Mahu2021 [Ks 5h]
vyaan65: folds 
dragonlanc32: raises $0.15 to $0.25
steveps18: calls $0.25
Mahu2021: folds 
avisvanrental: folds 
guang1_lol: folds 
*** FLOP *** [Jd 5c 8s]
dragonlanc32: checks 
steveps18: bets $0.35
dragonlanc32: folds 
Uncalled bet ($0.35) returned to steveps18
steveps18 collected $0.62 from pot
steveps18: doesn't show hand 
*** SUMMARY ***
Total pot $0.65 | Rake $0.03 
Board [Jd 5c 8s]
Seat 1: Mahu2021 (button) folded before Flop (didn't bet)
Seat 2: avisvanrental (small blind) folded before Flop
Seat 3: guang1_lol (big blind) folded before Flop
Seat 4: vyaan65 folded before Flop (didn't bet)
Seat 5: dragonlanc32 folded on the Flop
Seat 6: steveps18 collected ($0.62)



PokerStars Zoom Hand #254676678517:  Hold'em No Limit ($0.05/$0.10) - 2025/02/02 21:44:03 CET [2025/02/02 15:44:03 ET]
Table 'Aludra' 6-max Seat #1 is the button
Seat 1: MaveCrush ($7.50 in chips) 
Seat 2: kloniss ($15.31 in chips) 
Seat 3: Danielitoosk ($27.48 in chips) 
Seat 4: Lmss14 ($6.51 in chips) 
Seat 5: Mahu2021 ($10.53 in chips) 
Seat 6: RoWw23 ($10 in chips) 
kloniss: posts small blind $0.05
Danielitoosk: posts big blind $0.10
*** HOLE CARDS ***
Dealt to Mahu2021 [3d 8c]
Lmss14: folds 
Mahu2021: folds 
RoWw23: raises $0.15 to $0.25
MaveCrush: folds 
kloniss: folds 
Danielitoosk: folds 
Uncalled bet ($0.15) returned to RoWw23
RoWw23 collected $0.25 from pot
RoWw23: doesn't show hand 
*** SUMMARY ***
Total pot $0.25 | Rake $0 
Seat 1: MaveCrush (button) folded before Flop (didn't bet)
Seat 2: kloniss (small blind) folded before Flop
Seat 3: Danielitoosk (big blind) folded before Flop
Seat 4: Lmss14 folded before Flop (didn't bet)
Seat 5: Mahu2021 folded before Flop (didn't bet)
Seat 6: RoWw23 collected ($0.25)



PokerStars Zoom Hand #254676683651:  Hold'em No Limit ($0.05/$0.10) - 2025/02/02 21:44:16 CET [2025/02/02 15:44:16 ET]
Table 'Aludra' 6-max Seat #1 is the button
Seat 1: oocs ($10 in chips) 
Seat 2: grunge&punk ($11.04 in chips) 
Seat 3: Mahu2021 ($10.53 in chips) 
Seat 4: Underbart424 ($10.71 in chips) 
Seat 5: MaeBolada ($11.07 in chips) 
Seat 6: Belphegor228 ($12.05 in chips) 
grunge&punk: posts small blind $0.05
Mahu2021: posts big blind $0.10
*** HOLE CARDS ***
Dealt to Mahu2021 [Qd 4c]
Underbart424: folds 
MaeBolada: folds 
Belphegor228: raises $0.15 to $0.25
oocs: folds 
grunge&punk: folds 
Mahu2021: folds 
Uncalled bet ($0.15) returned to Belphegor228
Belphegor228 collected $0.25 from pot
Belphegor228: doesn't show hand 
*** SUMMARY ***
Total pot $0.25 | Rake $0 
Seat 1: oocs (button) folded before Flop (didn't bet)
Seat 2: grunge&punk (small blind) folded before Flop
Seat 3: Mahu2021 (big blind) folded before Flop
Seat 4: Underbart424 folded before Flop (didn't bet)
Seat 5: MaeBolada folded before Flop (didn't bet)
Seat 6: Belphegor228 collected ($0.25)



PokerStars Zoom Hand #254676675515:  Hold'em No Limit ($0.05/$0.10) - 2025/02/02 21:43:55 CET [2025/02/02 15:43:55 ET]
Table 'Aludra' 6-max Seat #1 is the button
Seat 1: oocs ($10 in chips) 
Seat 2: ravenrtw ($3.72 in chips) 
Seat 3: VoltaireReplica ($28.25 in chips) 
Seat 4: Roma88K ($11.28 in chips) 
Seat 5: Chakman1990 ($25.92 in chips) 
Seat 6: Mahu2021 ($10.53 in chips) 
ravenrtw: posts small blind $0.05
VoltaireReplica: posts big blind $0.10
*** HOLE CARDS ***
Dealt to Mahu2021 [3d Jh]
Roma88K: raises $0.20 to $0.30
Chakman1990: folds 
Mahu2021: folds 
oocs: folds 
ravenrtw: calls $0.25
VoltaireReplica: folds 
*** FLOP *** [4c Ks 7s]
ravenrtw: checks 
Roma88K: bets $0.10
ravenrtw: calls $0.10
*** TURN *** [4c Ks 7s] [Th]
ravenrtw: checks 
Roma88K: bets $0.33
ravenrtw: raises $0.33 to $0.66
Roma88K: raises $0.33 to $0.99
ravenrtw: raises $2.33 to $3.32 and is all-in
Roma88K: calls $2.33
*** RIVER *** [4c Ks 7s Th] [6d]
*** SHOW DOWN ***
ravenrtw: shows [5s 5c] (a pair of Fives)
Roma88K: shows [Ah Ac] (a pair of Aces)
Roma88K collected $7.20 from pot
*** SUMMARY ***
Total pot $7.54 | Rake $0.34 
Board [4c Ks 7s Th 6d]
Seat 1: oocs (button) folded before Flop (didn't bet)
Seat 2: ravenrtw (small blind) showed [5s 5c] and lost with a pair of Fives
Seat 3: VoltaireReplica (big blind) folded before Flop
Seat 4: Roma88K showed [Ah Ac] and won ($7.20) with a pair of Aces
Seat 5: Chakman1990 folded before Flop (didn't bet)
Seat 6: Mahu2021 folded before Flop (didn't bet)



PokerStars Zoom Hand #254676679959:  Hold'em No Limit ($0.05/$0.10) - 2025/02/02 21:44:07 CET [2025/02/02 15:44:07 ET]
Table 'Aludra' 6-max Seat #1 is the button
Seat 1: 8ujn ($8.13 in chips) 
Seat 2: grunge&punk ($9.98 in chips) 
Seat 3: partiipokra ($5 in chips) 
Seat 4: Mahu2021 ($10.53 in chips) 
Seat 5: aces882 ($10.05 in chips) 
Seat 6: MaveCrush ($7.50 in chips) 
grunge&punk: posts small blind $0.05
partiipokra: posts big blind $0.10
*** HOLE CARDS ***
Dealt to Mahu2021 [2h Ad]
Mahu2021: folds 
aces882: raises $0.10 to $0.20
MaveCrush: folds 
8ujn: calls $0.20
grunge&punk: folds 
partiipokra: calls $0.10
*** FLOP *** [9h Th 7c]
partiipokra: checks 
aces882: checks 
8ujn: checks 
*** TURN *** [9h Th 7c] [2s]
partiipokra: checks 
aces882: checks 
8ujn: checks 
*** RIVER *** [9h Th 7c 2s] [4c]
partiipokra: bets $0.31
aces882: folds 
8ujn: raises $2.54 to $2.85
partiipokra: folds 
Uncalled bet ($2.54) returned to 8ujn
8ujn collected $1.21 from pot
8ujn: doesn't show hand 
*** SUMMARY ***
Total pot $1.27 | Rake $0.06 
Board [9h Th 7c 2s 4c]
Seat 1: 8ujn (button) collected ($1.21)
Seat 2: grunge&punk (small blind) folded before Flop
Seat 3: partiipokra (big blind) folded on the River
Seat 4: Mahu2021 folded before Flop (didn't bet)
Seat 5: aces882 folded on the River
Seat 6: MaveCrush folded before Flop (didn't bet)



PokerStars Zoom Hand #254676682067:  Hold'em No Limit ($0.05/$0.10) - 2025/02/02 21:44:12 CET [2025/02/02 15:44:12 ET]
Table 'Aludra' 6-max Seat #1 is the button
Seat 1: shoromonoko ($6.62 in chips) 
Seat 2: TheLonelyGuy ($10.02 in chips) 
Seat 3: aki52857 ($11.63 in chips) 
Seat 4: Mahu2021 ($10.53 in chips) 
Seat 5: aces882 ($10.16 in chips) 
Seat 6: der_dennis_d ($11.65 in chips) 
TheLonelyGuy: posts small blind $0.05
aki52857: posts big blind $0.10
*** HOLE CARDS ***
Dealt to Mahu2021 [9s 4s]
Mahu2021: folds 
aces882: folds 
der_dennis_d: folds 
shoromonoko: raises $0.20 to $0.30
TheLonelyGuy: folds 
aki52857: folds 
Uncalled bet ($0.20) returned to shoromonoko
shoromonoko collected $0.25 from pot
shoromonoko: doesn't show hand 
*** SUMMARY ***
Total pot $0.25 | Rake $0 
Seat 1: shoromonoko (button) collected ($0.25)
Seat 2: TheLonelyGuy (small blind) folded before Flop
Seat 3: aki52857 (big blind) folded before Flop
Seat 4: Mahu2021 folded before Flop (didn't bet)
Seat 5: aces882 folded before Flop (didn't bet)
Seat 6: der_dennis_d folded before Flop (didn't bet)



PokerStars Zoom Hand #254676686435:  Hold'em No Limit ($0.05/$0.10) - 2025/02/02 21:44:23 CET [2025/02/02 15:44:23 ET]
Table 'Aludra' 6-max Seat #1 is the button
Seat 1: aces882 ($13.85 in chips) 
Seat 2: Mahu2021 ($10.43 in chips) 
Seat 3: RoWw23 ($10.15 in chips) 
Seat 4: nomelembro ($14.84 in chips) 
Seat 5: CockneySpara ($12.51 in chips) 
Seat 6: ChoboPower ($10.40 in chips) 
Mahu2021: posts small blind $0.05
RoWw23: posts big blind $0.10
*** HOLE CARDS ***
Dealt to Mahu2021 [4s As]
nomelembro: folds 
CockneySpara: folds 
ChoboPower: folds 
aces882: folds 
Mahu2021: raises $0.20 to $0.30
RoWw23: calls $0.20
*** FLOP *** [Ac Ks 5c]
Mahu2021: bets $0.30
RoWw23: calls $0.30
*** TURN *** [Ac Ks 5c] [5s]
Mahu2021: bets $0.30
RoWw23: calls $0.30
*** RIVER *** [Ac Ks 5c 5s] [Tc]
Mahu2021: bets $0.30
RoWw23: raises $0.90 to $1.20
Mahu2021: calls $0.90
*** SHOW DOWN ***
RoWw23: shows [2c 4c] (a flush, Ace high)
Mahu2021: mucks hand 
RoWw23 collected $4.01 from pot
*** SUMMARY ***
Total pot $4.20 | Rake $0.19 
Board [Ac Ks 5c 5s Tc]
Seat 1: aces882 (button) folded before Flop (didn't bet)
Seat 2: Mahu2021 (small blind) mucked [4s As]
Seat 3: RoWw23 (big blind) showed [2c 4c] and won ($4.01) with a flush, Ace high
Seat 4: nomelembro folded before Flop (didn't bet)
Seat 5: CockneySpara folded before Flop (didn't bet)
Seat 6: ChoboPower folded before Flop (didn't bet)



PokerStars Zoom Hand #254676710400:  Hold'em No Limit ($0.05/$0.10) - 2025/02/02 21:45:25 CET [2025/02/02 15:45:25 ET]
Table 'Aludra' 6-max Seat #1 is the button
Seat 1: Mahu2021 ($8.33 in chips) 
Seat 2: 88Aurum88 ($10 in chips) 
Seat 3: Spud1729 ($10.69 in chips) 
Seat 4: partiipokra ($4.34 in chips) 
Seat 5: guang1_lol ($20.78 in chips) 
Seat 6: acvbhnet ($2.95 in chips) 
88Aurum88: posts small blind $0.05
Spud1729: posts big blind $0.10
*** HOLE CARDS ***
Dealt to Mahu2021 [4s 5s]
partiipokra: folds 
guang1_lol: folds 
acvbhnet: folds 
Mahu2021: raises $0.20 to $0.30
88Aurum88: folds 
Spud1729: calls $0.20
*** FLOP *** [3s 3h Jc]
Spud1729: checks 
Mahu2021: checks 
*** TURN *** [3s 3h Jc] [Qc]
Spud1729: bets $0.31
Mahu2021: folds 
Uncalled bet ($0.31) returned to Spud1729
Spud1729 collected $0.62 from pot
Spud1729: doesn't show hand 
*** SUMMARY ***
Total pot $0.65 | Rake $0.03 
Board [3s 3h Jc Qc]
Seat 1: Mahu2021 (button) folded on the Turn
Seat 2: 88Aurum88 (small blind) folded before Flop
Seat 3: Spud1729 (big blind) collected ($0.62)
Seat 4: partiipokra folded before Flop (didn't bet)
Seat 5: guang1_lol folded before Flop (didn't bet)
Seat 6: acvbhnet folded before Flop (didn't bet)



PokerStars Zoom Hand #254676723355:  Hold'em No Limit ($0.05/$0.10) - 2025/02/02 21:45:58 CET [2025/02/02 15:45:58 ET]
Table 'Aludra' 6-max Seat #1 is the button
Seat 1: nomelembro ($15.77 in chips) 
Seat 2: Spud1729 ($11.01 in chips) 
Seat 3: Mahu2021 ($8.03 in chips) 
Seat 4: Belphegor228 ($12.45 in chips) 
Seat 5: GoodGame1989 ($10.15 in chips) 
Seat 6: geo3pokerr ($14.48 in chips) 
Spud1729: posts small blind $0.05
Mahu2021: posts big blind $0.10
*** HOLE CARDS ***
Dealt to Mahu2021 [Qc 6h]
Belphegor228: folds 
GoodGame1989: raises $0.11 to $0.21
geo3pokerr: folds 
nomelembro: folds 
Spud1729: folds 
Mahu2021: folds 
Uncalled bet ($0.11) returned to GoodGame1989
GoodGame1989 collected $0.25 from pot
GoodGame1989: doesn't show hand 
*** SUMMARY ***
Total pot $0.25 | Rake $0 
Seat 1: nomelembro (button) folded before Flop (didn't bet)
Seat 2: Spud1729 (small blind) folded before Flop
Seat 3: Mahu2021 (big blind) folded before Flop
Seat 4: Belphegor228 folded before Flop (didn't bet)
Seat 5: GoodGame1989 collected ($0.25)
Seat 6: geo3pokerr folded before Flop (didn't bet)



PokerStars Zoom Hand #254676725993:  Hold'em No Limit ($0.05/$0.10) - 2025/02/02 21:46:05 CET [2025/02/02 15:46:05 ET]
Table 'Aludra' 6-max Seat #1 is the button
Seat 1: Spud1729 ($10.96 in chips) 
Seat 2: Lomoya ($4.15 in chips) 
Seat 3: MaeBolada ($17.89 in chips) 
Seat 4: der_dennis_d ($14.70 in chips) 
Seat 5: Karina2707 ($13.28 in chips) 
Seat 6: Mahu2021 ($7.93 in chips) 
Lomoya: posts small blind $0.05
MaeBolada: posts big blind $0.10
*** HOLE CARDS ***
Dealt to Mahu2021 [Kc 3s]
der_dennis_d: folds 
Karina2707: folds 
Mahu2021: folds 
Spud1729: raises $0.20 to $0.30
Lomoya: folds 
MaeBolada: folds 
Uncalled bet ($0.20) returned to Spud1729
Spud1729 collected $0.25 from pot
Spud1729: doesn't show hand 
*** SUMMARY ***
Total pot $0.25 | Rake $0 
Seat 1: Spud1729 (button) collected ($0.25)
Seat 2: Lomoya (small blind) folded before Flop
Seat 3: MaeBolada (big blind) folded before Flop
Seat 4: der_dennis_d folded before Flop (didn't bet)
Seat 5: Karina2707 folded before Flop (didn't bet)
Seat 6: Mahu2021 folded before Flop (didn't bet)



PokerStars Zoom Hand #254676727537:  Hold'em No Limit ($0.05/$0.10) - 2025/02/02 21:46:09 CET [2025/02/02 15:46:09 ET]
Table 'Aludra' 6-max Seat #1 is the button
Seat 1: guang1_lol ($17.13 in chips) 
Seat 2: gamma720 ($16.99 in chips) 
Seat 3: aces882 ($10.23 in chips) 
Seat 4: Mahu2021 ($7.93 in chips) 
Seat 5: Andrey458 ($10.20 in chips) 
Seat 6: SEM_001 ($20.52 in chips) 
gamma720: posts small blind $0.05
aces882: posts big blind $0.10
*** HOLE CARDS ***
Dealt to Mahu2021 [2d 5d]
Mahu2021: folds 
Andrey458: raises $0.15 to $0.25
SEM_001: folds 
guang1_lol: folds 
gamma720: folds 
aces882: folds 
Uncalled bet ($0.15) returned to Andrey458
Andrey458 collected $0.25 from pot
Andrey458: doesn't show hand 
*** SUMMARY ***
Total pot $0.25 | Rake $0 
Seat 1: guang1_lol (button) folded before Flop (didn't bet)
Seat 2: gamma720 (small blind) folded before Flop
Seat 3: aces882 (big blind) folded before Flop
Seat 4: Mahu2021 folded before Flop (didn't bet)
Seat 5: Andrey458 collected ($0.25)
Seat 6: SEM_001 folded before Flop (didn't bet)



PokerStars Zoom Hand #254676732634:  Hold'em No Limit ($0.05/$0.10) - 2025/02/02 21:46:23 CET [2025/02/02 15:46:23 ET]
Table 'Aludra' 6-max Seat #1 is the button
Seat 1: grunge&punk ($12.56 in chips) 
Seat 2: 88Aurum88 ($10 in chips) 
Seat 3: WTF-OMG-TY ($9.65 in chips) 
Seat 4: mynutsmakemoney ($23.34 in chips) 
Seat 5: JRaise10 ($26.09 in chips) 
Seat 6: Mahu2021 ($7.88 in chips) 
88Aurum88: posts small blind $0.05
WTF-OMG-TY: posts big blind $0.10
*** HOLE CARDS ***
Dealt to Mahu2021 [4d 6h]
mynutsmakemoney: folds 
JRaise10: folds 
Mahu2021: folds 
grunge&punk: folds 
88Aurum88: folds 
Uncalled bet ($0.05) returned to WTF-OMG-TY
WTF-OMG-TY collected $0.10 from pot
WTF-OMG-TY: doesn't show hand 
*** SUMMARY ***
Total pot $0.10 | Rake $0 
Seat 1: grunge&punk (button) folded before Flop (didn't bet)
Seat 2: 88Aurum88 (small blind) folded before Flop
Seat 3: WTF-OMG-TY (big blind) collected ($0.10)
Seat 4: mynutsmakemoney folded before Flop (didn't bet)
Seat 5: JRaise10 folded before Flop (didn't bet)
Seat 6: Mahu2021 folded before Flop (didn't bet)



PokerStars Zoom Hand #254676731006:  Hold'em No Limit ($0.05/$0.10) - 2025/02/02 21:46:18 CET [2025/02/02 15:46:18 ET]
Table 'Aludra' 6-max Seat #1 is the button
Seat 1: ianuaXII ($10.63 in chips) 
Seat 2: Mahu2021 ($7.93 in chips) 
Seat 3: Spud1729 ($8 in chips) 
Seat 4: Ziigismund ($9.77 in chips) 
Seat 5: kar4tune ($32.32 in chips) 
Seat 6: Andrey458 ($10.25 in chips) 
Mahu2021: posts small blind $0.05
Spud1729: posts big blind $0.10
*** HOLE CARDS ***
Dealt to Mahu2021 [9d 6c]
Ziigismund: folds 
kar4tune: folds 
Andrey458: folds 
ianuaXII: raises $0.15 to $0.25
Mahu2021: folds 
Spud1729: folds 
Uncalled bet ($0.15) returned to ianuaXII
ianuaXII collected $0.25 from pot
ianuaXII: doesn't show hand 
*** SUMMARY ***
Total pot $0.25 | Rake $0 
Seat 1: ianuaXII (button) collected ($0.25)
Seat 2: Mahu2021 (small blind) folded before Flop
Seat 3: Spud1729 (big blind) folded before Flop
Seat 4: Ziigismund folded before Flop (didn't bet)
Seat 5: kar4tune folded before Flop (didn't bet)
Seat 6: Andrey458 folded before Flop (didn't bet)



PokerStars Zoom Hand #254676733842:  Hold'em No Limit ($0.05/$0.10) - 2025/02/02 21:46:26 CET [2025/02/02 15:46:26 ET]
Table 'Aludra' 6-max Seat #1 is the button
Seat 1: GMTalleyrand ($11.22 in chips) 
Seat 2: Cut0ffCoffee ($10 in chips) 
Seat 3: VoltaireReplica ($13.73 in chips) 
Seat 4: shoromonoko ($10.86 in chips) 
Seat 5: Mahu2021 ($7.88 in chips) 
Seat 6: oocs ($11.78 in chips) 
Cut0ffCoffee: posts small blind $0.05
VoltaireReplica: posts big blind $0.10
*** HOLE CARDS ***
Dealt to Mahu2021 [3d 3h]
shoromonoko: folds 
Mahu2021: raises $0.14 to $0.24
oocs: folds 
GMTalleyrand: folds 
Cut0ffCoffee: folds 
VoltaireReplica: folds 
Uncalled bet ($0.14) returned to Mahu2021
Mahu2021 collected $0.25 from pot
Mahu2021: doesn't show hand 
*** SUMMARY ***
Total pot $0.25 | Rake $0 
Seat 1: GMTalleyrand (button) folded before Flop (didn't bet)
Seat 2: Cut0ffCoffee (small blind) folded before Flop
Seat 3: VoltaireReplica (big blind) folded before Flop
Seat 4: shoromonoko folded before Flop (didn't bet)
Seat 5: Mahu2021 collected ($0.25)
Seat 6: oocs folded before Flop (didn't bet)



PokerStars Zoom Hand #254676729469:  Hold'em No Limit ($0.05/$0.10) - 2025/02/02 21:46:14 CET [2025/02/02 15:46:14 ET]
Table 'Aludra' 6-max Seat #1 is the button
Seat 1: Mahu2021 ($7.93 in chips) 
Seat 2: MaeBolada ($23.65 in chips) 
Seat 3: GoodGame1989 ($10.29 in chips) 
Seat 4: ianuaXII ($10.63 in chips) 
Seat 5: mynutsmakemoney ($23.34 in chips) 
Seat 6: oocs ($10.73 in chips) 
MaeBolada: posts small blind $0.05
GoodGame1989: posts big blind $0.10
*** HOLE CARDS ***
Dealt to Mahu2021 [7h 5d]
ianuaXII: folds 
mynutsmakemoney: folds 
oocs: raises $0.15 to $0.25
Mahu2021: folds 
MaeBolada: raises $0.75 to $1
GoodGame1989: folds 
oocs: raises $1.30 to $2.30
MaeBolada: folds 
Uncalled bet ($1.30) returned to oocs
oocs collected $2.10 from pot
oocs: doesn't show hand 
*** SUMMARY ***
Total pot $2.10 | Rake $0 
Seat 1: Mahu2021 (button) folded before Flop (didn't bet)
Seat 2: MaeBolada (small blind) folded before Flop
Seat 3: GoodGame1989 (big blind) folded before Flop
Seat 4: ianuaXII folded before Flop (didn't bet)
Seat 5: mynutsmakemoney folded before Flop (didn't bet)
Seat 6: oocs collected ($2.10)



PokerStars Zoom Hand #254676740065:  Hold'em No Limit ($0.05/$0.10) - 2025/02/02 21:46:41 CET [2025/02/02 15:46:41 ET]
Table 'Aludra' 6-max Seat #1 is the button
Seat 1: Spud1729 ($10.70 in chips) 
Seat 2: Andrey458 ($10.50 in chips) 
Seat 3: andersompb ($22.42 in chips) 
Seat 4: guang1_lol ($10 in chips) 
Seat 5: Mahu2021 ($8.03 in chips) 
Seat 6: Sgurilaos ($14.95 in chips) 
Andrey458: posts small blind $0.05
andersompb: posts big blind $0.10
*** HOLE CARDS ***
Dealt to Mahu2021 [Td Ad]
guang1_lol: folds 
Mahu2021: raises $0.14 to $0.24
Sgurilaos: folds 
Spud1729: folds 
Andrey458: folds 
andersompb: folds 
Uncalled bet ($0.14) returned to Mahu2021
Mahu2021 collected $0.25 from pot
Mahu2021: doesn't show hand 
*** SUMMARY ***
Total pot $0.25 | Rake $0 
Seat 1: Spud1729 (button) folded before Flop (didn't bet)
Seat 2: Andrey458 (small blind) folded before Flop
Seat 3: andersompb (big blind) folded before Flop
Seat 4: guang1_lol folded before Flop (didn't bet)
Seat 5: Mahu2021 collected ($0.25)
Seat 6: Sgurilaos folded before Flop (didn't bet)



PokerStars Zoom Hand #254676747148:  Hold'em No Limit ($0.05/$0.10) - 2025/02/02 21:47:00 CET [2025/02/02 15:47:00 ET]
Table 'Aludra' 6-max Seat #1 is the button
Seat 1: Gimme63 ($15.52 in chips) 
Seat 2: GoodGame1989 ($10.19 in chips) 
Seat 3: Mahu2021 ($8.18 in chips) 
Seat 4: MaveCrush ($8.65 in chips) 
Seat 5: 88Aurum88 ($13.92 in chips) 
Seat 6: AR1AD1 ($14.10 in chips) 
GoodGame1989: posts small blind $0.05
Mahu2021: posts big blind $0.10
*** HOLE CARDS ***
Dealt to Mahu2021 [6s 7c]
MaveCrush: folds 
88Aurum88: raises $0.12 to $0.22
AR1AD1: folds 
Gimme63: folds 
GoodGame1989: folds 
Mahu2021: calls $0.12
*** FLOP *** [Ad 2h 5h]
Mahu2021: checks 
88Aurum88: bets $0.14
Mahu2021: folds 
Uncalled bet ($0.14) returned to 88Aurum88
88Aurum88 collected $0.47 from pot
88Aurum88: doesn't show hand 
*** SUMMARY ***
Total pot $0.49 | Rake $0.02 
Board [Ad 2h 5h]
Seat 1: Gimme63 (button) folded before Flop (didn't bet)
Seat 2: GoodGame1989 (small blind) folded before Flop
Seat 3: Mahu2021 (big blind) folded on the Flop
Seat 4: MaveCrush folded before Flop (didn't bet)
Seat 5: 88Aurum88 collected ($0.47)
Seat 6: AR1AD1 folded before Flop (didn't bet)



PokerStars Zoom Hand #254676759075:  Hold'em No Limit ($0.05/$0.10) - 2025/02/02 21:47:31 CET [2025/02/02 15:47:31 ET]
Table 'Aludra' 6-max Seat #1 is the button
Seat 1: Mahu2021 ($7.96 in chips) 
Seat 2: grunge&punk ($11.51 in chips) 
Seat 3: elpe11 ($6.89 in chips) 
Seat 4: kar4tune ($32.24 in chips) 
Seat 5: oocs ($11.68 in chips) 
Seat 6: Andrey458 ($10.61 in chips) 
grunge&punk: posts small blind $0.05
elpe11: posts big blind $0.10
*** HOLE CARDS ***
Dealt to Mahu2021 [Qd Kd]
kar4tune: folds 
oocs: raises $0.15 to $0.25
Andrey458: folds 
Mahu2021: calls $0.25
grunge&punk: folds 
elpe11: folds 
*** FLOP *** [Kc 9h 3c]
oocs: bets $0.48
Mahu2021: calls $0.48
*** TURN *** [Kc 9h 3c] [2s]
oocs: bets $1.93
Mahu2021: calls $1.93
*** RIVER *** [Kc 9h 3c 2s] [2d]
oocs: bets $9.02 and is all-in
Mahu2021: calls $5.30 and is all-in
Uncalled bet ($3.72) returned to oocs
*** SHOW DOWN ***
oocs: shows [As Ac] (two pair, Aces and Deuces)
Mahu2021: shows [Qd Kd] (two pair, Kings and Deuces)
oocs collected $15.35 from pot
*** SUMMARY ***
Total pot $16.07 | Rake $0.72 
Board [Kc 9h 3c 2s 2d]
Seat 1: Mahu2021 (button) showed [Qd Kd] and lost with two pair, Kings and Deuces
Seat 2: grunge&punk (small blind) folded before Flop
Seat 3: elpe11 (big blind) folded before Flop
Seat 4: kar4tune folded before Flop (didn't bet)
Seat 5: oocs showed [As Ac] and won ($15.35) with two pair, Aces and Deuces
Seat 6: Andrey458 folded before Flop (didn't bet)



