PokerStars Hand #249162397622: Tournament #3722796604, $1.84+$0.16 USD Hold'em No Limit - Level I (10/20) - 2024/02/29 21:41:42 CET [2024/02/29 15:41:42 ET]
Table '3722796604 1' 3-max Seat #1 is the button
Seat 1: Mahu2021 (500 in chips) 
Seat 2: Yudster67 (500 in chips) 
Seat 3: EidlehS (500 in chips) 
Yudster67: posts small blind 10
EidlehS: posts big blind 20
*** HOLE CARDS ***
Dealt to Mahu2021 [5c 7d]
Mahu2021: folds 
Yudster67: calls 10
EidlehS: checks 
*** FLOP *** [Kd 9d Ks]
Yudster67: checks 
EidlehS: checks 
*** TURN *** [Kd 9d Ks] [2c]
Yudster67: checks 
EidlehS: checks 
*** RIVER *** [Kd 9d Ks 2c] [3d]
Yudster67: checks 
EidlehS: checks 
*** SHOW DOWN ***
Yudster67: shows [7h 6s] (a pair of Kings)
EidlehS: shows [Qc 2s] (two pair, Kings and Deuces)
EidlehS collected 40 from pot
*** SUMMARY ***
Total pot 40 | Rake 0 
Board [Kd 9d Ks 2c 3d]
Seat 1: Mahu2021 (button) folded before Flop (didn't bet)
Seat 2: Yudster67 (small blind) showed [7h 6s] and lost with a pair of Kings
Seat 3: EidlehS (big blind) showed [Qc 2s] and won (40) with two pair, Kings and Deuces



PokerStars Hand #249162410098: Tournament #3722796604, $1.84+$0.16 USD Hold'em No Limit - Level I (10/20) - 2024/02/29 21:42:18 CET [2024/02/29 15:42:18 ET]
Table '3722796604 1' 3-max Seat #2 is the button
Seat 1: Mahu2021 (500 in chips) 
Seat 2: Yudster67 (480 in chips) 
Seat 3: EidlehS (520 in chips) 
EidlehS: posts small blind 10
Mahu2021: posts big blind 20
*** HOLE CARDS ***
Dealt to Mahu2021 [6s 2c]
Yudster67: calls 20
EidlehS: folds 
Mahu2021: checks 
*** FLOP *** [9c 4c 2s]
Mahu2021: checks 
Yudster67: bets 20
Mahu2021: calls 20
*** TURN *** [9c 4c 2s] [Kc]
Mahu2021: checks 
Yudster67: bets 45
Mahu2021: calls 45
*** RIVER *** [9c 4c 2s Kc] [Kd]
Mahu2021: checks 
Yudster67: checks 
*** SHOW DOWN ***
Mahu2021: shows [6s 2c] (two pair, Kings and Deuces)
Yudster67: shows [9d 2d] (two pair, Kings and Nines)
Yudster67 collected 180 from pot
*** SUMMARY ***
Total pot 180 | Rake 0 
Board [9c 4c 2s Kc Kd]
Seat 1: Mahu2021 (big blind) showed [6s 2c] and lost with two pair, Kings and Deuces
Seat 2: Yudster67 (button) showed [9d 2d] and won (180) with two pair, Kings and Nines
Seat 3: EidlehS (small blind) folded before Flop



PokerStars Hand #249162423337: Tournament #3722796604, $1.84+$0.16 USD Hold'em No Limit - Level I (10/20) - 2024/02/29 21:42:57 CET [2024/02/29 15:42:57 ET]
Table '3722796604 1' 3-max Seat #3 is the button
Seat 1: Mahu2021 (415 in chips) 
Seat 2: Yudster67 (575 in chips) 
Seat 3: EidlehS (510 in chips) 
Mahu2021: posts small blind 10
Yudster67: posts big blind 20
*** HOLE CARDS ***
Dealt to Mahu2021 [Tc 2d]
EidlehS: folds 
Mahu2021: folds 
Uncalled bet (10) returned to Yudster67
Yudster67 collected 20 from pot
Yudster67: doesn't show hand 
*** SUMMARY ***
Total pot 20 | Rake 0 
Seat 1: Mahu2021 (small blind) folded before Flop
Seat 2: Yudster67 (big blind) collected (20)
Seat 3: EidlehS (button) folded before Flop (didn't bet)



PokerStars Hand #249162425793: Tournament #3722796604, $1.84+$0.16 USD Hold'em No Limit - Level I (10/20) - 2024/02/29 21:43:04 CET [2024/02/29 15:43:04 ET]
Table '3722796604 1' 3-max Seat #1 is the button
Seat 1: Mahu2021 (405 in chips) 
Seat 2: Yudster67 (585 in chips) 
Seat 3: EidlehS (510 in chips) 
Yudster67: posts small blind 10
EidlehS: posts big blind 20
*** HOLE CARDS ***
Dealt to Mahu2021 [5c 3c]
Mahu2021: raises 20 to 40
Yudster67: folds 
EidlehS: folds 
Uncalled bet (20) returned to Mahu2021
Mahu2021 collected 50 from pot
Mahu2021: doesn't show hand 
*** SUMMARY ***
Total pot 50 | Rake 0 
Seat 1: Mahu2021 (button) collected (50)
Seat 2: Yudster67 (small blind) folded before Flop
Seat 3: EidlehS (big blind) folded before Flop



PokerStars Hand #249162431475: Tournament #3722796604, $1.84+$0.16 USD Hold'em No Limit - Level I (10/20) - 2024/02/29 21:43:20 CET [2024/02/29 15:43:20 ET]
Table '3722796604 1' 3-max Seat #2 is the button
Seat 1: Mahu2021 (435 in chips) 
Seat 2: Yudster67 (575 in chips) 
Seat 3: EidlehS (490 in chips) 
EidlehS: posts small blind 10
Mahu2021: posts big blind 20
*** HOLE CARDS ***
Dealt to Mahu2021 [9c 6h]
Yudster67: calls 20
EidlehS: calls 10
Mahu2021: checks 
*** FLOP *** [2h 4d 4c]
EidlehS: bets 40
Mahu2021: folds 
Yudster67: raises 100 to 140
EidlehS: calls 100
*** TURN *** [2h 4d 4c] [Td]
EidlehS: bets 330 and is all-in
Yudster67: folds 
Uncalled bet (330) returned to EidlehS
EidlehS collected 340 from pot
EidlehS: doesn't show hand 
*** SUMMARY ***
Total pot 340 | Rake 0 
Board [2h 4d 4c Td]
Seat 1: Mahu2021 (big blind) folded on the Flop
Seat 2: Yudster67 (button) folded on the Turn
Seat 3: EidlehS (small blind) collected (340)



PokerStars Hand #249162448312: Tournament #3722796604, $1.84+$0.16 USD Hold'em No Limit - Level II (15/30) - 2024/02/29 21:44:10 CET [2024/02/29 15:44:10 ET]
Table '3722796604 1' 3-max Seat #3 is the button
Seat 1: Mahu2021 (415 in chips) 
Seat 2: Yudster67 (415 in chips) 
Seat 3: EidlehS (670 in chips) 
Mahu2021: posts small blind 15
Yudster67: posts big blind 30
*** HOLE CARDS ***
Dealt to Mahu2021 [2d 5d]
EidlehS: raises 30 to 60
Mahu2021: calls 45
Yudster67: folds 
*** FLOP *** [Ts Qh 4d]
Mahu2021: checks 
EidlehS: bets 75
Mahu2021: folds 
Uncalled bet (75) returned to EidlehS
EidlehS collected 150 from pot
EidlehS: doesn't show hand 
*** SUMMARY ***
Total pot 150 | Rake 0 
Board [Ts Qh 4d]
Seat 1: Mahu2021 (small blind) folded on the Flop
Seat 2: Yudster67 (big blind) folded before Flop
Seat 3: EidlehS (button) collected (150)



PokerStars Hand #249162454935: Tournament #3722796604, $1.84+$0.16 USD Hold'em No Limit - Level II (15/30) - 2024/02/29 21:44:29 CET [2024/02/29 15:44:29 ET]
Table '3722796604 1' 3-max Seat #1 is the button
Seat 1: Mahu2021 (355 in chips) 
Seat 2: Yudster67 (385 in chips) 
Seat 3: EidlehS (760 in chips) 
Yudster67: posts small blind 15
EidlehS: posts big blind 30
*** HOLE CARDS ***
Dealt to Mahu2021 [9h Jd]
Mahu2021: folds 
Yudster67: raises 30 to 60
EidlehS: raises 30 to 90
Yudster67: calls 30
*** FLOP *** [Qd 4c 7h]
Yudster67: checks 
EidlehS: checks 
*** TURN *** [Qd 4c 7h] [Jc]
Yudster67: checks 
EidlehS: bets 90
Yudster67: calls 90
*** RIVER *** [Qd 4c 7h Jc] [2h]
Yudster67: checks 
EidlehS: bets 180
Yudster67: folds 
Uncalled bet (180) returned to EidlehS
EidlehS collected 360 from pot
EidlehS: doesn't show hand 
*** SUMMARY ***
Total pot 360 | Rake 0 
Board [Qd 4c 7h Jc 2h]
Seat 1: Mahu2021 (button) folded before Flop (didn't bet)
Seat 2: Yudster67 (small blind) folded on the River
Seat 3: EidlehS (big blind) collected (360)



PokerStars Hand #249162473484: Tournament #3722796604, $1.84+$0.16 USD Hold'em No Limit - Level II (15/30) - 2024/02/29 21:45:23 CET [2024/02/29 15:45:23 ET]
Table '3722796604 1' 3-max Seat #2 is the button
Seat 1: Mahu2021 (355 in chips) 
Seat 2: Yudster67 (205 in chips) 
Seat 3: EidlehS (940 in chips) 
EidlehS: posts small blind 15
Mahu2021: posts big blind 30
*** HOLE CARDS ***
Dealt to Mahu2021 [7s 2d]
Yudster67: raises 30 to 60
EidlehS: folds 
Mahu2021: folds 
Uncalled bet (30) returned to Yudster67
Yudster67 collected 75 from pot
Yudster67: doesn't show hand 
*** SUMMARY ***
Total pot 75 | Rake 0 
Seat 1: Mahu2021 (big blind) folded before Flop
Seat 2: Yudster67 (button) collected (75)
Seat 3: EidlehS (small blind) folded before Flop



PokerStars Hand #249162476487: Tournament #3722796604, $1.84+$0.16 USD Hold'em No Limit - Level II (15/30) - 2024/02/29 21:45:32 CET [2024/02/29 15:45:32 ET]
Table '3722796604 1' 3-max Seat #3 is the button
Seat 1: Mahu2021 (325 in chips) 
Seat 2: Yudster67 (250 in chips) 
Seat 3: EidlehS (925 in chips) 
Mahu2021: posts small blind 15
Yudster67: posts big blind 30
*** HOLE CARDS ***
Dealt to Mahu2021 [9s Kc]
EidlehS: folds 
Mahu2021: raises 295 to 325 and is all-in
Yudster67: folds 
Uncalled bet (295) returned to Mahu2021
Mahu2021 collected 60 from pot
Mahu2021: doesn't show hand 
*** SUMMARY ***
Total pot 60 | Rake 0 
Seat 1: Mahu2021 (small blind) collected (60)
Seat 2: Yudster67 (big blind) folded before Flop
Seat 3: EidlehS (button) folded before Flop (didn't bet)



PokerStars Hand #249162482743: Tournament #3722796604, $1.84+$0.16 USD Hold'em No Limit - Level III (20/40) - 2024/02/29 21:45:50 CET [2024/02/29 15:45:50 ET]
Table '3722796604 1' 3-max Seat #1 is the button
Seat 1: Mahu2021 (355 in chips) 
Seat 2: Yudster67 (220 in chips) 
Seat 3: EidlehS (925 in chips) 
Yudster67: posts small blind 20
EidlehS: posts big blind 40
*** HOLE CARDS ***
Dealt to Mahu2021 [6d Ks]
Mahu2021: folds 
Yudster67: folds 
Uncalled bet (20) returned to EidlehS
EidlehS collected 40 from pot
EidlehS: doesn't show hand 
*** SUMMARY ***
Total pot 40 | Rake 0 
Seat 1: Mahu2021 (button) folded before Flop (didn't bet)
Seat 2: Yudster67 (small blind) folded before Flop
Seat 3: EidlehS (big blind) collected (40)



PokerStars Hand #249162484816: Tournament #3722796604, $1.84+$0.16 USD Hold'em No Limit - Level III (20/40) - 2024/02/29 21:45:56 CET [2024/02/29 15:45:56 ET]
Table '3722796604 1' 3-max Seat #2 is the button
Seat 1: Mahu2021 (355 in chips) 
Seat 2: Yudster67 (200 in chips) 
Seat 3: EidlehS (945 in chips) 
EidlehS: posts small blind 20
Mahu2021: posts big blind 40
*** HOLE CARDS ***
Dealt to Mahu2021 [4h 5h]
Yudster67: folds 
EidlehS: raises 40 to 80
Mahu2021: calls 40
*** FLOP *** [3c Th 6s]
EidlehS: bets 80
Mahu2021: raises 195 to 275 and is all-in
EidlehS: calls 195
*** TURN *** [3c Th 6s] [9c]
*** RIVER *** [3c Th 6s 9c] [4d]
*** SHOW DOWN ***
EidlehS: shows [8c Qh] (high card Queen)
Mahu2021: shows [4h 5h] (a pair of Fours)
Mahu2021 collected 710 from pot
*** SUMMARY ***
Total pot 710 | Rake 0 
Board [3c Th 6s 9c 4d]
Seat 1: Mahu2021 (big blind) showed [4h 5h] and won (710) with a pair of Fours
Seat 2: Yudster67 (button) folded before Flop (didn't bet)
Seat 3: EidlehS (small blind) showed [8c Qh] and lost with high card Queen



PokerStars Hand #249162493452: Tournament #3722796604, $1.84+$0.16 USD Hold'em No Limit - Level III (20/40) - 2024/02/29 21:46:21 CET [2024/02/29 15:46:21 ET]
Table '3722796604 1' 3-max Seat #3 is the button
Seat 1: Mahu2021 (710 in chips) 
Seat 2: Yudster67 (200 in chips) 
Seat 3: EidlehS (590 in chips) 
Mahu2021: posts small blind 20
Yudster67: posts big blind 40
*** HOLE CARDS ***
Dealt to Mahu2021 [7c Ks]
EidlehS: raises 550 to 590 and is all-in
Mahu2021: folds 
Yudster67: calls 160 and is all-in
Uncalled bet (390) returned to EidlehS
*** FLOP *** [3s 4s Qh]
*** TURN *** [3s 4s Qh] [2c]
*** RIVER *** [3s 4s Qh 2c] [Ad]
*** SHOW DOWN ***
Yudster67: shows [7h Js] (high card Ace)
EidlehS: shows [Ac 6h] (a pair of Aces)
EidlehS collected 420 from pot
Yudster67 finished the tournament in 3rd place
*** SUMMARY ***
Total pot 420 | Rake 0 
Board [3s 4s Qh 2c Ad]
Seat 1: Mahu2021 (small blind) folded before Flop
Seat 2: Yudster67 (big blind) showed [7h Js] and lost with high card Ace
Seat 3: EidlehS (button) showed [Ac 6h] and won (420) with a pair of Aces



PokerStars Hand #249162502559: Tournament #3722796604, $1.84+$0.16 USD Hold'em No Limit - Level III (20/40) - 2024/02/29 21:46:47 CET [2024/02/29 15:46:47 ET]
Table '3722796604 1' 3-max Seat #1 is the button
Seat 1: Mahu2021 (690 in chips) 
Seat 3: EidlehS (810 in chips) 
Mahu2021: posts small blind 20
EidlehS: posts big blind 40
*** HOLE CARDS ***
Dealt to Mahu2021 [8s 5h]
Mahu2021: calls 20
EidlehS: checks 
*** FLOP *** [3s 8d Td]
EidlehS: checks 
Mahu2021: bets 40
EidlehS: calls 40
*** TURN *** [3s 8d Td] [3c]
EidlehS: checks 
Mahu2021: checks 
*** RIVER *** [3s 8d Td 3c] [3h]
EidlehS: bets 60
Mahu2021: calls 60
*** SHOW DOWN ***
EidlehS: shows [7h 6c] (three of a kind, Threes)
Mahu2021: shows [8s 5h] (a full house, Threes full of Eights)
Mahu2021 collected 280 from pot
*** SUMMARY ***
Total pot 280 | Rake 0 
Board [3s 8d Td 3c 3h]
Seat 1: Mahu2021 (button) (small blind) showed [8s 5h] and won (280) with a full house, Threes full of Eights
Seat 3: EidlehS (big blind) showed [7h 6c] and lost with three of a kind, Threes



PokerStars Hand #249162511547: Tournament #3722796604, $1.84+$0.16 USD Hold'em No Limit - Level III (20/40) - 2024/02/29 21:47:17 CET [2024/02/29 15:47:17 ET]
Table '3722796604 1' 3-max Seat #3 is the button
Seat 1: Mahu2021 (830 in chips) 
Seat 3: EidlehS (670 in chips) 
EidlehS: posts small blind 20
Mahu2021: posts big blind 40
*** HOLE CARDS ***
Dealt to Mahu2021 [3s Jh]
EidlehS: raises 630 to 670 and is all-in
Mahu2021: folds 
Uncalled bet (630) returned to EidlehS
EidlehS collected 80 from pot
EidlehS: doesn't show hand 
*** SUMMARY ***
Total pot 80 | Rake 0 
Seat 1: Mahu2021 (big blind) folded before Flop
Seat 3: EidlehS (button) (small blind) collected (80)



PokerStars Hand #249162514012: Tournament #3722796604, $1.84+$0.16 USD Hold'em No Limit - Level III (20/40) - 2024/02/29 21:47:24 CET [2024/02/29 15:47:24 ET]
Table '3722796604 1' 3-max Seat #1 is the button
Seat 1: Mahu2021 (790 in chips) 
Seat 3: EidlehS (710 in chips) 
Mahu2021: posts small blind 20
EidlehS: posts big blind 40
*** HOLE CARDS ***
Dealt to Mahu2021 [2s Th]
Mahu2021: folds 
Uncalled bet (20) returned to EidlehS
EidlehS collected 40 from pot
EidlehS: doesn't show hand 
*** SUMMARY ***
Total pot 40 | Rake 0 
Seat 1: Mahu2021 (button) (small blind) folded before Flop
Seat 3: EidlehS (big blind) collected (40)



PokerStars Hand #249162515423: Tournament #3722796604, $1.84+$0.16 USD Hold'em No Limit - Level III (20/40) - 2024/02/29 21:47:29 CET [2024/02/29 15:47:29 ET]
Table '3722796604 1' 3-max Seat #3 is the button
Seat 1: Mahu2021 (770 in chips) 
Seat 3: EidlehS (730 in chips) 
EidlehS: posts small blind 20
Mahu2021: posts big blind 40
*** HOLE CARDS ***
Dealt to Mahu2021 [Ks As]
EidlehS: calls 20
Mahu2021: raises 160 to 200
EidlehS: folds 
Uncalled bet (160) returned to Mahu2021
Mahu2021 collected 80 from pot
Mahu2021: doesn't show hand 
*** SUMMARY ***
Total pot 80 | Rake 0 
Seat 1: Mahu2021 (big blind) collected (80)
Seat 3: EidlehS (button) (small blind) folded before Flop



PokerStars Hand #249162519279: Tournament #3722796604, $1.84+$0.16 USD Hold'em No Limit - Level III (20/40) - 2024/02/29 21:47:41 CET [2024/02/29 15:47:41 ET]
Table '3722796604 1' 3-max Seat #1 is the button
Seat 1: Mahu2021 (810 in chips) 
Seat 3: EidlehS (690 in chips) 
Mahu2021: posts small blind 20
EidlehS: posts big blind 40
*** HOLE CARDS ***
Dealt to Mahu2021 [4h 8h]
Mahu2021: calls 20
EidlehS: checks 
*** FLOP *** [8d 3s 7h]
EidlehS: checks 
Mahu2021: bets 40
EidlehS: calls 40
*** TURN *** [8d 3s 7h] [5d]
EidlehS: checks 
Mahu2021: bets 40
EidlehS: folds 
Uncalled bet (40) returned to Mahu2021
Mahu2021 collected 160 from pot
Mahu2021: doesn't show hand 
*** SUMMARY ***
Total pot 160 | Rake 0 
Board [8d 3s 7h 5d]
Seat 1: Mahu2021 (button) (small blind) collected (160)
Seat 3: EidlehS (big blind) folded on the Turn



PokerStars Hand #249162531669: Tournament #3722796604, $1.84+$0.16 USD Hold'em No Limit - Level IV (30/60) - 2024/02/29 21:48:18 CET [2024/02/29 15:48:18 ET]
Table '3722796604 1' 3-max Seat #3 is the button
Seat 1: Mahu2021 (890 in chips) 
Seat 3: EidlehS (610 in chips) 
EidlehS: posts small blind 30
Mahu2021: posts big blind 60
*** HOLE CARDS ***
Dealt to Mahu2021 [4c Qh]
EidlehS: calls 30
Mahu2021: checks 
*** FLOP *** [Ah Qc Kc]
Mahu2021: checks 
EidlehS: checks 
*** TURN *** [Ah Qc Kc] [3d]
Mahu2021: checks 
EidlehS: bets 60
Mahu2021: calls 60
*** RIVER *** [Ah Qc Kc 3d] [9d]
Mahu2021: checks 
EidlehS: bets 120
Mahu2021: calls 120
*** SHOW DOWN ***
EidlehS: shows [2h 5d] (high card Ace)
Mahu2021: shows [4c Qh] (a pair of Queens)
Mahu2021 collected 480 from pot
*** SUMMARY ***
Total pot 480 | Rake 0 
Board [Ah Qc Kc 3d 9d]
Seat 1: Mahu2021 (big blind) showed [4c Qh] and won (480) with a pair of Queens
Seat 3: EidlehS (button) (small blind) showed [2h 5d] and lost with high card Ace



PokerStars Hand #249162538564: Tournament #3722796604, $1.84+$0.16 USD Hold'em No Limit - Level IV (30/60) - 2024/02/29 21:48:38 CET [2024/02/29 15:48:38 ET]
Table '3722796604 1' 3-max Seat #1 is the button
Seat 1: Mahu2021 (1130 in chips) 
Seat 3: EidlehS (370 in chips) 
Mahu2021: posts small blind 30
EidlehS: posts big blind 60
*** HOLE CARDS ***
Dealt to Mahu2021 [Qd 4h]
Mahu2021: calls 30
EidlehS: checks 
*** FLOP *** [8d 6d Qc]
EidlehS: checks 
Mahu2021: bets 60
EidlehS: calls 60
*** TURN *** [8d 6d Qc] [7s]
EidlehS: checks 
Mahu2021: bets 60
EidlehS: calls 60
*** RIVER *** [8d 6d Qc 7s] [Tc]
EidlehS: checks 
Mahu2021: bets 60
EidlehS: raises 60 to 120
Mahu2021: calls 60
*** SHOW DOWN ***
EidlehS: shows [9s 6h] (a straight, Six to Ten)
Mahu2021: mucks hand 
EidlehS collected 600 from pot
*** SUMMARY ***
Total pot 600 | Rake 0 
Board [8d 6d Qc 7s Tc]
Seat 1: Mahu2021 (button) (small blind) mucked [Qd 4h]
Seat 3: EidlehS (big blind) showed [9s 6h] and won (600) with a straight, Six to Ten



PokerStars Hand #249162548522: Tournament #3722796604, $1.84+$0.16 USD Hold'em No Limit - Level IV (30/60) - 2024/02/29 21:49:07 CET [2024/02/29 15:49:07 ET]
Table '3722796604 1' 3-max Seat #3 is the button
Seat 1: Mahu2021 (830 in chips) 
Seat 3: EidlehS (670 in chips) 
EidlehS: posts small blind 30
Mahu2021: posts big blind 60
*** HOLE CARDS ***
Dealt to Mahu2021 [4c 3h]
EidlehS: calls 30
Mahu2021: checks 
*** FLOP *** [6h 4h 7h]
Mahu2021: checks 
EidlehS: bets 90
Mahu2021: calls 90
*** TURN *** [6h 4h 7h] [6c]
Mahu2021: checks 
EidlehS: bets 180
Mahu2021: calls 180
*** RIVER *** [6h 4h 7h 6c] [4s]
Mahu2021: bets 500 and is all-in
EidlehS: calls 340 and is all-in
Uncalled bet (160) returned to Mahu2021
*** SHOW DOWN ***
Mahu2021: shows [4c 3h] (a full house, Fours full of Sixes)
EidlehS: shows [5d 3s] (a straight, Three to Seven)
Mahu2021 collected 1340 from pot
EidlehS finished the tournament in 2nd place
Mahu2021 wins the tournament and receives $4.00 - congratulations!
*** SUMMARY ***
Total pot 1340 | Rake 0 
Board [6h 4h 7h 6c 4s]
Seat 1: Mahu2021 (big blind) showed [4c 3h] and won (1340) with a full house, Fours full of Sixes
Seat 3: EidlehS (button) (small blind) showed [5d 3s] and lost with a straight, Three to Seven



