PokerStars Hand #249023021521: Tournament #3719576806, $1.84+$0.16 USD Hold'em No Limit - Level I (10/20) - 2024/02/22 10:13:18 CET [2024/02/22 4:13:18 ET]
Table '3719576806 1' 3-max Seat #1 is the button
Seat 1: Mahu2021 (500 in chips) 
Seat 2: 545518 (500 in chips) 
Seat 3: mathiasdube (500 in chips) 
545518: posts small blind 10
mathiasdube: posts big blind 20
*** HOLE CARDS ***
Dealt to Mahu2021 [8c Jc]
Mahu2021: raises 20 to 40
545518: folds 
mathiasdube: raises 100 to 140
Mahu2021: calls 100
*** FLOP *** [Js 9c Kc]
mathiasdube: bets 145
Mahu2021: raises 215 to 360 and is all-in
mathiasdube: folds 
Uncalled bet (215) returned to Mahu2021
Mahu2021 collected 580 from pot
Mahu2021: doesn't show hand 
*** SUMMARY ***
Total pot 580 | Rake 0 
Board [Js 9c Kc]
Seat 1: Mahu2021 (button) collected (580)
Seat 2: 545518 (small blind) folded before Flop
Seat 3: mathiasdube (big blind) folded on the Flop



PokerStars Hand #249023023567: Tournament #3719576806, $1.84+$0.16 USD Hold'em No Limit - Level I (10/20) - 2024/02/22 10:13:36 CET [2024/02/22 4:13:36 ET]
Table '3719576806 1' 3-max Seat #2 is the button
Seat 1: Mahu2021 (795 in chips) 
Seat 2: 545518 (490 in chips) 
Seat 3: mathiasdube (215 in chips) 
mathiasdube: posts small blind 10
Mahu2021: posts big blind 20
*** HOLE CARDS ***
Dealt to Mahu2021 [9c 2c]
545518: folds 
mathiasdube: raises 195 to 215 and is all-in
Mahu2021: folds 
Uncalled bet (195) returned to mathiasdube
mathiasdube collected 40 from pot
*** SUMMARY ***
Total pot 40 | Rake 0 
Seat 1: Mahu2021 (big blind) folded before Flop
Seat 2: 545518 (button) folded before Flop (didn't bet)
Seat 3: mathiasdube (small blind) collected (40)



PokerStars Hand #249023024366: Tournament #3719576806, $1.84+$0.16 USD Hold'em No Limit - Level I (10/20) - 2024/02/22 10:13:43 CET [2024/02/22 4:13:43 ET]
Table '3719576806 1' 3-max Seat #3 is the button
Seat 1: Mahu2021 (775 in chips) 
Seat 2: 545518 (490 in chips) 
Seat 3: mathiasdube (235 in chips) 
Mahu2021: posts small blind 10
545518: posts big blind 20
*** HOLE CARDS ***
Dealt to Mahu2021 [Ac Ts]
mathiasdube: raises 215 to 235 and is all-in
Mahu2021: calls 225
545518: folds 
*** FLOP *** [3d 9c Js]
*** TURN *** [3d 9c Js] [Qh]
*** RIVER *** [3d 9c Js Qh] [2s]
*** SHOW DOWN ***
Mahu2021: shows [Ac Ts] (high card Ace)
mathiasdube: shows [9d As] (a pair of Nines)
mathiasdube collected 490 from pot
*** SUMMARY ***
Total pot 490 | Rake 0 
Board [3d 9c Js Qh 2s]
Seat 1: Mahu2021 (small blind) showed [Ac Ts] and lost with high card Ace
Seat 2: 545518 (big blind) folded before Flop
Seat 3: mathiasdube (button) showed [9d As] and won (490) with a pair of Nines



PokerStars Hand #249023026033: Tournament #3719576806, $1.84+$0.16 USD Hold'em No Limit - Level I (10/20) - 2024/02/22 10:13:57 CET [2024/02/22 4:13:57 ET]
Table '3719576806 1' 3-max Seat #1 is the button
Seat 1: Mahu2021 (540 in chips) 
Seat 2: 545518 (470 in chips) 
Seat 3: mathiasdube (490 in chips) 
545518: posts small blind 10
mathiasdube: posts big blind 20
*** HOLE CARDS ***
Dealt to Mahu2021 [4d 9s]
Mahu2021: folds 
545518: folds 
Uncalled bet (10) returned to mathiasdube
mathiasdube collected 20 from pot
*** SUMMARY ***
Total pot 20 | Rake 0 
Seat 1: Mahu2021 (button) folded before Flop (didn't bet)
Seat 2: 545518 (small blind) folded before Flop
Seat 3: mathiasdube (big blind) collected (20)



PokerStars Hand #249023026640: Tournament #3719576806, $1.84+$0.16 USD Hold'em No Limit - Level I (10/20) - 2024/02/22 10:14:02 CET [2024/02/22 4:14:02 ET]
Table '3719576806 1' 3-max Seat #2 is the button
Seat 1: Mahu2021 (540 in chips) 
Seat 2: 545518 (460 in chips) 
Seat 3: mathiasdube (500 in chips) 
mathiasdube: posts small blind 10
Mahu2021: posts big blind 20
*** HOLE CARDS ***
Dealt to Mahu2021 [2d 2h]
545518: raises 40 to 60
mathiasdube: raises 40 to 100
Mahu2021: folds 
545518: calls 40
*** FLOP *** [Ac 4s 3s]
mathiasdube: bets 110
545518: folds 
Uncalled bet (110) returned to mathiasdube
mathiasdube collected 220 from pot
*** SUMMARY ***
Total pot 220 | Rake 0 
Board [Ac 4s 3s]
Seat 1: Mahu2021 (big blind) folded before Flop
Seat 2: 545518 (button) folded on the Flop
Seat 3: mathiasdube (small blind) collected (220)



PokerStars Hand #249023028392: Tournament #3719576806, $1.84+$0.16 USD Hold'em No Limit - Level I (10/20) - 2024/02/22 10:14:18 CET [2024/02/22 4:14:18 ET]
Table '3719576806 1' 3-max Seat #3 is the button
Seat 1: Mahu2021 (520 in chips) 
Seat 2: 545518 (360 in chips) 
Seat 3: mathiasdube (620 in chips) 
Mahu2021: posts small blind 10
545518: posts big blind 20
*** HOLE CARDS ***
Dealt to Mahu2021 [7h 8d]
mathiasdube: raises 40 to 60
Mahu2021: folds 
545518: folds 
Uncalled bet (40) returned to mathiasdube
mathiasdube collected 50 from pot
*** SUMMARY ***
Total pot 50 | Rake 0 
Seat 1: Mahu2021 (small blind) folded before Flop
Seat 2: 545518 (big blind) folded before Flop
Seat 3: mathiasdube (button) collected (50)



PokerStars Hand #249023029194: Tournament #3719576806, $1.84+$0.16 USD Hold'em No Limit - Level I (10/20) - 2024/02/22 10:14:25 CET [2024/02/22 4:14:25 ET]
Table '3719576806 1' 3-max Seat #1 is the button
Seat 1: Mahu2021 (510 in chips) 
Seat 2: 545518 (340 in chips) 
Seat 3: mathiasdube (650 in chips) 
545518: posts small blind 10
mathiasdube: posts big blind 20
*** HOLE CARDS ***
Dealt to Mahu2021 [Ac 9h]
Mahu2021: raises 40 to 60
545518: folds 
mathiasdube: folds 
Uncalled bet (40) returned to Mahu2021
Mahu2021 collected 50 from pot
Mahu2021: doesn't show hand 
*** SUMMARY ***
Total pot 50 | Rake 0 
Seat 1: Mahu2021 (button) collected (50)
Seat 2: 545518 (small blind) folded before Flop
Seat 3: mathiasdube (big blind) folded before Flop



PokerStars Hand #249023029935: Tournament #3719576806, $1.84+$0.16 USD Hold'em No Limit - Level I (10/20) - 2024/02/22 10:14:32 CET [2024/02/22 4:14:32 ET]
Table '3719576806 1' 3-max Seat #2 is the button
Seat 1: Mahu2021 (540 in chips) 
Seat 2: 545518 (330 in chips) 
Seat 3: mathiasdube (630 in chips) 
mathiasdube: posts small blind 10
Mahu2021: posts big blind 20
*** HOLE CARDS ***
Dealt to Mahu2021 [Kd 7h]
545518: folds 
mathiasdube: raises 100 to 120
Mahu2021: folds 
Uncalled bet (100) returned to mathiasdube
mathiasdube collected 40 from pot
*** SUMMARY ***
Total pot 40 | Rake 0 
Seat 1: Mahu2021 (big blind) folded before Flop
Seat 2: 545518 (button) folded before Flop (didn't bet)
Seat 3: mathiasdube (small blind) collected (40)



PokerStars Hand #249023031046: Tournament #3719576806, $1.84+$0.16 USD Hold'em No Limit - Level I (10/20) - 2024/02/22 10:14:41 CET [2024/02/22 4:14:41 ET]
Table '3719576806 1' 3-max Seat #3 is the button
Seat 1: Mahu2021 (520 in chips) 
Seat 2: 545518 (330 in chips) 
Seat 3: mathiasdube (650 in chips) 
Mahu2021: posts small blind 10
545518: posts big blind 20
*** HOLE CARDS ***
Dealt to Mahu2021 [Jc 9d]
mathiasdube: folds 
Mahu2021: calls 10
545518: checks 
*** FLOP *** [4d 2d 2h]
Mahu2021: checks 
545518: bets 40
Mahu2021: folds 
Uncalled bet (40) returned to 545518
545518 collected 40 from pot
*** SUMMARY ***
Total pot 40 | Rake 0 
Board [4d 2d 2h]
Seat 1: Mahu2021 (small blind) folded on the Flop
Seat 2: 545518 (big blind) collected (40)
Seat 3: mathiasdube (button) folded before Flop (didn't bet)



PokerStars Hand #249023032329: Tournament #3719576806, $1.84+$0.16 USD Hold'em No Limit - Level I (10/20) - 2024/02/22 10:14:52 CET [2024/02/22 4:14:52 ET]
Table '3719576806 1' 3-max Seat #1 is the button
Seat 1: Mahu2021 (500 in chips) 
Seat 2: 545518 (350 in chips) 
Seat 3: mathiasdube (650 in chips) 
545518: posts small blind 10
mathiasdube: posts big blind 20
*** HOLE CARDS ***
Dealt to Mahu2021 [4d 6h]
Mahu2021: folds 
545518: calls 10
mathiasdube: raises 80 to 100
545518: raises 250 to 350 and is all-in
mathiasdube: folds 
Uncalled bet (250) returned to 545518
545518 collected 200 from pot
*** SUMMARY ***
Total pot 200 | Rake 0 
Seat 1: Mahu2021 (button) folded before Flop (didn't bet)
Seat 2: 545518 (small blind) collected (200)
Seat 3: mathiasdube (big blind) folded before Flop



PokerStars Hand #249023033871: Tournament #3719576806, $1.84+$0.16 USD Hold'em No Limit - Level I (10/20) - 2024/02/22 10:15:06 CET [2024/02/22 4:15:06 ET]
Table '3719576806 1' 3-max Seat #2 is the button
Seat 1: Mahu2021 (500 in chips) 
Seat 2: 545518 (450 in chips) 
Seat 3: mathiasdube (550 in chips) 
mathiasdube: posts small blind 10
Mahu2021: posts big blind 20
*** HOLE CARDS ***
Dealt to Mahu2021 [Ks 3h]
545518: folds 
mathiasdube: raises 40 to 60
Mahu2021: folds 
Uncalled bet (40) returned to mathiasdube
mathiasdube collected 40 from pot
*** SUMMARY ***
Total pot 40 | Rake 0 
Seat 1: Mahu2021 (big blind) folded before Flop
Seat 2: 545518 (button) folded before Flop (didn't bet)
Seat 3: mathiasdube (small blind) collected (40)



PokerStars Hand #249023034929: Tournament #3719576806, $1.84+$0.16 USD Hold'em No Limit - Level I (10/20) - 2024/02/22 10:15:15 CET [2024/02/22 4:15:15 ET]
Table '3719576806 1' 3-max Seat #3 is the button
Seat 1: Mahu2021 (480 in chips) 
Seat 2: 545518 (450 in chips) 
Seat 3: mathiasdube (570 in chips) 
Mahu2021: posts small blind 10
545518: posts big blind 20
*** HOLE CARDS ***
Dealt to Mahu2021 [9c 2h]
mathiasdube: raises 40 to 60
Mahu2021: folds 
545518: calls 40
*** FLOP *** [3d Td 3s]
545518: bets 390 and is all-in
mathiasdube: folds 
Uncalled bet (390) returned to 545518
545518 collected 130 from pot
*** SUMMARY ***
Total pot 130 | Rake 0 
Board [3d Td 3s]
Seat 1: Mahu2021 (small blind) folded before Flop
Seat 2: 545518 (big blind) collected (130)
Seat 3: mathiasdube (button) folded on the Flop



PokerStars Hand #249023036602: Tournament #3719576806, $1.84+$0.16 USD Hold'em No Limit - Level II (15/30) - 2024/02/22 10:15:30 CET [2024/02/22 4:15:30 ET]
Table '3719576806 1' 3-max Seat #1 is the button
Seat 1: Mahu2021 (470 in chips) 
Seat 2: 545518 (520 in chips) 
Seat 3: mathiasdube (510 in chips) 
545518: posts small blind 15
mathiasdube: posts big blind 30
*** HOLE CARDS ***
Dealt to Mahu2021 [Ks 6d]
Mahu2021: folds 
545518: folds 
Uncalled bet (15) returned to mathiasdube
mathiasdube collected 30 from pot
*** SUMMARY ***
Total pot 30 | Rake 0 
Seat 1: Mahu2021 (button) folded before Flop (didn't bet)
Seat 2: 545518 (small blind) folded before Flop
Seat 3: mathiasdube (big blind) collected (30)



PokerStars Hand #249023037243: Tournament #3719576806, $1.84+$0.16 USD Hold'em No Limit - Level II (15/30) - 2024/02/22 10:15:36 CET [2024/02/22 4:15:36 ET]
Table '3719576806 1' 3-max Seat #2 is the button
Seat 1: Mahu2021 (470 in chips) 
Seat 2: 545518 (505 in chips) 
Seat 3: mathiasdube (525 in chips) 
mathiasdube: posts small blind 15
Mahu2021: posts big blind 30
*** HOLE CARDS ***
Dealt to Mahu2021 [4h Th]
545518: folds 
mathiasdube: raises 30 to 60
Mahu2021: folds 
Uncalled bet (30) returned to mathiasdube
mathiasdube collected 60 from pot
*** SUMMARY ***
Total pot 60 | Rake 0 
Seat 1: Mahu2021 (big blind) folded before Flop
Seat 2: 545518 (button) folded before Flop (didn't bet)
Seat 3: mathiasdube (small blind) collected (60)



PokerStars Hand #249023037892: Tournament #3719576806, $1.84+$0.16 USD Hold'em No Limit - Level II (15/30) - 2024/02/22 10:15:42 CET [2024/02/22 4:15:42 ET]
Table '3719576806 1' 3-max Seat #3 is the button
Seat 1: Mahu2021 (440 in chips) 
Seat 2: 545518 (505 in chips) 
Seat 3: mathiasdube (555 in chips) 
Mahu2021: posts small blind 15
545518: posts big blind 30
*** HOLE CARDS ***
Dealt to Mahu2021 [Qs 4h]
mathiasdube: raises 30 to 60
Mahu2021: folds 
545518: folds 
Uncalled bet (30) returned to mathiasdube
mathiasdube collected 75 from pot
*** SUMMARY ***
Total pot 75 | Rake 0 
Seat 1: Mahu2021 (small blind) folded before Flop
Seat 2: 545518 (big blind) folded before Flop
Seat 3: mathiasdube (button) collected (75)



PokerStars Hand #249023039269: Tournament #3719576806, $1.84+$0.16 USD Hold'em No Limit - Level II (15/30) - 2024/02/22 10:15:54 CET [2024/02/22 4:15:54 ET]
Table '3719576806 1' 3-max Seat #1 is the button
Seat 1: Mahu2021 (425 in chips) 
Seat 2: 545518 (475 in chips) 
Seat 3: mathiasdube (600 in chips) 
545518: posts small blind 15
mathiasdube: posts big blind 30
*** HOLE CARDS ***
Dealt to Mahu2021 [Ad Qc]
Mahu2021: raises 30 to 60
545518: calls 45
mathiasdube: calls 30
*** FLOP *** [4h 4d 3s]
545518: checks 
mathiasdube: bets 30
Mahu2021: raises 335 to 365 and is all-in
545518: folds 
mathiasdube: folds 
Uncalled bet (335) returned to Mahu2021
Mahu2021 collected 240 from pot
Mahu2021: doesn't show hand 
*** SUMMARY ***
Total pot 240 | Rake 0 
Board [4h 4d 3s]
Seat 1: Mahu2021 (button) collected (240)
Seat 2: 545518 (small blind) folded on the Flop
Seat 3: mathiasdube (big blind) folded on the Flop



PokerStars Hand #249023041058: Tournament #3719576806, $1.84+$0.16 USD Hold'em No Limit - Level II (15/30) - 2024/02/22 10:16:10 CET [2024/02/22 4:16:10 ET]
Table '3719576806 1' 3-max Seat #2 is the button
Seat 1: Mahu2021 (575 in chips) 
Seat 2: 545518 (415 in chips) 
Seat 3: mathiasdube (510 in chips) 
mathiasdube: posts small blind 15
Mahu2021: posts big blind 30
*** HOLE CARDS ***
Dealt to Mahu2021 [2h Th]
545518: folds 
mathiasdube: raises 60 to 90
Mahu2021: folds 
Uncalled bet (60) returned to mathiasdube
mathiasdube collected 60 from pot
*** SUMMARY ***
Total pot 60 | Rake 0 
Seat 1: Mahu2021 (big blind) folded before Flop
Seat 2: 545518 (button) folded before Flop (didn't bet)
Seat 3: mathiasdube (small blind) collected (60)



PokerStars Hand #249023041954: Tournament #3719576806, $1.84+$0.16 USD Hold'em No Limit - Level II (15/30) - 2024/02/22 10:16:18 CET [2024/02/22 4:16:18 ET]
Table '3719576806 1' 3-max Seat #3 is the button
Seat 1: Mahu2021 (545 in chips) 
Seat 2: 545518 (415 in chips) 
Seat 3: mathiasdube (540 in chips) 
Mahu2021: posts small blind 15
545518: posts big blind 30
*** HOLE CARDS ***
Dealt to Mahu2021 [4h Jd]
mathiasdube: raises 30 to 60
Mahu2021: folds 
545518: calls 30
*** FLOP *** [8c 9s 4d]
545518: checks 
mathiasdube: checks 
*** TURN *** [8c 9s 4d] [5s]
545518: checks 
mathiasdube: checks 
*** RIVER *** [8c 9s 4d 5s] [8h]
545518: checks 
mathiasdube: checks 
*** SHOW DOWN ***
545518: shows [Ah 5d] (two pair, Eights and Fives)
mathiasdube: mucks hand 
545518 collected 135 from pot
*** SUMMARY ***
Total pot 135 | Rake 0 
Board [8c 9s 4d 5s 8h]
Seat 1: Mahu2021 (small blind) folded before Flop
Seat 2: 545518 (big blind) showed [Ah 5d] and won (135) with two pair, Eights and Fives
Seat 3: mathiasdube (button) mucked [2d Js]



PokerStars Hand #249023043907: Tournament #3719576806, $1.84+$0.16 USD Hold'em No Limit - Level II (15/30) - 2024/02/22 10:16:35 CET [2024/02/22 4:16:35 ET]
Table '3719576806 1' 3-max Seat #1 is the button
Seat 1: Mahu2021 (530 in chips) 
Seat 2: 545518 (490 in chips) 
Seat 3: mathiasdube (480 in chips) 
545518: posts small blind 15
mathiasdube: posts big blind 30
*** HOLE CARDS ***
Dealt to Mahu2021 [2s 9d]
Mahu2021: folds 
545518: raises 460 to 490 and is all-in
mathiasdube: folds 
Uncalled bet (460) returned to 545518
545518 collected 60 from pot
*** SUMMARY ***
Total pot 60 | Rake 0 
Seat 1: Mahu2021 (button) folded before Flop (didn't bet)
Seat 2: 545518 (small blind) collected (60)
Seat 3: mathiasdube (big blind) folded before Flop



PokerStars Hand #249023045470: Tournament #3719576806, $1.84+$0.16 USD Hold'em No Limit - Level II (15/30) - 2024/02/22 10:16:49 CET [2024/02/22 4:16:49 ET]
Table '3719576806 1' 3-max Seat #2 is the button
Seat 1: Mahu2021 (530 in chips) 
Seat 2: 545518 (520 in chips) 
Seat 3: mathiasdube (450 in chips) 
mathiasdube: posts small blind 15
Mahu2021: posts big blind 30
*** HOLE CARDS ***
Dealt to Mahu2021 [Tc 3d]
545518: folds 
mathiasdube: calls 15
Mahu2021: checks 
*** FLOP *** [7d 8s 2h]
mathiasdube: bets 30
Mahu2021: folds 
Uncalled bet (30) returned to mathiasdube
mathiasdube collected 60 from pot
*** SUMMARY ***
Total pot 60 | Rake 0 
Board [7d 8s 2h]
Seat 1: Mahu2021 (big blind) folded on the Flop
Seat 2: 545518 (button) folded before Flop (didn't bet)
Seat 3: mathiasdube (small blind) collected (60)



PokerStars Hand #249023046874: Tournament #3719576806, $1.84+$0.16 USD Hold'em No Limit - Level II (15/30) - 2024/02/22 10:17:01 CET [2024/02/22 4:17:01 ET]
Table '3719576806 1' 3-max Seat #3 is the button
Seat 1: Mahu2021 (500 in chips) 
Seat 2: 545518 (520 in chips) 
Seat 3: mathiasdube (480 in chips) 
Mahu2021: posts small blind 15
545518: posts big blind 30
*** HOLE CARDS ***
Dealt to Mahu2021 [Th 2d]
mathiasdube: calls 30
Mahu2021: folds 
545518: checks 
*** FLOP *** [Kh 5h 9h]
545518: checks 
mathiasdube: bets 30
545518: folds 
Uncalled bet (30) returned to mathiasdube
mathiasdube collected 75 from pot
*** SUMMARY ***
Total pot 75 | Rake 0 
Board [Kh 5h 9h]
Seat 1: Mahu2021 (small blind) folded before Flop
Seat 2: 545518 (big blind) folded on the Flop
Seat 3: mathiasdube (button) collected (75)



PokerStars Hand #249023050367: Tournament #3719576806, $1.84+$0.16 USD Hold'em No Limit - Level III (20/40) - 2024/02/22 10:17:32 CET [2024/02/22 4:17:32 ET]
Table '3719576806 1' 3-max Seat #1 is the button
Seat 1: Mahu2021 (485 in chips) 
Seat 2: 545518 (490 in chips) 
Seat 3: mathiasdube (525 in chips) 
545518: posts small blind 20
mathiasdube: posts big blind 40
*** HOLE CARDS ***
Dealt to Mahu2021 [Ks 9c]
Mahu2021: raises 40 to 80
545518: folds 
mathiasdube: calls 40
*** FLOP *** [8d 4d 3d]
mathiasdube: bets 80
Mahu2021: folds 
Uncalled bet (80) returned to mathiasdube
mathiasdube collected 180 from pot
*** SUMMARY ***
Total pot 180 | Rake 0 
Board [8d 4d 3d]
Seat 1: Mahu2021 (button) folded on the Flop
Seat 2: 545518 (small blind) folded before Flop
Seat 3: mathiasdube (big blind) collected (180)



PokerStars Hand #249023052933: Tournament #3719576806, $1.84+$0.16 USD Hold'em No Limit - Level III (20/40) - 2024/02/22 10:17:56 CET [2024/02/22 4:17:56 ET]
Table '3719576806 1' 3-max Seat #2 is the button
Seat 1: Mahu2021 (405 in chips) 
Seat 2: 545518 (470 in chips) 
Seat 3: mathiasdube (625 in chips) 
mathiasdube: posts small blind 20
Mahu2021: posts big blind 40
*** HOLE CARDS ***
Dealt to Mahu2021 [9s Kd]
545518: folds 
mathiasdube: calls 20
Mahu2021: raises 365 to 405 and is all-in
mathiasdube: folds 
Uncalled bet (365) returned to Mahu2021
Mahu2021 collected 80 from pot
Mahu2021: doesn't show hand 
*** SUMMARY ***
Total pot 80 | Rake 0 
Seat 1: Mahu2021 (big blind) collected (80)
Seat 2: 545518 (button) folded before Flop (didn't bet)
Seat 3: mathiasdube (small blind) folded before Flop



PokerStars Hand #249023054200: Tournament #3719576806, $1.84+$0.16 USD Hold'em No Limit - Level III (20/40) - 2024/02/22 10:18:06 CET [2024/02/22 4:18:06 ET]
Table '3719576806 1' 3-max Seat #3 is the button
Seat 1: Mahu2021 (445 in chips) 
Seat 2: 545518 (470 in chips) 
Seat 3: mathiasdube (585 in chips) 
Mahu2021: posts small blind 20
545518: posts big blind 40
*** HOLE CARDS ***
Dealt to Mahu2021 [4h Jd]
mathiasdube: calls 40
Mahu2021: folds 
545518: checks 
*** FLOP *** [5d 4c 4s]
545518: checks 
mathiasdube: bets 100
545518: folds 
Uncalled bet (100) returned to mathiasdube
mathiasdube collected 100 from pot
*** SUMMARY ***
Total pot 100 | Rake 0 
Board [5d 4c 4s]
Seat 1: Mahu2021 (small blind) folded before Flop
Seat 2: 545518 (big blind) folded on the Flop
Seat 3: mathiasdube (button) collected (100)



PokerStars Hand #249023056140: Tournament #3719576806, $1.84+$0.16 USD Hold'em No Limit - Level III (20/40) - 2024/02/22 10:18:23 CET [2024/02/22 4:18:23 ET]
Table '3719576806 1' 3-max Seat #1 is the button
Seat 1: Mahu2021 (425 in chips) 
Seat 2: 545518 (430 in chips) 
Seat 3: mathiasdube (645 in chips) 
545518: posts small blind 20
mathiasdube: posts big blind 40
*** HOLE CARDS ***
Dealt to Mahu2021 [5c 5d]
Mahu2021: raises 160 to 200
545518: folds 
mathiasdube: folds 
Uncalled bet (160) returned to Mahu2021
Mahu2021 collected 100 from pot
Mahu2021: doesn't show hand 
*** SUMMARY ***
Total pot 100 | Rake 0 
Seat 1: Mahu2021 (button) collected (100)
Seat 2: 545518 (small blind) folded before Flop
Seat 3: mathiasdube (big blind) folded before Flop



PokerStars Hand #249023057430: Tournament #3719576806, $1.84+$0.16 USD Hold'em No Limit - Level III (20/40) - 2024/02/22 10:18:34 CET [2024/02/22 4:18:34 ET]
Table '3719576806 1' 3-max Seat #2 is the button
Seat 1: Mahu2021 (485 in chips) 
Seat 2: 545518 (410 in chips) 
Seat 3: mathiasdube (605 in chips) 
mathiasdube: posts small blind 20
Mahu2021: posts big blind 40
*** HOLE CARDS ***
Dealt to Mahu2021 [4s 8h]
545518: folds 
mathiasdube: raises 40 to 80
Mahu2021: folds 
Uncalled bet (40) returned to mathiasdube
mathiasdube collected 80 from pot
*** SUMMARY ***
Total pot 80 | Rake 0 
Seat 1: Mahu2021 (big blind) folded before Flop
Seat 2: 545518 (button) folded before Flop (didn't bet)
Seat 3: mathiasdube (small blind) collected (80)



PokerStars Hand #249023058248: Tournament #3719576806, $1.84+$0.16 USD Hold'em No Limit - Level III (20/40) - 2024/02/22 10:18:42 CET [2024/02/22 4:18:42 ET]
Table '3719576806 1' 3-max Seat #3 is the button
Seat 1: Mahu2021 (445 in chips) 
Seat 2: 545518 (410 in chips) 
Seat 3: mathiasdube (645 in chips) 
Mahu2021: posts small blind 20
545518: posts big blind 40
*** HOLE CARDS ***
Dealt to Mahu2021 [8s Qc]
mathiasdube: raises 40 to 80
Mahu2021: calls 60
545518: folds 
*** FLOP *** [4s Qs 4d]
Mahu2021: checks 
mathiasdube: bets 565 and is all-in
Mahu2021: calls 365 and is all-in
Uncalled bet (200) returned to mathiasdube
*** TURN *** [4s Qs 4d] [As]
*** RIVER *** [4s Qs 4d As] [Js]
*** SHOW DOWN ***
Mahu2021: shows [8s Qc] (a flush, Ace high)
mathiasdube: shows [9c Qd] (two pair, Queens and Fours)
Mahu2021 collected 930 from pot
*** SUMMARY ***
Total pot 930 | Rake 0 
Board [4s Qs 4d As Js]
Seat 1: Mahu2021 (small blind) showed [8s Qc] and won (930) with a flush, Ace high
Seat 2: 545518 (big blind) folded before Flop
Seat 3: mathiasdube (button) showed [9c Qd] and lost with two pair, Queens and Fours



PokerStars Hand #249023061371: Tournament #3719576806, $1.84+$0.16 USD Hold'em No Limit - Level III (20/40) - 2024/02/22 10:19:09 CET [2024/02/22 4:19:09 ET]
Table '3719576806 1' 3-max Seat #1 is the button
Seat 1: Mahu2021 (930 in chips) 
Seat 2: 545518 (370 in chips) 
Seat 3: mathiasdube (200 in chips) 
545518: posts small blind 20
mathiasdube: posts big blind 40
*** HOLE CARDS ***
Dealt to Mahu2021 [2d Tc]
Mahu2021: folds 
545518: raises 120 to 160
mathiasdube: raises 40 to 200 and is all-in
545518: calls 40
*** FLOP *** [Qc 2h Kc]
*** TURN *** [Qc 2h Kc] [As]
*** RIVER *** [Qc 2h Kc As] [3d]
*** SHOW DOWN ***
545518: shows [Ac 9s] (a pair of Aces)
mathiasdube: shows [7h Ks] (a pair of Kings)
545518 collected 400 from pot
mathiasdube finished the tournament in 3rd place
*** SUMMARY ***
Total pot 400 | Rake 0 
Board [Qc 2h Kc As 3d]
Seat 1: Mahu2021 (button) folded before Flop (didn't bet)
Seat 2: 545518 (small blind) showed [Ac 9s] and won (400) with a pair of Aces
Seat 3: mathiasdube (big blind) showed [7h Ks] and lost with a pair of Kings



PokerStars Hand #249023064056: Tournament #3719576806, $1.84+$0.16 USD Hold'em No Limit - Level IV (30/60) - 2024/02/22 10:19:33 CET [2024/02/22 4:19:33 ET]
Table '3719576806 1' 3-max Seat #2 is the button
Seat 1: Mahu2021 (930 in chips) 
Seat 2: 545518 (570 in chips) 
545518: posts small blind 30
Mahu2021: posts big blind 60
*** HOLE CARDS ***
Dealt to Mahu2021 [Jh Js]
545518: raises 120 to 180
Mahu2021: raises 750 to 930 and is all-in
545518: calls 390 and is all-in
Uncalled bet (360) returned to Mahu2021
*** FLOP *** [6s 5d 5h]
*** TURN *** [6s 5d 5h] [Ks]
*** RIVER *** [6s 5d 5h Ks] [7d]
*** SHOW DOWN ***
Mahu2021: shows [Jh Js] (two pair, Jacks and Fives)
545518: shows [Kc 9d] (two pair, Kings and Fives)
545518 collected 1140 from pot
*** SUMMARY ***
Total pot 1140 | Rake 0 
Board [6s 5d 5h Ks 7d]
Seat 1: Mahu2021 (big blind) showed [Jh Js] and lost with two pair, Jacks and Fives
Seat 2: 545518 (button) (small blind) showed [Kc 9d] and won (1140) with two pair, Kings and Fives



PokerStars Hand #249023065671: Tournament #3719576806, $1.84+$0.16 USD Hold'em No Limit - Level IV (30/60) - 2024/02/22 10:19:47 CET [2024/02/22 4:19:47 ET]
Table '3719576806 1' 3-max Seat #1 is the button
Seat 1: Mahu2021 (360 in chips) 
Seat 2: 545518 (1140 in chips) 
Mahu2021: posts small blind 30
545518: posts big blind 60
*** HOLE CARDS ***
Dealt to Mahu2021 [2s Jc]
Mahu2021: folds 
Uncalled bet (30) returned to 545518
545518 collected 60 from pot
*** SUMMARY ***
Total pot 60 | Rake 0 
Seat 1: Mahu2021 (button) (small blind) folded before Flop
Seat 2: 545518 (big blind) collected (60)



PokerStars Hand #249023066178: Tournament #3719576806, $1.84+$0.16 USD Hold'em No Limit - Level IV (30/60) - 2024/02/22 10:19:52 CET [2024/02/22 4:19:52 ET]
Table '3719576806 1' 3-max Seat #2 is the button
Seat 1: Mahu2021 (330 in chips) 
Seat 2: 545518 (1170 in chips) 
545518: posts small blind 30
Mahu2021: posts big blind 60
*** HOLE CARDS ***
Dealt to Mahu2021 [Qd 9h]
545518: calls 30
Mahu2021: checks 
*** FLOP *** [8c Ah 2c]
Mahu2021: checks 
545518: bets 120
Mahu2021: folds 
Uncalled bet (120) returned to 545518
545518 collected 120 from pot
*** SUMMARY ***
Total pot 120 | Rake 0 
Board [8c Ah 2c]
Seat 1: Mahu2021 (big blind) folded on the Flop
Seat 2: 545518 (button) (small blind) collected (120)



PokerStars Hand #249023067201: Tournament #3719576806, $1.84+$0.16 USD Hold'em No Limit - Level IV (30/60) - 2024/02/22 10:20:01 CET [2024/02/22 4:20:01 ET]
Table '3719576806 1' 3-max Seat #1 is the button
Seat 1: Mahu2021 (270 in chips) 
Seat 2: 545518 (1230 in chips) 
Mahu2021: posts small blind 30
545518: posts big blind 60
*** HOLE CARDS ***
Dealt to Mahu2021 [8c Qh]
Mahu2021: raises 210 to 270 and is all-in
545518: folds 
Uncalled bet (210) returned to Mahu2021
Mahu2021 collected 120 from pot
Mahu2021: doesn't show hand 
*** SUMMARY ***
Total pot 120 | Rake 0 
Seat 1: Mahu2021 (button) (small blind) collected (120)
Seat 2: 545518 (big blind) folded before Flop



PokerStars Hand #249023067860: Tournament #3719576806, $1.84+$0.16 USD Hold'em No Limit - Level IV (30/60) - 2024/02/22 10:20:07 CET [2024/02/22 4:20:07 ET]
Table '3719576806 1' 3-max Seat #2 is the button
Seat 1: Mahu2021 (330 in chips) 
Seat 2: 545518 (1170 in chips) 
545518: posts small blind 30
Mahu2021: posts big blind 60
*** HOLE CARDS ***
Dealt to Mahu2021 [9h 6s]
545518: calls 30
Mahu2021: checks 
*** FLOP *** [2s Jh Ts]
Mahu2021: checks 
545518: checks 
*** TURN *** [2s Jh Ts] [9d]
Mahu2021: bets 60
545518: folds 
Uncalled bet (60) returned to Mahu2021
Mahu2021 collected 120 from pot
Mahu2021: doesn't show hand 
*** SUMMARY ***
Total pot 120 | Rake 0 
Board [2s Jh Ts 9d]
Seat 1: Mahu2021 (big blind) collected (120)
Seat 2: 545518 (button) (small blind) folded on the Turn



PokerStars Hand #249023069657: Tournament #3719576806, $1.84+$0.16 USD Hold'em No Limit - Level IV (30/60) - 2024/02/22 10:20:22 CET [2024/02/22 4:20:22 ET]
Table '3719576806 1' 3-max Seat #1 is the button
Seat 1: Mahu2021 (390 in chips) 
Seat 2: 545518 (1110 in chips) 
Mahu2021: posts small blind 30
545518: posts big blind 60
*** HOLE CARDS ***
Dealt to Mahu2021 [5d 8h]
Mahu2021: folds 
Uncalled bet (30) returned to 545518
545518 collected 60 from pot
*** SUMMARY ***
Total pot 60 | Rake 0 
Seat 1: Mahu2021 (button) (small blind) folded before Flop
Seat 2: 545518 (big blind) collected (60)



PokerStars Hand #249023070172: Tournament #3719576806, $1.84+$0.16 USD Hold'em No Limit - Level IV (30/60) - 2024/02/22 10:20:26 CET [2024/02/22 4:20:26 ET]
Table '3719576806 1' 3-max Seat #2 is the button
Seat 1: Mahu2021 (360 in chips) 
Seat 2: 545518 (1140 in chips) 
545518: posts small blind 30
Mahu2021: posts big blind 60
*** HOLE CARDS ***
Dealt to Mahu2021 [Ts 3s]
545518: raises 120 to 180
Mahu2021: folds 
Uncalled bet (120) returned to 545518
545518 collected 120 from pot
*** SUMMARY ***
Total pot 120 | Rake 0 
Seat 1: Mahu2021 (big blind) folded before Flop
Seat 2: 545518 (button) (small blind) collected (120)



PokerStars Hand #249023070753: Tournament #3719576806, $1.84+$0.16 USD Hold'em No Limit - Level IV (30/60) - 2024/02/22 10:20:32 CET [2024/02/22 4:20:32 ET]
Table '3719576806 1' 3-max Seat #1 is the button
Seat 1: Mahu2021 (300 in chips) 
Seat 2: 545518 (1200 in chips) 
Mahu2021: posts small blind 30
545518: posts big blind 60
*** HOLE CARDS ***
Dealt to Mahu2021 [Qs 9d]
Mahu2021: raises 60 to 120
545518: raises 1080 to 1200 and is all-in
Mahu2021: calls 180 and is all-in
Uncalled bet (900) returned to 545518
*** FLOP *** [5c 6s Js]
*** TURN *** [5c 6s Js] [7h]
*** RIVER *** [5c 6s Js 7h] [Tc]
*** SHOW DOWN ***
545518: shows [Ks Jc] (a pair of Jacks)
Mahu2021: shows [Qs 9d] (high card Queen)
545518 collected 600 from pot
Mahu2021 finished the tournament in 2nd place
545518 wins the tournament and receives $4.00 - congratulations!
*** SUMMARY ***
Total pot 600 | Rake 0 
Board [5c 6s Js 7h Tc]
Seat 1: Mahu2021 (button) (small blind) showed [Qs 9d] and lost with high card Queen
Seat 2: 545518 (big blind) showed [Ks Jc] and won (600) with a pair of Jacks



