PokerStars Hand #251536740841: Tournament #3778942747, $1.84+$0.16 USD Hold'em No Limit - Level I (10/20) - 2024/07/17 21:36:03 CET [2024/07/17 15:36:03 ET]
Table '3778942747 1' 3-max Seat #1 is the button
Seat 1: JJOKKAA (500 in chips) 
Seat 2: nikiBG1993 (500 in chips) 
Seat 3: Mahu2021 (500 in chips) 
nikiBG1993: posts small blind 10
Mahu2021: posts big blind 20
*** HOLE CARDS ***
Dealt to Mahu2021 [Tc 6s]
JJOKKAA: raises 20 to 40
nikiBG1993 has timed out
nikiBG1993: folds 
nikiBG1993 is sitting out
Mahu2021: folds 
Uncalled bet (20) returned to JJOKKAA
JJOKKAA collected 50 from pot
JJOKKAA: doesn't show hand 
nikiBG1993 has returned
*** SUMMARY ***
Total pot 50 | Rake 0 
Seat 1: JJOKKAA (button) collected (50)
Seat 2: nikiBG1993 (small blind) folded before Flop
Seat 3: Mahu2021 (big blind) folded before Flop



PokerStars Hand #251536752838: Tournament #3778942747, $1.84+$0.16 USD Hold'em No Limit - Level I (10/20) - 2024/07/17 21:36:43 CET [2024/07/17 15:36:43 ET]
Table '3778942747 1' 3-max Seat #2 is the button
Seat 1: JJOKKAA (530 in chips) 
Seat 2: nikiBG1993 (490 in chips) 
Seat 3: Mahu2021 (480 in chips) 
Mahu2021: posts small blind 10
JJOKKAA: posts big blind 20
*** HOLE CARDS ***
Dealt to Mahu2021 [8c Kh]
nikiBG1993: folds 
Mahu2021: calls 10
JJOKKAA: raises 31 to 51
Mahu2021: calls 31
*** FLOP *** [5d 8d Ah]
Mahu2021: checks 
JJOKKAA: bets 51
Mahu2021: calls 51
*** TURN *** [5d 8d Ah] [Jh]
Mahu2021: checks 
JJOKKAA: bets 122
Mahu2021: folds 
Uncalled bet (122) returned to JJOKKAA
JJOKKAA collected 204 from pot
JJOKKAA: doesn't show hand 
*** SUMMARY ***
Total pot 204 | Rake 0 
Board [5d 8d Ah Jh]
Seat 1: JJOKKAA (big blind) collected (204)
Seat 2: nikiBG1993 (button) folded before Flop (didn't bet)
Seat 3: Mahu2021 (small blind) folded on the Turn



PokerStars Hand #251536764667: Tournament #3778942747, $1.84+$0.16 USD Hold'em No Limit - Level I (10/20) - 2024/07/17 21:37:22 CET [2024/07/17 15:37:22 ET]
Table '3778942747 1' 3-max Seat #3 is the button
Seat 1: JJOKKAA (632 in chips) 
Seat 2: nikiBG1993 (490 in chips) 
Seat 3: Mahu2021 (378 in chips) 
JJOKKAA: posts small blind 10
nikiBG1993: posts big blind 20
*** HOLE CARDS ***
Dealt to Mahu2021 [8h 9d]
Mahu2021: calls 20
JJOKKAA: calls 10
nikiBG1993: checks 
*** FLOP *** [2c Qc 2d]
JJOKKAA: checks 
nikiBG1993: checks 
Mahu2021: checks 
*** TURN *** [2c Qc 2d] [Kc]
JJOKKAA: bets 36
nikiBG1993: calls 36
Mahu2021: folds 
*** RIVER *** [2c Qc 2d Kc] [6d]
JJOKKAA: bets 99
nikiBG1993: folds 
Uncalled bet (99) returned to JJOKKAA
JJOKKAA collected 132 from pot
JJOKKAA: doesn't show hand 
*** SUMMARY ***
Total pot 132 | Rake 0 
Board [2c Qc 2d Kc 6d]
Seat 1: JJOKKAA (small blind) collected (132)
Seat 2: nikiBG1993 (big blind) folded on the River
Seat 3: Mahu2021 (button) folded on the Turn



PokerStars Hand #251536775477: Tournament #3778942747, $1.84+$0.16 USD Hold'em No Limit - Level I (10/20) - 2024/07/17 21:37:58 CET [2024/07/17 15:37:58 ET]
Table '3778942747 1' 3-max Seat #1 is the button
Seat 1: JJOKKAA (708 in chips) 
Seat 2: nikiBG1993 (434 in chips) 
Seat 3: Mahu2021 (358 in chips) 
nikiBG1993: posts small blind 10
Mahu2021: posts big blind 20
*** HOLE CARDS ***
Dealt to Mahu2021 [3h 7c]
JJOKKAA: folds 
nikiBG1993: raises 20 to 40
Mahu2021: folds 
Uncalled bet (20) returned to nikiBG1993
nikiBG1993 collected 40 from pot
nikiBG1993: doesn't show hand 
*** SUMMARY ***
Total pot 40 | Rake 0 
Seat 1: JJOKKAA (button) folded before Flop (didn't bet)
Seat 2: nikiBG1993 (small blind) collected (40)
Seat 3: Mahu2021 (big blind) folded before Flop



PokerStars Hand #251536777621: Tournament #3778942747, $1.84+$0.16 USD Hold'em No Limit - Level I (10/20) - 2024/07/17 21:38:05 CET [2024/07/17 15:38:05 ET]
Table '3778942747 1' 3-max Seat #2 is the button
Seat 1: JJOKKAA (708 in chips) 
Seat 2: nikiBG1993 (454 in chips) 
Seat 3: Mahu2021 (338 in chips) 
Mahu2021: posts small blind 10
JJOKKAA: posts big blind 20
*** HOLE CARDS ***
Dealt to Mahu2021 [4s 4d]
nikiBG1993: folds 
Mahu2021: raises 318 to 338 and is all-in
JJOKKAA: folds 
Uncalled bet (318) returned to Mahu2021
Mahu2021 collected 40 from pot
Mahu2021: doesn't show hand 
*** SUMMARY ***
Total pot 40 | Rake 0 
Seat 1: JJOKKAA (big blind) folded before Flop
Seat 2: nikiBG1993 (button) folded before Flop (didn't bet)
Seat 3: Mahu2021 (small blind) collected (40)



PokerStars Hand #251536781582: Tournament #3778942747, $1.84+$0.16 USD Hold'em No Limit - Level I (10/20) - 2024/07/17 21:38:18 CET [2024/07/17 15:38:18 ET]
Table '3778942747 1' 3-max Seat #3 is the button
Seat 1: JJOKKAA (688 in chips) 
Seat 2: nikiBG1993 (454 in chips) 
Seat 3: Mahu2021 (358 in chips) 
JJOKKAA: posts small blind 10
nikiBG1993: posts big blind 20
*** HOLE CARDS ***
Dealt to Mahu2021 [9h Qc]
Mahu2021: calls 20
JJOKKAA: folds 
nikiBG1993: checks 
*** FLOP *** [9c 8d 4s]
nikiBG1993: checks 
Mahu2021: bets 20
nikiBG1993: calls 20
*** TURN *** [9c 8d 4s] [5h]
nikiBG1993: checks 
Mahu2021: bets 20
nikiBG1993: calls 20
*** RIVER *** [9c 8d 4s 5h] [Td]
nikiBG1993: checks 
Mahu2021: checks 
*** SHOW DOWN ***
nikiBG1993: shows [Ac 7h] (high card Ace)
Mahu2021: shows [9h Qc] (a pair of Nines)
Mahu2021 collected 130 from pot
*** SUMMARY ***
Total pot 130 | Rake 0 
Board [9c 8d 4s 5h Td]
Seat 1: JJOKKAA (small blind) folded before Flop
Seat 2: nikiBG1993 (big blind) showed [Ac 7h] and lost with high card Ace
Seat 3: Mahu2021 (button) showed [9h Qc] and won (130) with a pair of Nines



PokerStars Hand #251536789203: Tournament #3778942747, $1.84+$0.16 USD Hold'em No Limit - Level I (10/20) - 2024/07/17 21:38:43 CET [2024/07/17 15:38:43 ET]
Table '3778942747 1' 3-max Seat #1 is the button
Seat 1: JJOKKAA (678 in chips) 
Seat 2: nikiBG1993 (394 in chips) 
Seat 3: Mahu2021 (428 in chips) 
nikiBG1993: posts small blind 10
Mahu2021: posts big blind 20
*** HOLE CARDS ***
Dealt to Mahu2021 [3c Js]
JJOKKAA: folds 
nikiBG1993: raises 40 to 60
Mahu2021: folds 
Uncalled bet (40) returned to nikiBG1993
nikiBG1993 collected 40 from pot
nikiBG1993: doesn't show hand 
*** SUMMARY ***
Total pot 40 | Rake 0 
Seat 1: JJOKKAA (button) folded before Flop (didn't bet)
Seat 2: nikiBG1993 (small blind) collected (40)
Seat 3: Mahu2021 (big blind) folded before Flop



PokerStars Hand #251536791666: Tournament #3778942747, $1.84+$0.16 USD Hold'em No Limit - Level I (10/20) - 2024/07/17 21:38:52 CET [2024/07/17 15:38:52 ET]
Table '3778942747 1' 3-max Seat #2 is the button
Seat 1: JJOKKAA (678 in chips) 
Seat 2: nikiBG1993 (414 in chips) 
Seat 3: Mahu2021 (408 in chips) 
Mahu2021: posts small blind 10
JJOKKAA: posts big blind 20
*** HOLE CARDS ***
Dealt to Mahu2021 [9d 3c]
nikiBG1993: calls 20
Mahu2021: folds 
JJOKKAA: checks 
*** FLOP *** [Ts 5h As]
JJOKKAA: checks 
nikiBG1993: checks 
*** TURN *** [Ts 5h As] [2h]
JJOKKAA: checks 
nikiBG1993: checks 
*** RIVER *** [Ts 5h As 2h] [Th]
JJOKKAA: bets 38
nikiBG1993: folds 
Uncalled bet (38) returned to JJOKKAA
JJOKKAA collected 50 from pot
JJOKKAA: doesn't show hand 
*** SUMMARY ***
Total pot 50 | Rake 0 
Board [Ts 5h As 2h Th]
Seat 1: JJOKKAA (big blind) collected (50)
Seat 2: nikiBG1993 (button) folded on the River
Seat 3: Mahu2021 (small blind) folded before Flop



PokerStars Hand #251536803054: Tournament #3778942747, $1.84+$0.16 USD Hold'em No Limit - Level II (15/30) - 2024/07/17 21:39:29 CET [2024/07/17 15:39:29 ET]
Table '3778942747 1' 3-max Seat #3 is the button
Seat 1: JJOKKAA (708 in chips) 
Seat 2: nikiBG1993 (394 in chips) 
Seat 3: Mahu2021 (398 in chips) 
JJOKKAA: posts small blind 15
nikiBG1993: posts big blind 30
*** HOLE CARDS ***
Dealt to Mahu2021 [7d 4d]
Mahu2021: folds 
JJOKKAA: folds 
Uncalled bet (15) returned to nikiBG1993
nikiBG1993 collected 30 from pot
nikiBG1993: doesn't show hand 
*** SUMMARY ***
Total pot 30 | Rake 0 
Seat 1: JJOKKAA (small blind) folded before Flop
Seat 2: nikiBG1993 (big blind) collected (30)
Seat 3: Mahu2021 (button) folded before Flop (didn't bet)



PokerStars Hand #251536805901: Tournament #3778942747, $1.84+$0.16 USD Hold'em No Limit - Level II (15/30) - 2024/07/17 21:39:39 CET [2024/07/17 15:39:39 ET]
Table '3778942747 1' 3-max Seat #1 is the button
Seat 1: JJOKKAA (693 in chips) 
Seat 2: nikiBG1993 (409 in chips) 
Seat 3: Mahu2021 (398 in chips) 
nikiBG1993: posts small blind 15
Mahu2021: posts big blind 30
*** HOLE CARDS ***
Dealt to Mahu2021 [9h Ts]
JJOKKAA: calls 30
nikiBG1993: calls 15
Mahu2021: checks 
*** FLOP *** [5d Qs Tc]
nikiBG1993: checks 
Mahu2021: bets 30
JJOKKAA: calls 30
nikiBG1993: folds 
*** TURN *** [5d Qs Tc] [Js]
Mahu2021: checks 
JJOKKAA: bets 75
Mahu2021: calls 75
*** RIVER *** [5d Qs Tc Js] [5c]
Mahu2021: checks 
JJOKKAA: bets 225
Mahu2021: folds 
Uncalled bet (225) returned to JJOKKAA
JJOKKAA collected 300 from pot
JJOKKAA: doesn't show hand 
*** SUMMARY ***
Total pot 300 | Rake 0 
Board [5d Qs Tc Js 5c]
Seat 1: JJOKKAA (button) collected (300)
Seat 2: nikiBG1993 (small blind) folded on the Flop
Seat 3: Mahu2021 (big blind) folded on the River



PokerStars Hand #251536819881: Tournament #3778942747, $1.84+$0.16 USD Hold'em No Limit - Level II (15/30) - 2024/07/17 21:40:25 CET [2024/07/17 15:40:25 ET]
Table '3778942747 1' 3-max Seat #2 is the button
Seat 1: JJOKKAA (858 in chips) 
Seat 2: nikiBG1993 (379 in chips) 
Seat 3: Mahu2021 (263 in chips) 
Mahu2021: posts small blind 15
JJOKKAA: posts big blind 30
*** HOLE CARDS ***
Dealt to Mahu2021 [Ah 9s]
nikiBG1993: raises 30 to 60
Mahu2021: raises 203 to 263 and is all-in
JJOKKAA: folds 
nikiBG1993: calls 203
*** FLOP *** [Qh 2d Kc]
*** TURN *** [Qh 2d Kc] [Qc]
*** RIVER *** [Qh 2d Kc Qc] [7h]
*** SHOW DOWN ***
Mahu2021: shows [Ah 9s] (a pair of Queens)
nikiBG1993: shows [8s Ad] (a pair of Queens - lower kicker)
Mahu2021 collected 556 from pot
*** SUMMARY ***
Total pot 556 | Rake 0 
Board [Qh 2d Kc Qc 7h]
Seat 1: JJOKKAA (big blind) folded before Flop
Seat 2: nikiBG1993 (button) showed [8s Ad] and lost with a pair of Queens
Seat 3: Mahu2021 (small blind) showed [Ah 9s] and won (556) with a pair of Queens



PokerStars Hand #251536825788: Tournament #3778942747, $1.84+$0.16 USD Hold'em No Limit - Level II (15/30) - 2024/07/17 21:40:45 CET [2024/07/17 15:40:45 ET]
Table '3778942747 1' 3-max Seat #3 is the button
Seat 1: JJOKKAA (828 in chips) 
Seat 2: nikiBG1993 (116 in chips) 
Seat 3: Mahu2021 (556 in chips) 
JJOKKAA: posts small blind 15
nikiBG1993: posts big blind 30
*** HOLE CARDS ***
Dealt to Mahu2021 [6d 5d]
Mahu2021: folds 
JJOKKAA: calls 15
nikiBG1993: checks 
*** FLOP *** [2c Qh 9s]
JJOKKAA: bets 30
nikiBG1993: folds 
Uncalled bet (30) returned to JJOKKAA
JJOKKAA collected 60 from pot
JJOKKAA: doesn't show hand 
*** SUMMARY ***
Total pot 60 | Rake 0 
Board [2c Qh 9s]
Seat 1: JJOKKAA (small blind) collected (60)
Seat 2: nikiBG1993 (big blind) folded on the Flop
Seat 3: Mahu2021 (button) folded before Flop (didn't bet)



PokerStars Hand #251536832111: Tournament #3778942747, $1.84+$0.16 USD Hold'em No Limit - Level II (15/30) - 2024/07/17 21:41:07 CET [2024/07/17 15:41:07 ET]
Table '3778942747 1' 3-max Seat #1 is the button
Seat 1: JJOKKAA (858 in chips) 
Seat 2: nikiBG1993 (86 in chips) 
Seat 3: Mahu2021 (556 in chips) 
nikiBG1993: posts small blind 15
Mahu2021: posts big blind 30
*** HOLE CARDS ***
Dealt to Mahu2021 [Ad Qd]
JJOKKAA: folds 
nikiBG1993: folds 
Uncalled bet (15) returned to Mahu2021
Mahu2021 collected 30 from pot
Mahu2021: doesn't show hand 
*** SUMMARY ***
Total pot 30 | Rake 0 
Seat 1: JJOKKAA (button) folded before Flop (didn't bet)
Seat 2: nikiBG1993 (small blind) folded before Flop
Seat 3: Mahu2021 (big blind) collected (30)



PokerStars Hand #251536835738: Tournament #3778942747, $1.84+$0.16 USD Hold'em No Limit - Level II (15/30) - 2024/07/17 21:41:19 CET [2024/07/17 15:41:19 ET]
Table '3778942747 1' 3-max Seat #2 is the button
Seat 1: JJOKKAA (858 in chips) 
Seat 2: nikiBG1993 (71 in chips) 
Seat 3: Mahu2021 (571 in chips) 
Mahu2021: posts small blind 15
JJOKKAA: posts big blind 30
*** HOLE CARDS ***
Dealt to Mahu2021 [Ah 8s]
nikiBG1993: raises 41 to 71 and is all-in
Mahu2021: calls 56
JJOKKAA: calls 41
*** FLOP *** [9h 6d 3h]
Mahu2021: checks 
JJOKKAA: bets 70
Mahu2021: folds 
Uncalled bet (70) returned to JJOKKAA
*** TURN *** [9h 6d 3h] [7d]
*** RIVER *** [9h 6d 3h 7d] [Qh]
*** SHOW DOWN ***
JJOKKAA: shows [Ad 6h] (a pair of Sixes)
nikiBG1993: shows [8c Td] (a straight, Six to Ten)
nikiBG1993 collected 213 from pot
*** SUMMARY ***
Total pot 213 | Rake 0 
Board [9h 6d 3h 7d Qh]
Seat 1: JJOKKAA (big blind) showed [Ad 6h] and lost with a pair of Sixes
Seat 2: nikiBG1993 (button) showed [8c Td] and won (213) with a straight, Six to Ten
Seat 3: Mahu2021 (small blind) folded on the Flop



PokerStars Hand #251536845063: Tournament #3778942747, $1.84+$0.16 USD Hold'em No Limit - Level II (15/30) - 2024/07/17 21:41:50 CET [2024/07/17 15:41:50 ET]
Table '3778942747 1' 3-max Seat #3 is the button
Seat 1: JJOKKAA (787 in chips) 
Seat 2: nikiBG1993 (213 in chips) 
Seat 3: Mahu2021 (500 in chips) 
JJOKKAA: posts small blind 15
nikiBG1993: posts big blind 30
*** HOLE CARDS ***
Dealt to Mahu2021 [Jc 3d]
Mahu2021: folds 
JJOKKAA: folds 
Uncalled bet (15) returned to nikiBG1993
nikiBG1993 collected 30 from pot
nikiBG1993: doesn't show hand 
*** SUMMARY ***
Total pot 30 | Rake 0 
Seat 1: JJOKKAA (small blind) folded before Flop
Seat 2: nikiBG1993 (big blind) collected (30)
Seat 3: Mahu2021 (button) folded before Flop (didn't bet)



PokerStars Hand #251536847402: Tournament #3778942747, $1.84+$0.16 USD Hold'em No Limit - Level II (15/30) - 2024/07/17 21:41:58 CET [2024/07/17 15:41:58 ET]
Table '3778942747 1' 3-max Seat #1 is the button
Seat 1: JJOKKAA (772 in chips) 
Seat 2: nikiBG1993 (228 in chips) 
Seat 3: Mahu2021 (500 in chips) 
nikiBG1993: posts small blind 15
Mahu2021: posts big blind 30
*** HOLE CARDS ***
Dealt to Mahu2021 [Td 8s]
JJOKKAA: folds 
nikiBG1993: folds 
Uncalled bet (15) returned to Mahu2021
Mahu2021 collected 30 from pot
Mahu2021: doesn't show hand 
*** SUMMARY ***
Total pot 30 | Rake 0 
Seat 1: JJOKKAA (button) folded before Flop (didn't bet)
Seat 2: nikiBG1993 (small blind) folded before Flop
Seat 3: Mahu2021 (big blind) collected (30)



PokerStars Hand #251536852420: Tournament #3778942747, $1.84+$0.16 USD Hold'em No Limit - Level III (20/40) - 2024/07/17 21:42:15 CET [2024/07/17 15:42:15 ET]
Table '3778942747 1' 3-max Seat #2 is the button
Seat 1: JJOKKAA (772 in chips) 
Seat 2: nikiBG1993 (213 in chips) 
Seat 3: Mahu2021 (515 in chips) 
Mahu2021: posts small blind 20
JJOKKAA: posts big blind 40
*** HOLE CARDS ***
Dealt to Mahu2021 [Ks Kc]
nikiBG1993: folds 
Mahu2021: raises 40 to 80
JJOKKAA: folds 
Uncalled bet (40) returned to Mahu2021
Mahu2021 collected 80 from pot
Mahu2021: doesn't show hand 
*** SUMMARY ***
Total pot 80 | Rake 0 
Seat 1: JJOKKAA (big blind) folded before Flop
Seat 2: nikiBG1993 (button) folded before Flop (didn't bet)
Seat 3: Mahu2021 (small blind) collected (80)



PokerStars Hand #251536856119: Tournament #3778942747, $1.84+$0.16 USD Hold'em No Limit - Level III (20/40) - 2024/07/17 21:42:27 CET [2024/07/17 15:42:27 ET]
Table '3778942747 1' 3-max Seat #3 is the button
Seat 1: JJOKKAA (732 in chips) 
Seat 2: nikiBG1993 (213 in chips) 
Seat 3: Mahu2021 (555 in chips) 
JJOKKAA: posts small blind 20
nikiBG1993: posts big blind 40
*** HOLE CARDS ***
Dealt to Mahu2021 [Ad Jd]
Mahu2021: raises 40 to 80
JJOKKAA: calls 60
nikiBG1993: calls 40
*** FLOP *** [Kh Qd 2c]
JJOKKAA: checks 
nikiBG1993: checks 
Mahu2021: checks 
*** TURN *** [Kh Qd 2c] [Qc]
JJOKKAA: checks 
nikiBG1993: checks 
Mahu2021: bets 80
JJOKKAA: folds 
nikiBG1993: raises 53 to 133 and is all-in
Mahu2021: calls 53
*** RIVER *** [Kh Qd 2c Qc] [Ac]
*** SHOW DOWN ***
nikiBG1993: shows [6s As] (two pair, Aces and Queens)
Mahu2021: shows [Ad Jd] (two pair, Aces and Queens)
nikiBG1993 collected 253 from pot
Mahu2021 collected 253 from pot
*** SUMMARY ***
Total pot 506 | Rake 0 
Board [Kh Qd 2c Qc Ac]
Seat 1: JJOKKAA (small blind) folded on the Turn
Seat 2: nikiBG1993 (big blind) showed [6s As] and won (253) with two pair, Aces and Queens
Seat 3: Mahu2021 (button) showed [Ad Jd] and won (253) with two pair, Aces and Queens



PokerStars Hand #251536870532: Tournament #3778942747, $1.84+$0.16 USD Hold'em No Limit - Level III (20/40) - 2024/07/17 21:43:16 CET [2024/07/17 15:43:16 ET]
Table '3778942747 1' 3-max Seat #1 is the button
Seat 1: JJOKKAA (652 in chips) 
Seat 2: nikiBG1993 (253 in chips) 
Seat 3: Mahu2021 (595 in chips) 
nikiBG1993: posts small blind 20
Mahu2021: posts big blind 40
*** HOLE CARDS ***
Dealt to Mahu2021 [Qd Ks]
JJOKKAA: folds 
nikiBG1993: folds 
Uncalled bet (20) returned to Mahu2021
Mahu2021 collected 40 from pot
Mahu2021: doesn't show hand 
*** SUMMARY ***
Total pot 40 | Rake 0 
Seat 1: JJOKKAA (button) folded before Flop (didn't bet)
Seat 2: nikiBG1993 (small blind) folded before Flop
Seat 3: Mahu2021 (big blind) collected (40)



PokerStars Hand #251536872818: Tournament #3778942747, $1.84+$0.16 USD Hold'em No Limit - Level III (20/40) - 2024/07/17 21:43:23 CET [2024/07/17 15:43:23 ET]
Table '3778942747 1' 3-max Seat #2 is the button
Seat 1: JJOKKAA (652 in chips) 
Seat 2: nikiBG1993 (233 in chips) 
Seat 3: Mahu2021 (615 in chips) 
Mahu2021: posts small blind 20
JJOKKAA: posts big blind 40
*** HOLE CARDS ***
Dealt to Mahu2021 [Jd Ts]
nikiBG1993: raises 193 to 233 and is all-in
Mahu2021: folds 
JJOKKAA: calls 193
*** FLOP *** [Jc 2s Ad]
*** TURN *** [Jc 2s Ad] [3s]
*** RIVER *** [Jc 2s Ad 3s] [3h]
*** SHOW DOWN ***
JJOKKAA: shows [Ah 8d] (two pair, Aces and Threes)
nikiBG1993: shows [8c Js] (two pair, Jacks and Threes)
JJOKKAA collected 486 from pot
nikiBG1993 finished the tournament in 3rd place
*** SUMMARY ***
Total pot 486 | Rake 0 
Board [Jc 2s Ad 3s 3h]
Seat 1: JJOKKAA (big blind) showed [Ah 8d] and won (486) with two pair, Aces and Threes
Seat 2: nikiBG1993 (button) showed [8c Js] and lost with two pair, Jacks and Threes
Seat 3: Mahu2021 (small blind) folded before Flop



PokerStars Hand #251536878566: Tournament #3778942747, $1.84+$0.16 USD Hold'em No Limit - Level III (20/40) - 2024/07/17 21:43:43 CET [2024/07/17 15:43:43 ET]
Table '3778942747 1' 3-max Seat #1 is the button
Seat 1: JJOKKAA (905 in chips) 
Seat 3: Mahu2021 (595 in chips) 
JJOKKAA: posts small blind 20
Mahu2021: posts big blind 40
*** HOLE CARDS ***
Dealt to Mahu2021 [Jc Ah]
JJOKKAA: raises 40 to 80
Mahu2021: raises 515 to 595 and is all-in
JJOKKAA: folds 
Uncalled bet (515) returned to Mahu2021
Mahu2021 collected 160 from pot
Mahu2021: doesn't show hand 
*** SUMMARY ***
Total pot 160 | Rake 0 
Seat 1: JJOKKAA (button) (small blind) folded before Flop
Seat 3: Mahu2021 (big blind) collected (160)



PokerStars Hand #251536883163: Tournament #3778942747, $1.84+$0.16 USD Hold'em No Limit - Level III (20/40) - 2024/07/17 21:43:58 CET [2024/07/17 15:43:58 ET]
Table '3778942747 1' 3-max Seat #3 is the button
Seat 1: JJOKKAA (825 in chips) 
Seat 3: Mahu2021 (675 in chips) 
Mahu2021: posts small blind 20
JJOKKAA: posts big blind 40
*** HOLE CARDS ***
Dealt to Mahu2021 [4d 9s]
Mahu2021: folds 
Uncalled bet (20) returned to JJOKKAA
JJOKKAA collected 40 from pot
JJOKKAA: doesn't show hand 
*** SUMMARY ***
Total pot 40 | Rake 0 
Seat 1: JJOKKAA (big blind) collected (40)
Seat 3: Mahu2021 (button) (small blind) folded before Flop



PokerStars Hand #251536884625: Tournament #3778942747, $1.84+$0.16 USD Hold'em No Limit - Level III (20/40) - 2024/07/17 21:44:03 CET [2024/07/17 15:44:03 ET]
Table '3778942747 1' 3-max Seat #1 is the button
Seat 1: JJOKKAA (845 in chips) 
Seat 3: Mahu2021 (655 in chips) 
JJOKKAA: posts small blind 20
Mahu2021: posts big blind 40
*** HOLE CARDS ***
Dealt to Mahu2021 [8s 6s]
JJOKKAA: raises 40 to 80
Mahu2021: calls 40
*** FLOP *** [8d 7d Ah]
Mahu2021: checks 
JJOKKAA: bets 80
Mahu2021: calls 80
*** TURN *** [8d 7d Ah] [2c]
Mahu2021: checks 
JJOKKAA: checks 
*** RIVER *** [8d 7d Ah 2c] [6c]
Mahu2021: bets 160
JJOKKAA: folds 
Uncalled bet (160) returned to Mahu2021
Mahu2021 collected 320 from pot
Mahu2021: doesn't show hand 
*** SUMMARY ***
Total pot 320 | Rake 0 
Board [8d 7d Ah 2c 6c]
Seat 1: JJOKKAA (button) (small blind) folded on the River
Seat 3: Mahu2021 (big blind) collected (320)



PokerStars Hand #251536890197: Tournament #3778942747, $1.84+$0.16 USD Hold'em No Limit - Level III (20/40) - 2024/07/17 21:44:22 CET [2024/07/17 15:44:22 ET]
Table '3778942747 1' 3-max Seat #3 is the button
Seat 1: JJOKKAA (685 in chips) 
Seat 3: Mahu2021 (815 in chips) 
Mahu2021: posts small blind 20
JJOKKAA: posts big blind 40
*** HOLE CARDS ***
Dealt to Mahu2021 [4h Kc]
Mahu2021: calls 20
JJOKKAA: checks 
*** FLOP *** [9h 5d 9s]
JJOKKAA: checks 
Mahu2021: bets 40
JJOKKAA: folds 
Uncalled bet (40) returned to Mahu2021
Mahu2021 collected 80 from pot
Mahu2021: doesn't show hand 
*** SUMMARY ***
Total pot 80 | Rake 0 
Board [9h 5d 9s]
Seat 1: JJOKKAA (big blind) folded on the Flop
Seat 3: Mahu2021 (button) (small blind) collected (80)



PokerStars Hand #251536894955: Tournament #3778942747, $1.84+$0.16 USD Hold'em No Limit - Level III (20/40) - 2024/07/17 21:44:38 CET [2024/07/17 15:44:38 ET]
Table '3778942747 1' 3-max Seat #1 is the button
Seat 1: JJOKKAA (645 in chips) 
Seat 3: Mahu2021 (855 in chips) 
JJOKKAA: posts small blind 20
Mahu2021: posts big blind 40
*** HOLE CARDS ***
Dealt to Mahu2021 [7s Ks]
JJOKKAA: raises 40 to 80
Mahu2021: calls 40
*** FLOP *** [Jc Qd 4h]
Mahu2021: checks 
JJOKKAA: bets 80
Mahu2021: folds 
Uncalled bet (80) returned to JJOKKAA
JJOKKAA collected 160 from pot
JJOKKAA: doesn't show hand 
*** SUMMARY ***
Total pot 160 | Rake 0 
Board [Jc Qd 4h]
Seat 1: JJOKKAA (button) (small blind) collected (160)
Seat 3: Mahu2021 (big blind) folded on the Flop



PokerStars Hand #251536899373: Tournament #3778942747, $1.84+$0.16 USD Hold'em No Limit - Level III (20/40) - 2024/07/17 21:44:53 CET [2024/07/17 15:44:53 ET]
Table '3778942747 1' 3-max Seat #3 is the button
Seat 1: JJOKKAA (725 in chips) 
Seat 3: Mahu2021 (775 in chips) 
Mahu2021: posts small blind 20
JJOKKAA: posts big blind 40
*** HOLE CARDS ***
Dealt to Mahu2021 [5s 5d]
Mahu2021: raises 40 to 80
JJOKKAA: raises 645 to 725 and is all-in
Mahu2021: calls 645
*** FLOP *** [2s 2h 2c]
*** TURN *** [2s 2h 2c] [Ts]
*** RIVER *** [2s 2h 2c Ts] [Qc]
*** SHOW DOWN ***
JJOKKAA: shows [6d 6c] (a full house, Deuces full of Sixes)
Mahu2021: shows [5s 5d] (a full house, Deuces full of Fives)
JJOKKAA collected 1450 from pot
*** SUMMARY ***
Total pot 1450 | Rake 0 
Board [2s 2h 2c Ts Qc]
Seat 1: JJOKKAA (big blind) showed [6d 6c] and won (1450) with a full house, Deuces full of Sixes
Seat 3: Mahu2021 (button) (small blind) showed [5s 5d] and lost with a full house, Deuces full of Fives



PokerStars Hand #251536904715: Tournament #3778942747, $1.84+$0.16 USD Hold'em No Limit - Level IV (30/60) - 2024/07/17 21:45:11 CET [2024/07/17 15:45:11 ET]
Table '3778942747 1' 3-max Seat #1 is the button
Seat 1: JJOKKAA (1450 in chips) 
Seat 3: Mahu2021 (50 in chips) 
JJOKKAA: posts small blind 30
Mahu2021: posts big blind 50 and is all-in
*** HOLE CARDS ***
Dealt to Mahu2021 [Jd 3c]
JJOKKAA: calls 20
*** FLOP *** [As 2h 4s]
*** TURN *** [As 2h 4s] [Qc]
*** RIVER *** [As 2h 4s Qc] [Ac]
*** SHOW DOWN ***
Mahu2021: shows [Jd 3c] (a pair of Aces)
JJOKKAA: shows [8d Qh] (two pair, Aces and Queens)
JJOKKAA collected 100 from pot
Mahu2021 finished the tournament in 2nd place
JJOKKAA wins the tournament and receives $8.00 - congratulations!
*** SUMMARY ***
Total pot 100 | Rake 0 
Board [As 2h 4s Qc Ac]
Seat 1: JJOKKAA (button) (small blind) showed [8d Qh] and won (100) with two pair, Aces and Queens
Seat 3: Mahu2021 (big blind) showed [Jd 3c] and lost with a pair of Aces



