PokerStars Hand #246563439243: Tournament #3659654485, $0.92+$0.08 USD Hold'em No Limit - Level I (10/20) - 2023/10/16 11:05:40 CET [2023/10/16 5:05:40 ET]
Table '3659654485 1' 3-max Seat #1 is the button
Seat 1: aprilbro (500 in chips) 
Seat 2: julieder (500 in chips) 
Seat 3: Mahu2021 (500 in chips) 
julieder: posts small blind 10
Mahu2021: posts big blind 20
*** HOLE CARDS ***
Dealt to Mahu2021 [As Qh]
aprilbro: folds 
julieder: calls 10
Mahu2021: raises 40 to 60
julieder: calls 40
*** FLOP *** [9h Ac 7d]
julieder: checks 
Mahu2021: bets 60
julieder: folds 
Uncalled bet (60) returned to Mahu2021
Mahu2021 collected 120 from pot
Mahu2021: doesn't show hand 
*** SUMMARY ***
Total pot 120 | Rake 0 
Board [9h Ac 7d]
Seat 1: aprilbro (button) folded before Flop (didn't bet)
Seat 2: julieder (small blind) folded on the Flop
Seat 3: Mahu2021 (big blind) collected (120)



PokerStars Hand #246563442038: Tournament #3659654485, $0.92+$0.08 USD Hold'em No Limit - Level I (10/20) - 2023/10/16 11:06:03 CET [2023/10/16 5:06:03 ET]
Table '3659654485 1' 3-max Seat #2 is the button
Seat 1: aprilbro (500 in chips) 
Seat 2: julieder (440 in chips) 
Seat 3: Mahu2021 (560 in chips) 
Mahu2021: posts small blind 10
aprilbro: posts big blind 20
*** HOLE CARDS ***
Dealt to Mahu2021 [As Qh]
julieder: folds 
Mahu2021: raises 40 to 60
aprilbro: folds 
Uncalled bet (40) returned to Mahu2021
Mahu2021 collected 40 from pot
Mahu2021: doesn't show hand 
*** SUMMARY ***
Total pot 40 | Rake 0 
Seat 1: aprilbro (big blind) folded before Flop
Seat 2: julieder (button) folded before Flop (didn't bet)
Seat 3: Mahu2021 (small blind) collected (40)



PokerStars Hand #246563443843: Tournament #3659654485, $0.92+$0.08 USD Hold'em No Limit - Level I (10/20) - 2023/10/16 11:06:18 CET [2023/10/16 5:06:18 ET]
Table '3659654485 1' 3-max Seat #3 is the button
Seat 1: aprilbro (480 in chips) 
Seat 2: julieder (440 in chips) 
Seat 3: Mahu2021 (580 in chips) 
aprilbro: posts small blind 10
julieder: posts big blind 20
*** HOLE CARDS ***
Dealt to Mahu2021 [7d Th]
Mahu2021: folds 
aprilbro: folds 
Uncalled bet (10) returned to julieder
julieder collected 20 from pot
*** SUMMARY ***
Total pot 20 | Rake 0 
Seat 1: aprilbro (small blind) folded before Flop
Seat 2: julieder (big blind) collected (20)
Seat 3: Mahu2021 (button) folded before Flop (didn't bet)



PokerStars Hand #246563444744: Tournament #3659654485, $0.92+$0.08 USD Hold'em No Limit - Level I (10/20) - 2023/10/16 11:06:26 CET [2023/10/16 5:06:26 ET]
Table '3659654485 1' 3-max Seat #1 is the button
Seat 1: aprilbro (470 in chips) 
Seat 2: julieder (450 in chips) 
Seat 3: Mahu2021 (580 in chips) 
julieder: posts small blind 10
Mahu2021: posts big blind 20
*** HOLE CARDS ***
Dealt to Mahu2021 [4h 2c]
aprilbro: folds 
julieder: raises 20 to 40
Mahu2021: folds 
Uncalled bet (20) returned to julieder
julieder collected 40 from pot
*** SUMMARY ***
Total pot 40 | Rake 0 
Seat 1: aprilbro (button) folded before Flop (didn't bet)
Seat 2: julieder (small blind) collected (40)
Seat 3: Mahu2021 (big blind) folded before Flop



PokerStars Hand #246563445693: Tournament #3659654485, $0.92+$0.08 USD Hold'em No Limit - Level I (10/20) - 2023/10/16 11:06:34 CET [2023/10/16 5:06:34 ET]
Table '3659654485 1' 3-max Seat #2 is the button
Seat 1: aprilbro (470 in chips) 
Seat 2: julieder (470 in chips) 
Seat 3: Mahu2021 (560 in chips) 
Mahu2021: posts small blind 10
aprilbro: posts big blind 20
*** HOLE CARDS ***
Dealt to Mahu2021 [As 5d]
julieder: folds 
Mahu2021: raises 20 to 40
aprilbro: raises 40 to 80
Mahu2021: calls 40
*** FLOP *** [Jc 6s 5h]
Mahu2021: checks 
aprilbro: bets 60
Mahu2021: calls 60
*** TURN *** [Jc 6s 5h] [Tc]
Mahu2021: checks 
aprilbro: bets 120
Mahu2021: calls 120
*** RIVER *** [Jc 6s 5h Tc] [2c]
Mahu2021: checks 
aprilbro: bets 180
Mahu2021: calls 180
*** SHOW DOWN ***
aprilbro: shows [Qc Qh] (a pair of Queens)
Mahu2021: mucks hand 
aprilbro collected 880 from pot
*** SUMMARY ***
Total pot 880 | Rake 0 
Board [Jc 6s 5h Tc 2c]
Seat 1: aprilbro (big blind) showed [Qc Qh] and won (880) with a pair of Queens
Seat 2: julieder (button) folded before Flop (didn't bet)
Seat 3: Mahu2021 (small blind) mucked [As 5d]



PokerStars Hand #246563449625: Tournament #3659654485, $0.92+$0.08 USD Hold'em No Limit - Level I (10/20) - 2023/10/16 11:07:07 CET [2023/10/16 5:07:07 ET]
Table '3659654485 1' 3-max Seat #3 is the button
Seat 1: aprilbro (910 in chips) 
Seat 2: julieder (470 in chips) 
Seat 3: Mahu2021 (120 in chips) 
aprilbro: posts small blind 10
julieder: posts big blind 20
*** HOLE CARDS ***
Dealt to Mahu2021 [2s 7s]
Mahu2021: folds 
aprilbro: folds 
Uncalled bet (10) returned to julieder
julieder collected 20 from pot
*** SUMMARY ***
Total pot 20 | Rake 0 
Seat 1: aprilbro (small blind) folded before Flop
Seat 2: julieder (big blind) collected (20)
Seat 3: Mahu2021 (button) folded before Flop (didn't bet)



PokerStars Hand #246563450656: Tournament #3659654485, $0.92+$0.08 USD Hold'em No Limit - Level I (10/20) - 2023/10/16 11:07:16 CET [2023/10/16 5:07:16 ET]
Table '3659654485 1' 3-max Seat #1 is the button
Seat 1: aprilbro (900 in chips) 
Seat 2: julieder (480 in chips) 
Seat 3: Mahu2021 (120 in chips) 
julieder: posts small blind 10
Mahu2021: posts big blind 20
*** HOLE CARDS ***
Dealt to Mahu2021 [9c Ad]
aprilbro: folds 
julieder: folds 
Uncalled bet (10) returned to Mahu2021
Mahu2021 collected 20 from pot
Mahu2021: doesn't show hand 
*** SUMMARY ***
Total pot 20 | Rake 0 
Seat 1: aprilbro (button) folded before Flop (didn't bet)
Seat 2: julieder (small blind) folded before Flop
Seat 3: Mahu2021 (big blind) collected (20)



PokerStars Hand #246563451681: Tournament #3659654485, $0.92+$0.08 USD Hold'em No Limit - Level I (10/20) - 2023/10/16 11:07:25 CET [2023/10/16 5:07:25 ET]
Table '3659654485 1' 3-max Seat #2 is the button
Seat 1: aprilbro (900 in chips) 
Seat 2: julieder (470 in chips) 
Seat 3: Mahu2021 (130 in chips) 
Mahu2021: posts small blind 10
aprilbro: posts big blind 20
*** HOLE CARDS ***
Dealt to Mahu2021 [7s Ks]
julieder: folds 
Mahu2021: raises 20 to 40
aprilbro: raises 100 to 140
Mahu2021: calls 90 and is all-in
Uncalled bet (10) returned to aprilbro
*** FLOP *** [4s 4d 2h]
*** TURN *** [4s 4d 2h] [Qd]
*** RIVER *** [4s 4d 2h Qd] [Tc]
*** SHOW DOWN ***
Mahu2021: shows [7s Ks] (a pair of Fours)
aprilbro: shows [Js Kd] (a pair of Fours - King+Queen+Jack kicker)
aprilbro collected 260 from pot
Mahu2021 finished the tournament in 3rd place
*** SUMMARY ***
Total pot 260 | Rake 0 
Board [4s 4d 2h Qd Tc]
Seat 1: aprilbro (big blind) showed [Js Kd] and won (260) with a pair of Fours
Seat 2: julieder (button) folded before Flop (didn't bet)
Seat 3: Mahu2021 (small blind) showed [7s Ks] and lost with a pair of Fours



