PokerStars Hand #251407296445: Tournament #3775982772, $1.84+$0.16 USD Hold'em No Limit - Level I (10/20) - 2024/07/09 20:02:26 CET [2024/07/09 14:02:26 ET]
Table '3775982772 1' 3-max Seat #1 is the button
Seat 1: Mahu2021 (500 in chips) 
Seat 2: Leomvprod (500 in chips) 
Seat 3: pompeyboy7 (500 in chips) 
Leomvprod: posts small blind 10
pompeyboy7: posts big blind 20
*** HOLE CARDS ***
Dealt to Mahu2021 [Jd 2c]
Mahu2021: folds 
Leomvprod: calls 10
pompeyboy7: checks 
*** FLOP *** [Ac 6c Ks]
Leomvprod: bets 20
pompeyboy7: folds 
Uncalled bet (20) returned to Leomvprod
Leomvprod collected 40 from pot
*** SUMMARY ***
Total pot 40 | Rake 0 
Board [Ac 6c Ks]
Seat 1: Mahu2021 (button) folded before Flop (didn't bet)
Seat 2: Leomvprod (small blind) collected (40)
Seat 3: pompeyboy7 (big blind) folded on the Flop



PokerStars Hand #251407300383: Tournament #3775982772, $1.84+$0.16 USD Hold'em No Limit - Level I (10/20) - 2024/07/09 20:02:41 CET [2024/07/09 14:02:41 ET]
Table '3775982772 1' 3-max Seat #2 is the button
Seat 1: Mahu2021 (500 in chips) 
Seat 2: Leomvprod (520 in chips) 
Seat 3: pompeyboy7 (480 in chips) 
pompeyboy7: posts small blind 10
Mahu2021: posts big blind 20
*** HOLE CARDS ***
Dealt to Mahu2021 [7s Jh]
Leomvprod: raises 40 to 60
pompeyboy7: folds 
Mahu2021: calls 40
*** FLOP *** [8c Js 7h]
Mahu2021: checks 
Leomvprod: bets 60
Mahu2021: raises 60 to 120
Leomvprod: calls 60
*** TURN *** [8c Js 7h] [Jc]
Mahu2021: checks 
Leomvprod: bets 145
Mahu2021: raises 175 to 320 and is all-in
Leomvprod: calls 175
*** RIVER *** [8c Js 7h Jc] [3s]
*** SHOW DOWN ***
Mahu2021: shows [7s Jh] (a full house, Jacks full of Sevens)
Leomvprod: shows [9h Qs] (a pair of Jacks)
Mahu2021 collected 1010 from pot
*** SUMMARY ***
Total pot 1010 | Rake 0 
Board [8c Js 7h Jc 3s]
Seat 1: Mahu2021 (big blind) showed [7s Jh] and won (1010) with a full house, Jacks full of Sevens
Seat 2: Leomvprod (button) showed [9h Qs] and lost with a pair of Jacks
Seat 3: pompeyboy7 (small blind) folded before Flop



PokerStars Hand #251407313445: Tournament #3775982772, $1.84+$0.16 USD Hold'em No Limit - Level I (10/20) - 2024/07/09 20:03:28 CET [2024/07/09 14:03:28 ET]
Table '3775982772 1' 3-max Seat #3 is the button
Seat 1: Mahu2021 (1010 in chips) 
Seat 2: Leomvprod (20 in chips) 
Seat 3: pompeyboy7 (470 in chips) 
Mahu2021: posts small blind 10
Leomvprod: posts big blind 20 and is all-in
*** HOLE CARDS ***
Dealt to Mahu2021 [7s Td]
pompeyboy7: folds 
Mahu2021: calls 10
*** FLOP *** [Qd Ah 8h]
*** TURN *** [Qd Ah 8h] [Ad]
*** RIVER *** [Qd Ah 8h Ad] [9c]
*** SHOW DOWN ***
Mahu2021: shows [7s Td] (a pair of Aces)
Leomvprod: shows [3s Qs] (two pair, Aces and Queens)
Leomvprod collected 40 from pot
*** SUMMARY ***
Total pot 40 | Rake 0 
Board [Qd Ah 8h Ad 9c]
Seat 1: Mahu2021 (small blind) showed [7s Td] and lost with a pair of Aces
Seat 2: Leomvprod (big blind) showed [3s Qs] and won (40) with two pair, Aces and Queens
Seat 3: pompeyboy7 (button) folded before Flop (didn't bet)



PokerStars Hand #251407316773: Tournament #3775982772, $1.84+$0.16 USD Hold'em No Limit - Level I (10/20) - 2024/07/09 20:03:40 CET [2024/07/09 14:03:40 ET]
Table '3775982772 1' 3-max Seat #1 is the button
Seat 1: Mahu2021 (990 in chips) 
Seat 2: Leomvprod (40 in chips) 
Seat 3: pompeyboy7 (470 in chips) 
Leomvprod: posts small blind 10
pompeyboy7: posts big blind 20
*** HOLE CARDS ***
Dealt to Mahu2021 [3s 3h]
Mahu2021: raises 20 to 40
Leomvprod: folds 
pompeyboy7: folds 
Uncalled bet (20) returned to Mahu2021
Mahu2021 collected 50 from pot
Mahu2021: doesn't show hand 
*** SUMMARY ***
Total pot 50 | Rake 0 
Seat 1: Mahu2021 (button) collected (50)
Seat 2: Leomvprod (small blind) folded before Flop
Seat 3: pompeyboy7 (big blind) folded before Flop



PokerStars Hand #251407318961: Tournament #3775982772, $1.84+$0.16 USD Hold'em No Limit - Level I (10/20) - 2024/07/09 20:03:49 CET [2024/07/09 14:03:49 ET]
Table '3775982772 1' 3-max Seat #2 is the button
Seat 1: Mahu2021 (1020 in chips) 
Seat 2: Leomvprod (30 in chips) 
Seat 3: pompeyboy7 (450 in chips) 
pompeyboy7: posts small blind 10
Mahu2021: posts big blind 20
*** HOLE CARDS ***
Dealt to Mahu2021 [Ts 7s]
Leomvprod: folds 
pompeyboy7: folds 
Uncalled bet (10) returned to Mahu2021
Mahu2021 collected 20 from pot
Mahu2021: doesn't show hand 
*** SUMMARY ***
Total pot 20 | Rake 0 
Seat 1: Mahu2021 (big blind) collected (20)
Seat 2: Leomvprod (button) folded before Flop (didn't bet)
Seat 3: pompeyboy7 (small blind) folded before Flop



PokerStars Hand #251407320881: Tournament #3775982772, $1.84+$0.16 USD Hold'em No Limit - Level I (10/20) - 2024/07/09 20:03:56 CET [2024/07/09 14:03:56 ET]
Table '3775982772 1' 3-max Seat #3 is the button
Seat 1: Mahu2021 (1030 in chips) 
Seat 2: Leomvprod (30 in chips) 
Seat 3: pompeyboy7 (440 in chips) 
Mahu2021: posts small blind 10
Leomvprod: posts big blind 20
*** HOLE CARDS ***
Dealt to Mahu2021 [9s Kc]
pompeyboy7: raises 40 to 60
Mahu2021: folds 
Leomvprod: calls 10 and is all-in
Uncalled bet (30) returned to pompeyboy7
*** FLOP *** [2c 7h 3h]
*** TURN *** [2c 7h 3h] [6s]
*** RIVER *** [2c 7h 3h 6s] [Qh]
*** SHOW DOWN ***
Leomvprod: shows [8s Ks] (high card King)
pompeyboy7: shows [Ah 6h] (a flush, Ace high)
pompeyboy7 collected 70 from pot
Leomvprod finished the tournament in 3rd place
*** SUMMARY ***
Total pot 70 | Rake 0 
Board [2c 7h 3h 6s Qh]
Seat 1: Mahu2021 (small blind) folded before Flop
Seat 2: Leomvprod (big blind) showed [8s Ks] and lost with high card King
Seat 3: pompeyboy7 (button) showed [Ah 6h] and won (70) with a flush, Ace high



PokerStars Hand #251407326894: Tournament #3775982772, $1.84+$0.16 USD Hold'em No Limit - Level I (10/20) - 2024/07/09 20:04:19 CET [2024/07/09 14:04:19 ET]
Table '3775982772 1' 3-max Seat #1 is the button
Seat 1: Mahu2021 (1020 in chips) 
Seat 3: pompeyboy7 (480 in chips) 
Mahu2021: posts small blind 10
pompeyboy7: posts big blind 20
*** HOLE CARDS ***
Dealt to Mahu2021 [8c 7h]
Mahu2021: raises 20 to 40
pompeyboy7: folds 
Uncalled bet (20) returned to Mahu2021
Mahu2021 collected 40 from pot
Mahu2021: doesn't show hand 
*** SUMMARY ***
Total pot 40 | Rake 0 
Seat 1: Mahu2021 (button) (small blind) collected (40)
Seat 3: pompeyboy7 (big blind) folded before Flop



PokerStars Hand #251407328524: Tournament #3775982772, $1.84+$0.16 USD Hold'em No Limit - Level I (10/20) - 2024/07/09 20:04:24 CET [2024/07/09 14:04:24 ET]
Table '3775982772 1' 3-max Seat #3 is the button
Seat 1: Mahu2021 (1040 in chips) 
Seat 3: pompeyboy7 (460 in chips) 
pompeyboy7: posts small blind 10
Mahu2021: posts big blind 20
*** HOLE CARDS ***
Dealt to Mahu2021 [9c Kd]
pompeyboy7: folds 
Uncalled bet (10) returned to Mahu2021
Mahu2021 collected 20 from pot
Mahu2021: doesn't show hand 
*** SUMMARY ***
Total pot 20 | Rake 0 
Seat 1: Mahu2021 (big blind) collected (20)
Seat 3: pompeyboy7 (button) (small blind) folded before Flop



PokerStars Hand #251407330626: Tournament #3775982772, $1.84+$0.16 USD Hold'em No Limit - Level II (15/30) - 2024/07/09 20:04:32 CET [2024/07/09 14:04:32 ET]
Table '3775982772 1' 3-max Seat #1 is the button
Seat 1: Mahu2021 (1050 in chips) 
Seat 3: pompeyboy7 (450 in chips) 
Mahu2021: posts small blind 15
pompeyboy7: posts big blind 30
*** HOLE CARDS ***
Dealt to Mahu2021 [Ah 2h]
Mahu2021: raises 30 to 60
pompeyboy7: folds 
Uncalled bet (30) returned to Mahu2021
Mahu2021 collected 60 from pot
Mahu2021: doesn't show hand 
*** SUMMARY ***
Total pot 60 | Rake 0 
Seat 1: Mahu2021 (button) (small blind) collected (60)
Seat 3: pompeyboy7 (big blind) folded before Flop



PokerStars Hand #251407332284: Tournament #3775982772, $1.84+$0.16 USD Hold'em No Limit - Level II (15/30) - 2024/07/09 20:04:39 CET [2024/07/09 14:04:39 ET]
Table '3775982772 1' 3-max Seat #3 is the button
Seat 1: Mahu2021 (1080 in chips) 
Seat 3: pompeyboy7 (420 in chips) 
pompeyboy7: posts small blind 15
Mahu2021: posts big blind 30
*** HOLE CARDS ***
Dealt to Mahu2021 [Ts 8c]
pompeyboy7: raises 60 to 90
Mahu2021: calls 60
*** FLOP *** [Td 6s 5c]
Mahu2021: bets 990 and is all-in
pompeyboy7: calls 330 and is all-in
Uncalled bet (660) returned to Mahu2021
*** TURN *** [Td 6s 5c] [3s]
*** RIVER *** [Td 6s 5c 3s] [6d]
*** SHOW DOWN ***
Mahu2021: shows [Ts 8c] (two pair, Tens and Sixes)
pompeyboy7: shows [8h Th] (two pair, Tens and Sixes)
Mahu2021 collected 420 from pot
pompeyboy7 collected 420 from pot
*** SUMMARY ***
Total pot 840 | Rake 0 
Board [Td 6s 5c 3s 6d]
Seat 1: Mahu2021 (big blind) showed [Ts 8c] and won (420) with two pair, Tens and Sixes
Seat 3: pompeyboy7 (button) (small blind) showed [8h Th] and won (420) with two pair, Tens and Sixes



PokerStars Hand #251407336963: Tournament #3775982772, $1.84+$0.16 USD Hold'em No Limit - Level II (15/30) - 2024/07/09 20:04:56 CET [2024/07/09 14:04:56 ET]
Table '3775982772 1' 3-max Seat #1 is the button
Seat 1: Mahu2021 (1080 in chips) 
Seat 3: pompeyboy7 (420 in chips) 
Mahu2021: posts small blind 15
pompeyboy7: posts big blind 30
*** HOLE CARDS ***
Dealt to Mahu2021 [Qs Kc]
Mahu2021: raises 30 to 60
pompeyboy7: folds 
Uncalled bet (30) returned to Mahu2021
Mahu2021 collected 60 from pot
Mahu2021: doesn't show hand 
*** SUMMARY ***
Total pot 60 | Rake 0 
Seat 1: Mahu2021 (button) (small blind) collected (60)
Seat 3: pompeyboy7 (big blind) folded before Flop



PokerStars Hand #251407338614: Tournament #3775982772, $1.84+$0.16 USD Hold'em No Limit - Level II (15/30) - 2024/07/09 20:05:02 CET [2024/07/09 14:05:02 ET]
Table '3775982772 1' 3-max Seat #3 is the button
Seat 1: Mahu2021 (1110 in chips) 
Seat 3: pompeyboy7 (390 in chips) 
pompeyboy7: posts small blind 15
Mahu2021: posts big blind 30
*** HOLE CARDS ***
Dealt to Mahu2021 [Kc 9s]
pompeyboy7: raises 60 to 90
Mahu2021: raises 1020 to 1110 and is all-in
pompeyboy7: calls 300 and is all-in
Uncalled bet (720) returned to Mahu2021
*** FLOP *** [2d Tc 5h]
*** TURN *** [2d Tc 5h] [5c]
*** RIVER *** [2d Tc 5h 5c] [7d]
*** SHOW DOWN ***
Mahu2021: shows [Kc 9s] (a pair of Fives)
pompeyboy7: shows [Kh Ad] (a pair of Fives - Ace kicker)
pompeyboy7 collected 780 from pot
*** SUMMARY ***
Total pot 780 | Rake 0 
Board [2d Tc 5h 5c 7d]
Seat 1: Mahu2021 (big blind) showed [Kc 9s] and lost with a pair of Fives
Seat 3: pompeyboy7 (button) (small blind) showed [Kh Ad] and won (780) with a pair of Fives



PokerStars Hand #251407343081: Tournament #3775982772, $1.84+$0.16 USD Hold'em No Limit - Level II (15/30) - 2024/07/09 20:05:17 CET [2024/07/09 14:05:17 ET]
Table '3775982772 1' 3-max Seat #1 is the button
Seat 1: Mahu2021 (720 in chips) 
Seat 3: pompeyboy7 (780 in chips) 
Mahu2021: posts small blind 15
pompeyboy7: posts big blind 30
*** HOLE CARDS ***
Dealt to Mahu2021 [Td 7c]
Mahu2021: calls 15
pompeyboy7: checks 
*** FLOP *** [Kc 2d Qc]
pompeyboy7: checks 
Mahu2021: bets 30
pompeyboy7: raises 90 to 120
Mahu2021: folds 
Uncalled bet (90) returned to pompeyboy7
pompeyboy7 collected 120 from pot
pompeyboy7: doesn't show hand 
*** SUMMARY ***
Total pot 120 | Rake 0 
Board [Kc 2d Qc]
Seat 1: Mahu2021 (button) (small blind) folded on the Flop
Seat 3: pompeyboy7 (big blind) collected (120)



PokerStars Hand #251407347205: Tournament #3775982772, $1.84+$0.16 USD Hold'em No Limit - Level II (15/30) - 2024/07/09 20:05:31 CET [2024/07/09 14:05:31 ET]
Table '3775982772 1' 3-max Seat #3 is the button
Seat 1: Mahu2021 (660 in chips) 
Seat 3: pompeyboy7 (840 in chips) 
pompeyboy7: posts small blind 15
Mahu2021: posts big blind 30
*** HOLE CARDS ***
Dealt to Mahu2021 [Td Ad]
pompeyboy7: raises 30 to 60
Mahu2021: raises 600 to 660 and is all-in
pompeyboy7: calls 600
*** FLOP *** [3c Jd Qs]
*** TURN *** [3c Jd Qs] [2c]
*** RIVER *** [3c Jd Qs 2c] [4h]
*** SHOW DOWN ***
Mahu2021: shows [Td Ad] (high card Ace)
pompeyboy7: shows [4c 4s] (three of a kind, Fours)
pompeyboy7 collected 1320 from pot
Mahu2021 finished the tournament in 2nd place
pompeyboy7 wins the tournament and receives $4.00 - congratulations!
*** SUMMARY ***
Total pot 1320 | Rake 0 
Board [3c Jd Qs 2c 4h]
Seat 1: Mahu2021 (big blind) showed [Td Ad] and lost with high card Ace
Seat 3: pompeyboy7 (button) (small blind) showed [4c 4s] and won (1320) with three of a kind, Fours



