PokerStars Hand #249090120299: Tournament #3721141203, $4.60+$0.40 USD Hold'em No Limit - Level I (10/20) - 2024/02/25 20:14:09 CET [2024/02/25 14:14:09 ET]
Table '3721141203 1' 3-max Seat #1 is the button
Seat 1: Mahu2021 (500 in chips) 
Seat 2: Ferroetigni (500 in chips) 
Seat 3: Rist0v (500 in chips) 
Ferroetigni: posts small blind 10
Rist0v: posts big blind 20
*** HOLE CARDS ***
Dealt to Mahu2021 [2s 5h]
Mahu2021: folds 
Ferroetigni: calls 10
Rist0v: checks 
*** FLOP *** [8h 3s 5s]
Ferroetigni: bets 20
Rist0v: calls 20
*** TURN *** [8h 3s 5s] [Kd]
Ferroetigni: bets 60
Rist0v: calls 60
*** RIVER *** [8h 3s 5s Kd] [2c]
Ferroetigni: bets 100
Rist0v: calls 100
*** SHOW DOWN ***
Ferroetigni: shows [7d 6c] (high card King)
Rist0v: shows [8s 7h] (a pair of Eights)
Rist0v collected 400 from pot
*** SUMMARY ***
Total pot 400 | Rake 0 
Board [8h 3s 5s Kd 2c]
Seat 1: Mahu2021 (button) folded before Flop (didn't bet)
Seat 2: Ferroetigni (small blind) showed [7d 6c] and lost with high card King
Seat 3: Rist0v (big blind) showed [8s 7h] and won (400) with a pair of Eights



PokerStars Hand #249090132911: Tournament #3721141203, $4.60+$0.40 USD Hold'em No Limit - Level I (10/20) - 2024/02/25 20:14:40 CET [2024/02/25 14:14:40 ET]
Table '3721141203 1' 3-max Seat #2 is the button
Seat 1: Mahu2021 (500 in chips) 
Seat 2: Ferroetigni (300 in chips) 
Seat 3: Rist0v (700 in chips) 
Rist0v: posts small blind 10
Mahu2021: posts big blind 20
*** HOLE CARDS ***
Dealt to Mahu2021 [Qs 2d]
Ferroetigni: folds 
Rist0v: calls 10
Mahu2021: checks 
*** FLOP *** [6d 7c As]
Rist0v: checks 
Mahu2021: checks 
*** TURN *** [6d 7c As] [4d]
Rist0v: checks 
Mahu2021: checks 
*** RIVER *** [6d 7c As 4d] [9s]
Rist0v: bets 20
Mahu2021: folds 
Uncalled bet (20) returned to Rist0v
Rist0v collected 40 from pot
Rist0v: doesn't show hand 
*** SUMMARY ***
Total pot 40 | Rake 0 
Board [6d 7c As 4d 9s]
Seat 1: Mahu2021 (big blind) folded on the River
Seat 2: Ferroetigni (button) folded before Flop (didn't bet)
Seat 3: Rist0v (small blind) collected (40)



PokerStars Hand #249090143324: Tournament #3721141203, $4.60+$0.40 USD Hold'em No Limit - Level I (10/20) - 2024/02/25 20:15:05 CET [2024/02/25 14:15:05 ET]
Table '3721141203 1' 3-max Seat #3 is the button
Seat 1: Mahu2021 (480 in chips) 
Seat 2: Ferroetigni (300 in chips) 
Seat 3: Rist0v (720 in chips) 
Mahu2021: posts small blind 10
Ferroetigni: posts big blind 20
*** HOLE CARDS ***
Dealt to Mahu2021 [8s Qs]
Rist0v: folds 
Mahu2021: calls 10
Ferroetigni: checks 
*** FLOP *** [Ac Ad 9h]
Mahu2021: checks 
Ferroetigni: checks 
*** TURN *** [Ac Ad 9h] [9s]
Mahu2021: bets 20
Ferroetigni: folds 
Uncalled bet (20) returned to Mahu2021
Mahu2021 collected 40 from pot
Mahu2021: doesn't show hand 
*** SUMMARY ***
Total pot 40 | Rake 0 
Board [Ac Ad 9h 9s]
Seat 1: Mahu2021 (small blind) collected (40)
Seat 2: Ferroetigni (big blind) folded on the Turn
Seat 3: Rist0v (button) folded before Flop (didn't bet)



PokerStars Hand #249090153773: Tournament #3721141203, $4.60+$0.40 USD Hold'em No Limit - Level I (10/20) - 2024/02/25 20:15:30 CET [2024/02/25 14:15:30 ET]
Table '3721141203 1' 3-max Seat #1 is the button
Seat 1: Mahu2021 (500 in chips) 
Seat 2: Ferroetigni (280 in chips) 
Seat 3: Rist0v (720 in chips) 
Ferroetigni: posts small blind 10
Rist0v: posts big blind 20
*** HOLE CARDS ***
Dealt to Mahu2021 [2d 9h]
Mahu2021: folds 
Ferroetigni: calls 10
Rist0v: checks 
*** FLOP *** [3s 6d Ad]
Ferroetigni: bets 20
Rist0v: folds 
Uncalled bet (20) returned to Ferroetigni
Ferroetigni collected 40 from pot
Ferroetigni: doesn't show hand 
*** SUMMARY ***
Total pot 40 | Rake 0 
Board [3s 6d Ad]
Seat 1: Mahu2021 (button) folded before Flop (didn't bet)
Seat 2: Ferroetigni (small blind) collected (40)
Seat 3: Rist0v (big blind) folded on the Flop



PokerStars Hand #249090160090: Tournament #3721141203, $4.60+$0.40 USD Hold'em No Limit - Level I (10/20) - 2024/02/25 20:15:45 CET [2024/02/25 14:15:45 ET]
Table '3721141203 1' 3-max Seat #2 is the button
Seat 1: Mahu2021 (500 in chips) 
Seat 2: Ferroetigni (300 in chips) 
Seat 3: Rist0v (700 in chips) 
Rist0v: posts small blind 10
Mahu2021: posts big blind 20
*** HOLE CARDS ***
Dealt to Mahu2021 [7s 4d]
Ferroetigni: folds 
Rist0v: folds 
Uncalled bet (10) returned to Mahu2021
Mahu2021 collected 20 from pot
Mahu2021: doesn't show hand 
*** SUMMARY ***
Total pot 20 | Rake 0 
Seat 1: Mahu2021 (big blind) collected (20)
Seat 2: Ferroetigni (button) folded before Flop (didn't bet)
Seat 3: Rist0v (small blind) folded before Flop



PokerStars Hand #249090163624: Tournament #3721141203, $4.60+$0.40 USD Hold'em No Limit - Level I (10/20) - 2024/02/25 20:15:53 CET [2024/02/25 14:15:53 ET]
Table '3721141203 1' 3-max Seat #3 is the button
Seat 1: Mahu2021 (510 in chips) 
Seat 2: Ferroetigni (300 in chips) 
Seat 3: Rist0v (690 in chips) 
Mahu2021: posts small blind 10
Ferroetigni: posts big blind 20
*** HOLE CARDS ***
Dealt to Mahu2021 [5h 7s]
Rist0v: calls 20
Mahu2021: folds 
Ferroetigni: checks 
*** FLOP *** [Jd 4d Qh]
Ferroetigni: checks 
Rist0v: checks 
*** TURN *** [Jd 4d Qh] [Qd]
Ferroetigni: checks 
Rist0v: checks 
*** RIVER *** [Jd 4d Qh Qd] [9d]
Ferroetigni: checks 
Rist0v: checks 
*** SHOW DOWN ***
Ferroetigni: shows [8c 3d] (a flush, Queen high)
Rist0v: mucks hand 
Ferroetigni collected 50 from pot
*** SUMMARY ***
Total pot 50 | Rake 0 
Board [Jd 4d Qh Qd 9d]
Seat 1: Mahu2021 (small blind) folded before Flop
Seat 2: Ferroetigni (big blind) showed [8c 3d] and won (50) with a flush, Queen high
Seat 3: Rist0v (button) mucked [5s 4s]



PokerStars Hand #249090171294: Tournament #3721141203, $4.60+$0.40 USD Hold'em No Limit - Level I (10/20) - 2024/02/25 20:16:12 CET [2024/02/25 14:16:12 ET]
Table '3721141203 1' 3-max Seat #1 is the button
Seat 1: Mahu2021 (500 in chips) 
Seat 2: Ferroetigni (330 in chips) 
Seat 3: Rist0v (670 in chips) 
Ferroetigni: posts small blind 10
Rist0v: posts big blind 20
*** HOLE CARDS ***
Dealt to Mahu2021 [2c Qc]
Mahu2021: calls 20
Ferroetigni: raises 310 to 330 and is all-in
Rist0v: folds 
Mahu2021: folds 
Uncalled bet (310) returned to Ferroetigni
Ferroetigni collected 60 from pot
Ferroetigni: doesn't show hand 
*** SUMMARY ***
Total pot 60 | Rake 0 
Seat 1: Mahu2021 (button) folded before Flop
Seat 2: Ferroetigni (small blind) collected (60)
Seat 3: Rist0v (big blind) folded before Flop



PokerStars Hand #249090174391: Tournament #3721141203, $4.60+$0.40 USD Hold'em No Limit - Level I (10/20) - 2024/02/25 20:16:19 CET [2024/02/25 14:16:19 ET]
Table '3721141203 1' 3-max Seat #2 is the button
Seat 1: Mahu2021 (480 in chips) 
Seat 2: Ferroetigni (370 in chips) 
Seat 3: Rist0v (650 in chips) 
Rist0v: posts small blind 10
Mahu2021: posts big blind 20
*** HOLE CARDS ***
Dealt to Mahu2021 [8s Kd]
Ferroetigni: folds 
Rist0v: calls 10
Mahu2021: checks 
*** FLOP *** [Qh Td 6s]
Rist0v: checks 
Mahu2021: checks 
*** TURN *** [Qh Td 6s] [Ac]
Rist0v: checks 
Mahu2021: bets 20
Rist0v: calls 20
*** RIVER *** [Qh Td 6s Ac] [Jd]
Rist0v: checks 
Mahu2021: bets 80
Rist0v: folds 
Uncalled bet (80) returned to Mahu2021
Mahu2021 collected 80 from pot
Mahu2021: doesn't show hand 
*** SUMMARY ***
Total pot 80 | Rake 0 
Board [Qh Td 6s Ac Jd]
Seat 1: Mahu2021 (big blind) collected (80)
Seat 2: Ferroetigni (button) folded before Flop (didn't bet)
Seat 3: Rist0v (small blind) folded on the River



PokerStars Hand #249090182584: Tournament #3721141203, $4.60+$0.40 USD Hold'em No Limit - Level I (10/20) - 2024/02/25 20:16:39 CET [2024/02/25 14:16:39 ET]
Table '3721141203 1' 3-max Seat #3 is the button
Seat 1: Mahu2021 (520 in chips) 
Seat 2: Ferroetigni (370 in chips) 
Seat 3: Rist0v (610 in chips) 
Mahu2021: posts small blind 10
Ferroetigni: posts big blind 20
*** HOLE CARDS ***
Dealt to Mahu2021 [9h Qh]
Rist0v: calls 20
Mahu2021: calls 10
Ferroetigni: checks 
*** FLOP *** [5c 5h As]
Mahu2021: checks 
Ferroetigni: checks 
Rist0v: checks 
*** TURN *** [5c 5h As] [7s]
Mahu2021: checks 
Ferroetigni: bets 40
Rist0v: calls 40
Mahu2021: folds 
*** RIVER *** [5c 5h As 7s] [Td]
Ferroetigni: bets 80
Rist0v: folds 
Uncalled bet (80) returned to Ferroetigni
Ferroetigni collected 140 from pot
Ferroetigni: doesn't show hand 
*** SUMMARY ***
Total pot 140 | Rake 0 
Board [5c 5h As 7s Td]
Seat 1: Mahu2021 (small blind) folded on the Turn
Seat 2: Ferroetigni (big blind) collected (140)
Seat 3: Rist0v (button) folded on the River



PokerStars Hand #249090194766: Tournament #3721141203, $4.60+$0.40 USD Hold'em No Limit - Level I (10/20) - 2024/02/25 20:17:08 CET [2024/02/25 14:17:08 ET]
Table '3721141203 1' 3-max Seat #1 is the button
Seat 1: Mahu2021 (500 in chips) 
Seat 2: Ferroetigni (450 in chips) 
Seat 3: Rist0v (550 in chips) 
Ferroetigni: posts small blind 10
Rist0v: posts big blind 20
*** HOLE CARDS ***
Dealt to Mahu2021 [2s Ks]
Mahu2021: calls 20
Ferroetigni: folds 
Rist0v: checks 
*** FLOP *** [8h 3h Jc]
Rist0v: checks 
Mahu2021: checks 
*** TURN *** [8h 3h Jc] [Qs]
Rist0v: checks 
Mahu2021: bets 20
Rist0v: calls 20
*** RIVER *** [8h 3h Jc Qs] [9c]
Rist0v: checks 
Mahu2021: bets 90
Rist0v: raises 90 to 180
Mahu2021: folds 
Uncalled bet (90) returned to Rist0v
Rist0v collected 270 from pot
Rist0v: doesn't show hand 
*** SUMMARY ***
Total pot 270 | Rake 0 
Board [8h 3h Jc Qs 9c]
Seat 1: Mahu2021 (button) folded on the River
Seat 2: Ferroetigni (small blind) folded before Flop
Seat 3: Rist0v (big blind) collected (270)



PokerStars Hand #249090204088: Tournament #3721141203, $4.60+$0.40 USD Hold'em No Limit - Level II (15/30) - 2024/02/25 20:17:30 CET [2024/02/25 14:17:30 ET]
Table '3721141203 1' 3-max Seat #2 is the button
Seat 1: Mahu2021 (370 in chips) 
Seat 2: Ferroetigni (440 in chips) 
Seat 3: Rist0v (690 in chips) 
Rist0v: posts small blind 15
Mahu2021: posts big blind 30
*** HOLE CARDS ***
Dealt to Mahu2021 [6h 6c]
Ferroetigni: folds 
Rist0v: calls 15
Mahu2021: raises 340 to 370 and is all-in
Rist0v: folds 
Uncalled bet (340) returned to Mahu2021
Mahu2021 collected 60 from pot
Mahu2021: doesn't show hand 
*** SUMMARY ***
Total pot 60 | Rake 0 
Seat 1: Mahu2021 (big blind) collected (60)
Seat 2: Ferroetigni (button) folded before Flop (didn't bet)
Seat 3: Rist0v (small blind) folded before Flop



PokerStars Hand #249090210423: Tournament #3721141203, $4.60+$0.40 USD Hold'em No Limit - Level II (15/30) - 2024/02/25 20:17:45 CET [2024/02/25 14:17:45 ET]
Table '3721141203 1' 3-max Seat #3 is the button
Seat 1: Mahu2021 (400 in chips) 
Seat 2: Ferroetigni (440 in chips) 
Seat 3: Rist0v (660 in chips) 
Mahu2021: posts small blind 15
Ferroetigni: posts big blind 30
*** HOLE CARDS ***
Dealt to Mahu2021 [Ts Kd]
Rist0v: calls 30
Mahu2021: calls 15
Ferroetigni: raises 75 to 105
Rist0v: raises 555 to 660 and is all-in
Mahu2021: folds 
Ferroetigni: calls 335 and is all-in
Uncalled bet (220) returned to Rist0v
*** FLOP *** [9d 7d As]
*** TURN *** [9d 7d As] [3s]
*** RIVER *** [9d 7d As 3s] [7c]
*** SHOW DOWN ***
Ferroetigni: shows [Qd Kh] (a pair of Sevens)
Rist0v: shows [Ah Th] (two pair, Aces and Sevens)
Rist0v collected 910 from pot
Ferroetigni finished the tournament in 3rd place
*** SUMMARY ***
Total pot 910 | Rake 0 
Board [9d 7d As 3s 7c]
Seat 1: Mahu2021 (small blind) folded before Flop
Seat 2: Ferroetigni (big blind) showed [Qd Kh] and lost with a pair of Sevens
Seat 3: Rist0v (button) showed [Ah Th] and won (910) with two pair, Aces and Sevens



PokerStars Hand #249090224806: Tournament #3721141203, $4.60+$0.40 USD Hold'em No Limit - Level II (15/30) - 2024/02/25 20:18:20 CET [2024/02/25 14:18:20 ET]
Table '3721141203 1' 3-max Seat #1 is the button
Seat 1: Mahu2021 (370 in chips) 
Seat 3: Rist0v (1130 in chips) 
Mahu2021: posts small blind 15
Rist0v: posts big blind 30
*** HOLE CARDS ***
Dealt to Mahu2021 [2d 6s]
Mahu2021: folds 
Uncalled bet (15) returned to Rist0v
Rist0v collected 30 from pot
Rist0v: doesn't show hand 
*** SUMMARY ***
Total pot 30 | Rake 0 
Seat 1: Mahu2021 (button) (small blind) folded before Flop
Seat 3: Rist0v (big blind) collected (30)



PokerStars Hand #249090226609: Tournament #3721141203, $4.60+$0.40 USD Hold'em No Limit - Level II (15/30) - 2024/02/25 20:18:24 CET [2024/02/25 14:18:24 ET]
Table '3721141203 1' 3-max Seat #3 is the button
Seat 1: Mahu2021 (355 in chips) 
Seat 3: Rist0v (1145 in chips) 
Rist0v: posts small blind 15
Mahu2021: posts big blind 30
*** HOLE CARDS ***
Dealt to Mahu2021 [Jc Kd]
Rist0v: folds 
Uncalled bet (15) returned to Mahu2021
Mahu2021 collected 30 from pot
Mahu2021: doesn't show hand 
*** SUMMARY ***
Total pot 30 | Rake 0 
Seat 1: Mahu2021 (big blind) collected (30)
Seat 3: Rist0v (button) (small blind) folded before Flop



PokerStars Hand #249090228844: Tournament #3721141203, $4.60+$0.40 USD Hold'em No Limit - Level II (15/30) - 2024/02/25 20:18:29 CET [2024/02/25 14:18:29 ET]
Table '3721141203 1' 3-max Seat #1 is the button
Seat 1: Mahu2021 (370 in chips) 
Seat 3: Rist0v (1130 in chips) 
Mahu2021: posts small blind 15
Rist0v: posts big blind 30
*** HOLE CARDS ***
Dealt to Mahu2021 [As Ah]
Mahu2021: raises 340 to 370 and is all-in
Rist0v: calls 340
*** FLOP *** [Tc 9h Td]
*** TURN *** [Tc 9h Td] [Kh]
*** RIVER *** [Tc 9h Td Kh] [8d]
*** SHOW DOWN ***
Rist0v: shows [8s Qh] (two pair, Tens and Eights)
Mahu2021: shows [As Ah] (two pair, Aces and Tens)
Mahu2021 collected 740 from pot
*** SUMMARY ***
Total pot 740 | Rake 0 
Board [Tc 9h Td Kh 8d]
Seat 1: Mahu2021 (button) (small blind) showed [As Ah] and won (740) with two pair, Aces and Tens
Seat 3: Rist0v (big blind) showed [8s Qh] and lost with two pair, Tens and Eights



PokerStars Hand #249090236341: Tournament #3721141203, $4.60+$0.40 USD Hold'em No Limit - Level II (15/30) - 2024/02/25 20:18:48 CET [2024/02/25 14:18:48 ET]
Table '3721141203 1' 3-max Seat #3 is the button
Seat 1: Mahu2021 (740 in chips) 
Seat 3: Rist0v (760 in chips) 
Rist0v: posts small blind 15
Mahu2021: posts big blind 30
*** HOLE CARDS ***
Dealt to Mahu2021 [As 2d]
Rist0v: calls 15
Mahu2021: checks 
*** FLOP *** [7s Jd 4c]
Mahu2021: checks 
Rist0v: checks 
*** TURN *** [7s Jd 4c] [Kh]
Mahu2021: checks 
Rist0v: checks 
*** RIVER *** [7s Jd 4c Kh] [6c]
Mahu2021: checks 
Rist0v: checks 
*** SHOW DOWN ***
Mahu2021: shows [As 2d] (high card Ace)
Rist0v: shows [8s 6s] (a pair of Sixes)
Rist0v collected 60 from pot
*** SUMMARY ***
Total pot 60 | Rake 0 
Board [7s Jd 4c Kh 6c]
Seat 1: Mahu2021 (big blind) showed [As 2d] and lost with high card Ace
Seat 3: Rist0v (button) (small blind) showed [8s 6s] and won (60) with a pair of Sixes



PokerStars Hand #249090242065: Tournament #3721141203, $4.60+$0.40 USD Hold'em No Limit - Level II (15/30) - 2024/02/25 20:19:01 CET [2024/02/25 14:19:01 ET]
Table '3721141203 1' 3-max Seat #1 is the button
Seat 1: Mahu2021 (710 in chips) 
Seat 3: Rist0v (790 in chips) 
Mahu2021: posts small blind 15
Rist0v: posts big blind 30
*** HOLE CARDS ***
Dealt to Mahu2021 [4s 8d]
Mahu2021: folds 
Uncalled bet (15) returned to Rist0v
Rist0v collected 30 from pot
Rist0v: doesn't show hand 
*** SUMMARY ***
Total pot 30 | Rake 0 
Seat 1: Mahu2021 (button) (small blind) folded before Flop
Seat 3: Rist0v (big blind) collected (30)



PokerStars Hand #249090243891: Tournament #3721141203, $4.60+$0.40 USD Hold'em No Limit - Level II (15/30) - 2024/02/25 20:19:06 CET [2024/02/25 14:19:06 ET]
Table '3721141203 1' 3-max Seat #3 is the button
Seat 1: Mahu2021 (695 in chips) 
Seat 3: Rist0v (805 in chips) 
Rist0v: posts small blind 15
Mahu2021: posts big blind 30
*** HOLE CARDS ***
Dealt to Mahu2021 [7s 9h]
Rist0v: raises 60 to 90
Mahu2021: folds 
Uncalled bet (60) returned to Rist0v
Rist0v collected 60 from pot
Rist0v: doesn't show hand 
*** SUMMARY ***
Total pot 60 | Rake 0 
Seat 1: Mahu2021 (big blind) folded before Flop
Seat 3: Rist0v (button) (small blind) collected (60)



PokerStars Hand #249090246806: Tournament #3721141203, $4.60+$0.40 USD Hold'em No Limit - Level II (15/30) - 2024/02/25 20:19:13 CET [2024/02/25 14:19:13 ET]
Table '3721141203 1' 3-max Seat #1 is the button
Seat 1: Mahu2021 (665 in chips) 
Seat 3: Rist0v (835 in chips) 
Mahu2021: posts small blind 15
Rist0v: posts big blind 30
*** HOLE CARDS ***
Dealt to Mahu2021 [Kc 8d]
Mahu2021: raises 30 to 60
Rist0v: calls 30
*** FLOP *** [6h 6c 4s]
Rist0v: bets 775 and is all-in
Mahu2021: folds 
Uncalled bet (775) returned to Rist0v
Rist0v collected 120 from pot
Rist0v: doesn't show hand 
*** SUMMARY ***
Total pot 120 | Rake 0 
Board [6h 6c 4s]
Seat 1: Mahu2021 (button) (small blind) folded on the Flop
Seat 3: Rist0v (big blind) collected (120)



PokerStars Hand #249090250857: Tournament #3721141203, $4.60+$0.40 USD Hold'em No Limit - Level II (15/30) - 2024/02/25 20:19:23 CET [2024/02/25 14:19:23 ET]
Table '3721141203 1' 3-max Seat #3 is the button
Seat 1: Mahu2021 (605 in chips) 
Seat 3: Rist0v (895 in chips) 
Rist0v: posts small blind 15
Mahu2021: posts big blind 30
*** HOLE CARDS ***
Dealt to Mahu2021 [9h Ac]
Rist0v: calls 15
Mahu2021: checks 
*** FLOP *** [6s 4s 2h]
Mahu2021: checks 
Rist0v: checks 
*** TURN *** [6s 4s 2h] [2s]
Mahu2021: checks 
Rist0v: checks 
*** RIVER *** [6s 4s 2h 2s] [9d]
Mahu2021: bets 60
Rist0v: calls 60
*** SHOW DOWN ***
Mahu2021: shows [9h Ac] (two pair, Nines and Deuces)
Rist0v: mucks hand 
Mahu2021 collected 180 from pot
*** SUMMARY ***
Total pot 180 | Rake 0 
Board [6s 4s 2h 2s 9d]
Seat 1: Mahu2021 (big blind) showed [9h Ac] and won (180) with two pair, Nines and Deuces
Seat 3: Rist0v (button) (small blind) mucked [6h 7d]



PokerStars Hand #249090256647: Tournament #3721141203, $4.60+$0.40 USD Hold'em No Limit - Level II (15/30) - 2024/02/25 20:19:37 CET [2024/02/25 14:19:37 ET]
Table '3721141203 1' 3-max Seat #1 is the button
Seat 1: Mahu2021 (695 in chips) 
Seat 3: Rist0v (805 in chips) 
Mahu2021: posts small blind 15
Rist0v: posts big blind 30
*** HOLE CARDS ***
Dealt to Mahu2021 [As 7s]
Mahu2021: raises 30 to 60
Rist0v: calls 30
*** FLOP *** [Td Ts 7h]
Rist0v: checks 
Mahu2021: bets 120
Rist0v: folds 
Uncalled bet (120) returned to Mahu2021
Mahu2021 collected 120 from pot
Mahu2021: doesn't show hand 
*** SUMMARY ***
Total pot 120 | Rake 0 
Board [Td Ts 7h]
Seat 1: Mahu2021 (button) (small blind) collected (120)
Seat 3: Rist0v (big blind) folded on the Flop



PokerStars Hand #249090260523: Tournament #3721141203, $4.60+$0.40 USD Hold'em No Limit - Level II (15/30) - 2024/02/25 20:19:46 CET [2024/02/25 14:19:46 ET]
Table '3721141203 1' 3-max Seat #3 is the button
Seat 1: Mahu2021 (755 in chips) 
Seat 3: Rist0v (745 in chips) 
Rist0v: posts small blind 15
Mahu2021: posts big blind 30
*** HOLE CARDS ***
Dealt to Mahu2021 [2s Tc]
Rist0v: folds 
Uncalled bet (15) returned to Mahu2021
Mahu2021 collected 30 from pot
Mahu2021: doesn't show hand 
*** SUMMARY ***
Total pot 30 | Rake 0 
Seat 1: Mahu2021 (big blind) collected (30)
Seat 3: Rist0v (button) (small blind) folded before Flop



PokerStars Hand #249090262643: Tournament #3721141203, $4.60+$0.40 USD Hold'em No Limit - Level II (15/30) - 2024/02/25 20:19:51 CET [2024/02/25 14:19:51 ET]
Table '3721141203 1' 3-max Seat #1 is the button
Seat 1: Mahu2021 (770 in chips) 
Seat 3: Rist0v (730 in chips) 
Mahu2021: posts small blind 15
Rist0v: posts big blind 30
*** HOLE CARDS ***
Dealt to Mahu2021 [Td Ks]
Mahu2021: calls 15
Rist0v: checks 
*** FLOP *** [Kh Ad Ah]
Rist0v: checks 
Mahu2021: bets 30
Rist0v: calls 30
*** TURN *** [Kh Ad Ah] [6d]
Rist0v: checks 
Mahu2021: bets 30
Rist0v: calls 30
*** RIVER *** [Kh Ad Ah 6d] [Qs]
Rist0v: bets 120
Mahu2021: calls 120
*** SHOW DOWN ***
Rist0v: shows [4h Th] (a pair of Aces)
Mahu2021: shows [Td Ks] (two pair, Aces and Kings)
Mahu2021 collected 420 from pot
*** SUMMARY ***
Total pot 420 | Rake 0 
Board [Kh Ad Ah 6d Qs]
Seat 1: Mahu2021 (button) (small blind) showed [Td Ks] and won (420) with two pair, Aces and Kings
Seat 3: Rist0v (big blind) showed [4h Th] and lost with a pair of Aces



PokerStars Hand #249090272638: Tournament #3721141203, $4.60+$0.40 USD Hold'em No Limit - Level III (20/40) - 2024/02/25 20:20:15 CET [2024/02/25 14:20:15 ET]
Table '3721141203 1' 3-max Seat #3 is the button
Seat 1: Mahu2021 (980 in chips) 
Seat 3: Rist0v (520 in chips) 
Rist0v: posts small blind 20
Mahu2021: posts big blind 40
*** HOLE CARDS ***
Dealt to Mahu2021 [Qh Qc]
Rist0v: folds 
Uncalled bet (20) returned to Mahu2021
Mahu2021 collected 40 from pot
Mahu2021: doesn't show hand 
*** SUMMARY ***
Total pot 40 | Rake 0 
Seat 1: Mahu2021 (big blind) collected (40)
Seat 3: Rist0v (button) (small blind) folded before Flop



PokerStars Hand #249090274488: Tournament #3721141203, $4.60+$0.40 USD Hold'em No Limit - Level III (20/40) - 2024/02/25 20:20:19 CET [2024/02/25 14:20:19 ET]
Table '3721141203 1' 3-max Seat #1 is the button
Seat 1: Mahu2021 (1000 in chips) 
Seat 3: Rist0v (500 in chips) 
Mahu2021: posts small blind 20
Rist0v: posts big blind 40
*** HOLE CARDS ***
Dealt to Mahu2021 [8d 8h]
Mahu2021: raises 960 to 1000 and is all-in
Rist0v: folds 
Uncalled bet (960) returned to Mahu2021
Mahu2021 collected 80 from pot
*** SUMMARY ***
Total pot 80 | Rake 0 
Seat 1: Mahu2021 (button) (small blind) collected (80)
Seat 3: Rist0v (big blind) folded before Flop



PokerStars Hand #249090278575: Tournament #3721141203, $4.60+$0.40 USD Hold'em No Limit - Level III (20/40) - 2024/02/25 20:20:29 CET [2024/02/25 14:20:29 ET]
Table '3721141203 1' 3-max Seat #3 is the button
Seat 1: Mahu2021 (1040 in chips) 
Seat 3: Rist0v (460 in chips) 
Rist0v: posts small blind 20
Mahu2021: posts big blind 40
*** HOLE CARDS ***
Dealt to Mahu2021 [Qs 6s]
Rist0v: raises 420 to 460 and is all-in
Mahu2021: folds 
Uncalled bet (420) returned to Rist0v
Rist0v collected 80 from pot
Rist0v: doesn't show hand 
*** SUMMARY ***
Total pot 80 | Rake 0 
Seat 1: Mahu2021 (big blind) folded before Flop
Seat 3: Rist0v (button) (small blind) collected (80)



PokerStars Hand #249090281841: Tournament #3721141203, $4.60+$0.40 USD Hold'em No Limit - Level III (20/40) - 2024/02/25 20:20:37 CET [2024/02/25 14:20:37 ET]
Table '3721141203 1' 3-max Seat #1 is the button
Seat 1: Mahu2021 (1000 in chips) 
Seat 3: Rist0v (500 in chips) 
Mahu2021: posts small blind 20
Rist0v: posts big blind 40
*** HOLE CARDS ***
Dealt to Mahu2021 [8h Ts]
Mahu2021: calls 20
Rist0v: checks 
*** FLOP *** [8d 2s 5c]
Rist0v: checks 
Mahu2021: bets 40
Rist0v: raises 420 to 460 and is all-in
Mahu2021: calls 420
*** TURN *** [8d 2s 5c] [3s]
*** RIVER *** [8d 2s 5c 3s] [6c]
*** SHOW DOWN ***
Rist0v: shows [Js 2c] (a pair of Deuces)
Mahu2021: shows [8h Ts] (a pair of Eights)
Mahu2021 collected 1000 from pot
Rist0v finished the tournament in 2nd place
Mahu2021 wins the tournament and receives $15.00 - congratulations!
*** SUMMARY ***
Total pot 1000 | Rake 0 
Board [8d 2s 5c 3s 6c]
Seat 1: Mahu2021 (button) (small blind) showed [8h Ts] and won (1000) with a pair of Eights
Seat 3: Rist0v (big blind) showed [Js 2c] and lost with a pair of Deuces



