PokerStars Hand #250789252173: Tournament #3760982631, $1.84+$0.16 USD Hold'em No Limit - Level I (10/20) - 2024/05/31 22:17:28 CET [2024/05/31 16:17:28 ET]
Table '3760982631 1' 3-max Seat #1 is the button
Seat 1: Mahu2021 (500 in chips) 
Seat 2: Moon2021 (500 in chips) 
Seat 3: Danielon151 (500 in chips) 
Moon2021: posts small blind 10
Danielon151: posts big blind 20
*** HOLE CARDS ***
Dealt to Mahu2021 [7s 4c]
Mahu2021: folds 
Moon2021: raises 20 to 40
Danielon151: calls 20
*** FLOP *** [Qs Jc 7d]
Moon2021: bets 20
Danielon151: raises 40 to 60
Moon2021: folds 
Uncalled bet (40) returned to Danielon151
Danielon151 collected 120 from pot
Danielon151: doesn't show hand 
*** SUMMARY ***
Total pot 120 | Rake 0 
Board [Qs Jc 7d]
Seat 1: Mahu2021 (button) folded before Flop (didn't bet)
Seat 2: Moon2021 (small blind) folded on the Flop
Seat 3: Danielon151 (big blind) collected (120)



PokerStars Hand #250789257719: Tournament #3760982631, $1.84+$0.16 USD Hold'em No Limit - Level I (10/20) - 2024/05/31 22:17:45 CET [2024/05/31 16:17:45 ET]
Table '3760982631 1' 3-max Seat #2 is the button
Seat 1: Mahu2021 (500 in chips) 
Seat 2: Moon2021 (440 in chips) 
Seat 3: Danielon151 (560 in chips) 
Danielon151: posts small blind 10
Mahu2021: posts big blind 20
*** HOLE CARDS ***
Dealt to Mahu2021 [Jd Td]
Moon2021: calls 20
Danielon151: calls 10
Mahu2021: checks 
*** FLOP *** [Tc 7c 3d]
Danielon151: checks 
Mahu2021: bets 40
Moon2021: raises 40 to 80
Danielon151: folds 
Mahu2021: raises 400 to 480 and is all-in
Moon2021: calls 340 and is all-in
Uncalled bet (60) returned to Mahu2021
*** TURN *** [Tc 7c 3d] [Ts]
*** RIVER *** [Tc 7c 3d Ts] [Ac]
*** SHOW DOWN ***
Mahu2021: shows [Jd Td] (three of a kind, Tens)
Moon2021: shows [9s Th] (three of a kind, Tens - lower kicker)
Mahu2021 collected 900 from pot
Moon2021 finished the tournament in 3rd place
*** SUMMARY ***
Total pot 900 | Rake 0 
Board [Tc 7c 3d Ts Ac]
Seat 1: Mahu2021 (big blind) showed [Jd Td] and won (900) with three of a kind, Tens
Seat 2: Moon2021 (button) showed [9s Th] and lost with three of a kind, Tens
Seat 3: Danielon151 (small blind) folded on the Flop



PokerStars Hand #250789267202: Tournament #3760982631, $1.84+$0.16 USD Hold'em No Limit - Level I (10/20) - 2024/05/31 22:18:15 CET [2024/05/31 16:18:15 ET]
Table '3760982631 1' 3-max Seat #1 is the button
Seat 1: Mahu2021 (960 in chips) 
Seat 3: Danielon151 (540 in chips) 
Mahu2021: posts small blind 10
Danielon151: posts big blind 20
*** HOLE CARDS ***
Dealt to Mahu2021 [9c Ah]
Mahu2021: raises 20 to 40
Danielon151: folds 
Uncalled bet (20) returned to Mahu2021
Mahu2021 collected 40 from pot
Mahu2021: doesn't show hand 
*** SUMMARY ***
Total pot 40 | Rake 0 
Seat 1: Mahu2021 (button) (small blind) collected (40)
Seat 3: Danielon151 (big blind) folded before Flop



PokerStars Hand #250789271660: Tournament #3760982631, $1.84+$0.16 USD Hold'em No Limit - Level I (10/20) - 2024/05/31 22:18:30 CET [2024/05/31 16:18:30 ET]
Table '3760982631 1' 3-max Seat #3 is the button
Seat 1: Mahu2021 (980 in chips) 
Seat 3: Danielon151 (520 in chips) 
Danielon151: posts small blind 10
Mahu2021: posts big blind 20
*** HOLE CARDS ***
Dealt to Mahu2021 [8d 2c]
Danielon151: calls 10
Mahu2021: checks 
*** FLOP *** [3c 8s 6d]
Mahu2021: bets 20
Danielon151: calls 20
*** TURN *** [3c 8s 6d] [4h]
Mahu2021: bets 20
Danielon151: folds 
Uncalled bet (20) returned to Mahu2021
Mahu2021 collected 80 from pot
Mahu2021: doesn't show hand 
*** SUMMARY ***
Total pot 80 | Rake 0 
Board [3c 8s 6d 4h]
Seat 1: Mahu2021 (big blind) collected (80)
Seat 3: Danielon151 (button) (small blind) folded on the Turn



PokerStars Hand #250789278922: Tournament #3760982631, $1.84+$0.16 USD Hold'em No Limit - Level I (10/20) - 2024/05/31 22:18:53 CET [2024/05/31 16:18:53 ET]
Table '3760982631 1' 3-max Seat #1 is the button
Seat 1: Mahu2021 (1020 in chips) 
Seat 3: Danielon151 (480 in chips) 
Mahu2021: posts small blind 10
Danielon151: posts big blind 20
*** HOLE CARDS ***
Dealt to Mahu2021 [8s Ks]
Mahu2021: raises 20 to 40
Danielon151: calls 20
*** FLOP *** [Qs 2d Jd]
Danielon151: checks 
Mahu2021: checks 
*** TURN *** [Qs 2d Jd] [3c]
Danielon151: checks 
Mahu2021: checks 
*** RIVER *** [Qs 2d Jd 3c] [Qh]
Danielon151: checks 
Mahu2021: bets 40
Danielon151: folds 
Uncalled bet (40) returned to Mahu2021
Mahu2021 collected 80 from pot
Mahu2021: doesn't show hand 
*** SUMMARY ***
Total pot 80 | Rake 0 
Board [Qs 2d Jd 3c Qh]
Seat 1: Mahu2021 (button) (small blind) collected (80)
Seat 3: Danielon151 (big blind) folded on the River



PokerStars Hand #250789290147: Tournament #3760982631, $1.84+$0.16 USD Hold'em No Limit - Level I (10/20) - 2024/05/31 22:19:29 CET [2024/05/31 16:19:29 ET]
Table '3760982631 1' 3-max Seat #3 is the button
Seat 1: Mahu2021 (1060 in chips) 
Seat 3: Danielon151 (440 in chips) 
Danielon151: posts small blind 10
Mahu2021: posts big blind 20
*** HOLE CARDS ***
Dealt to Mahu2021 [6s 6d]
Danielon151: raises 20 to 40
Mahu2021: calls 20
*** FLOP *** [9s 3d Kd]
Mahu2021: checks 
Danielon151: bets 20
Mahu2021: calls 20
*** TURN *** [9s 3d Kd] [Th]
Mahu2021: checks 
Danielon151: bets 50
Mahu2021: folds 
Uncalled bet (50) returned to Danielon151
Danielon151 collected 120 from pot
Danielon151: doesn't show hand 
*** SUMMARY ***
Total pot 120 | Rake 0 
Board [9s 3d Kd Th]
Seat 1: Mahu2021 (big blind) folded on the Turn
Seat 3: Danielon151 (button) (small blind) collected (120)



PokerStars Hand #250789296307: Tournament #3760982631, $1.84+$0.16 USD Hold'em No Limit - Level I (10/20) - 2024/05/31 22:19:48 CET [2024/05/31 16:19:48 ET]
Table '3760982631 1' 3-max Seat #1 is the button
Seat 1: Mahu2021 (1000 in chips) 
Seat 3: Danielon151 (500 in chips) 
Mahu2021: posts small blind 10
Danielon151: posts big blind 20
*** HOLE CARDS ***
Dealt to Mahu2021 [As 9h]
Mahu2021: raises 20 to 40
Danielon151: raises 460 to 500 and is all-in
Mahu2021: folds 
Uncalled bet (460) returned to Danielon151
Danielon151 collected 80 from pot
Danielon151: doesn't show hand 
*** SUMMARY ***
Total pot 80 | Rake 0 
Seat 1: Mahu2021 (button) (small blind) folded before Flop
Seat 3: Danielon151 (big blind) collected (80)



PokerStars Hand #250789300100: Tournament #3760982631, $1.84+$0.16 USD Hold'em No Limit - Level I (10/20) - 2024/05/31 22:20:01 CET [2024/05/31 16:20:01 ET]
Table '3760982631 1' 3-max Seat #3 is the button
Seat 1: Mahu2021 (960 in chips) 
Seat 3: Danielon151 (540 in chips) 
Danielon151: posts small blind 10
Mahu2021: posts big blind 20
*** HOLE CARDS ***
Dealt to Mahu2021 [Ks 7d]
Danielon151: calls 10
Mahu2021: checks 
*** FLOP *** [4s 9c 9s]
Mahu2021: checks 
Danielon151: bets 20
Mahu2021: folds 
Uncalled bet (20) returned to Danielon151
Danielon151 collected 40 from pot
Danielon151: doesn't show hand 
*** SUMMARY ***
Total pot 40 | Rake 0 
Board [4s 9c 9s]
Seat 1: Mahu2021 (big blind) folded on the Flop
Seat 3: Danielon151 (button) (small blind) collected (40)



PokerStars Hand #250789304037: Tournament #3760982631, $1.84+$0.16 USD Hold'em No Limit - Level I (10/20) - 2024/05/31 22:20:13 CET [2024/05/31 16:20:13 ET]
Table '3760982631 1' 3-max Seat #1 is the button
Seat 1: Mahu2021 (940 in chips) 
Seat 3: Danielon151 (560 in chips) 
Mahu2021: posts small blind 10
Danielon151: posts big blind 20
*** HOLE CARDS ***
Dealt to Mahu2021 [4h Kc]
Mahu2021: calls 10
Danielon151: checks 
*** FLOP *** [4d 6c 5h]
Danielon151: checks 
Mahu2021: checks 
*** TURN *** [4d 6c 5h] [6d]
Danielon151: bets 20
Mahu2021: calls 20
*** RIVER *** [4d 6c 5h 6d] [5s]
Danielon151: bets 80
Mahu2021: folds 
Uncalled bet (80) returned to Danielon151
Danielon151 collected 80 from pot
Danielon151: doesn't show hand 
*** SUMMARY ***
Total pot 80 | Rake 0 
Board [4d 6c 5h 6d 5s]
Seat 1: Mahu2021 (button) (small blind) folded on the River
Seat 3: Danielon151 (big blind) collected (80)



PokerStars Hand #250789312039: Tournament #3760982631, $1.84+$0.16 USD Hold'em No Limit - Level II (15/30) - 2024/05/31 22:20:39 CET [2024/05/31 16:20:39 ET]
Table '3760982631 1' 3-max Seat #3 is the button
Seat 1: Mahu2021 (900 in chips) 
Seat 3: Danielon151 (600 in chips) 
Danielon151: posts small blind 15
Mahu2021: posts big blind 30
*** HOLE CARDS ***
Dealt to Mahu2021 [Jd Td]
Danielon151: calls 15
Mahu2021: raises 60 to 90
Danielon151: folds 
Uncalled bet (60) returned to Mahu2021
Mahu2021 collected 60 from pot
Mahu2021: doesn't show hand 
*** SUMMARY ***
Total pot 60 | Rake 0 
Seat 1: Mahu2021 (big blind) collected (60)
Seat 3: Danielon151 (button) (small blind) folded before Flop



PokerStars Hand #250789315010: Tournament #3760982631, $1.84+$0.16 USD Hold'em No Limit - Level II (15/30) - 2024/05/31 22:20:48 CET [2024/05/31 16:20:48 ET]
Table '3760982631 1' 3-max Seat #1 is the button
Seat 1: Mahu2021 (930 in chips) 
Seat 3: Danielon151 (570 in chips) 
Mahu2021: posts small blind 15
Danielon151: posts big blind 30
*** HOLE CARDS ***
Dealt to Mahu2021 [5d 2d]
Mahu2021: calls 15
Danielon151: raises 60 to 90
Mahu2021: calls 60
*** FLOP *** [Tc 7h 3s]
Danielon151: bets 45
Mahu2021: folds 
Uncalled bet (45) returned to Danielon151
Danielon151 collected 180 from pot
Danielon151: doesn't show hand 
*** SUMMARY ***
Total pot 180 | Rake 0 
Board [Tc 7h 3s]
Seat 1: Mahu2021 (button) (small blind) folded on the Flop
Seat 3: Danielon151 (big blind) collected (180)



PokerStars Hand #250789319581: Tournament #3760982631, $1.84+$0.16 USD Hold'em No Limit - Level II (15/30) - 2024/05/31 22:21:03 CET [2024/05/31 16:21:03 ET]
Table '3760982631 1' 3-max Seat #3 is the button
Seat 1: Mahu2021 (840 in chips) 
Seat 3: Danielon151 (660 in chips) 
Danielon151: posts small blind 15
Mahu2021: posts big blind 30
*** HOLE CARDS ***
Dealt to Mahu2021 [Td 3d]
Danielon151: folds 
Uncalled bet (15) returned to Mahu2021
Mahu2021 collected 30 from pot
Mahu2021: doesn't show hand 
*** SUMMARY ***
Total pot 30 | Rake 0 
Seat 1: Mahu2021 (big blind) collected (30)
Seat 3: Danielon151 (button) (small blind) folded before Flop



PokerStars Hand #250789321399: Tournament #3760982631, $1.84+$0.16 USD Hold'em No Limit - Level II (15/30) - 2024/05/31 22:21:08 CET [2024/05/31 16:21:08 ET]
Table '3760982631 1' 3-max Seat #1 is the button
Seat 1: Mahu2021 (855 in chips) 
Seat 3: Danielon151 (645 in chips) 
Mahu2021: posts small blind 15
Danielon151: posts big blind 30
*** HOLE CARDS ***
Dealt to Mahu2021 [3h 7h]
Mahu2021: calls 15
Danielon151: checks 
*** FLOP *** [2s 3s Ad]
Danielon151: checks 
Mahu2021: bets 30
Danielon151: folds 
Uncalled bet (30) returned to Mahu2021
Mahu2021 collected 60 from pot
Mahu2021: doesn't show hand 
*** SUMMARY ***
Total pot 60 | Rake 0 
Board [2s 3s Ad]
Seat 1: Mahu2021 (button) (small blind) collected (60)
Seat 3: Danielon151 (big blind) folded on the Flop



PokerStars Hand #250789326224: Tournament #3760982631, $1.84+$0.16 USD Hold'em No Limit - Level II (15/30) - 2024/05/31 22:21:24 CET [2024/05/31 16:21:24 ET]
Table '3760982631 1' 3-max Seat #3 is the button
Seat 1: Mahu2021 (885 in chips) 
Seat 3: Danielon151 (615 in chips) 
Danielon151: posts small blind 15
Mahu2021: posts big blind 30
*** HOLE CARDS ***
Dealt to Mahu2021 [9d 8d]
Danielon151: calls 15
Mahu2021: checks 
*** FLOP *** [4d 8s 3c]
Mahu2021: bets 60
Danielon151: folds 
Uncalled bet (60) returned to Mahu2021
Mahu2021 collected 60 from pot
Mahu2021: doesn't show hand 
*** SUMMARY ***
Total pot 60 | Rake 0 
Board [4d 8s 3c]
Seat 1: Mahu2021 (big blind) collected (60)
Seat 3: Danielon151 (button) (small blind) folded on the Flop



PokerStars Hand #250789331281: Tournament #3760982631, $1.84+$0.16 USD Hold'em No Limit - Level II (15/30) - 2024/05/31 22:21:40 CET [2024/05/31 16:21:40 ET]
Table '3760982631 1' 3-max Seat #1 is the button
Seat 1: Mahu2021 (915 in chips) 
Seat 3: Danielon151 (585 in chips) 
Mahu2021: posts small blind 15
Danielon151: posts big blind 30
*** HOLE CARDS ***
Dealt to Mahu2021 [8h 9d]
Mahu2021: calls 15
Danielon151: raises 555 to 585 and is all-in
Mahu2021: folds 
Uncalled bet (555) returned to Danielon151
Danielon151 collected 60 from pot
Danielon151: doesn't show hand 
*** SUMMARY ***
Total pot 60 | Rake 0 
Seat 1: Mahu2021 (button) (small blind) folded before Flop
Seat 3: Danielon151 (big blind) collected (60)



PokerStars Hand #250789334130: Tournament #3760982631, $1.84+$0.16 USD Hold'em No Limit - Level II (15/30) - 2024/05/31 22:21:49 CET [2024/05/31 16:21:49 ET]
Table '3760982631 1' 3-max Seat #3 is the button
Seat 1: Mahu2021 (885 in chips) 
Seat 3: Danielon151 (615 in chips) 
Danielon151: posts small blind 15
Mahu2021: posts big blind 30
*** HOLE CARDS ***
Dealt to Mahu2021 [Qh 5h]
Danielon151: calls 15
Mahu2021: checks 
*** FLOP *** [Qs Js 8d]
Mahu2021: checks 
Danielon151: bets 30
Mahu2021: raises 30 to 60
Danielon151: folds 
Uncalled bet (30) returned to Mahu2021
Mahu2021 collected 120 from pot
Mahu2021: doesn't show hand 
*** SUMMARY ***
Total pot 120 | Rake 0 
Board [Qs Js 8d]
Seat 1: Mahu2021 (big blind) collected (120)
Seat 3: Danielon151 (button) (small blind) folded on the Flop



PokerStars Hand #250789341143: Tournament #3760982631, $1.84+$0.16 USD Hold'em No Limit - Level II (15/30) - 2024/05/31 22:22:11 CET [2024/05/31 16:22:11 ET]
Table '3760982631 1' 3-max Seat #1 is the button
Seat 1: Mahu2021 (945 in chips) 
Seat 3: Danielon151 (555 in chips) 
Mahu2021: posts small blind 15
Danielon151: posts big blind 30
*** HOLE CARDS ***
Dealt to Mahu2021 [Js 3h]
Mahu2021: calls 15
Danielon151: raises 60 to 90
Mahu2021: folds 
Uncalled bet (60) returned to Danielon151
Danielon151 collected 60 from pot
Danielon151: doesn't show hand 
*** SUMMARY ***
Total pot 60 | Rake 0 
Seat 1: Mahu2021 (button) (small blind) folded before Flop
Seat 3: Danielon151 (big blind) collected (60)



PokerStars Hand #250789344726: Tournament #3760982631, $1.84+$0.16 USD Hold'em No Limit - Level II (15/30) - 2024/05/31 22:22:23 CET [2024/05/31 16:22:23 ET]
Table '3760982631 1' 3-max Seat #3 is the button
Seat 1: Mahu2021 (915 in chips) 
Seat 3: Danielon151 (585 in chips) 
Danielon151: posts small blind 15
Mahu2021: posts big blind 30
*** HOLE CARDS ***
Dealt to Mahu2021 [Ac 8s]
Danielon151: raises 30 to 60
Mahu2021: raises 855 to 915 and is all-in
Danielon151: folds 
Uncalled bet (855) returned to Mahu2021
Mahu2021 collected 120 from pot
Mahu2021: doesn't show hand 
*** SUMMARY ***
Total pot 120 | Rake 0 
Seat 1: Mahu2021 (big blind) collected (120)
Seat 3: Danielon151 (button) (small blind) folded before Flop



PokerStars Hand #250789348545: Tournament #3760982631, $1.84+$0.16 USD Hold'em No Limit - Level II (15/30) - 2024/05/31 22:22:35 CET [2024/05/31 16:22:35 ET]
Table '3760982631 1' 3-max Seat #1 is the button
Seat 1: Mahu2021 (975 in chips) 
Seat 3: Danielon151 (525 in chips) 
Mahu2021: posts small blind 15
Danielon151: posts big blind 30
*** HOLE CARDS ***
Dealt to Mahu2021 [3d 2s]
Mahu2021: calls 15
Danielon151: checks 
*** FLOP *** [7s 9h Th]
Danielon151: checks 
Mahu2021: checks 
*** TURN *** [7s 9h Th] [4h]
Danielon151: checks 
Mahu2021: checks 
*** RIVER *** [7s 9h Th 4h] [Ks]
Danielon151: checks 
Mahu2021: checks 
*** SHOW DOWN ***
Danielon151: shows [2c Qc] (high card King)
Mahu2021: mucks hand 
Danielon151 collected 60 from pot
*** SUMMARY ***
Total pot 60 | Rake 0 
Board [7s 9h Th 4h Ks]
Seat 1: Mahu2021 (button) (small blind) mucked [3d 2s]
Seat 3: Danielon151 (big blind) showed [2c Qc] and won (60) with high card King



PokerStars Hand #250789354622: Tournament #3760982631, $1.84+$0.16 USD Hold'em No Limit - Level II (15/30) - 2024/05/31 22:22:54 CET [2024/05/31 16:22:54 ET]
Table '3760982631 1' 3-max Seat #3 is the button
Seat 1: Mahu2021 (945 in chips) 
Seat 3: Danielon151 (555 in chips) 
Danielon151: posts small blind 15
Mahu2021: posts big blind 30
*** HOLE CARDS ***
Dealt to Mahu2021 [9d 7c]
Danielon151: calls 15
Mahu2021: checks 
*** FLOP *** [6s 7d 5c]
Mahu2021: checks 
Danielon151: checks 
*** TURN *** [6s 7d 5c] [3s]
Mahu2021: bets 60
Danielon151: folds 
Uncalled bet (60) returned to Mahu2021
Mahu2021 collected 60 from pot
Mahu2021: doesn't show hand 
*** SUMMARY ***
Total pot 60 | Rake 0 
Board [6s 7d 5c 3s]
Seat 1: Mahu2021 (big blind) collected (60)
Seat 3: Danielon151 (button) (small blind) folded on the Turn



PokerStars Hand #250789361066: Tournament #3760982631, $1.84+$0.16 USD Hold'em No Limit - Level II (15/30) - 2024/05/31 22:23:15 CET [2024/05/31 16:23:15 ET]
Table '3760982631 1' 3-max Seat #1 is the button
Seat 1: Mahu2021 (975 in chips) 
Seat 3: Danielon151 (525 in chips) 
Mahu2021: posts small blind 15
Danielon151: posts big blind 30
*** HOLE CARDS ***
Dealt to Mahu2021 [4d 8s]
Mahu2021: folds 
Uncalled bet (15) returned to Danielon151
Danielon151 collected 30 from pot
Danielon151: doesn't show hand 
*** SUMMARY ***
Total pot 30 | Rake 0 
Seat 1: Mahu2021 (button) (small blind) folded before Flop
Seat 3: Danielon151 (big blind) collected (30)



PokerStars Hand #250789362377: Tournament #3760982631, $1.84+$0.16 USD Hold'em No Limit - Level II (15/30) - 2024/05/31 22:23:19 CET [2024/05/31 16:23:19 ET]
Table '3760982631 1' 3-max Seat #3 is the button
Seat 1: Mahu2021 (960 in chips) 
Seat 3: Danielon151 (540 in chips) 
Danielon151: posts small blind 15
Mahu2021: posts big blind 30
*** HOLE CARDS ***
Dealt to Mahu2021 [8s Ah]
Danielon151: raises 30 to 60
Mahu2021: raises 900 to 960 and is all-in
Danielon151: folds 
Uncalled bet (900) returned to Mahu2021
Mahu2021 collected 120 from pot
Mahu2021: doesn't show hand 
*** SUMMARY ***
Total pot 120 | Rake 0 
Seat 1: Mahu2021 (big blind) collected (120)
Seat 3: Danielon151 (button) (small blind) folded before Flop



PokerStars Hand #250789365291: Tournament #3760982631, $1.84+$0.16 USD Hold'em No Limit - Level II (15/30) - 2024/05/31 22:23:29 CET [2024/05/31 16:23:29 ET]
Table '3760982631 1' 3-max Seat #1 is the button
Seat 1: Mahu2021 (1020 in chips) 
Seat 3: Danielon151 (480 in chips) 
Mahu2021: posts small blind 15
Danielon151: posts big blind 30
*** HOLE CARDS ***
Dealt to Mahu2021 [Ah 6s]
Mahu2021: raises 30 to 60
Danielon151: folds 
Uncalled bet (30) returned to Mahu2021
Mahu2021 collected 60 from pot
Mahu2021: doesn't show hand 
*** SUMMARY ***
Total pot 60 | Rake 0 
Seat 1: Mahu2021 (button) (small blind) collected (60)
Seat 3: Danielon151 (big blind) folded before Flop



PokerStars Hand #250789368050: Tournament #3760982631, $1.84+$0.16 USD Hold'em No Limit - Level III (20/40) - 2024/05/31 22:23:38 CET [2024/05/31 16:23:38 ET]
Table '3760982631 1' 3-max Seat #3 is the button
Seat 1: Mahu2021 (1050 in chips) 
Seat 3: Danielon151 (450 in chips) 
Danielon151: posts small blind 20
Mahu2021: posts big blind 40
*** HOLE CARDS ***
Dealt to Mahu2021 [Qc 5c]
Danielon151: calls 20
Mahu2021: checks 
*** FLOP *** [2s 3s 2d]
Mahu2021: checks 
Danielon151: bets 40
Mahu2021: calls 40
*** TURN *** [2s 3s 2d] [Jc]
Mahu2021: checks 
Danielon151: checks 
*** RIVER *** [2s 3s 2d Jc] [Qh]
Mahu2021: bets 160
Danielon151: calls 160
*** SHOW DOWN ***
Mahu2021: shows [Qc 5c] (two pair, Queens and Deuces)
Danielon151: shows [5d Qd] (two pair, Queens and Deuces)
Mahu2021 collected 240 from pot
Danielon151 collected 240 from pot
*** SUMMARY ***
Total pot 480 | Rake 0 
Board [2s 3s 2d Jc Qh]
Seat 1: Mahu2021 (big blind) showed [Qc 5c] and won (240) with two pair, Queens and Deuces
Seat 3: Danielon151 (button) (small blind) showed [5d Qd] and won (240) with two pair, Queens and Deuces



PokerStars Hand #250789373826: Tournament #3760982631, $1.84+$0.16 USD Hold'em No Limit - Level III (20/40) - 2024/05/31 22:23:56 CET [2024/05/31 16:23:56 ET]
Table '3760982631 1' 3-max Seat #1 is the button
Seat 1: Mahu2021 (1050 in chips) 
Seat 3: Danielon151 (450 in chips) 
Mahu2021: posts small blind 20
Danielon151: posts big blind 40
*** HOLE CARDS ***
Dealt to Mahu2021 [Qc Kh]
Mahu2021: raises 40 to 80
Danielon151: folds 
Uncalled bet (40) returned to Mahu2021
Mahu2021 collected 80 from pot
Mahu2021: doesn't show hand 
*** SUMMARY ***
Total pot 80 | Rake 0 
Seat 1: Mahu2021 (button) (small blind) collected (80)
Seat 3: Danielon151 (big blind) folded before Flop



PokerStars Hand #250789376552: Tournament #3760982631, $1.84+$0.16 USD Hold'em No Limit - Level III (20/40) - 2024/05/31 22:24:05 CET [2024/05/31 16:24:05 ET]
Table '3760982631 1' 3-max Seat #3 is the button
Seat 1: Mahu2021 (1090 in chips) 
Seat 3: Danielon151 (410 in chips) 
Danielon151: posts small blind 20
Mahu2021: posts big blind 40
*** HOLE CARDS ***
Dealt to Mahu2021 [3s 6h]
Danielon151: calls 20
Mahu2021: checks 
*** FLOP *** [Ad Qs 2d]
Mahu2021: checks 
Danielon151: bets 40
Mahu2021: folds 
Uncalled bet (40) returned to Danielon151
Danielon151 collected 80 from pot
Danielon151: doesn't show hand 
*** SUMMARY ***
Total pot 80 | Rake 0 
Board [Ad Qs 2d]
Seat 1: Mahu2021 (big blind) folded on the Flop
Seat 3: Danielon151 (button) (small blind) collected (80)



PokerStars Hand #250789380429: Tournament #3760982631, $1.84+$0.16 USD Hold'em No Limit - Level III (20/40) - 2024/05/31 22:24:17 CET [2024/05/31 16:24:17 ET]
Table '3760982631 1' 3-max Seat #1 is the button
Seat 1: Mahu2021 (1050 in chips) 
Seat 3: Danielon151 (450 in chips) 
Mahu2021: posts small blind 20
Danielon151: posts big blind 40
*** HOLE CARDS ***
Dealt to Mahu2021 [9h Qh]
Mahu2021: raises 40 to 80
Danielon151: folds 
Uncalled bet (40) returned to Mahu2021
Mahu2021 collected 80 from pot
Mahu2021: doesn't show hand 
*** SUMMARY ***
Total pot 80 | Rake 0 
Seat 1: Mahu2021 (button) (small blind) collected (80)
Seat 3: Danielon151 (big blind) folded before Flop



PokerStars Hand #250789382253: Tournament #3760982631, $1.84+$0.16 USD Hold'em No Limit - Level III (20/40) - 2024/05/31 22:24:23 CET [2024/05/31 16:24:23 ET]
Table '3760982631 1' 3-max Seat #3 is the button
Seat 1: Mahu2021 (1090 in chips) 
Seat 3: Danielon151 (410 in chips) 
Danielon151: posts small blind 20
Mahu2021: posts big blind 40
*** HOLE CARDS ***
Dealt to Mahu2021 [8d 9d]
Danielon151: folds 
Uncalled bet (20) returned to Mahu2021
Mahu2021 collected 40 from pot
Mahu2021: doesn't show hand 
*** SUMMARY ***
Total pot 40 | Rake 0 
Seat 1: Mahu2021 (big blind) collected (40)
Seat 3: Danielon151 (button) (small blind) folded before Flop



PokerStars Hand #250789383749: Tournament #3760982631, $1.84+$0.16 USD Hold'em No Limit - Level III (20/40) - 2024/05/31 22:24:28 CET [2024/05/31 16:24:28 ET]
Table '3760982631 1' 3-max Seat #1 is the button
Seat 1: Mahu2021 (1110 in chips) 
Seat 3: Danielon151 (390 in chips) 
Mahu2021: posts small blind 20
Danielon151: posts big blind 40
*** HOLE CARDS ***
Dealt to Mahu2021 [9c 6c]
Mahu2021: calls 20
Danielon151: checks 
*** FLOP *** [9s 3c Ad]
Danielon151: checks 
Mahu2021: bets 40
Danielon151: folds 
Uncalled bet (40) returned to Mahu2021
Mahu2021 collected 80 from pot
Mahu2021: doesn't show hand 
*** SUMMARY ***
Total pot 80 | Rake 0 
Board [9s 3c Ad]
Seat 1: Mahu2021 (button) (small blind) collected (80)
Seat 3: Danielon151 (big blind) folded on the Flop



PokerStars Hand #250789387543: Tournament #3760982631, $1.84+$0.16 USD Hold'em No Limit - Level III (20/40) - 2024/05/31 22:24:40 CET [2024/05/31 16:24:40 ET]
Table '3760982631 1' 3-max Seat #3 is the button
Seat 1: Mahu2021 (1150 in chips) 
Seat 3: Danielon151 (350 in chips) 
Danielon151: posts small blind 20
Mahu2021: posts big blind 40
*** HOLE CARDS ***
Dealt to Mahu2021 [8s Kd]
Danielon151: calls 20
Mahu2021: raises 80 to 120
Danielon151: folds 
Uncalled bet (80) returned to Mahu2021
Mahu2021 collected 80 from pot
Mahu2021: doesn't show hand 
*** SUMMARY ***
Total pot 80 | Rake 0 
Seat 1: Mahu2021 (big blind) collected (80)
Seat 3: Danielon151 (button) (small blind) folded before Flop



PokerStars Hand #250789391185: Tournament #3760982631, $1.84+$0.16 USD Hold'em No Limit - Level III (20/40) - 2024/05/31 22:24:52 CET [2024/05/31 16:24:52 ET]
Table '3760982631 1' 3-max Seat #1 is the button
Seat 1: Mahu2021 (1190 in chips) 
Seat 3: Danielon151 (310 in chips) 
Mahu2021: posts small blind 20
Danielon151: posts big blind 40
*** HOLE CARDS ***
Dealt to Mahu2021 [5c Ks]
Mahu2021: calls 20
Danielon151: raises 270 to 310 and is all-in
Mahu2021: folds 
Uncalled bet (270) returned to Danielon151
Danielon151 collected 80 from pot
Danielon151: doesn't show hand 
*** SUMMARY ***
Total pot 80 | Rake 0 
Seat 1: Mahu2021 (button) (small blind) folded before Flop
Seat 3: Danielon151 (big blind) collected (80)



PokerStars Hand #250789393863: Tournament #3760982631, $1.84+$0.16 USD Hold'em No Limit - Level III (20/40) - 2024/05/31 22:25:00 CET [2024/05/31 16:25:00 ET]
Table '3760982631 1' 3-max Seat #3 is the button
Seat 1: Mahu2021 (1150 in chips) 
Seat 3: Danielon151 (350 in chips) 
Danielon151: posts small blind 20
Mahu2021: posts big blind 40
*** HOLE CARDS ***
Dealt to Mahu2021 [3c Ah]
Danielon151: folds 
Uncalled bet (20) returned to Mahu2021
Mahu2021 collected 40 from pot
Mahu2021: doesn't show hand 
*** SUMMARY ***
Total pot 40 | Rake 0 
Seat 1: Mahu2021 (big blind) collected (40)
Seat 3: Danielon151 (button) (small blind) folded before Flop



PokerStars Hand #250789395346: Tournament #3760982631, $1.84+$0.16 USD Hold'em No Limit - Level III (20/40) - 2024/05/31 22:25:05 CET [2024/05/31 16:25:05 ET]
Table '3760982631 1' 3-max Seat #1 is the button
Seat 1: Mahu2021 (1170 in chips) 
Seat 3: Danielon151 (330 in chips) 
Mahu2021: posts small blind 20
Danielon151: posts big blind 40
*** HOLE CARDS ***
Dealt to Mahu2021 [6h 9h]
Mahu2021: calls 20
Danielon151: checks 
*** FLOP *** [9c Ks Ts]
Danielon151: checks 
Mahu2021: checks 
*** TURN *** [9c Ks Ts] [4d]
Danielon151: checks 
Mahu2021: bets 40
Danielon151: folds 
Uncalled bet (40) returned to Mahu2021
Mahu2021 collected 80 from pot
Mahu2021: doesn't show hand 
*** SUMMARY ***
Total pot 80 | Rake 0 
Board [9c Ks Ts 4d]
Seat 1: Mahu2021 (button) (small blind) collected (80)
Seat 3: Danielon151 (big blind) folded on the Turn



PokerStars Hand #250789403491: Tournament #3760982631, $1.84+$0.16 USD Hold'em No Limit - Level III (20/40) - 2024/05/31 22:25:31 CET [2024/05/31 16:25:31 ET]
Table '3760982631 1' 3-max Seat #3 is the button
Seat 1: Mahu2021 (1210 in chips) 
Seat 3: Danielon151 (290 in chips) 
Danielon151: posts small blind 20
Mahu2021: posts big blind 40
*** HOLE CARDS ***
Dealt to Mahu2021 [Ac Kc]
Danielon151: raises 250 to 290 and is all-in
Mahu2021: calls 250
*** FLOP *** [9c Qs Kd]
*** TURN *** [9c Qs Kd] [5h]
*** RIVER *** [9c Qs Kd 5h] [Kh]
*** SHOW DOWN ***
Mahu2021: shows [Ac Kc] (three of a kind, Kings)
Danielon151: shows [9h 8c] (two pair, Kings and Nines)
Mahu2021 collected 580 from pot
Danielon151 finished the tournament in 2nd place
Mahu2021 wins the tournament and receives $10.00 - congratulations!
*** SUMMARY ***
Total pot 580 | Rake 0 
Board [9c Qs Kd 5h Kh]
Seat 1: Mahu2021 (big blind) showed [Ac Kc] and won (580) with three of a kind, Kings
Seat 3: Danielon151 (button) (small blind) showed [9h 8c] and lost with two pair, Kings and Nines



