PokerStars Hand #246938405488: Tournament #3668664881, $1.84+$0.16 USD Hold'em No Limit - Level I (10/20) - 2023/11/05 13:45:52 CET [2023/11/05 7:45:52 ET]
Table '3668664881 1' 3-max Seat #1 is the button
Seat 1: Gyciakasesu (500 in chips) 
Seat 2: Mahu2021 (500 in chips) 
Seat 3: ksepetas4444 (500 in chips) 
Mahu2021: posts small blind 10
ksepetas4444: posts big blind 20
*** HOLE CARDS ***
Dealt to Mahu2021 [4d Jd]
Gyciakasesu: raises 20 to 40
Mahu2021: calls 30
ksepetas4444: calls 20
*** FLOP *** [3h 4c 6c]
Mahu2021: checks 
ksepetas4444: checks 
Gyciakasesu: checks 
*** TURN *** [3h 4c 6c] [Jc]
Mahu2021: checks 
ksepetas4444: checks 
Gyciakasesu: checks 
*** RIVER *** [3h 4c 6c Jc] [8c]
Mahu2021: checks 
ksepetas4444: checks 
Gyciakasesu: checks 
*** SHOW DOWN ***
Mahu2021: shows [4d Jd] (two pair, Jacks and Fours)
ksepetas4444: mucks hand 
Gyciakasesu: shows [Tc Kh] (a flush, Jack high)
Gyciakasesu collected 120 from pot
*** SUMMARY ***
Total pot 120 | Rake 0 
Board [3h 4c 6c Jc 8c]
Seat 1: Gyciakasesu (button) showed [Tc Kh] and won (120) with a flush, Jack high
Seat 2: Mahu2021 (small blind) showed [4d Jd] and lost with two pair, Jacks and Fours
Seat 3: ksepetas4444 (big blind) mucked [Ks 7d]



PokerStars Hand #246938412431: Tournament #3668664881, $1.84+$0.16 USD Hold'em No Limit - Level I (10/20) - 2023/11/05 13:46:26 CET [2023/11/05 7:46:26 ET]
Table '3668664881 1' 3-max Seat #2 is the button
Seat 1: Gyciakasesu (580 in chips) 
Seat 2: Mahu2021 (460 in chips) 
Seat 3: ksepetas4444 (460 in chips) 
ksepetas4444: posts small blind 10
Gyciakasesu: posts big blind 20
*** HOLE CARDS ***
Dealt to Mahu2021 [3d Ts]
Mahu2021: folds 
ksepetas4444: calls 10
Gyciakasesu: checks 
*** FLOP *** [6s Kh Tc]
ksepetas4444: checks 
Gyciakasesu: checks 
*** TURN *** [6s Kh Tc] [Jc]
ksepetas4444: checks 
Gyciakasesu: checks 
*** RIVER *** [6s Kh Tc Jc] [Ks]
ksepetas4444: checks 
Gyciakasesu: checks 
*** SHOW DOWN ***
ksepetas4444: shows [7s Qc] (a pair of Kings)
Gyciakasesu: mucks hand 
ksepetas4444 collected 40 from pot
*** SUMMARY ***
Total pot 40 | Rake 0 
Board [6s Kh Tc Jc Ks]
Seat 1: Gyciakasesu (big blind) mucked [5d 7d]
Seat 2: Mahu2021 (button) folded before Flop (didn't bet)
Seat 3: ksepetas4444 (small blind) showed [7s Qc] and won (40) with a pair of Kings



PokerStars Hand #246938416950: Tournament #3668664881, $1.84+$0.16 USD Hold'em No Limit - Level I (10/20) - 2023/11/05 13:46:48 CET [2023/11/05 7:46:48 ET]
Table '3668664881 1' 3-max Seat #3 is the button
Seat 1: Gyciakasesu (560 in chips) 
Seat 2: Mahu2021 (460 in chips) 
Seat 3: ksepetas4444 (480 in chips) 
Gyciakasesu: posts small blind 10
Mahu2021: posts big blind 20
*** HOLE CARDS ***
Dealt to Mahu2021 [Ad Ks]
ksepetas4444: calls 20
Gyciakasesu: folds 
Mahu2021: raises 60 to 80
ksepetas4444: calls 60
*** FLOP *** [9h Kh 8s]
Mahu2021: bets 170
ksepetas4444: folds 
Uncalled bet (170) returned to Mahu2021
Mahu2021 collected 170 from pot
Mahu2021: doesn't show hand 
*** SUMMARY ***
Total pot 170 | Rake 0 
Board [9h Kh 8s]
Seat 1: Gyciakasesu (small blind) folded before Flop
Seat 2: Mahu2021 (big blind) collected (170)
Seat 3: ksepetas4444 (button) folded on the Flop



PokerStars Hand #246938420704: Tournament #3668664881, $1.84+$0.16 USD Hold'em No Limit - Level I (10/20) - 2023/11/05 13:47:07 CET [2023/11/05 7:47:07 ET]
Table '3668664881 1' 3-max Seat #1 is the button
Seat 1: Gyciakasesu (550 in chips) 
Seat 2: Mahu2021 (550 in chips) 
Seat 3: ksepetas4444 (400 in chips) 
Mahu2021: posts small blind 10
ksepetas4444: posts big blind 20
*** HOLE CARDS ***
Dealt to Mahu2021 [4s Tc]
Gyciakasesu: raises 20 to 40
Mahu2021: folds 
ksepetas4444: calls 20
*** FLOP *** [Jh Js Qd]
ksepetas4444: checks 
Gyciakasesu: bets 32
ksepetas4444: folds 
Uncalled bet (32) returned to Gyciakasesu
Gyciakasesu collected 90 from pot
Gyciakasesu: doesn't show hand 
*** SUMMARY ***
Total pot 90 | Rake 0 
Board [Jh Js Qd]
Seat 1: Gyciakasesu (button) collected (90)
Seat 2: Mahu2021 (small blind) folded before Flop
Seat 3: ksepetas4444 (big blind) folded on the Flop



PokerStars Hand #246938424174: Tournament #3668664881, $1.84+$0.16 USD Hold'em No Limit - Level I (10/20) - 2023/11/05 13:47:24 CET [2023/11/05 7:47:24 ET]
Table '3668664881 1' 3-max Seat #2 is the button
Seat 1: Gyciakasesu (600 in chips) 
Seat 2: Mahu2021 (540 in chips) 
Seat 3: ksepetas4444 (360 in chips) 
ksepetas4444: posts small blind 10
Gyciakasesu: posts big blind 20
*** HOLE CARDS ***
Dealt to Mahu2021 [Ac 5c]
Mahu2021: calls 20
ksepetas4444: raises 40 to 60
Gyciakasesu: folds 
Mahu2021: calls 40
*** FLOP *** [7d Js 2d]
ksepetas4444: bets 300 and is all-in
Mahu2021: folds 
Uncalled bet (300) returned to ksepetas4444
ksepetas4444 collected 140 from pot
*** SUMMARY ***
Total pot 140 | Rake 0 
Board [7d Js 2d]
Seat 1: Gyciakasesu (big blind) folded before Flop
Seat 2: Mahu2021 (button) folded on the Flop
Seat 3: ksepetas4444 (small blind) collected (140)



PokerStars Hand #246938427279: Tournament #3668664881, $1.84+$0.16 USD Hold'em No Limit - Level I (10/20) - 2023/11/05 13:47:40 CET [2023/11/05 7:47:40 ET]
Table '3668664881 1' 3-max Seat #3 is the button
Seat 1: Gyciakasesu (580 in chips) 
Seat 2: Mahu2021 (480 in chips) 
Seat 3: ksepetas4444 (440 in chips) 
Gyciakasesu: posts small blind 10
Mahu2021: posts big blind 20
*** HOLE CARDS ***
Dealt to Mahu2021 [5h Kd]
ksepetas4444: calls 20
Gyciakasesu: folds 
Mahu2021: checks 
*** FLOP *** [5s 9d 9h]
Mahu2021: bets 20
ksepetas4444: folds 
Uncalled bet (20) returned to Mahu2021
Mahu2021 collected 50 from pot
Mahu2021: doesn't show hand 
*** SUMMARY ***
Total pot 50 | Rake 0 
Board [5s 9d 9h]
Seat 1: Gyciakasesu (small blind) folded before Flop
Seat 2: Mahu2021 (big blind) collected (50)
Seat 3: ksepetas4444 (button) folded on the Flop



PokerStars Hand #246938429823: Tournament #3668664881, $1.84+$0.16 USD Hold'em No Limit - Level I (10/20) - 2023/11/05 13:47:52 CET [2023/11/05 7:47:52 ET]
Table '3668664881 1' 3-max Seat #1 is the button
Seat 1: Gyciakasesu (570 in chips) 
Seat 2: Mahu2021 (510 in chips) 
Seat 3: ksepetas4444 (420 in chips) 
Mahu2021: posts small blind 10
ksepetas4444: posts big blind 20
*** HOLE CARDS ***
Dealt to Mahu2021 [7s 3h]
Gyciakasesu: folds 
Mahu2021: folds 
Uncalled bet (10) returned to ksepetas4444
ksepetas4444 collected 20 from pot
*** SUMMARY ***
Total pot 20 | Rake 0 
Seat 1: Gyciakasesu (button) folded before Flop (didn't bet)
Seat 2: Mahu2021 (small blind) folded before Flop
Seat 3: ksepetas4444 (big blind) collected (20)



PokerStars Hand #246938431284: Tournament #3668664881, $1.84+$0.16 USD Hold'em No Limit - Level II (15/30) - 2023/11/05 13:47:59 CET [2023/11/05 7:47:59 ET]
Table '3668664881 1' 3-max Seat #2 is the button
Seat 1: Gyciakasesu (570 in chips) 
Seat 2: Mahu2021 (500 in chips) 
Seat 3: ksepetas4444 (430 in chips) 
ksepetas4444: posts small blind 15
Gyciakasesu: posts big blind 30
*** HOLE CARDS ***
Dealt to Mahu2021 [2h 4d]
Mahu2021: folds 
ksepetas4444: calls 15
Gyciakasesu: checks 
*** FLOP *** [8s Ad 8d]
ksepetas4444: checks 
Gyciakasesu: bets 30
ksepetas4444: folds 
Uncalled bet (30) returned to Gyciakasesu
Gyciakasesu collected 60 from pot
Gyciakasesu: doesn't show hand 
*** SUMMARY ***
Total pot 60 | Rake 0 
Board [8s Ad 8d]
Seat 1: Gyciakasesu (big blind) collected (60)
Seat 2: Mahu2021 (button) folded before Flop (didn't bet)
Seat 3: ksepetas4444 (small blind) folded on the Flop



PokerStars Hand #246938435256: Tournament #3668664881, $1.84+$0.16 USD Hold'em No Limit - Level II (15/30) - 2023/11/05 13:48:19 CET [2023/11/05 7:48:19 ET]
Table '3668664881 1' 3-max Seat #3 is the button
Seat 1: Gyciakasesu (600 in chips) 
Seat 2: Mahu2021 (500 in chips) 
Seat 3: ksepetas4444 (400 in chips) 
Gyciakasesu: posts small blind 15
Mahu2021: posts big blind 30
*** HOLE CARDS ***
Dealt to Mahu2021 [8h 8d]
ksepetas4444: calls 30
Gyciakasesu: folds 
Mahu2021: raises 470 to 500 and is all-in
ksepetas4444: folds 
Uncalled bet (470) returned to Mahu2021
Mahu2021 collected 75 from pot
Mahu2021: doesn't show hand 
*** SUMMARY ***
Total pot 75 | Rake 0 
Seat 1: Gyciakasesu (small blind) folded before Flop
Seat 2: Mahu2021 (big blind) collected (75)
Seat 3: ksepetas4444 (button) folded before Flop



PokerStars Hand #246938437637: Tournament #3668664881, $1.84+$0.16 USD Hold'em No Limit - Level II (15/30) - 2023/11/05 13:48:30 CET [2023/11/05 7:48:30 ET]
Table '3668664881 1' 3-max Seat #1 is the button
Seat 1: Gyciakasesu (585 in chips) 
Seat 2: Mahu2021 (545 in chips) 
Seat 3: ksepetas4444 (370 in chips) 
Mahu2021: posts small blind 15
ksepetas4444: posts big blind 30
*** HOLE CARDS ***
Dealt to Mahu2021 [As 4h]
Gyciakasesu: folds 
Mahu2021: calls 15
ksepetas4444: checks 
*** FLOP *** [Ks 2h 9c]
Mahu2021: checks 
ksepetas4444: bets 90
Mahu2021: folds 
Uncalled bet (90) returned to ksepetas4444
ksepetas4444 collected 60 from pot
*** SUMMARY ***
Total pot 60 | Rake 0 
Board [Ks 2h 9c]
Seat 1: Gyciakasesu (button) folded before Flop (didn't bet)
Seat 2: Mahu2021 (small blind) folded on the Flop
Seat 3: ksepetas4444 (big blind) collected (60)



PokerStars Hand #246938440341: Tournament #3668664881, $1.84+$0.16 USD Hold'em No Limit - Level II (15/30) - 2023/11/05 13:48:43 CET [2023/11/05 7:48:43 ET]
Table '3668664881 1' 3-max Seat #2 is the button
Seat 1: Gyciakasesu (585 in chips) 
Seat 2: Mahu2021 (515 in chips) 
Seat 3: ksepetas4444 (400 in chips) 
ksepetas4444: posts small blind 15
Gyciakasesu: posts big blind 30
*** HOLE CARDS ***
Dealt to Mahu2021 [6d 4h]
Mahu2021: folds 
ksepetas4444: calls 15
Gyciakasesu: checks 
*** FLOP *** [8h 9s Qh]
ksepetas4444: bets 30
Gyciakasesu: folds 
Uncalled bet (30) returned to ksepetas4444
ksepetas4444 collected 60 from pot
*** SUMMARY ***
Total pot 60 | Rake 0 
Board [8h 9s Qh]
Seat 1: Gyciakasesu (big blind) folded on the Flop
Seat 2: Mahu2021 (button) folded before Flop (didn't bet)
Seat 3: ksepetas4444 (small blind) collected (60)



PokerStars Hand #246938443483: Tournament #3668664881, $1.84+$0.16 USD Hold'em No Limit - Level II (15/30) - 2023/11/05 13:48:59 CET [2023/11/05 7:48:59 ET]
Table '3668664881 1' 3-max Seat #3 is the button
Seat 1: Gyciakasesu (555 in chips) 
Seat 2: Mahu2021 (515 in chips) 
Seat 3: ksepetas4444 (430 in chips) 
Gyciakasesu: posts small blind 15
Mahu2021: posts big blind 30
*** HOLE CARDS ***
Dealt to Mahu2021 [6c 7c]
ksepetas4444: folds 
Gyciakasesu: folds 
Uncalled bet (15) returned to Mahu2021
Mahu2021 collected 30 from pot
Mahu2021: doesn't show hand 
*** SUMMARY ***
Total pot 30 | Rake 0 
Seat 1: Gyciakasesu (small blind) folded before Flop
Seat 2: Mahu2021 (big blind) collected (30)
Seat 3: ksepetas4444 (button) folded before Flop (didn't bet)



PokerStars Hand #246938444545: Tournament #3668664881, $1.84+$0.16 USD Hold'em No Limit - Level II (15/30) - 2023/11/05 13:49:04 CET [2023/11/05 7:49:04 ET]
Table '3668664881 1' 3-max Seat #1 is the button
Seat 1: Gyciakasesu (540 in chips) 
Seat 2: Mahu2021 (530 in chips) 
Seat 3: ksepetas4444 (430 in chips) 
Mahu2021: posts small blind 15
ksepetas4444: posts big blind 30
*** HOLE CARDS ***
Dealt to Mahu2021 [Qd Qs]
Gyciakasesu: folds 
Mahu2021: raises 60 to 90
ksepetas4444: calls 60
*** FLOP *** [8d 4s 4h]
Mahu2021: bets 440 and is all-in
ksepetas4444: folds 
Uncalled bet (440) returned to Mahu2021
Mahu2021 collected 180 from pot
Mahu2021: doesn't show hand 
*** SUMMARY ***
Total pot 180 | Rake 0 
Board [8d 4s 4h]
Seat 1: Gyciakasesu (button) folded before Flop (didn't bet)
Seat 2: Mahu2021 (small blind) collected (180)
Seat 3: ksepetas4444 (big blind) folded on the Flop



PokerStars Hand #246938447099: Tournament #3668664881, $1.84+$0.16 USD Hold'em No Limit - Level II (15/30) - 2023/11/05 13:49:17 CET [2023/11/05 7:49:17 ET]
Table '3668664881 1' 3-max Seat #2 is the button
Seat 1: Gyciakasesu (540 in chips) 
Seat 2: Mahu2021 (620 in chips) 
Seat 3: ksepetas4444 (340 in chips) 
ksepetas4444: posts small blind 15
Gyciakasesu: posts big blind 30
*** HOLE CARDS ***
Dealt to Mahu2021 [5s 4s]
Mahu2021: calls 30
ksepetas4444: raises 30 to 60
Gyciakasesu: raises 480 to 540 and is all-in
Mahu2021: folds 
ksepetas4444: calls 280 and is all-in
Uncalled bet (200) returned to Gyciakasesu
*** FLOP *** [3h Ad Th]
*** TURN *** [3h Ad Th] [7d]
*** RIVER *** [3h Ad Th 7d] [9c]
*** SHOW DOWN ***
ksepetas4444: shows [6d 9d] (a pair of Nines)
Gyciakasesu: shows [8h 8d] (a pair of Eights)
ksepetas4444 collected 710 from pot
*** SUMMARY ***
Total pot 710 | Rake 0 
Board [3h Ad Th 7d 9c]
Seat 1: Gyciakasesu (big blind) showed [8h 8d] and lost with a pair of Eights
Seat 2: Mahu2021 (button) folded before Flop
Seat 3: ksepetas4444 (small blind) showed [6d 9d] and won (710) with a pair of Nines



PokerStars Hand #246938451180: Tournament #3668664881, $1.84+$0.16 USD Hold'em No Limit - Level II (15/30) - 2023/11/05 13:49:37 CET [2023/11/05 7:49:37 ET]
Table '3668664881 1' 3-max Seat #3 is the button
Seat 1: Gyciakasesu (200 in chips) 
Seat 2: Mahu2021 (590 in chips) 
Seat 3: ksepetas4444 (710 in chips) 
Gyciakasesu: posts small blind 15
Mahu2021: posts big blind 30
*** HOLE CARDS ***
Dealt to Mahu2021 [Kh Qh]
ksepetas4444: calls 30
Gyciakasesu: folds 
Mahu2021: checks 
*** FLOP *** [7d Jc 9d]
Mahu2021: checks 
ksepetas4444: bets 60
Mahu2021: calls 60
*** TURN *** [7d Jc 9d] [4d]
Mahu2021: checks 
ksepetas4444: checks 
*** RIVER *** [7d Jc 9d 4d] [6d]
Mahu2021: bets 195
ksepetas4444: calls 195
*** SHOW DOWN ***
Mahu2021: shows [Kh Qh] (high card King)
ksepetas4444: shows [8h 5h] (a straight, Five to Nine)
ksepetas4444 collected 585 from pot
*** SUMMARY ***
Total pot 585 | Rake 0 
Board [7d Jc 9d 4d 6d]
Seat 1: Gyciakasesu (small blind) folded before Flop
Seat 2: Mahu2021 (big blind) showed [Kh Qh] and lost with high card King
Seat 3: ksepetas4444 (button) showed [8h 5h] and won (585) with a straight, Five to Nine



PokerStars Hand #246938456169: Tournament #3668664881, $1.84+$0.16 USD Hold'em No Limit - Level III (20/40) - 2023/11/05 13:50:02 CET [2023/11/05 7:50:02 ET]
Table '3668664881 1' 3-max Seat #1 is the button
Seat 1: Gyciakasesu (185 in chips) 
Seat 2: Mahu2021 (305 in chips) 
Seat 3: ksepetas4444 (1010 in chips) 
Mahu2021: posts small blind 20
ksepetas4444: posts big blind 40
*** HOLE CARDS ***
Dealt to Mahu2021 [3c 6h]
Gyciakasesu: raises 145 to 185 and is all-in
Mahu2021: folds 
ksepetas4444: folds 
Uncalled bet (145) returned to Gyciakasesu
Gyciakasesu collected 100 from pot
Gyciakasesu: doesn't show hand 
*** SUMMARY ***
Total pot 100 | Rake 0 
Seat 1: Gyciakasesu (button) collected (100)
Seat 2: Mahu2021 (small blind) folded before Flop
Seat 3: ksepetas4444 (big blind) folded before Flop



PokerStars Hand #246938457428: Tournament #3668664881, $1.84+$0.16 USD Hold'em No Limit - Level III (20/40) - 2023/11/05 13:50:08 CET [2023/11/05 7:50:08 ET]
Table '3668664881 1' 3-max Seat #2 is the button
Seat 1: Gyciakasesu (245 in chips) 
Seat 2: Mahu2021 (285 in chips) 
Seat 3: ksepetas4444 (970 in chips) 
ksepetas4444: posts small blind 20
Gyciakasesu: posts big blind 40
*** HOLE CARDS ***
Dealt to Mahu2021 [5h 4s]
Mahu2021: folds 
ksepetas4444: calls 20
Gyciakasesu: checks 
*** FLOP *** [Td Ts 6d]
ksepetas4444: checks 
Gyciakasesu: checks 
*** TURN *** [Td Ts 6d] [5d]
ksepetas4444: bets 80
Gyciakasesu: folds 
Uncalled bet (80) returned to ksepetas4444
ksepetas4444 collected 80 from pot
*** SUMMARY ***
Total pot 80 | Rake 0 
Board [Td Ts 6d 5d]
Seat 1: Gyciakasesu (big blind) folded on the Turn
Seat 2: Mahu2021 (button) folded before Flop (didn't bet)
Seat 3: ksepetas4444 (small blind) collected (80)



PokerStars Hand #246938461681: Tournament #3668664881, $1.84+$0.16 USD Hold'em No Limit - Level III (20/40) - 2023/11/05 13:50:29 CET [2023/11/05 7:50:29 ET]
Table '3668664881 1' 3-max Seat #3 is the button
Seat 1: Gyciakasesu (205 in chips) 
Seat 2: Mahu2021 (285 in chips) 
Seat 3: ksepetas4444 (1010 in chips) 
Gyciakasesu: posts small blind 20
Mahu2021: posts big blind 40
*** HOLE CARDS ***
Dealt to Mahu2021 [9h Tc]
ksepetas4444: calls 40
Gyciakasesu: raises 165 to 205 and is all-in
Mahu2021: folds 
ksepetas4444: calls 165
*** FLOP *** [9s Ts Qd]
*** TURN *** [9s Ts Qd] [4d]
*** RIVER *** [9s Ts Qd 4d] [Qh]
*** SHOW DOWN ***
Gyciakasesu: shows [Jh Js] (two pair, Queens and Jacks)
ksepetas4444: shows [5h Th] (two pair, Queens and Tens)
Gyciakasesu collected 450 from pot
*** SUMMARY ***
Total pot 450 | Rake 0 
Board [9s Ts Qd 4d Qh]
Seat 1: Gyciakasesu (small blind) showed [Jh Js] and won (450) with two pair, Queens and Jacks
Seat 2: Mahu2021 (big blind) folded before Flop
Seat 3: ksepetas4444 (button) showed [5h Th] and lost with two pair, Queens and Tens



PokerStars Hand #246938465231: Tournament #3668664881, $1.84+$0.16 USD Hold'em No Limit - Level III (20/40) - 2023/11/05 13:50:47 CET [2023/11/05 7:50:47 ET]
Table '3668664881 1' 3-max Seat #1 is the button
Seat 1: Gyciakasesu (450 in chips) 
Seat 2: Mahu2021 (245 in chips) 
Seat 3: ksepetas4444 (805 in chips) 
Mahu2021: posts small blind 20
ksepetas4444: posts big blind 40
*** HOLE CARDS ***
Dealt to Mahu2021 [9h 9c]
Gyciakasesu: folds 
Mahu2021: raises 205 to 245 and is all-in
ksepetas4444: folds 
Uncalled bet (205) returned to Mahu2021
Mahu2021 collected 80 from pot
Mahu2021: doesn't show hand 
*** SUMMARY ***
Total pot 80 | Rake 0 
Seat 1: Gyciakasesu (button) folded before Flop (didn't bet)
Seat 2: Mahu2021 (small blind) collected (80)
Seat 3: ksepetas4444 (big blind) folded before Flop



PokerStars Hand #246938466451: Tournament #3668664881, $1.84+$0.16 USD Hold'em No Limit - Level III (20/40) - 2023/11/05 13:50:53 CET [2023/11/05 7:50:53 ET]
Table '3668664881 1' 3-max Seat #2 is the button
Seat 1: Gyciakasesu (450 in chips) 
Seat 2: Mahu2021 (285 in chips) 
Seat 3: ksepetas4444 (765 in chips) 
ksepetas4444: posts small blind 20
Gyciakasesu: posts big blind 40
*** HOLE CARDS ***
Dealt to Mahu2021 [5d Jh]
Mahu2021: folds 
ksepetas4444: raises 40 to 80
Gyciakasesu: raises 370 to 450 and is all-in
ksepetas4444: calls 370
*** FLOP *** [3d 9h 4d]
*** TURN *** [3d 9h 4d] [Kd]
*** RIVER *** [3d 9h 4d Kd] [4s]
*** SHOW DOWN ***
ksepetas4444: shows [Th Ac] (a pair of Fours)
Gyciakasesu: shows [Qd Kh] (two pair, Kings and Fours)
Gyciakasesu collected 900 from pot
*** SUMMARY ***
Total pot 900 | Rake 0 
Board [3d 9h 4d Kd 4s]
Seat 1: Gyciakasesu (big blind) showed [Qd Kh] and won (900) with two pair, Kings and Fours
Seat 2: Mahu2021 (button) folded before Flop (didn't bet)
Seat 3: ksepetas4444 (small blind) showed [Th Ac] and lost with a pair of Fours



PokerStars Hand #246938469737: Tournament #3668664881, $1.84+$0.16 USD Hold'em No Limit - Level III (20/40) - 2023/11/05 13:51:09 CET [2023/11/05 7:51:09 ET]
Table '3668664881 1' 3-max Seat #3 is the button
Seat 1: Gyciakasesu (900 in chips) 
Seat 2: Mahu2021 (285 in chips) 
Seat 3: ksepetas4444 (315 in chips) 
Gyciakasesu: posts small blind 20
Mahu2021: posts big blind 40
*** HOLE CARDS ***
Dealt to Mahu2021 [5c 3c]
ksepetas4444: raises 275 to 315 and is all-in
Gyciakasesu: folds 
Mahu2021: folds 
Uncalled bet (275) returned to ksepetas4444
ksepetas4444 collected 100 from pot
*** SUMMARY ***
Total pot 100 | Rake 0 
Seat 1: Gyciakasesu (small blind) folded before Flop
Seat 2: Mahu2021 (big blind) folded before Flop
Seat 3: ksepetas4444 (button) collected (100)



PokerStars Hand #246938471207: Tournament #3668664881, $1.84+$0.16 USD Hold'em No Limit - Level III (20/40) - 2023/11/05 13:51:16 CET [2023/11/05 7:51:16 ET]
Table '3668664881 1' 3-max Seat #1 is the button
Seat 1: Gyciakasesu (880 in chips) 
Seat 2: Mahu2021 (245 in chips) 
Seat 3: ksepetas4444 (375 in chips) 
Mahu2021: posts small blind 20
ksepetas4444: posts big blind 40
*** HOLE CARDS ***
Dealt to Mahu2021 [Kh Qs]
Gyciakasesu: folds 
Mahu2021: calls 20
ksepetas4444: checks 
*** FLOP *** [As 9h 3c]
Mahu2021: checks 
ksepetas4444: bets 40
Mahu2021: calls 40
*** TURN *** [As 9h 3c] [Kc]
Mahu2021: checks 
ksepetas4444: bets 295 and is all-in
Mahu2021: calls 165 and is all-in
Uncalled bet (130) returned to ksepetas4444
*** RIVER *** [As 9h 3c Kc] [9d]
*** SHOW DOWN ***
Mahu2021: shows [Kh Qs] (two pair, Kings and Nines)
ksepetas4444: shows [Ac 6h] (two pair, Aces and Nines)
ksepetas4444 collected 490 from pot
Mahu2021 finished the tournament in 3rd place
*** SUMMARY ***
Total pot 490 | Rake 0 
Board [As 9h 3c Kc 9d]
Seat 1: Gyciakasesu (button) folded before Flop (didn't bet)
Seat 2: Mahu2021 (small blind) showed [Kh Qs] and lost with two pair, Kings and Nines
Seat 3: ksepetas4444 (big blind) showed [Ac 6h] and won (490) with two pair, Aces and Nines



