PokerStars Hand #247055691340: Tournament #3671975612, $1.84+$0.16 USD Hold'em No Limit - Level I (10/20) - 2023/11/11 22:54:47 CET [2023/11/11 16:54:47 ET]
Table '3671975612 1' 3-max Seat #1 is the button
Seat 1: Al_Gringo87 (500 in chips) 
Seat 2: coneserus (500 in chips) 
Seat 3: Mahu2021 (500 in chips) 
coneserus: posts small blind 10
Mahu2021: posts big blind 20
*** HOLE CARDS ***
Dealt to Mahu2021 [5c 3h]
Al_Gringo87: calls 20
coneserus: raises 20 to 40
Mahu2021: folds 
Al_Gringo87: calls 20
*** FLOP *** [6d 9h 8h]
coneserus: checks 
Al_Gringo87: bets 50
coneserus: folds 
Uncalled bet (50) returned to Al_Gringo87
Al_Gringo87 collected 100 from pot
*** SUMMARY ***
Total pot 100 | Rake 0 
Board [6d 9h 8h]
Seat 1: Al_Gringo87 (button) collected (100)
Seat 2: coneserus (small blind) folded on the Flop
Seat 3: Mahu2021 (big blind) folded before Flop



PokerStars Hand #247055699888: Tournament #3671975612, $1.84+$0.16 USD Hold'em No Limit - Level I (10/20) - 2023/11/11 22:55:14 CET [2023/11/11 16:55:14 ET]
Table '3671975612 1' 3-max Seat #2 is the button
Seat 1: Al_Gringo87 (560 in chips) 
Seat 2: coneserus (460 in chips) 
Seat 3: Mahu2021 (480 in chips) 
Mahu2021: posts small blind 10
Al_Gringo87: posts big blind 20
*** HOLE CARDS ***
Dealt to Mahu2021 [3c 3d]
coneserus: raises 20 to 40
Mahu2021: calls 30
Al_Gringo87: calls 20
*** FLOP *** [Ad Qc 5d]
Mahu2021: checks 
Al_Gringo87: bets 60
coneserus: folds 
Mahu2021: folds 
Uncalled bet (60) returned to Al_Gringo87
Al_Gringo87 collected 120 from pot
*** SUMMARY ***
Total pot 120 | Rake 0 
Board [Ad Qc 5d]
Seat 1: Al_Gringo87 (big blind) collected (120)
Seat 2: coneserus (button) folded on the Flop
Seat 3: Mahu2021 (small blind) folded on the Flop



PokerStars Hand #247055703962: Tournament #3671975612, $1.84+$0.16 USD Hold'em No Limit - Level I (10/20) - 2023/11/11 22:55:31 CET [2023/11/11 16:55:31 ET]
Table '3671975612 1' 3-max Seat #3 is the button
Seat 1: Al_Gringo87 (640 in chips) 
Seat 2: coneserus (420 in chips) 
Seat 3: Mahu2021 (440 in chips) 
Al_Gringo87: posts small blind 10
coneserus: posts big blind 20
*** HOLE CARDS ***
Dealt to Mahu2021 [6s 2d]
Mahu2021: folds 
Al_Gringo87: raises 20 to 40
coneserus: calls 20
*** FLOP *** [5s 6d 3d]
Al_Gringo87: bets 40
coneserus: calls 40
*** TURN *** [5s 6d 3d] [Th]
Al_Gringo87: bets 80
coneserus: calls 80
*** RIVER *** [5s 6d 3d Th] [Kc]
Al_Gringo87: bets 160
coneserus: raises 100 to 260 and is all-in
Al_Gringo87: calls 100
*** SHOW DOWN ***
coneserus: shows [As Ad] (a pair of Aces)
Al_Gringo87: shows [9c Ks] (a pair of Kings)
coneserus collected 840 from pot
*** SUMMARY ***
Total pot 840 | Rake 0 
Board [5s 6d 3d Th Kc]
Seat 1: Al_Gringo87 (small blind) showed [9c Ks] and lost with a pair of Kings
Seat 2: coneserus (big blind) showed [As Ad] and won (840) with a pair of Aces
Seat 3: Mahu2021 (button) folded before Flop (didn't bet)



PokerStars Hand #247055714329: Tournament #3671975612, $1.84+$0.16 USD Hold'em No Limit - Level I (10/20) - 2023/11/11 22:56:15 CET [2023/11/11 16:56:15 ET]
Table '3671975612 1' 3-max Seat #1 is the button
Seat 1: Al_Gringo87 (220 in chips) 
Seat 2: coneserus (840 in chips) 
Seat 3: Mahu2021 (440 in chips) 
coneserus: posts small blind 10
Mahu2021: posts big blind 20
*** HOLE CARDS ***
Dealt to Mahu2021 [6h 6d]
Al_Gringo87: calls 20
coneserus: folds 
Mahu2021: checks 
*** FLOP *** [Kh Qd 2c]
Mahu2021: checks 
Al_Gringo87: checks 
*** TURN *** [Kh Qd 2c] [7s]
Mahu2021: bets 20
Al_Gringo87: folds 
Uncalled bet (20) returned to Mahu2021
Mahu2021 collected 50 from pot
Mahu2021: doesn't show hand 
*** SUMMARY ***
Total pot 50 | Rake 0 
Board [Kh Qd 2c 7s]
Seat 1: Al_Gringo87 (button) folded on the Turn
Seat 2: coneserus (small blind) folded before Flop
Seat 3: Mahu2021 (big blind) collected (50)



PokerStars Hand #247055720644: Tournament #3671975612, $1.84+$0.16 USD Hold'em No Limit - Level I (10/20) - 2023/11/11 22:56:41 CET [2023/11/11 16:56:41 ET]
Table '3671975612 1' 3-max Seat #2 is the button
Seat 1: Al_Gringo87 (200 in chips) 
Seat 2: coneserus (830 in chips) 
Seat 3: Mahu2021 (470 in chips) 
Mahu2021: posts small blind 10
Al_Gringo87: posts big blind 20
*** HOLE CARDS ***
Dealt to Mahu2021 [Ts 6s]
coneserus: folds 
Mahu2021: calls 10
Al_Gringo87: checks 
*** FLOP *** [Ac 3d 2s]
Mahu2021: checks 
Al_Gringo87: checks 
*** TURN *** [Ac 3d 2s] [Tc]
Mahu2021: bets 20
Al_Gringo87: calls 20
*** RIVER *** [Ac 3d 2s Tc] [4s]
Mahu2021: bets 40
Al_Gringo87: folds 
Uncalled bet (40) returned to Mahu2021
Mahu2021 collected 80 from pot
Mahu2021: doesn't show hand 
*** SUMMARY ***
Total pot 80 | Rake 0 
Board [Ac 3d 2s Tc 4s]
Seat 1: Al_Gringo87 (big blind) folded on the River
Seat 2: coneserus (button) folded before Flop (didn't bet)
Seat 3: Mahu2021 (small blind) collected (80)



PokerStars Hand #247055725664: Tournament #3671975612, $1.84+$0.16 USD Hold'em No Limit - Level I (10/20) - 2023/11/11 22:57:02 CET [2023/11/11 16:57:02 ET]
Table '3671975612 1' 3-max Seat #3 is the button
Seat 1: Al_Gringo87 (160 in chips) 
Seat 2: coneserus (830 in chips) 
Seat 3: Mahu2021 (510 in chips) 
Al_Gringo87: posts small blind 10
coneserus: posts big blind 20
*** HOLE CARDS ***
Dealt to Mahu2021 [Qs Ad]
Mahu2021: raises 40 to 60
Al_Gringo87: raises 100 to 160 and is all-in
coneserus: folds 
Mahu2021: calls 100
*** FLOP *** [3h 2s 9c]
*** TURN *** [3h 2s 9c] [Tc]
*** RIVER *** [3h 2s 9c Tc] [Qd]
*** SHOW DOWN ***
Al_Gringo87: shows [8s Jd] (a straight, Eight to Queen)
Mahu2021: shows [Qs Ad] (a pair of Queens)
Al_Gringo87 collected 340 from pot
*** SUMMARY ***
Total pot 340 | Rake 0 
Board [3h 2s 9c Tc Qd]
Seat 1: Al_Gringo87 (small blind) showed [8s Jd] and won (340) with a straight, Eight to Queen
Seat 2: coneserus (big blind) folded before Flop
Seat 3: Mahu2021 (button) showed [Qs Ad] and lost with a pair of Queens



PokerStars Hand #247055731757: Tournament #3671975612, $1.84+$0.16 USD Hold'em No Limit - Level I (10/20) - 2023/11/11 22:57:28 CET [2023/11/11 16:57:28 ET]
Table '3671975612 1' 3-max Seat #1 is the button
Seat 1: Al_Gringo87 (340 in chips) 
Seat 2: coneserus (810 in chips) 
Seat 3: Mahu2021 (350 in chips) 
coneserus: posts small blind 10
Mahu2021: posts big blind 20
*** HOLE CARDS ***
Dealt to Mahu2021 [2h 8h]
Al_Gringo87: calls 20
coneserus: raises 60 to 80
Mahu2021: folds 
Al_Gringo87: folds 
Uncalled bet (60) returned to coneserus
coneserus collected 60 from pot
coneserus: doesn't show hand 
*** SUMMARY ***
Total pot 60 | Rake 0 
Seat 1: Al_Gringo87 (button) folded before Flop
Seat 2: coneserus (small blind) collected (60)
Seat 3: Mahu2021 (big blind) folded before Flop



PokerStars Hand #247055734852: Tournament #3671975612, $1.84+$0.16 USD Hold'em No Limit - Level I (10/20) - 2023/11/11 22:57:41 CET [2023/11/11 16:57:41 ET]
Table '3671975612 1' 3-max Seat #2 is the button
Seat 1: Al_Gringo87 (320 in chips) 
Seat 2: coneserus (850 in chips) 
Seat 3: Mahu2021 (330 in chips) 
Mahu2021: posts small blind 10
Al_Gringo87: posts big blind 20
*** HOLE CARDS ***
Dealt to Mahu2021 [Qs 6d]
coneserus: raises 20 to 40
Mahu2021: folds 
Al_Gringo87: calls 20
*** FLOP *** [7s Kc Kh]
Al_Gringo87: checks 
coneserus: bets 40
Al_Gringo87: folds 
Uncalled bet (40) returned to coneserus
coneserus collected 90 from pot
coneserus: doesn't show hand 
*** SUMMARY ***
Total pot 90 | Rake 0 
Board [7s Kc Kh]
Seat 1: Al_Gringo87 (big blind) folded on the Flop
Seat 2: coneserus (button) collected (90)
Seat 3: Mahu2021 (small blind) folded before Flop



PokerStars Hand #247055740673: Tournament #3671975612, $1.84+$0.16 USD Hold'em No Limit - Level II (15/30) - 2023/11/11 22:58:04 CET [2023/11/11 16:58:04 ET]
Table '3671975612 1' 3-max Seat #3 is the button
Seat 1: Al_Gringo87 (280 in chips) 
Seat 2: coneserus (900 in chips) 
Seat 3: Mahu2021 (320 in chips) 
Al_Gringo87: posts small blind 15
coneserus: posts big blind 30
*** HOLE CARDS ***
Dealt to Mahu2021 [7h 4c]
Mahu2021: folds 
Al_Gringo87: raises 30 to 60
coneserus: calls 30
*** FLOP *** [Ac Kd 4d]
Al_Gringo87: bets 60
coneserus: calls 60
*** TURN *** [Ac Kd 4d] [Qc]
Al_Gringo87: bets 160 and is all-in
coneserus: folds 
Uncalled bet (160) returned to Al_Gringo87
Al_Gringo87 collected 240 from pot
*** SUMMARY ***
Total pot 240 | Rake 0 
Board [Ac Kd 4d Qc]
Seat 1: Al_Gringo87 (small blind) collected (240)
Seat 2: coneserus (big blind) folded on the Turn
Seat 3: Mahu2021 (button) folded before Flop (didn't bet)



PokerStars Hand #247055745157: Tournament #3671975612, $1.84+$0.16 USD Hold'em No Limit - Level II (15/30) - 2023/11/11 22:58:23 CET [2023/11/11 16:58:23 ET]
Table '3671975612 1' 3-max Seat #1 is the button
Seat 1: Al_Gringo87 (400 in chips) 
Seat 2: coneserus (780 in chips) 
Seat 3: Mahu2021 (320 in chips) 
coneserus: posts small blind 15
Mahu2021: posts big blind 30
*** HOLE CARDS ***
Dealt to Mahu2021 [9d 4h]
Al_Gringo87: raises 370 to 400 and is all-in
coneserus: folds 
Mahu2021: folds 
Uncalled bet (370) returned to Al_Gringo87
Al_Gringo87 collected 75 from pot
*** SUMMARY ***
Total pot 75 | Rake 0 
Seat 1: Al_Gringo87 (button) collected (75)
Seat 2: coneserus (small blind) folded before Flop
Seat 3: Mahu2021 (big blind) folded before Flop



PokerStars Hand #247055747317: Tournament #3671975612, $1.84+$0.16 USD Hold'em No Limit - Level II (15/30) - 2023/11/11 22:58:32 CET [2023/11/11 16:58:32 ET]
Table '3671975612 1' 3-max Seat #2 is the button
Seat 1: Al_Gringo87 (445 in chips) 
Seat 2: coneserus (765 in chips) 
Seat 3: Mahu2021 (290 in chips) 
Mahu2021: posts small blind 15
Al_Gringo87: posts big blind 30
*** HOLE CARDS ***
Dealt to Mahu2021 [3d Js]
coneserus: folds 
Mahu2021: folds 
Uncalled bet (15) returned to Al_Gringo87
Al_Gringo87 collected 30 from pot
*** SUMMARY ***
Total pot 30 | Rake 0 
Seat 1: Al_Gringo87 (big blind) collected (30)
Seat 2: coneserus (button) folded before Flop (didn't bet)
Seat 3: Mahu2021 (small blind) folded before Flop



PokerStars Hand #247055748421: Tournament #3671975612, $1.84+$0.16 USD Hold'em No Limit - Level II (15/30) - 2023/11/11 22:58:36 CET [2023/11/11 16:58:36 ET]
Table '3671975612 1' 3-max Seat #3 is the button
Seat 1: Al_Gringo87 (460 in chips) 
Seat 2: coneserus (765 in chips) 
Seat 3: Mahu2021 (275 in chips) 
Al_Gringo87: posts small blind 15
coneserus: posts big blind 30
*** HOLE CARDS ***
Dealt to Mahu2021 [Qs 8s]
Mahu2021: raises 30 to 60
Al_Gringo87: folds 
coneserus: calls 30
*** FLOP *** [Qc 4d 6s]
coneserus: checks 
Mahu2021: bets 135
coneserus: calls 135
*** TURN *** [Qc 4d 6s] [Kd]
coneserus: checks 
Mahu2021: bets 80 and is all-in
coneserus: calls 80
*** RIVER *** [Qc 4d 6s Kd] [Ts]
*** SHOW DOWN ***
coneserus: shows [6h 6d] (three of a kind, Sixes)
Mahu2021: shows [Qs 8s] (a pair of Queens)
coneserus collected 565 from pot
Mahu2021 finished the tournament in 3rd place
*** SUMMARY ***
Total pot 565 | Rake 0 
Board [Qc 4d 6s Kd Ts]
Seat 1: Al_Gringo87 (small blind) folded before Flop
Seat 2: coneserus (big blind) showed [6h 6d] and won (565) with three of a kind, Sixes
Seat 3: Mahu2021 (button) showed [Qs 8s] and lost with a pair of Queens



