PokerStars Hand #250147499886: Tournament #3746388254, $1.84+$0.16 USD Hold'em No Limit - Level I (10/20) - 2024/04/24 19:22:26 CET [2024/04/24 13:22:26 ET]
Table '3746388254 1' 3-max Seat #1 is the button
Seat 1: MAYOna15e (500 in chips) 
Seat 2: Mahu2021 (500 in chips) 
Seat 3: luxaras (500 in chips) 
Mahu2021: posts small blind 10
luxaras: posts big blind 20
*** HOLE CARDS ***
Dealt to Mahu2021 [Jd 6c]
MAYOna15e: folds 
Mahu2021: calls 10
luxaras: checks 
*** FLOP *** [Qh Ks 3s]
Mahu2021: checks 
luxaras: checks 
*** TURN *** [Qh Ks 3s] [Td]
Mahu2021: checks 
luxaras: bets 20
Mahu2021: calls 20
*** RIVER *** [Qh Ks 3s Td] [7h]
Mahu2021: checks 
luxaras: checks 
*** SHOW DOWN ***
Mahu2021: shows [Jd 6c] (high card King)
luxaras: shows [Ad 3h] (a pair of Threes)
luxaras collected 80 from pot
*** SUMMARY ***
Total pot 80 | Rake 0 
Board [Qh Ks 3s Td 7h]
Seat 1: MAYOna15e (button) folded before Flop (didn't bet)
Seat 2: Mahu2021 (small blind) showed [Jd 6c] and lost with high card King
Seat 3: luxaras (big blind) showed [Ad 3h] and won (80) with a pair of Threes



PokerStars Hand #250147506769: Tournament #3746388254, $1.84+$0.16 USD Hold'em No Limit - Level I (10/20) - 2024/04/24 19:22:51 CET [2024/04/24 13:22:51 ET]
Table '3746388254 1' 3-max Seat #2 is the button
Seat 1: MAYOna15e (500 in chips) 
Seat 2: Mahu2021 (460 in chips) 
Seat 3: luxaras (540 in chips) 
luxaras: posts small blind 10
MAYOna15e: posts big blind 20
*** HOLE CARDS ***
Dealt to Mahu2021 [8h Qs]
Mahu2021: folds 
luxaras: folds 
Uncalled bet (10) returned to MAYOna15e
MAYOna15e collected 20 from pot
MAYOna15e: doesn't show hand 
*** SUMMARY ***
Total pot 20 | Rake 0 
Seat 1: MAYOna15e (big blind) collected (20)
Seat 2: Mahu2021 (button) folded before Flop (didn't bet)
Seat 3: luxaras (small blind) folded before Flop



PokerStars Hand #250147508666: Tournament #3746388254, $1.84+$0.16 USD Hold'em No Limit - Level I (10/20) - 2024/04/24 19:22:58 CET [2024/04/24 13:22:58 ET]
Table '3746388254 1' 3-max Seat #3 is the button
Seat 1: MAYOna15e (510 in chips) 
Seat 2: Mahu2021 (460 in chips) 
Seat 3: luxaras (530 in chips) 
MAYOna15e: posts small blind 10
Mahu2021: posts big blind 20
*** HOLE CARDS ***
Dealt to Mahu2021 [2h Tc]
luxaras: folds 
MAYOna15e: folds 
Uncalled bet (10) returned to Mahu2021
Mahu2021 collected 20 from pot
Mahu2021: doesn't show hand 
*** SUMMARY ***
Total pot 20 | Rake 0 
Seat 1: MAYOna15e (small blind) folded before Flop
Seat 2: Mahu2021 (big blind) collected (20)
Seat 3: luxaras (button) folded before Flop (didn't bet)



PokerStars Hand #250147510331: Tournament #3746388254, $1.84+$0.16 USD Hold'em No Limit - Level I (10/20) - 2024/04/24 19:23:04 CET [2024/04/24 13:23:04 ET]
Table '3746388254 1' 3-max Seat #1 is the button
Seat 1: MAYOna15e (500 in chips) 
Seat 2: Mahu2021 (470 in chips) 
Seat 3: luxaras (530 in chips) 
Mahu2021: posts small blind 10
luxaras: posts big blind 20
*** HOLE CARDS ***
Dealt to Mahu2021 [8s 4h]
MAYOna15e: raises 20 to 40
Mahu2021: folds 
luxaras: calls 20
*** FLOP *** [Tc Jh Jc]
luxaras: checks 
MAYOna15e: checks 
*** TURN *** [Tc Jh Jc] [Kd]
luxaras: bets 20
MAYOna15e: calls 20
*** RIVER *** [Tc Jh Jc Kd] [7d]
luxaras: checks 
MAYOna15e: checks 
*** SHOW DOWN ***
luxaras: shows [Ad 6c] (a pair of Jacks)
MAYOna15e: shows [Ah 2d] (a pair of Jacks)
luxaras collected 65 from pot
MAYOna15e collected 65 from pot
*** SUMMARY ***
Total pot 130 | Rake 0 
Board [Tc Jh Jc Kd 7d]
Seat 1: MAYOna15e (button) showed [Ah 2d] and won (65) with a pair of Jacks
Seat 2: Mahu2021 (small blind) folded before Flop
Seat 3: luxaras (big blind) showed [Ad 6c] and won (65) with a pair of Jacks



PokerStars Hand #250147516353: Tournament #3746388254, $1.84+$0.16 USD Hold'em No Limit - Level I (10/20) - 2024/04/24 19:23:26 CET [2024/04/24 13:23:26 ET]
Table '3746388254 1' 3-max Seat #2 is the button
Seat 1: MAYOna15e (505 in chips) 
Seat 2: Mahu2021 (460 in chips) 
Seat 3: luxaras (535 in chips) 
luxaras: posts small blind 10
MAYOna15e: posts big blind 20
*** HOLE CARDS ***
Dealt to Mahu2021 [5h 7h]
Mahu2021: calls 20
luxaras: folds 
MAYOna15e: checks 
*** FLOP *** [Qc 8h Th]
MAYOna15e: checks 
Mahu2021: bets 20
MAYOna15e: folds 
Uncalled bet (20) returned to Mahu2021
Mahu2021 collected 50 from pot
Mahu2021: doesn't show hand 
*** SUMMARY ***
Total pot 50 | Rake 0 
Board [Qc 8h Th]
Seat 1: MAYOna15e (big blind) folded on the Flop
Seat 2: Mahu2021 (button) collected (50)
Seat 3: luxaras (small blind) folded before Flop



PokerStars Hand #250147520800: Tournament #3746388254, $1.84+$0.16 USD Hold'em No Limit - Level I (10/20) - 2024/04/24 19:23:42 CET [2024/04/24 13:23:42 ET]
Table '3746388254 1' 3-max Seat #3 is the button
Seat 1: MAYOna15e (485 in chips) 
Seat 2: Mahu2021 (490 in chips) 
Seat 3: luxaras (525 in chips) 
MAYOna15e: posts small blind 10
Mahu2021: posts big blind 20
*** HOLE CARDS ***
Dealt to Mahu2021 [8c 6s]
luxaras: raises 20 to 40
MAYOna15e: folds 
Mahu2021: folds 
Uncalled bet (20) returned to luxaras
luxaras collected 50 from pot
luxaras: doesn't show hand 
*** SUMMARY ***
Total pot 50 | Rake 0 
Seat 1: MAYOna15e (small blind) folded before Flop
Seat 2: Mahu2021 (big blind) folded before Flop
Seat 3: luxaras (button) collected (50)



PokerStars Hand #250147522487: Tournament #3746388254, $1.84+$0.16 USD Hold'em No Limit - Level I (10/20) - 2024/04/24 19:23:48 CET [2024/04/24 13:23:48 ET]
Table '3746388254 1' 3-max Seat #1 is the button
Seat 1: MAYOna15e (475 in chips) 
Seat 2: Mahu2021 (470 in chips) 
Seat 3: luxaras (555 in chips) 
Mahu2021: posts small blind 10
luxaras: posts big blind 20
*** HOLE CARDS ***
Dealt to Mahu2021 [Ah 2d]
MAYOna15e: folds 
Mahu2021: raises 20 to 40
luxaras: calls 20
*** FLOP *** [4s 3c 3h]
Mahu2021: checks 
luxaras: checks 
*** TURN *** [4s 3c 3h] [Jc]
Mahu2021: checks 
luxaras: checks 
*** RIVER *** [4s 3c 3h Jc] [Ts]
Mahu2021: bets 20
luxaras: calls 20
*** SHOW DOWN ***
Mahu2021: shows [Ah 2d] (a pair of Threes)
luxaras: shows [Qh Td] (two pair, Tens and Threes)
luxaras collected 120 from pot
*** SUMMARY ***
Total pot 120 | Rake 0 
Board [4s 3c 3h Jc Ts]
Seat 1: MAYOna15e (button) folded before Flop (didn't bet)
Seat 2: Mahu2021 (small blind) showed [Ah 2d] and lost with a pair of Threes
Seat 3: luxaras (big blind) showed [Qh Td] and won (120) with two pair, Tens and Threes



PokerStars Hand #250147529597: Tournament #3746388254, $1.84+$0.16 USD Hold'em No Limit - Level I (10/20) - 2024/04/24 19:24:13 CET [2024/04/24 13:24:13 ET]
Table '3746388254 1' 3-max Seat #2 is the button
Seat 1: MAYOna15e (475 in chips) 
Seat 2: Mahu2021 (410 in chips) 
Seat 3: luxaras (615 in chips) 
luxaras: posts small blind 10
MAYOna15e: posts big blind 20
*** HOLE CARDS ***
Dealt to Mahu2021 [Ad Tc]
Mahu2021: raises 20 to 40
luxaras: calls 30
MAYOna15e: folds 
*** FLOP *** [4c Kd Jh]
luxaras: checks 
Mahu2021: checks 
*** TURN *** [4c Kd Jh] [Qc]
luxaras: bets 20
Mahu2021: raises 60 to 80
luxaras: folds 
Uncalled bet (60) returned to Mahu2021
Mahu2021 collected 140 from pot
Mahu2021: doesn't show hand 
*** SUMMARY ***
Total pot 140 | Rake 0 
Board [4c Kd Jh Qc]
Seat 1: MAYOna15e (big blind) folded before Flop
Seat 2: Mahu2021 (button) collected (140)
Seat 3: luxaras (small blind) folded on the Turn



PokerStars Hand #250147539080: Tournament #3746388254, $1.84+$0.16 USD Hold'em No Limit - Level II (15/30) - 2024/04/24 19:24:48 CET [2024/04/24 13:24:48 ET]
Table '3746388254 1' 3-max Seat #3 is the button
Seat 1: MAYOna15e (455 in chips) 
Seat 2: Mahu2021 (490 in chips) 
Seat 3: luxaras (555 in chips) 
MAYOna15e: posts small blind 15
Mahu2021: posts big blind 30
*** HOLE CARDS ***
Dealt to Mahu2021 [Qs 2s]
luxaras: folds 
MAYOna15e: raises 60 to 90
Mahu2021: folds 
Uncalled bet (60) returned to MAYOna15e
MAYOna15e collected 60 from pot
MAYOna15e: doesn't show hand 
*** SUMMARY ***
Total pot 60 | Rake 0 
Seat 1: MAYOna15e (small blind) collected (60)
Seat 2: Mahu2021 (big blind) folded before Flop
Seat 3: luxaras (button) folded before Flop (didn't bet)



PokerStars Hand #250147541649: Tournament #3746388254, $1.84+$0.16 USD Hold'em No Limit - Level II (15/30) - 2024/04/24 19:24:57 CET [2024/04/24 13:24:57 ET]
Table '3746388254 1' 3-max Seat #1 is the button
Seat 1: MAYOna15e (485 in chips) 
Seat 2: Mahu2021 (460 in chips) 
Seat 3: luxaras (555 in chips) 
Mahu2021: posts small blind 15
luxaras: posts big blind 30
*** HOLE CARDS ***
Dealt to Mahu2021 [7h 6c]
MAYOna15e: raises 60 to 90
Mahu2021: folds 
luxaras: calls 60
*** FLOP *** [8d 6s 5d]
luxaras: checks 
MAYOna15e: bets 195
luxaras: folds 
Uncalled bet (195) returned to MAYOna15e
MAYOna15e collected 195 from pot
MAYOna15e: doesn't show hand 
*** SUMMARY ***
Total pot 195 | Rake 0 
Board [8d 6s 5d]
Seat 1: MAYOna15e (button) collected (195)
Seat 2: Mahu2021 (small blind) folded before Flop
Seat 3: luxaras (big blind) folded on the Flop



PokerStars Hand #250147550528: Tournament #3746388254, $1.84+$0.16 USD Hold'em No Limit - Level II (15/30) - 2024/04/24 19:25:29 CET [2024/04/24 13:25:29 ET]
Table '3746388254 1' 3-max Seat #2 is the button
Seat 1: MAYOna15e (590 in chips) 
Seat 2: Mahu2021 (445 in chips) 
Seat 3: luxaras (465 in chips) 
luxaras: posts small blind 15
MAYOna15e: posts big blind 30
*** HOLE CARDS ***
Dealt to Mahu2021 [4d 3c]
Mahu2021 has timed out
Mahu2021: folds 
Mahu2021 is sitting out
luxaras: calls 15
MAYOna15e: checks 
*** FLOP *** [5d Qh 2h]
Mahu2021 has returned
luxaras: checks 
MAYOna15e: checks 
*** TURN *** [5d Qh 2h] [Ad]
luxaras: bets 40
MAYOna15e: calls 40
*** RIVER *** [5d Qh 2h Ad] [Th]
luxaras: bets 70
MAYOna15e: folds 
Uncalled bet (70) returned to luxaras
luxaras collected 140 from pot
luxaras: doesn't show hand 
*** SUMMARY ***
Total pot 140 | Rake 0 
Board [5d Qh 2h Ad Th]
Seat 1: MAYOna15e (big blind) folded on the River
Seat 2: Mahu2021 (button) folded before Flop (didn't bet)
Seat 3: luxaras (small blind) collected (140)



PokerStars Hand #250147565742: Tournament #3746388254, $1.84+$0.16 USD Hold'em No Limit - Level II (15/30) - 2024/04/24 19:26:25 CET [2024/04/24 13:26:25 ET]
Table '3746388254 1' 3-max Seat #3 is the button
Seat 1: MAYOna15e (520 in chips) 
Seat 2: Mahu2021 (445 in chips) 
Seat 3: luxaras (535 in chips) 
MAYOna15e: posts small blind 15
Mahu2021: posts big blind 30
*** HOLE CARDS ***
Dealt to Mahu2021 [6c 4h]
luxaras: folds 
MAYOna15e: raises 60 to 90
Mahu2021: folds 
Uncalled bet (60) returned to MAYOna15e
MAYOna15e collected 60 from pot
MAYOna15e: doesn't show hand 
*** SUMMARY ***
Total pot 60 | Rake 0 
Seat 1: MAYOna15e (small blind) collected (60)
Seat 2: Mahu2021 (big blind) folded before Flop
Seat 3: luxaras (button) folded before Flop (didn't bet)



PokerStars Hand #250147569271: Tournament #3746388254, $1.84+$0.16 USD Hold'em No Limit - Level III (20/40) - 2024/04/24 19:26:37 CET [2024/04/24 13:26:37 ET]
Table '3746388254 1' 3-max Seat #1 is the button
Seat 1: MAYOna15e (550 in chips) 
Seat 2: Mahu2021 (415 in chips) 
Seat 3: luxaras (535 in chips) 
Mahu2021: posts small blind 20
luxaras: posts big blind 40
*** HOLE CARDS ***
Dealt to Mahu2021 [2s 3c]
MAYOna15e: folds 
Mahu2021: folds 
Uncalled bet (20) returned to luxaras
luxaras collected 40 from pot
luxaras: doesn't show hand 
*** SUMMARY ***
Total pot 40 | Rake 0 
Seat 1: MAYOna15e (button) folded before Flop (didn't bet)
Seat 2: Mahu2021 (small blind) folded before Flop
Seat 3: luxaras (big blind) collected (40)



PokerStars Hand #250147570620: Tournament #3746388254, $1.84+$0.16 USD Hold'em No Limit - Level III (20/40) - 2024/04/24 19:26:42 CET [2024/04/24 13:26:42 ET]
Table '3746388254 1' 3-max Seat #2 is the button
Seat 1: MAYOna15e (550 in chips) 
Seat 2: Mahu2021 (395 in chips) 
Seat 3: luxaras (555 in chips) 
luxaras: posts small blind 20
MAYOna15e: posts big blind 40
*** HOLE CARDS ***
Dealt to Mahu2021 [7s 3s]
Mahu2021: folds 
luxaras: calls 20
MAYOna15e: checks 
*** FLOP *** [Kh Th 2c]
luxaras: checks 
MAYOna15e: bets 40
luxaras: calls 40
*** TURN *** [Kh Th 2c] [8d]
luxaras: checks 
MAYOna15e: checks 
*** RIVER *** [Kh Th 2c 8d] [3d]
luxaras: checks 
MAYOna15e: checks 
*** SHOW DOWN ***
luxaras: shows [Jh 9c] (high card King)
MAYOna15e: shows [6s Td] (a pair of Tens)
MAYOna15e collected 160 from pot
*** SUMMARY ***
Total pot 160 | Rake 0 
Board [Kh Th 2c 8d 3d]
Seat 1: MAYOna15e (big blind) showed [6s Td] and won (160) with a pair of Tens
Seat 2: Mahu2021 (button) folded before Flop (didn't bet)
Seat 3: luxaras (small blind) showed [Jh 9c] and lost with high card King



PokerStars Hand #250147579729: Tournament #3746388254, $1.84+$0.16 USD Hold'em No Limit - Level III (20/40) - 2024/04/24 19:27:15 CET [2024/04/24 13:27:15 ET]
Table '3746388254 1' 3-max Seat #3 is the button
Seat 1: MAYOna15e (630 in chips) 
Seat 2: Mahu2021 (395 in chips) 
Seat 3: luxaras (475 in chips) 
MAYOna15e: posts small blind 20
Mahu2021: posts big blind 40
*** HOLE CARDS ***
Dealt to Mahu2021 [6h Td]
luxaras: raises 40 to 80
MAYOna15e: folds 
Mahu2021: folds 
Uncalled bet (40) returned to luxaras
luxaras collected 100 from pot
luxaras: doesn't show hand 
*** SUMMARY ***
Total pot 100 | Rake 0 
Seat 1: MAYOna15e (small blind) folded before Flop
Seat 2: Mahu2021 (big blind) folded before Flop
Seat 3: luxaras (button) collected (100)



PokerStars Hand #250147582630: Tournament #3746388254, $1.84+$0.16 USD Hold'em No Limit - Level III (20/40) - 2024/04/24 19:27:25 CET [2024/04/24 13:27:25 ET]
Table '3746388254 1' 3-max Seat #1 is the button
Seat 1: MAYOna15e (610 in chips) 
Seat 2: Mahu2021 (355 in chips) 
Seat 3: luxaras (535 in chips) 
Mahu2021: posts small blind 20
luxaras: posts big blind 40
*** HOLE CARDS ***
Dealt to Mahu2021 [8s Td]
MAYOna15e: folds 
Mahu2021: calls 20
luxaras: raises 495 to 535 and is all-in
Mahu2021: folds 
Uncalled bet (495) returned to luxaras
luxaras collected 80 from pot
luxaras: doesn't show hand 
*** SUMMARY ***
Total pot 80 | Rake 0 
Seat 1: MAYOna15e (button) folded before Flop (didn't bet)
Seat 2: Mahu2021 (small blind) folded before Flop
Seat 3: luxaras (big blind) collected (80)



PokerStars Hand #250147585006: Tournament #3746388254, $1.84+$0.16 USD Hold'em No Limit - Level III (20/40) - 2024/04/24 19:27:33 CET [2024/04/24 13:27:33 ET]
Table '3746388254 1' 3-max Seat #2 is the button
Seat 1: MAYOna15e (610 in chips) 
Seat 2: Mahu2021 (315 in chips) 
Seat 3: luxaras (575 in chips) 
luxaras: posts small blind 20
MAYOna15e: posts big blind 40
*** HOLE CARDS ***
Dealt to Mahu2021 [9s 5s]
Mahu2021: folds 
luxaras: folds 
Uncalled bet (20) returned to MAYOna15e
MAYOna15e collected 40 from pot
MAYOna15e: doesn't show hand 
*** SUMMARY ***
Total pot 40 | Rake 0 
Seat 1: MAYOna15e (big blind) collected (40)
Seat 2: Mahu2021 (button) folded before Flop (didn't bet)
Seat 3: luxaras (small blind) folded before Flop



PokerStars Hand #250147586369: Tournament #3746388254, $1.84+$0.16 USD Hold'em No Limit - Level III (20/40) - 2024/04/24 19:27:38 CET [2024/04/24 13:27:38 ET]
Table '3746388254 1' 3-max Seat #3 is the button
Seat 1: MAYOna15e (630 in chips) 
Seat 2: Mahu2021 (315 in chips) 
Seat 3: luxaras (555 in chips) 
MAYOna15e: posts small blind 20
Mahu2021: posts big blind 40
*** HOLE CARDS ***
Dealt to Mahu2021 [8d 3c]
luxaras: raises 40 to 80
MAYOna15e: folds 
Mahu2021: folds 
Uncalled bet (40) returned to luxaras
luxaras collected 100 from pot
luxaras: doesn't show hand 
*** SUMMARY ***
Total pot 100 | Rake 0 
Seat 1: MAYOna15e (small blind) folded before Flop
Seat 2: Mahu2021 (big blind) folded before Flop
Seat 3: luxaras (button) collected (100)



PokerStars Hand #250147587852: Tournament #3746388254, $1.84+$0.16 USD Hold'em No Limit - Level III (20/40) - 2024/04/24 19:27:44 CET [2024/04/24 13:27:44 ET]
Table '3746388254 1' 3-max Seat #1 is the button
Seat 1: MAYOna15e (610 in chips) 
Seat 2: Mahu2021 (275 in chips) 
Seat 3: luxaras (615 in chips) 
Mahu2021: posts small blind 20
luxaras: posts big blind 40
*** HOLE CARDS ***
Dealt to Mahu2021 [8d 7d]
MAYOna15e: raises 40 to 80
Mahu2021: calls 60
luxaras: folds 
*** FLOP *** [Kd Kh Js]
Mahu2021: checks 
MAYOna15e: bets 40
Mahu2021: folds 
Uncalled bet (40) returned to MAYOna15e
MAYOna15e collected 200 from pot
MAYOna15e: doesn't show hand 
*** SUMMARY ***
Total pot 200 | Rake 0 
Board [Kd Kh Js]
Seat 1: MAYOna15e (button) collected (200)
Seat 2: Mahu2021 (small blind) folded on the Flop
Seat 3: luxaras (big blind) folded before Flop



PokerStars Hand #250147594543: Tournament #3746388254, $1.84+$0.16 USD Hold'em No Limit - Level III (20/40) - 2024/04/24 19:28:08 CET [2024/04/24 13:28:08 ET]
Table '3746388254 1' 3-max Seat #2 is the button
Seat 1: MAYOna15e (730 in chips) 
Seat 2: Mahu2021 (195 in chips) 
Seat 3: luxaras (575 in chips) 
luxaras: posts small blind 20
MAYOna15e: posts big blind 40
*** HOLE CARDS ***
Dealt to Mahu2021 [3d Th]
Mahu2021: folds 
luxaras: calls 20
MAYOna15e: checks 
*** FLOP *** [2s Ac 4d]
luxaras: checks 
MAYOna15e: checks 
*** TURN *** [2s Ac 4d] [Jc]
luxaras: bets 40
MAYOna15e: calls 40
*** RIVER *** [2s Ac 4d Jc] [Kh]
luxaras: bets 80
MAYOna15e: folds 
Uncalled bet (80) returned to luxaras
luxaras collected 160 from pot
luxaras: doesn't show hand 
*** SUMMARY ***
Total pot 160 | Rake 0 
Board [2s Ac 4d Jc Kh]
Seat 1: MAYOna15e (big blind) folded on the River
Seat 2: Mahu2021 (button) folded before Flop (didn't bet)
Seat 3: luxaras (small blind) collected (160)



PokerStars Hand #250147605581: Tournament #3746388254, $1.84+$0.16 USD Hold'em No Limit - Level IV (30/60) - 2024/04/24 19:28:48 CET [2024/04/24 13:28:48 ET]
Table '3746388254 1' 3-max Seat #3 is the button
Seat 1: MAYOna15e (650 in chips) 
Seat 2: Mahu2021 (195 in chips) 
Seat 3: luxaras (655 in chips) 
MAYOna15e: posts small blind 30
Mahu2021: posts big blind 60
*** HOLE CARDS ***
Dealt to Mahu2021 [3s Qh]
luxaras: folds 
MAYOna15e: raises 60 to 120
Mahu2021: raises 75 to 195 and is all-in
MAYOna15e: calls 75
*** FLOP *** [Ks 3c 4c]
*** TURN *** [Ks 3c 4c] [3h]
*** RIVER *** [Ks 3c 4c 3h] [Jh]
*** SHOW DOWN ***
MAYOna15e: shows [Ah Kd] (two pair, Kings and Threes)
Mahu2021: shows [3s Qh] (three of a kind, Threes)
Mahu2021 collected 390 from pot
*** SUMMARY ***
Total pot 390 | Rake 0 
Board [Ks 3c 4c 3h Jh]
Seat 1: MAYOna15e (small blind) showed [Ah Kd] and lost with two pair, Kings and Threes
Seat 2: Mahu2021 (big blind) showed [3s Qh] and won (390) with three of a kind, Threes
Seat 3: luxaras (button) folded before Flop (didn't bet)



PokerStars Hand #250147610604: Tournament #3746388254, $1.84+$0.16 USD Hold'em No Limit - Level IV (30/60) - 2024/04/24 19:29:06 CET [2024/04/24 13:29:06 ET]
Table '3746388254 1' 3-max Seat #1 is the button
Seat 1: MAYOna15e (455 in chips) 
Seat 2: Mahu2021 (390 in chips) 
Seat 3: luxaras (655 in chips) 
Mahu2021: posts small blind 30
luxaras: posts big blind 60
*** HOLE CARDS ***
Dealt to Mahu2021 [4h Ks]
MAYOna15e: folds 
Mahu2021: calls 30
luxaras: checks 
*** FLOP *** [8c Qh 6d]
Mahu2021: checks 
luxaras: checks 
*** TURN *** [8c Qh 6d] [2d]
Mahu2021: checks 
luxaras: bets 60
Mahu2021: folds 
Uncalled bet (60) returned to luxaras
luxaras collected 120 from pot
luxaras: doesn't show hand 
*** SUMMARY ***
Total pot 120 | Rake 0 
Board [8c Qh 6d 2d]
Seat 1: MAYOna15e (button) folded before Flop (didn't bet)
Seat 2: Mahu2021 (small blind) folded on the Turn
Seat 3: luxaras (big blind) collected (120)



PokerStars Hand #250147614674: Tournament #3746388254, $1.84+$0.16 USD Hold'em No Limit - Level IV (30/60) - 2024/04/24 19:29:21 CET [2024/04/24 13:29:21 ET]
Table '3746388254 1' 3-max Seat #2 is the button
Seat 1: MAYOna15e (455 in chips) 
Seat 2: Mahu2021 (330 in chips) 
Seat 3: luxaras (715 in chips) 
luxaras: posts small blind 30
MAYOna15e: posts big blind 60
*** HOLE CARDS ***
Dealt to Mahu2021 [Ad Qh]
Mahu2021: raises 270 to 330 and is all-in
luxaras: folds 
MAYOna15e: folds 
Uncalled bet (270) returned to Mahu2021
Mahu2021 collected 150 from pot
Mahu2021: doesn't show hand 
*** SUMMARY ***
Total pot 150 | Rake 0 
Seat 1: MAYOna15e (big blind) folded before Flop
Seat 2: Mahu2021 (button) collected (150)
Seat 3: luxaras (small blind) folded before Flop



PokerStars Hand #250147617585: Tournament #3746388254, $1.84+$0.16 USD Hold'em No Limit - Level IV (30/60) - 2024/04/24 19:29:31 CET [2024/04/24 13:29:31 ET]
Table '3746388254 1' 3-max Seat #3 is the button
Seat 1: MAYOna15e (395 in chips) 
Seat 2: Mahu2021 (420 in chips) 
Seat 3: luxaras (685 in chips) 
MAYOna15e: posts small blind 30
Mahu2021: posts big blind 60
*** HOLE CARDS ***
Dealt to Mahu2021 [6c 7s]
luxaras: folds 
MAYOna15e: raises 335 to 395 and is all-in
Mahu2021: folds 
Uncalled bet (335) returned to MAYOna15e
MAYOna15e collected 120 from pot
MAYOna15e: doesn't show hand 
*** SUMMARY ***
Total pot 120 | Rake 0 
Seat 1: MAYOna15e (small blind) collected (120)
Seat 2: Mahu2021 (big blind) folded before Flop
Seat 3: luxaras (button) folded before Flop (didn't bet)



PokerStars Hand #250147620469: Tournament #3746388254, $1.84+$0.16 USD Hold'em No Limit - Level IV (30/60) - 2024/04/24 19:29:41 CET [2024/04/24 13:29:41 ET]
Table '3746388254 1' 3-max Seat #1 is the button
Seat 1: MAYOna15e (455 in chips) 
Seat 2: Mahu2021 (360 in chips) 
Seat 3: luxaras (685 in chips) 
Mahu2021: posts small blind 30
luxaras: posts big blind 60
*** HOLE CARDS ***
Dealt to Mahu2021 [Tc Qd]
MAYOna15e: raises 60 to 120
Mahu2021: calls 90
luxaras: folds 
*** FLOP *** [Jc 7h 5c]
Mahu2021: checks 
MAYOna15e: checks 
*** TURN *** [Jc 7h 5c] [7d]
Mahu2021: checks 
MAYOna15e: checks 
*** RIVER *** [Jc 7h 5c 7d] [Ah]
Mahu2021: bets 240 and is all-in
MAYOna15e: calls 240
*** SHOW DOWN ***
Mahu2021: shows [Tc Qd] (a pair of Sevens)
MAYOna15e: shows [Kh 5h] (two pair, Sevens and Fives)
MAYOna15e collected 780 from pot
Mahu2021 finished the tournament in 3rd place
*** SUMMARY ***
Total pot 780 | Rake 0 
Board [Jc 7h 5c 7d Ah]
Seat 1: MAYOna15e (button) showed [Kh 5h] and won (780) with two pair, Sevens and Fives
Seat 2: Mahu2021 (small blind) showed [Tc Qd] and lost with a pair of Sevens
Seat 3: luxaras (big blind) folded before Flop



