PokerStars Hand #254047695269: Tournament #3838734221, $0.46+$0.04 USD Hold'em No Limit - Level I (10/20) - 2024/12/27 8:21:12 CET [2024/12/27 2:21:12 ET]
Table '3838734221 1' 3-max Seat #1 is the button
Seat 1: Mahu2021 (500 in chips) 
Seat 2: And.Ducati (500 in chips) 
Seat 3: Xx Takis xX (500 in chips) 
And.Ducati: posts small blind 10
Xx Takis xX: posts big blind 20
*** HOLE CARDS ***
Dealt to Mahu2021 [8d Kh]
Mahu2021: folds 
And.Ducati: raises 40 to 60
Xx Takis xX: folds 
Uncalled bet (40) returned to And.Ducati
And.Ducati collected 40 from pot
And.Ducati: doesn't show hand 
*** SUMMARY ***
Total pot 40 | Rake 0 
Seat 1: Mahu2021 (button) folded before Flop (didn't bet)
Seat 2: And.Ducati (small blind) collected (40)
Seat 3: Xx Takis xX (big blind) folded before Flop



PokerStars Hand #254047696757: Tournament #3838734221, $0.46+$0.04 USD Hold'em No Limit - Level I (10/20) - 2024/12/27 8:21:32 CET [2024/12/27 2:21:32 ET]
Table '3838734221 1' 3-max Seat #2 is the button
Seat 1: Mahu2021 (500 in chips) 
Seat 2: And.Ducati (520 in chips) 
Seat 3: Xx Takis xX (480 in chips) 
Xx Takis xX: posts small blind 10
Mahu2021: posts big blind 20
*** HOLE CARDS ***
Dealt to Mahu2021 [7h 8h]
And.Ducati: raises 20 to 40
Xx Takis xX: folds 
Mahu2021: calls 20
*** FLOP *** [4d 4s 5s]
Mahu2021: checks 
And.Ducati: checks 
*** TURN *** [4d 4s 5s] [8c]
Mahu2021: checks 
And.Ducati: bets 45
Mahu2021: calls 45
*** RIVER *** [4d 4s 5s 8c] [3d]
Mahu2021: checks 
And.Ducati: bets 100
Mahu2021: calls 100
*** SHOW DOWN ***
And.Ducati: shows [2s Qc] (a pair of Fours)
Mahu2021: shows [7h 8h] (two pair, Eights and Fours)
Mahu2021 collected 380 from pot
*** SUMMARY ***
Total pot 380 | Rake 0 
Board [4d 4s 5s 8c 3d]
Seat 1: Mahu2021 (big blind) showed [7h 8h] and won (380) with two pair, Eights and Fours
Seat 2: And.Ducati (button) showed [2s Qc] and lost with a pair of Fours
Seat 3: Xx Takis xX (small blind) folded before Flop



PokerStars Hand #254047699702: Tournament #3838734221, $0.46+$0.04 USD Hold'em No Limit - Level I (10/20) - 2024/12/27 8:22:11 CET [2024/12/27 2:22:11 ET]
Table '3838734221 1' 3-max Seat #3 is the button
Seat 1: Mahu2021 (695 in chips) 
Seat 2: And.Ducati (335 in chips) 
Seat 3: Xx Takis xX (470 in chips) 
Mahu2021: posts small blind 10
And.Ducati: posts big blind 20
*** HOLE CARDS ***
Dealt to Mahu2021 [3h 5s]
Xx Takis xX: folds 
Mahu2021: folds 
Uncalled bet (10) returned to And.Ducati
And.Ducati collected 20 from pot
And.Ducati: doesn't show hand 
*** SUMMARY ***
Total pot 20 | Rake 0 
Seat 1: Mahu2021 (small blind) folded before Flop
Seat 2: And.Ducati (big blind) collected (20)
Seat 3: Xx Takis xX (button) folded before Flop (didn't bet)



PokerStars Hand #254047700262: Tournament #3838734221, $0.46+$0.04 USD Hold'em No Limit - Level I (10/20) - 2024/12/27 8:22:18 CET [2024/12/27 2:22:18 ET]
Table '3838734221 1' 3-max Seat #1 is the button
Seat 1: Mahu2021 (685 in chips) 
Seat 2: And.Ducati (345 in chips) 
Seat 3: Xx Takis xX (470 in chips) 
And.Ducati: posts small blind 10
Xx Takis xX: posts big blind 20
*** HOLE CARDS ***
Dealt to Mahu2021 [3s Qc]
Mahu2021: folds 
And.Ducati: raises 20 to 40
Xx Takis xX: folds 
Uncalled bet (20) returned to And.Ducati
And.Ducati collected 40 from pot
And.Ducati: doesn't show hand 
*** SUMMARY ***
Total pot 40 | Rake 0 
Seat 1: Mahu2021 (button) folded before Flop (didn't bet)
Seat 2: And.Ducati (small blind) collected (40)
Seat 3: Xx Takis xX (big blind) folded before Flop



PokerStars Hand #254047700938: Tournament #3838734221, $0.46+$0.04 USD Hold'em No Limit - Level I (10/20) - 2024/12/27 8:22:27 CET [2024/12/27 2:22:27 ET]
Table '3838734221 1' 3-max Seat #2 is the button
Seat 1: Mahu2021 (685 in chips) 
Seat 2: And.Ducati (365 in chips) 
Seat 3: Xx Takis xX (450 in chips) 
Xx Takis xX: posts small blind 10
Mahu2021: posts big blind 20
*** HOLE CARDS ***
Dealt to Mahu2021 [9d 9c]
And.Ducati: raises 20 to 40
Xx Takis xX: calls 30
Mahu2021: raises 645 to 685 and is all-in
And.Ducati: folds 
Xx Takis xX: folds 
Uncalled bet (645) returned to Mahu2021
Mahu2021 collected 120 from pot
Mahu2021: doesn't show hand 
*** SUMMARY ***
Total pot 120 | Rake 0 
Seat 1: Mahu2021 (big blind) collected (120)
Seat 2: And.Ducati (button) folded before Flop
Seat 3: Xx Takis xX (small blind) folded before Flop



PokerStars Hand #254047702155: Tournament #3838734221, $0.46+$0.04 USD Hold'em No Limit - Level I (10/20) - 2024/12/27 8:22:43 CET [2024/12/27 2:22:43 ET]
Table '3838734221 1' 3-max Seat #3 is the button
Seat 1: Mahu2021 (765 in chips) 
Seat 2: And.Ducati (325 in chips) 
Seat 3: Xx Takis xX (410 in chips) 
Mahu2021: posts small blind 10
And.Ducati: posts big blind 20
*** HOLE CARDS ***
Dealt to Mahu2021 [9s 6s]
Xx Takis xX: folds 
Mahu2021: calls 10
And.Ducati: raises 60 to 80
Mahu2021: folds 
Uncalled bet (60) returned to And.Ducati
And.Ducati collected 40 from pot
And.Ducati: doesn't show hand 
*** SUMMARY ***
Total pot 40 | Rake 0 
Seat 1: Mahu2021 (small blind) folded before Flop
Seat 2: And.Ducati (big blind) collected (40)
Seat 3: Xx Takis xX (button) folded before Flop (didn't bet)



PokerStars Hand #254047703246: Tournament #3838734221, $0.46+$0.04 USD Hold'em No Limit - Level I (10/20) - 2024/12/27 8:22:57 CET [2024/12/27 2:22:57 ET]
Table '3838734221 1' 3-max Seat #1 is the button
Seat 1: Mahu2021 (745 in chips) 
Seat 2: And.Ducati (345 in chips) 
Seat 3: Xx Takis xX (410 in chips) 
And.Ducati: posts small blind 10
Xx Takis xX: posts big blind 20
*** HOLE CARDS ***
Dealt to Mahu2021 [Kh 9h]
Mahu2021: raises 20 to 40
And.Ducati: calls 30
Xx Takis xX: folds 
*** FLOP *** [6h 4h 7c]
And.Ducati: checks 
Mahu2021: checks 
*** TURN *** [6h 4h 7c] [5c]
And.Ducati: bets 40
Mahu2021: calls 40
*** RIVER *** [6h 4h 7c 5c] [9s]
And.Ducati: bets 120
Mahu2021: folds 
Uncalled bet (120) returned to And.Ducati
And.Ducati collected 180 from pot
And.Ducati: doesn't show hand 
*** SUMMARY ***
Total pot 180 | Rake 0 
Board [6h 4h 7c 5c 9s]
Seat 1: Mahu2021 (button) folded on the River
Seat 2: And.Ducati (small blind) collected (180)
Seat 3: Xx Takis xX (big blind) folded before Flop



PokerStars Hand #254047706212: Tournament #3838734221, $0.46+$0.04 USD Hold'em No Limit - Level II (15/30) - 2024/12/27 8:23:36 CET [2024/12/27 2:23:36 ET]
Table '3838734221 1' 3-max Seat #2 is the button
Seat 1: Mahu2021 (665 in chips) 
Seat 2: And.Ducati (445 in chips) 
Seat 3: Xx Takis xX (390 in chips) 
Xx Takis xX: posts small blind 15
Mahu2021: posts big blind 30
*** HOLE CARDS ***
Dealt to Mahu2021 [Js 5s]
And.Ducati: raises 60 to 90
Xx Takis xX: folds 
Mahu2021: folds 
Uncalled bet (60) returned to And.Ducati
And.Ducati collected 75 from pot
And.Ducati: doesn't show hand 
*** SUMMARY ***
Total pot 75 | Rake 0 
Seat 1: Mahu2021 (big blind) folded before Flop
Seat 2: And.Ducati (button) collected (75)
Seat 3: Xx Takis xX (small blind) folded before Flop



PokerStars Hand #254047707177: Tournament #3838734221, $0.46+$0.04 USD Hold'em No Limit - Level II (15/30) - 2024/12/27 8:23:50 CET [2024/12/27 2:23:50 ET]
Table '3838734221 1' 3-max Seat #3 is the button
Seat 1: Mahu2021 (635 in chips) 
Seat 2: And.Ducati (490 in chips) 
Seat 3: Xx Takis xX (375 in chips) 
Mahu2021: posts small blind 15
And.Ducati: posts big blind 30
*** HOLE CARDS ***
Dealt to Mahu2021 [Qh Qd]
Xx Takis xX: folds 
Mahu2021: raises 605 to 635 and is all-in
And.Ducati: folds 
Uncalled bet (605) returned to Mahu2021
Mahu2021 collected 60 from pot
Mahu2021: doesn't show hand 
*** SUMMARY ***
Total pot 60 | Rake 0 
Seat 1: Mahu2021 (small blind) collected (60)
Seat 2: And.Ducati (big blind) folded before Flop
Seat 3: Xx Takis xX (button) folded before Flop (didn't bet)



PokerStars Hand #254047708250: Tournament #3838734221, $0.46+$0.04 USD Hold'em No Limit - Level II (15/30) - 2024/12/27 8:24:04 CET [2024/12/27 2:24:04 ET]
Table '3838734221 1' 3-max Seat #1 is the button
Seat 1: Mahu2021 (665 in chips) 
Seat 2: And.Ducati (460 in chips) 
Seat 3: Xx Takis xX (375 in chips) 
And.Ducati: posts small blind 15
Xx Takis xX: posts big blind 30
*** HOLE CARDS ***
Dealt to Mahu2021 [4d 6h]
Mahu2021: folds 
And.Ducati: raises 30 to 60
Xx Takis xX: calls 30
*** FLOP *** [3s 2s Ts]
And.Ducati: bets 60
Xx Takis xX: raises 255 to 315 and is all-in
And.Ducati: calls 255
*** TURN *** [3s 2s Ts] [6c]
*** RIVER *** [3s 2s Ts 6c] [Kd]
*** SHOW DOWN ***
And.Ducati: shows [Ad Qs] (high card Ace)
Xx Takis xX: shows [Qc Tc] (a pair of Tens)
Xx Takis xX collected 750 from pot
*** SUMMARY ***
Total pot 750 | Rake 0 
Board [3s 2s Ts 6c Kd]
Seat 1: Mahu2021 (button) folded before Flop (didn't bet)
Seat 2: And.Ducati (small blind) showed [Ad Qs] and lost with high card Ace
Seat 3: Xx Takis xX (big blind) showed [Qc Tc] and won (750) with a pair of Tens



PokerStars Hand #254047710740: Tournament #3838734221, $0.46+$0.04 USD Hold'em No Limit - Level II (15/30) - 2024/12/27 8:24:36 CET [2024/12/27 2:24:36 ET]
Table '3838734221 1' 3-max Seat #2 is the button
Seat 1: Mahu2021 (665 in chips) 
Seat 2: And.Ducati (85 in chips) 
Seat 3: Xx Takis xX (750 in chips) 
Xx Takis xX: posts small blind 15
Mahu2021: posts big blind 30
*** HOLE CARDS ***
Dealt to Mahu2021 [Jc 9h]
And.Ducati: raises 55 to 85 and is all-in
Xx Takis xX: folds 
Mahu2021: calls 55
*** FLOP *** [7s 2d Ad]
*** TURN *** [7s 2d Ad] [7c]
*** RIVER *** [7s 2d Ad 7c] [3s]
*** SHOW DOWN ***
Mahu2021: shows [Jc 9h] (a pair of Sevens)
And.Ducati: shows [5d Kh] (a pair of Sevens - Ace+King kicker)
And.Ducati collected 185 from pot
*** SUMMARY ***
Total pot 185 | Rake 0 
Board [7s 2d Ad 7c 3s]
Seat 1: Mahu2021 (big blind) showed [Jc 9h] and lost with a pair of Sevens
Seat 2: And.Ducati (button) showed [5d Kh] and won (185) with a pair of Sevens
Seat 3: Xx Takis xX (small blind) folded before Flop



PokerStars Hand #254047712295: Tournament #3838734221, $0.46+$0.04 USD Hold'em No Limit - Level II (15/30) - 2024/12/27 8:24:57 CET [2024/12/27 2:24:57 ET]
Table '3838734221 1' 3-max Seat #3 is the button
Seat 1: Mahu2021 (580 in chips) 
Seat 2: And.Ducati (185 in chips) 
Seat 3: Xx Takis xX (735 in chips) 
Mahu2021: posts small blind 15
And.Ducati: posts big blind 30
*** HOLE CARDS ***
Dealt to Mahu2021 [9s 8c]
Xx Takis xX has timed out
Xx Takis xX: folds 
Xx Takis xX is sitting out
Mahu2021: raises 60 to 90
And.Ducati: raises 95 to 185 and is all-in
Mahu2021: calls 95
Xx Takis xX has returned
*** FLOP *** [4h 6s Qs]
*** TURN *** [4h 6s Qs] [Ad]
*** RIVER *** [4h 6s Qs Ad] [Ts]
*** SHOW DOWN ***
Mahu2021: shows [9s 8c] (high card Ace)
And.Ducati: shows [8d 9c] (high card Ace)
Mahu2021 collected 185 from pot
And.Ducati collected 185 from pot
*** SUMMARY ***
Total pot 370 | Rake 0 
Board [4h 6s Qs Ad Ts]
Seat 1: Mahu2021 (small blind) showed [9s 8c] and won (185) with high card Ace
Seat 2: And.Ducati (big blind) showed [8d 9c] and won (185) with high card Ace
Seat 3: Xx Takis xX (button) folded before Flop (didn't bet)



PokerStars Hand #254047714512: Tournament #3838734221, $0.46+$0.04 USD Hold'em No Limit - Level III (20/40) - 2024/12/27 8:25:27 CET [2024/12/27 2:25:27 ET]
Table '3838734221 1' 3-max Seat #1 is the button
Seat 1: Mahu2021 (580 in chips) 
Seat 2: And.Ducati (185 in chips) 
Seat 3: Xx Takis xX (735 in chips) 
And.Ducati: posts small blind 20
Xx Takis xX: posts big blind 40
*** HOLE CARDS ***
Dealt to Mahu2021 [8h Ks]
Mahu2021: folds 
And.Ducati: raises 145 to 185 and is all-in
Xx Takis xX: folds 
Uncalled bet (145) returned to And.Ducati
And.Ducati collected 80 from pot
And.Ducati: doesn't show hand 
*** SUMMARY ***
Total pot 80 | Rake 0 
Seat 1: Mahu2021 (button) folded before Flop (didn't bet)
Seat 2: And.Ducati (small blind) collected (80)
Seat 3: Xx Takis xX (big blind) folded before Flop



PokerStars Hand #254047715136: Tournament #3838734221, $0.46+$0.04 USD Hold'em No Limit - Level III (20/40) - 2024/12/27 8:25:35 CET [2024/12/27 2:25:35 ET]
Table '3838734221 1' 3-max Seat #2 is the button
Seat 1: Mahu2021 (580 in chips) 
Seat 2: And.Ducati (225 in chips) 
Seat 3: Xx Takis xX (695 in chips) 
Xx Takis xX: posts small blind 20
Mahu2021: posts big blind 40
*** HOLE CARDS ***
Dealt to Mahu2021 [Ts 4c]
And.Ducati: folds 
Xx Takis xX: folds 
Uncalled bet (20) returned to Mahu2021
Mahu2021 collected 40 from pot
Mahu2021: doesn't show hand 
*** SUMMARY ***
Total pot 40 | Rake 0 
Seat 1: Mahu2021 (big blind) collected (40)
Seat 2: And.Ducati (button) folded before Flop (didn't bet)
Seat 3: Xx Takis xX (small blind) folded before Flop



PokerStars Hand #254047716175: Tournament #3838734221, $0.46+$0.04 USD Hold'em No Limit - Level III (20/40) - 2024/12/27 8:25:50 CET [2024/12/27 2:25:50 ET]
Table '3838734221 1' 3-max Seat #3 is the button
Seat 1: Mahu2021 (600 in chips) 
Seat 2: And.Ducati (225 in chips) 
Seat 3: Xx Takis xX (675 in chips) 
Mahu2021: posts small blind 20
And.Ducati: posts big blind 40
*** HOLE CARDS ***
Dealt to Mahu2021 [5s Qc]
Xx Takis xX: raises 40 to 80
Mahu2021: folds 
And.Ducati: raises 145 to 225 and is all-in
Xx Takis xX: calls 145
*** FLOP *** [Td 5c Kc]
*** TURN *** [Td 5c Kc] [9s]
*** RIVER *** [Td 5c Kc 9s] [6c]
*** SHOW DOWN ***
And.Ducati: shows [Ks 8s] (a pair of Kings)
Xx Takis xX: shows [Js Qs] (a straight, Nine to King)
Xx Takis xX collected 470 from pot
And.Ducati finished the tournament in 3rd place
*** SUMMARY ***
Total pot 470 | Rake 0 
Board [Td 5c Kc 9s 6c]
Seat 1: Mahu2021 (small blind) folded before Flop
Seat 2: And.Ducati (big blind) showed [Ks 8s] and lost with a pair of Kings
Seat 3: Xx Takis xX (button) showed [Js Qs] and won (470) with a straight, Nine to King



PokerStars Hand #254047717823: Tournament #3838734221, $0.46+$0.04 USD Hold'em No Limit - Level III (20/40) - 2024/12/27 8:26:13 CET [2024/12/27 2:26:13 ET]
Table '3838734221 1' 3-max Seat #1 is the button
Seat 1: Mahu2021 (580 in chips) 
Seat 3: Xx Takis xX (920 in chips) 
Mahu2021: posts small blind 20
Xx Takis xX: posts big blind 40
*** HOLE CARDS ***
Dealt to Mahu2021 [As 8h]
Mahu2021: raises 80 to 120
Xx Takis xX: folds 
Uncalled bet (80) returned to Mahu2021
Mahu2021 collected 80 from pot
Mahu2021: doesn't show hand 
*** SUMMARY ***
Total pot 80 | Rake 0 
Seat 1: Mahu2021 (button) (small blind) collected (80)
Seat 3: Xx Takis xX (big blind) folded before Flop



PokerStars Hand #254047718617: Tournament #3838734221, $0.46+$0.04 USD Hold'em No Limit - Level III (20/40) - 2024/12/27 8:26:23 CET [2024/12/27 2:26:23 ET]
Table '3838734221 1' 3-max Seat #3 is the button
Seat 1: Mahu2021 (620 in chips) 
Seat 3: Xx Takis xX (880 in chips) 
Xx Takis xX: posts small blind 20
Mahu2021: posts big blind 40
*** HOLE CARDS ***
Dealt to Mahu2021 [9h 3h]
Xx Takis xX: calls 20
Mahu2021: checks 
*** FLOP *** [4h 8c 5h]
Mahu2021: checks 
Xx Takis xX: checks 
*** TURN *** [4h 8c 5h] [6c]
Mahu2021: checks 
Xx Takis xX: bets 40
Mahu2021: calls 40
*** RIVER *** [4h 8c 5h 6c] [4d]
Mahu2021: checks 
Xx Takis xX: checks 
*** SHOW DOWN ***
Mahu2021: shows [9h 3h] (a pair of Fours)
Xx Takis xX: shows [Tc 6d] (two pair, Sixes and Fours)
Xx Takis xX collected 160 from pot
*** SUMMARY ***
Total pot 160 | Rake 0 
Board [4h 8c 5h 6c 4d]
Seat 1: Mahu2021 (big blind) showed [9h 3h] and lost with a pair of Fours
Seat 3: Xx Takis xX (button) (small blind) showed [Tc 6d] and won (160) with two pair, Sixes and Fours



PokerStars Hand #254047720092: Tournament #3838734221, $0.46+$0.04 USD Hold'em No Limit - Level III (20/40) - 2024/12/27 8:26:43 CET [2024/12/27 2:26:43 ET]
Table '3838734221 1' 3-max Seat #1 is the button
Seat 1: Mahu2021 (540 in chips) 
Seat 3: Xx Takis xX (960 in chips) 
Mahu2021: posts small blind 20
Xx Takis xX: posts big blind 40
*** HOLE CARDS ***
Dealt to Mahu2021 [6d 9s]
Mahu2021: folds 
Uncalled bet (20) returned to Xx Takis xX
Xx Takis xX collected 40 from pot
Xx Takis xX: doesn't show hand 
*** SUMMARY ***
Total pot 40 | Rake 0 
Seat 1: Mahu2021 (button) (small blind) folded before Flop
Seat 3: Xx Takis xX (big blind) collected (40)



PokerStars Hand #254047720538: Tournament #3838734221, $0.46+$0.04 USD Hold'em No Limit - Level III (20/40) - 2024/12/27 8:26:50 CET [2024/12/27 2:26:50 ET]
Table '3838734221 1' 3-max Seat #3 is the button
Seat 1: Mahu2021 (520 in chips) 
Seat 3: Xx Takis xX (980 in chips) 
Xx Takis xX: posts small blind 20
Mahu2021: posts big blind 40
*** HOLE CARDS ***
Dealt to Mahu2021 [Qd 9d]
Xx Takis xX: calls 20
Mahu2021: raises 80 to 120
Xx Takis xX: folds 
Uncalled bet (80) returned to Mahu2021
Mahu2021 collected 80 from pot
Mahu2021: doesn't show hand 
*** SUMMARY ***
Total pot 80 | Rake 0 
Seat 1: Mahu2021 (big blind) collected (80)
Seat 3: Xx Takis xX (button) (small blind) folded before Flop



PokerStars Hand #254047721501: Tournament #3838734221, $0.46+$0.04 USD Hold'em No Limit - Level III (20/40) - 2024/12/27 8:27:02 CET [2024/12/27 2:27:02 ET]
Table '3838734221 1' 3-max Seat #1 is the button
Seat 1: Mahu2021 (560 in chips) 
Seat 3: Xx Takis xX (940 in chips) 
Mahu2021: posts small blind 20
Xx Takis xX: posts big blind 40
*** HOLE CARDS ***
Dealt to Mahu2021 [8h Js]
Mahu2021: raises 80 to 120
Xx Takis xX: raises 820 to 940 and is all-in
Mahu2021: folds 
Uncalled bet (820) returned to Xx Takis xX
Xx Takis xX collected 240 from pot
Xx Takis xX: doesn't show hand 
*** SUMMARY ***
Total pot 240 | Rake 0 
Seat 1: Mahu2021 (button) (small blind) folded before Flop
Seat 3: Xx Takis xX (big blind) collected (240)



PokerStars Hand #254047722276: Tournament #3838734221, $0.46+$0.04 USD Hold'em No Limit - Level III (20/40) - 2024/12/27 8:27:13 CET [2024/12/27 2:27:13 ET]
Table '3838734221 1' 3-max Seat #3 is the button
Seat 1: Mahu2021 (440 in chips) 
Seat 3: Xx Takis xX (1060 in chips) 
Xx Takis xX: posts small blind 20
Mahu2021: posts big blind 40
*** HOLE CARDS ***
Dealt to Mahu2021 [3c 2s]
Xx Takis xX: calls 20
Mahu2021: checks 
*** FLOP *** [4c 7h 7d]
Mahu2021: checks 
Xx Takis xX: bets 40
Mahu2021: folds 
Uncalled bet (40) returned to Xx Takis xX
Xx Takis xX collected 80 from pot
Xx Takis xX: doesn't show hand 
*** SUMMARY ***
Total pot 80 | Rake 0 
Board [4c 7h 7d]
Seat 1: Mahu2021 (big blind) folded on the Flop
Seat 3: Xx Takis xX (button) (small blind) collected (80)



PokerStars Hand #254047723382: Tournament #3838734221, $0.46+$0.04 USD Hold'em No Limit - Level IV (30/60) - 2024/12/27 8:27:27 CET [2024/12/27 2:27:27 ET]
Table '3838734221 1' 3-max Seat #1 is the button
Seat 1: Mahu2021 (400 in chips) 
Seat 3: Xx Takis xX (1100 in chips) 
Mahu2021: posts small blind 30
Xx Takis xX: posts big blind 60
*** HOLE CARDS ***
Dealt to Mahu2021 [Js Ah]
Mahu2021: raises 340 to 400 and is all-in
Xx Takis xX: folds 
Uncalled bet (340) returned to Mahu2021
Mahu2021 collected 120 from pot
Mahu2021: doesn't show hand 
*** SUMMARY ***
Total pot 120 | Rake 0 
Seat 1: Mahu2021 (button) (small blind) collected (120)
Seat 3: Xx Takis xX (big blind) folded before Flop



PokerStars Hand #254047724011: Tournament #3838734221, $0.46+$0.04 USD Hold'em No Limit - Level IV (30/60) - 2024/12/27 8:27:35 CET [2024/12/27 2:27:35 ET]
Table '3838734221 1' 3-max Seat #3 is the button
Seat 1: Mahu2021 (460 in chips) 
Seat 3: Xx Takis xX (1040 in chips) 
Xx Takis xX: posts small blind 30
Mahu2021: posts big blind 60
*** HOLE CARDS ***
Dealt to Mahu2021 [Tc 3d]
Xx Takis xX: raises 60 to 120
Mahu2021: folds 
Uncalled bet (60) returned to Xx Takis xX
Xx Takis xX collected 120 from pot
Xx Takis xX: doesn't show hand 
*** SUMMARY ***
Total pot 120 | Rake 0 
Seat 1: Mahu2021 (big blind) folded before Flop
Seat 3: Xx Takis xX (button) (small blind) collected (120)



PokerStars Hand #254047724526: Tournament #3838734221, $0.46+$0.04 USD Hold'em No Limit - Level IV (30/60) - 2024/12/27 8:27:42 CET [2024/12/27 2:27:42 ET]
Table '3838734221 1' 3-max Seat #1 is the button
Seat 1: Mahu2021 (400 in chips) 
Seat 3: Xx Takis xX (1100 in chips) 
Mahu2021: posts small blind 30
Xx Takis xX: posts big blind 60
*** HOLE CARDS ***
Dealt to Mahu2021 [4h As]
Mahu2021: raises 60 to 120
Xx Takis xX: calls 60
*** FLOP *** [Qs 6h 6d]
Xx Takis xX: checks 
Mahu2021: bets 280 and is all-in
Xx Takis xX: folds 
Uncalled bet (280) returned to Mahu2021
Mahu2021 collected 240 from pot
Mahu2021: doesn't show hand 
*** SUMMARY ***
Total pot 240 | Rake 0 
Board [Qs 6h 6d]
Seat 1: Mahu2021 (button) (small blind) collected (240)
Seat 3: Xx Takis xX (big blind) folded on the Flop



PokerStars Hand #254047726327: Tournament #3838734221, $0.46+$0.04 USD Hold'em No Limit - Level IV (30/60) - 2024/12/27 8:28:06 CET [2024/12/27 2:28:06 ET]
Table '3838734221 1' 3-max Seat #3 is the button
Seat 1: Mahu2021 (520 in chips) 
Seat 3: Xx Takis xX (980 in chips) 
Xx Takis xX: posts small blind 30
Mahu2021: posts big blind 60
*** HOLE CARDS ***
Dealt to Mahu2021 [7c Td]
Xx Takis xX: raises 920 to 980 and is all-in
Mahu2021: folds 
Uncalled bet (920) returned to Xx Takis xX
Xx Takis xX collected 120 from pot
Xx Takis xX: doesn't show hand 
*** SUMMARY ***
Total pot 120 | Rake 0 
Seat 1: Mahu2021 (big blind) folded before Flop
Seat 3: Xx Takis xX (button) (small blind) collected (120)



PokerStars Hand #254047727380: Tournament #3838734221, $0.46+$0.04 USD Hold'em No Limit - Level IV (30/60) - 2024/12/27 8:28:20 CET [2024/12/27 2:28:20 ET]
Table '3838734221 1' 3-max Seat #1 is the button
Seat 1: Mahu2021 (460 in chips) 
Seat 3: Xx Takis xX (1040 in chips) 
Mahu2021: posts small blind 30
Xx Takis xX: posts big blind 60
*** HOLE CARDS ***
Dealt to Mahu2021 [Ts Js]
Mahu2021: raises 60 to 120
Xx Takis xX: calls 60
*** FLOP *** [8s 3h 3s]
Xx Takis xX: checks 
Mahu2021: bets 340 and is all-in
Xx Takis xX: calls 340
*** TURN *** [8s 3h 3s] [2s]
*** RIVER *** [8s 3h 3s 2s] [2c]
*** SHOW DOWN ***
Xx Takis xX: shows [8h 7c] (two pair, Eights and Threes)
Mahu2021: shows [Ts Js] (a flush, Jack high)
Mahu2021 collected 920 from pot
*** SUMMARY ***
Total pot 920 | Rake 0 
Board [8s 3h 3s 2s 2c]
Seat 1: Mahu2021 (button) (small blind) showed [Ts Js] and won (920) with a flush, Jack high
Seat 3: Xx Takis xX (big blind) showed [8h 7c] and lost with two pair, Eights and Threes



PokerStars Hand #254047728692: Tournament #3838734221, $0.46+$0.04 USD Hold'em No Limit - Level IV (30/60) - 2024/12/27 8:28:37 CET [2024/12/27 2:28:37 ET]
Table '3838734221 1' 3-max Seat #3 is the button
Seat 1: Mahu2021 (920 in chips) 
Seat 3: Xx Takis xX (580 in chips) 
Xx Takis xX: posts small blind 30
Mahu2021: posts big blind 60
*** HOLE CARDS ***
Dealt to Mahu2021 [4s 4d]
Xx Takis xX: calls 30
Mahu2021: raises 860 to 920 and is all-in
Xx Takis xX: folds 
Uncalled bet (860) returned to Mahu2021
Mahu2021 collected 120 from pot
Mahu2021: doesn't show hand 
*** SUMMARY ***
Total pot 120 | Rake 0 
Seat 1: Mahu2021 (big blind) collected (120)
Seat 3: Xx Takis xX (button) (small blind) folded before Flop



PokerStars Hand #254047730614: Tournament #3838734221, $0.46+$0.04 USD Hold'em No Limit - Level IV (30/60) - 2024/12/27 8:29:03 CET [2024/12/27 2:29:03 ET]
Table '3838734221 1' 3-max Seat #1 is the button
Seat 1: Mahu2021 (980 in chips) 
Seat 3: Xx Takis xX (520 in chips) 
Mahu2021: posts small blind 30
Xx Takis xX: posts big blind 60
*** HOLE CARDS ***
Dealt to Mahu2021 [Kd 3h]
Mahu2021: raises 60 to 120
Xx Takis xX: raises 400 to 520 and is all-in
Mahu2021: calls 400
*** FLOP *** [2h 5c 3s]
*** TURN *** [2h 5c 3s] [9s]
*** RIVER *** [2h 5c 3s 9s] [3d]
*** SHOW DOWN ***
Xx Takis xX: shows [Jd As] (a pair of Threes)
Mahu2021: shows [Kd 3h] (three of a kind, Threes)
Mahu2021 collected 1040 from pot
Xx Takis xX finished the tournament in 2nd place
Mahu2021 wins the tournament - congratulations!
Mahu2021 wins a '$1.50 Power Path Step 2 Ticket' ticket
*** SUMMARY ***
Total pot 1040 | Rake 0 
Board [2h 5c 3s 9s 3d]
Seat 1: Mahu2021 (button) (small blind) showed [Kd 3h] and won (1040) with three of a kind, Threes
Seat 3: Xx Takis xX (big blind) showed [Jd As] and lost with a pair of Threes



