PokerStars Hand #252775114852: Tournament #3808381219, $1.84+$0.16 USD Hold'em No Limit - Level I (10/20) - 2024/10/05 10:19:41 CET [2024/10/05 4:19:41 ET]
Table '3808381219 1' 3-max Seat #1 is the button
Seat 1: Mahu2021 (500 in chips) 
Seat 2: esoxd777 (500 in chips) 
Seat 3: Kayedee94 (500 in chips) 
esoxd777: posts small blind 10
Kayedee94: posts big blind 20
*** HOLE CARDS ***
Dealt to Mahu2021 [7c Tc]
Mahu2021: calls 20
esoxd777: folds 
Kayedee94: checks 
*** FLOP *** [Ad 7s Jd]
Kayedee94: bets 20
Mahu2021: calls 20
*** TURN *** [Ad 7s Jd] [Kh]
Kayedee94: bets 20
Mahu2021: calls 20
*** RIVER *** [Ad 7s Jd Kh] [7d]
Kayedee94: bets 20
Mahu2021: raises 170 to 190
Kayedee94: folds 
Uncalled bet (170) returned to Mahu2021
Mahu2021 collected 170 from pot
Mahu2021: doesn't show hand 
*** SUMMARY ***
Total pot 170 | Rake 0 
Board [Ad 7s Jd Kh 7d]
Seat 1: Mahu2021 (button) collected (170)
Seat 2: esoxd777 (small blind) folded before Flop
Seat 3: Kayedee94 (big blind) folded on the River



PokerStars Hand #252775116340: Tournament #3808381219, $1.84+$0.16 USD Hold'em No Limit - Level I (10/20) - 2024/10/05 10:19:56 CET [2024/10/05 4:19:56 ET]
Table '3808381219 1' 3-max Seat #2 is the button
Seat 1: Mahu2021 (590 in chips) 
Seat 2: esoxd777 (490 in chips) 
Seat 3: Kayedee94 (420 in chips) 
Kayedee94: posts small blind 10
Mahu2021: posts big blind 20
*** HOLE CARDS ***
Dealt to Mahu2021 [7h Ts]
esoxd777: raises 20 to 40
Kayedee94: calls 30
Mahu2021: folds 
*** FLOP *** [9h Jd Qh]
Kayedee94: bets 20
esoxd777: folds 
Uncalled bet (20) returned to Kayedee94
Kayedee94 collected 100 from pot
*** SUMMARY ***
Total pot 100 | Rake 0 
Board [9h Jd Qh]
Seat 1: Mahu2021 (big blind) folded before Flop
Seat 2: esoxd777 (button) folded on the Flop
Seat 3: Kayedee94 (small blind) collected (100)



PokerStars Hand #252775117480: Tournament #3808381219, $1.84+$0.16 USD Hold'em No Limit - Level I (10/20) - 2024/10/05 10:20:07 CET [2024/10/05 4:20:07 ET]
Table '3808381219 1' 3-max Seat #3 is the button
Seat 1: Mahu2021 (570 in chips) 
Seat 2: esoxd777 (450 in chips) 
Seat 3: Kayedee94 (480 in chips) 
Mahu2021: posts small blind 10
esoxd777: posts big blind 20
*** HOLE CARDS ***
Dealt to Mahu2021 [As 9d]
Kayedee94: calls 20
Mahu2021: calls 10
esoxd777: raises 430 to 450 and is all-in
Kayedee94: folds 
Mahu2021: folds 
Uncalled bet (430) returned to esoxd777
esoxd777 collected 60 from pot
esoxd777: doesn't show hand 
*** SUMMARY ***
Total pot 60 | Rake 0 
Seat 1: Mahu2021 (small blind) folded before Flop
Seat 2: esoxd777 (big blind) collected (60)
Seat 3: Kayedee94 (button) folded before Flop



PokerStars Hand #252775118321: Tournament #3808381219, $1.84+$0.16 USD Hold'em No Limit - Level I (10/20) - 2024/10/05 10:20:15 CET [2024/10/05 4:20:15 ET]
Table '3808381219 1' 3-max Seat #1 is the button
Seat 1: Mahu2021 (550 in chips) 
Seat 2: esoxd777 (490 in chips) 
Seat 3: Kayedee94 (460 in chips) 
esoxd777: posts small blind 10
Kayedee94: posts big blind 20
*** HOLE CARDS ***
Dealt to Mahu2021 [Ah 3h]
Mahu2021: calls 20
esoxd777: folds 
Kayedee94: checks 
*** FLOP *** [8c 6d 4s]
Kayedee94: checks 
Mahu2021: checks 
*** TURN *** [8c 6d 4s] [4d]
Kayedee94: checks 
Mahu2021: bets 20
Kayedee94: folds 
Uncalled bet (20) returned to Mahu2021
Mahu2021 collected 50 from pot
Mahu2021: doesn't show hand 
*** SUMMARY ***
Total pot 50 | Rake 0 
Board [8c 6d 4s 4d]
Seat 1: Mahu2021 (button) collected (50)
Seat 2: esoxd777 (small blind) folded before Flop
Seat 3: Kayedee94 (big blind) folded on the Turn



PokerStars Hand #252775119441: Tournament #3808381219, $1.84+$0.16 USD Hold'em No Limit - Level I (10/20) - 2024/10/05 10:20:26 CET [2024/10/05 4:20:26 ET]
Table '3808381219 1' 3-max Seat #2 is the button
Seat 1: Mahu2021 (580 in chips) 
Seat 2: esoxd777 (480 in chips) 
Seat 3: Kayedee94 (440 in chips) 
Kayedee94: posts small blind 10
Mahu2021: posts big blind 20
*** HOLE CARDS ***
Dealt to Mahu2021 [4h Ad]
esoxd777: raises 20 to 40
Kayedee94: calls 30
Mahu2021: calls 20
*** FLOP *** [8c 4d 9c]
Kayedee94: bets 20
Mahu2021: calls 20
esoxd777: calls 20
*** TURN *** [8c 4d 9c] [4c]
Kayedee94: bets 20
Mahu2021: calls 20
esoxd777: folds 
*** RIVER *** [8c 4d 9c 4c] [Th]
Kayedee94: bets 20
Mahu2021: raises 260 to 280
Kayedee94: folds 
Uncalled bet (260) returned to Mahu2021
Mahu2021 collected 260 from pot
Mahu2021: doesn't show hand 
*** SUMMARY ***
Total pot 260 | Rake 0 
Board [8c 4d 9c 4c Th]
Seat 1: Mahu2021 (big blind) collected (260)
Seat 2: esoxd777 (button) folded on the Turn
Seat 3: Kayedee94 (small blind) folded on the River



PokerStars Hand #252775121346: Tournament #3808381219, $1.84+$0.16 USD Hold'em No Limit - Level I (10/20) - 2024/10/05 10:20:44 CET [2024/10/05 4:20:44 ET]
Table '3808381219 1' 3-max Seat #3 is the button
Seat 1: Mahu2021 (740 in chips) 
Seat 2: esoxd777 (420 in chips) 
Seat 3: Kayedee94 (340 in chips) 
Mahu2021: posts small blind 10
esoxd777: posts big blind 20
*** HOLE CARDS ***
Dealt to Mahu2021 [4d 5s]
Kayedee94: calls 20
Mahu2021: folds 
esoxd777: checks 
*** FLOP *** [8d 6h Ac]
esoxd777: checks 
Kayedee94: checks 
*** TURN *** [8d 6h Ac] [2h]
esoxd777: checks 
Kayedee94: checks 
*** RIVER *** [8d 6h Ac 2h] [Jd]
esoxd777: bets 40
Kayedee94: folds 
Uncalled bet (40) returned to esoxd777
esoxd777 collected 50 from pot
esoxd777: doesn't show hand 
*** SUMMARY ***
Total pot 50 | Rake 0 
Board [8d 6h Ac 2h Jd]
Seat 1: Mahu2021 (small blind) folded before Flop
Seat 2: esoxd777 (big blind) collected (50)
Seat 3: Kayedee94 (button) folded on the River



PokerStars Hand #252775123028: Tournament #3808381219, $1.84+$0.16 USD Hold'em No Limit - Level I (10/20) - 2024/10/05 10:21:00 CET [2024/10/05 4:21:00 ET]
Table '3808381219 1' 3-max Seat #1 is the button
Seat 1: Mahu2021 (730 in chips) 
Seat 2: esoxd777 (450 in chips) 
Seat 3: Kayedee94 (320 in chips) 
esoxd777: posts small blind 10
Kayedee94: posts big blind 20
*** HOLE CARDS ***
Dealt to Mahu2021 [5h 9d]
Mahu2021: folds 
esoxd777: folds 
Uncalled bet (10) returned to Kayedee94
Kayedee94 collected 20 from pot
*** SUMMARY ***
Total pot 20 | Rake 0 
Seat 1: Mahu2021 (button) folded before Flop (didn't bet)
Seat 2: esoxd777 (small blind) folded before Flop
Seat 3: Kayedee94 (big blind) collected (20)



PokerStars Hand #252775123595: Tournament #3808381219, $1.84+$0.16 USD Hold'em No Limit - Level I (10/20) - 2024/10/05 10:21:06 CET [2024/10/05 4:21:06 ET]
Table '3808381219 1' 3-max Seat #2 is the button
Seat 1: Mahu2021 (730 in chips) 
Seat 2: esoxd777 (440 in chips) 
Seat 3: Kayedee94 (330 in chips) 
Kayedee94: posts small blind 10
Mahu2021: posts big blind 20
*** HOLE CARDS ***
Dealt to Mahu2021 [6h Jh]
esoxd777: folds 
Kayedee94: calls 10
Mahu2021: checks 
*** FLOP *** [9s Td 4h]
Kayedee94: checks 
Mahu2021: checks 
*** TURN *** [9s Td 4h] [Qd]
Kayedee94: bets 20
Mahu2021: calls 20
*** RIVER *** [9s Td 4h Qd] [8c]
Kayedee94: bets 290 and is all-in
Mahu2021: calls 290
*** SHOW DOWN ***
Kayedee94: shows [Kd Js] (a straight, Nine to King)
Mahu2021: shows [6h Jh] (a straight, Eight to Queen)
Kayedee94 collected 660 from pot
*** SUMMARY ***
Total pot 660 | Rake 0 
Board [9s Td 4h Qd 8c]
Seat 1: Mahu2021 (big blind) showed [6h Jh] and lost with a straight, Eight to Queen
Seat 2: esoxd777 (button) folded before Flop (didn't bet)
Seat 3: Kayedee94 (small blind) showed [Kd Js] and won (660) with a straight, Nine to King



PokerStars Hand #252775125200: Tournament #3808381219, $1.84+$0.16 USD Hold'em No Limit - Level I (10/20) - 2024/10/05 10:21:22 CET [2024/10/05 4:21:22 ET]
Table '3808381219 1' 3-max Seat #3 is the button
Seat 1: Mahu2021 (400 in chips) 
Seat 2: esoxd777 (440 in chips) 
Seat 3: Kayedee94 (660 in chips) 
Mahu2021: posts small blind 10
esoxd777: posts big blind 20
*** HOLE CARDS ***
Dealt to Mahu2021 [8h 6s]
Kayedee94: calls 20
Mahu2021: folds 
esoxd777: checks 
*** FLOP *** [Td 6c 8d]
esoxd777: checks 
Kayedee94: checks 
*** TURN *** [Td 6c 8d] [2s]
esoxd777: bets 30
Kayedee94: calls 30
*** RIVER *** [Td 6c 8d 2s] [Ks]
esoxd777: bets 83
Kayedee94: calls 83
*** SHOW DOWN ***
esoxd777: shows [7c Qc] (high card King)
Kayedee94: shows [Qd 2h] (a pair of Deuces)
Kayedee94 collected 276 from pot
*** SUMMARY ***
Total pot 276 | Rake 0 
Board [Td 6c 8d 2s Ks]
Seat 1: Mahu2021 (small blind) folded before Flop
Seat 2: esoxd777 (big blind) showed [7c Qc] and lost with high card King
Seat 3: Kayedee94 (button) showed [Qd 2h] and won (276) with a pair of Deuces



PokerStars Hand #252775127028: Tournament #3808381219, $1.84+$0.16 USD Hold'em No Limit - Level I (10/20) - 2024/10/05 10:21:39 CET [2024/10/05 4:21:39 ET]
Table '3808381219 1' 3-max Seat #1 is the button
Seat 1: Mahu2021 (390 in chips) 
Seat 2: esoxd777 (307 in chips) 
Seat 3: Kayedee94 (803 in chips) 
esoxd777: posts small blind 10
Kayedee94: posts big blind 20
*** HOLE CARDS ***
Dealt to Mahu2021 [2h Kh]
Mahu2021: calls 20
esoxd777: folds 
Kayedee94: checks 
*** FLOP *** [5c Ts 7d]
Kayedee94: bets 20
Mahu2021: folds 
Uncalled bet (20) returned to Kayedee94
Kayedee94 collected 50 from pot
*** SUMMARY ***
Total pot 50 | Rake 0 
Board [5c Ts 7d]
Seat 1: Mahu2021 (button) folded on the Flop
Seat 2: esoxd777 (small blind) folded before Flop
Seat 3: Kayedee94 (big blind) collected (50)



PokerStars Hand #252775127993: Tournament #3808381219, $1.84+$0.16 USD Hold'em No Limit - Level I (10/20) - 2024/10/05 10:21:49 CET [2024/10/05 4:21:49 ET]
Table '3808381219 1' 3-max Seat #2 is the button
Seat 1: Mahu2021 (370 in chips) 
Seat 2: esoxd777 (297 in chips) 
Seat 3: Kayedee94 (833 in chips) 
Kayedee94: posts small blind 10
Mahu2021: posts big blind 20
*** HOLE CARDS ***
Dealt to Mahu2021 [2s 2h]
esoxd777: folds 
Kayedee94: calls 10
Mahu2021: raises 350 to 370 and is all-in
Kayedee94: folds 
Uncalled bet (350) returned to Mahu2021
Mahu2021 collected 40 from pot
Mahu2021: doesn't show hand 
*** SUMMARY ***
Total pot 40 | Rake 0 
Seat 1: Mahu2021 (big blind) collected (40)
Seat 2: esoxd777 (button) folded before Flop (didn't bet)
Seat 3: Kayedee94 (small blind) folded before Flop



PokerStars Hand #252775128734: Tournament #3808381219, $1.84+$0.16 USD Hold'em No Limit - Level I (10/20) - 2024/10/05 10:21:56 CET [2024/10/05 4:21:56 ET]
Table '3808381219 1' 3-max Seat #3 is the button
Seat 1: Mahu2021 (390 in chips) 
Seat 2: esoxd777 (297 in chips) 
Seat 3: Kayedee94 (813 in chips) 
Mahu2021: posts small blind 10
esoxd777: posts big blind 20
*** HOLE CARDS ***
Dealt to Mahu2021 [4d 2d]
Kayedee94: calls 20
Mahu2021: folds 
esoxd777: checks 
*** FLOP *** [3s 8h 6h]
esoxd777: checks 
Kayedee94: bets 20
esoxd777: calls 20
*** TURN *** [3s 8h 6h] [5h]
esoxd777: checks 
Kayedee94: bets 20
esoxd777: folds 
Uncalled bet (20) returned to Kayedee94
Kayedee94 collected 90 from pot
*** SUMMARY ***
Total pot 90 | Rake 0 
Board [3s 8h 6h 5h]
Seat 1: Mahu2021 (small blind) folded before Flop
Seat 2: esoxd777 (big blind) folded on the Turn
Seat 3: Kayedee94 (button) collected (90)



PokerStars Hand #252775129961: Tournament #3808381219, $1.84+$0.16 USD Hold'em No Limit - Level I (10/20) - 2024/10/05 10:22:08 CET [2024/10/05 4:22:08 ET]
Table '3808381219 1' 3-max Seat #1 is the button
Seat 1: Mahu2021 (380 in chips) 
Seat 2: esoxd777 (257 in chips) 
Seat 3: Kayedee94 (863 in chips) 
esoxd777: posts small blind 10
Kayedee94: posts big blind 20
*** HOLE CARDS ***
Dealt to Mahu2021 [2h Jd]
Mahu2021: folds 
esoxd777: folds 
Uncalled bet (10) returned to Kayedee94
Kayedee94 collected 20 from pot
*** SUMMARY ***
Total pot 20 | Rake 0 
Seat 1: Mahu2021 (button) folded before Flop (didn't bet)
Seat 2: esoxd777 (small blind) folded before Flop
Seat 3: Kayedee94 (big blind) collected (20)



PokerStars Hand #252775130596: Tournament #3808381219, $1.84+$0.16 USD Hold'em No Limit - Level I (10/20) - 2024/10/05 10:22:14 CET [2024/10/05 4:22:14 ET]
Table '3808381219 1' 3-max Seat #2 is the button
Seat 1: Mahu2021 (380 in chips) 
Seat 2: esoxd777 (247 in chips) 
Seat 3: Kayedee94 (873 in chips) 
Kayedee94: posts small blind 10
Mahu2021: posts big blind 20
*** HOLE CARDS ***
Dealt to Mahu2021 [Qd Ad]
esoxd777: folds 
Kayedee94: calls 10
Mahu2021: raises 40 to 60
Kayedee94: calls 40
*** FLOP *** [9d Qs 4d]
Kayedee94: checks 
Mahu2021: bets 60
Kayedee94: folds 
Uncalled bet (60) returned to Mahu2021
Mahu2021 collected 120 from pot
Mahu2021: doesn't show hand 
*** SUMMARY ***
Total pot 120 | Rake 0 
Board [9d Qs 4d]
Seat 1: Mahu2021 (big blind) collected (120)
Seat 2: esoxd777 (button) folded before Flop (didn't bet)
Seat 3: Kayedee94 (small blind) folded on the Flop



PokerStars Hand #252775131630: Tournament #3808381219, $1.84+$0.16 USD Hold'em No Limit - Level I (10/20) - 2024/10/05 10:22:25 CET [2024/10/05 4:22:25 ET]
Table '3808381219 1' 3-max Seat #3 is the button
Seat 1: Mahu2021 (440 in chips) 
Seat 2: esoxd777 (247 in chips) 
Seat 3: Kayedee94 (813 in chips) 
Mahu2021: posts small blind 10
esoxd777: posts big blind 20
*** HOLE CARDS ***
Dealt to Mahu2021 [6h As]
Kayedee94: calls 20
Mahu2021: calls 10
esoxd777: checks 
*** FLOP *** [6d 2s 8d]
Mahu2021: bets 20
esoxd777: calls 20
Kayedee94: calls 20
*** TURN *** [6d 2s 8d] [Ts]
Mahu2021: checks 
esoxd777: checks 
Kayedee94: checks 
*** RIVER *** [6d 2s 8d Ts] [Qs]
Mahu2021: checks 
esoxd777: checks 
Kayedee94: bets 20
Mahu2021: calls 20
esoxd777: folds 
*** SHOW DOWN ***
Kayedee94: shows [Qh Ad] (a pair of Queens)
Mahu2021: mucks hand 
Kayedee94 collected 160 from pot
*** SUMMARY ***
Total pot 160 | Rake 0 
Board [6d 2s 8d Ts Qs]
Seat 1: Mahu2021 (small blind) mucked [6h As]
Seat 2: esoxd777 (big blind) folded on the River
Seat 3: Kayedee94 (button) showed [Qh Ad] and won (160) with a pair of Queens



PokerStars Hand #252775133774: Tournament #3808381219, $1.84+$0.16 USD Hold'em No Limit - Level II (15/30) - 2024/10/05 10:22:46 CET [2024/10/05 4:22:46 ET]
Table '3808381219 1' 3-max Seat #1 is the button
Seat 1: Mahu2021 (380 in chips) 
Seat 2: esoxd777 (207 in chips) 
Seat 3: Kayedee94 (913 in chips) 
esoxd777: posts small blind 15
Kayedee94: posts big blind 30
*** HOLE CARDS ***
Dealt to Mahu2021 [Ah 7s]
Mahu2021: calls 30
esoxd777: raises 177 to 207 and is all-in
Kayedee94: folds 
Mahu2021: folds 
Uncalled bet (177) returned to esoxd777
esoxd777 collected 90 from pot
esoxd777: doesn't show hand 
*** SUMMARY ***
Total pot 90 | Rake 0 
Seat 1: Mahu2021 (button) folded before Flop
Seat 2: esoxd777 (small blind) collected (90)
Seat 3: Kayedee94 (big blind) folded before Flop



PokerStars Hand #252775135686: Tournament #3808381219, $1.84+$0.16 USD Hold'em No Limit - Level II (15/30) - 2024/10/05 10:23:05 CET [2024/10/05 4:23:05 ET]
Table '3808381219 1' 3-max Seat #2 is the button
Seat 1: Mahu2021 (350 in chips) 
Seat 2: esoxd777 (267 in chips) 
Seat 3: Kayedee94 (883 in chips) 
Kayedee94: posts small blind 15
Mahu2021: posts big blind 30
*** HOLE CARDS ***
Dealt to Mahu2021 [7d 8h]
esoxd777: folds 
Kayedee94: calls 15
Mahu2021: checks 
*** FLOP *** [6d 2s Kh]
Kayedee94: bets 30
Mahu2021: folds 
Uncalled bet (30) returned to Kayedee94
Kayedee94 collected 60 from pot
*** SUMMARY ***
Total pot 60 | Rake 0 
Board [6d 2s Kh]
Seat 1: Mahu2021 (big blind) folded on the Flop
Seat 2: esoxd777 (button) folded before Flop (didn't bet)
Seat 3: Kayedee94 (small blind) collected (60)



PokerStars Hand #252775136575: Tournament #3808381219, $1.84+$0.16 USD Hold'em No Limit - Level II (15/30) - 2024/10/05 10:23:13 CET [2024/10/05 4:23:13 ET]
Table '3808381219 1' 3-max Seat #3 is the button
Seat 1: Mahu2021 (320 in chips) 
Seat 2: esoxd777 (267 in chips) 
Seat 3: Kayedee94 (913 in chips) 
Mahu2021: posts small blind 15
esoxd777: posts big blind 30
*** HOLE CARDS ***
Dealt to Mahu2021 [Qc 7s]
Kayedee94: calls 30
Mahu2021: calls 15
esoxd777: raises 237 to 267 and is all-in
Kayedee94: folds 
Mahu2021: folds 
Uncalled bet (237) returned to esoxd777
esoxd777 collected 90 from pot
esoxd777: doesn't show hand 
*** SUMMARY ***
Total pot 90 | Rake 0 
Seat 1: Mahu2021 (small blind) folded before Flop
Seat 2: esoxd777 (big blind) collected (90)
Seat 3: Kayedee94 (button) folded before Flop



PokerStars Hand #252775137568: Tournament #3808381219, $1.84+$0.16 USD Hold'em No Limit - Level II (15/30) - 2024/10/05 10:23:23 CET [2024/10/05 4:23:23 ET]
Table '3808381219 1' 3-max Seat #1 is the button
Seat 1: Mahu2021 (290 in chips) 
Seat 2: esoxd777 (327 in chips) 
Seat 3: Kayedee94 (883 in chips) 
esoxd777: posts small blind 15
Kayedee94: posts big blind 30
*** HOLE CARDS ***
Dealt to Mahu2021 [Jd 2s]
Mahu2021: folds 
esoxd777: folds 
Uncalled bet (15) returned to Kayedee94
Kayedee94 collected 30 from pot
*** SUMMARY ***
Total pot 30 | Rake 0 
Seat 1: Mahu2021 (button) folded before Flop (didn't bet)
Seat 2: esoxd777 (small blind) folded before Flop
Seat 3: Kayedee94 (big blind) collected (30)



PokerStars Hand #252775138210: Tournament #3808381219, $1.84+$0.16 USD Hold'em No Limit - Level II (15/30) - 2024/10/05 10:23:30 CET [2024/10/05 4:23:30 ET]
Table '3808381219 1' 3-max Seat #2 is the button
Seat 1: Mahu2021 (290 in chips) 
Seat 2: esoxd777 (312 in chips) 
Seat 3: Kayedee94 (898 in chips) 
Kayedee94: posts small blind 15
Mahu2021: posts big blind 30
*** HOLE CARDS ***
Dealt to Mahu2021 [8s 5c]
esoxd777: folds 
Kayedee94: calls 15
Mahu2021: checks 
*** FLOP *** [4h Ad 9c]
Kayedee94: bets 30
Mahu2021: folds 
Uncalled bet (30) returned to Kayedee94
Kayedee94 collected 60 from pot
*** SUMMARY ***
Total pot 60 | Rake 0 
Board [4h Ad 9c]
Seat 1: Mahu2021 (big blind) folded on the Flop
Seat 2: esoxd777 (button) folded before Flop (didn't bet)
Seat 3: Kayedee94 (small blind) collected (60)



PokerStars Hand #252775139032: Tournament #3808381219, $1.84+$0.16 USD Hold'em No Limit - Level II (15/30) - 2024/10/05 10:23:38 CET [2024/10/05 4:23:38 ET]
Table '3808381219 1' 3-max Seat #3 is the button
Seat 1: Mahu2021 (260 in chips) 
Seat 2: esoxd777 (312 in chips) 
Seat 3: Kayedee94 (928 in chips) 
Mahu2021: posts small blind 15
esoxd777: posts big blind 30
*** HOLE CARDS ***
Dealt to Mahu2021 [7c 9h]
Kayedee94: calls 30
Mahu2021: folds 
esoxd777: checks 
*** FLOP *** [Ac 6c Js]
esoxd777: checks 
Kayedee94: bets 30
esoxd777: folds 
Uncalled bet (30) returned to Kayedee94
Kayedee94 collected 75 from pot
*** SUMMARY ***
Total pot 75 | Rake 0 
Board [Ac 6c Js]
Seat 1: Mahu2021 (small blind) folded before Flop
Seat 2: esoxd777 (big blind) folded on the Flop
Seat 3: Kayedee94 (button) collected (75)



PokerStars Hand #252775139983: Tournament #3808381219, $1.84+$0.16 USD Hold'em No Limit - Level II (15/30) - 2024/10/05 10:23:47 CET [2024/10/05 4:23:47 ET]
Table '3808381219 1' 3-max Seat #1 is the button
Seat 1: Mahu2021 (245 in chips) 
Seat 2: esoxd777 (282 in chips) 
Seat 3: Kayedee94 (973 in chips) 
esoxd777: posts small blind 15
Kayedee94: posts big blind 30
*** HOLE CARDS ***
Dealt to Mahu2021 [2s 9d]
Mahu2021: folds 
esoxd777: raises 252 to 282 and is all-in
Kayedee94: folds 
Uncalled bet (252) returned to esoxd777
esoxd777 collected 60 from pot
esoxd777: doesn't show hand 
*** SUMMARY ***
Total pot 60 | Rake 0 
Seat 1: Mahu2021 (button) folded before Flop (didn't bet)
Seat 2: esoxd777 (small blind) collected (60)
Seat 3: Kayedee94 (big blind) folded before Flop



PokerStars Hand #252775140702: Tournament #3808381219, $1.84+$0.16 USD Hold'em No Limit - Level II (15/30) - 2024/10/05 10:23:54 CET [2024/10/05 4:23:54 ET]
Table '3808381219 1' 3-max Seat #2 is the button
Seat 1: Mahu2021 (245 in chips) 
Seat 2: esoxd777 (312 in chips) 
Seat 3: Kayedee94 (943 in chips) 
Kayedee94: posts small blind 15
Mahu2021: posts big blind 30
*** HOLE CARDS ***
Dealt to Mahu2021 [5c 8h]
esoxd777: folds 
Kayedee94: calls 15
Mahu2021: checks 
*** FLOP *** [2d 9d 7h]
Kayedee94: bets 30
Mahu2021: calls 30
*** TURN *** [2d 9d 7h] [7c]
Kayedee94: bets 30
Mahu2021: raises 155 to 185 and is all-in
Kayedee94: calls 155
*** RIVER *** [2d 9d 7h 7c] [2c]
*** SHOW DOWN ***
Kayedee94: shows [9h Th] (two pair, Nines and Sevens)
Mahu2021: shows [5c 8h] (two pair, Sevens and Deuces)
Kayedee94 collected 490 from pot
Mahu2021 finished the tournament in 3rd place
*** SUMMARY ***
Total pot 490 | Rake 0 
Board [2d 9d 7h 7c 2c]
Seat 1: Mahu2021 (big blind) showed [5c 8h] and lost with two pair, Sevens and Deuces
Seat 2: esoxd777 (button) folded before Flop (didn't bet)
Seat 3: Kayedee94 (small blind) showed [9h Th] and won (490) with two pair, Nines and Sevens



