PokerStars Zoom Hand #254688280603:  Hold'em No Limit ($0.05/$0.10) - 2025/02/03 17:26:31 CET [2025/02/03 11:26:31 ET]
Table 'Aludra' 6-max Seat #1 is the button
Seat 1: anderetsu ($10.78 in chips) 
Seat 2: youngmin5034 ($11.10 in chips) 
Seat 3: Mahu2021 ($10 in chips) 
Seat 4: snakesound ($20.09 in chips) 
Seat 5: Pipskiy ($15.20 in chips) 
Seat 6: aki52857 ($10.17 in chips) 
youngmin5034: posts small blind $0.05
Mahu2021: posts big blind $0.10
*** HOLE CARDS ***
Dealt to Mahu2021 [9d 7c]
snakesound: folds 
Pipskiy: folds 
aki52857: folds 
anderetsu: folds 
youngmin5034: raises $0.15 to $0.25
Mahu2021: folds 
Uncalled bet ($0.15) returned to youngmin5034
youngmin5034 collected $0.20 from pot
youngmin5034: doesn't show hand 
*** SUMMARY ***
Total pot $0.20 | Rake $0 
Seat 1: anderetsu (button) folded before Flop (didn't bet)
Seat 2: youngmin5034 (small blind) collected ($0.20)
Seat 3: Mahu2021 (big blind) folded before Flop
Seat 4: snakesound folded before Flop (didn't bet)
Seat 5: Pipskiy folded before Flop (didn't bet)
Seat 6: aki52857 folded before Flop (didn't bet)



PokerStars Zoom Hand #254688284197:  Hold'em No Limit ($0.05/$0.10) - 2025/02/03 17:26:47 CET [2025/02/03 11:26:47 ET]
Table 'Aludra' 6-max Seat #1 is the button
Seat 1: Tageponken ($1.53 in chips) 
Seat 2: Mahu2021 ($9.90 in chips) 
Seat 3: Whytek_Bear ($10.05 in chips) 
Seat 4: j0nb0b ($22.61 in chips) 
Seat 5: Pokkermastaa ($10.21 in chips) 
Seat 6: WolcharaAP ($7.27 in chips) 
Mahu2021: posts small blind $0.05
Whytek_Bear: posts big blind $0.10
*** HOLE CARDS ***
Dealt to Mahu2021 [Kh 4c]
j0nb0b: folds 
Pokkermastaa: folds 
WolcharaAP: raises $0.20 to $0.30
Tageponken: calls $0.30
Mahu2021: folds 
Whytek_Bear: calls $0.20
*** FLOP *** [8d 8s 2d]
Whytek_Bear: checks 
WolcharaAP: bets $0.50
Tageponken: raises $0.73 to $1.23 and is all-in
Whytek_Bear: folds 
WolcharaAP: calls $0.73
*** TURN *** [8d 8s 2d] [6s]
*** RIVER *** [8d 8s 2d 6s] [2s]
*** SHOW DOWN ***
WolcharaAP: shows [Qs Qc] (two pair, Queens and Eights)
Tageponken: shows [Qd Kd] (two pair, Eights and Deuces)
WolcharaAP collected $3.26 from pot
*** SUMMARY ***
Total pot $3.41 | Rake $0.15 
Board [8d 8s 2d 6s 2s]
Seat 1: Tageponken (button) showed [Qd Kd] and lost with two pair, Eights and Deuces
Seat 2: Mahu2021 (small blind) folded before Flop
Seat 3: Whytek_Bear (big blind) folded on the Flop
Seat 4: j0nb0b folded before Flop (didn't bet)
Seat 5: Pokkermastaa folded before Flop (didn't bet)
Seat 6: WolcharaAP showed [Qs Qc] and won ($3.26) with two pair, Queens and Eights



PokerStars Zoom Hand #254688285313:  Hold'em No Limit ($0.05/$0.10) - 2025/02/03 17:26:52 CET [2025/02/03 11:26:52 ET]
Table 'Aludra' 6-max Seat #1 is the button
Seat 1: Mahu2021 ($9.85 in chips) 
Seat 2: vovo4kapooh ($10.60 in chips) 
Seat 3: Yash1ch ($12.56 in chips) 
Seat 4: istvanBluff ($6.02 in chips) 
Seat 5: looser00091 ($10 in chips) 
Seat 6: alan87cg ($7.20 in chips) 
vovo4kapooh: posts small blind $0.05
Yash1ch: posts big blind $0.10
*** HOLE CARDS ***
Dealt to Mahu2021 [5c Ad]
istvanBluff: folds 
looser00091: folds 
alan87cg: raises $0.20 to $0.30
Mahu2021: calls $0.30
vovo4kapooh: folds 
Yash1ch: calls $0.20
*** FLOP *** [2s Qc 3d]
Yash1ch: checks 
alan87cg: bets $0.91
Mahu2021: folds 
Yash1ch: calls $0.91
*** TURN *** [2s Qc 3d] [Ks]
Yash1ch: checks 
alan87cg: checks 
*** RIVER *** [2s Qc 3d Ks] [Kc]
Yash1ch: bets $0.93
alan87cg: calls $0.93
*** SHOW DOWN ***
Yash1ch: shows [Qs 4d] (two pair, Kings and Queens)
alan87cg: shows [6h Qh] (two pair, Kings and Queens - Six kicker)
alan87cg collected $4.42 from pot
*** SUMMARY ***
Total pot $4.63 | Rake $0.21 
Board [2s Qc 3d Ks Kc]
Seat 1: Mahu2021 (button) folded on the Flop
Seat 2: vovo4kapooh (small blind) folded before Flop
Seat 3: Yash1ch (big blind) showed [Qs 4d] and lost with two pair, Kings and Queens
Seat 4: istvanBluff folded before Flop (didn't bet)
Seat 5: looser00091 folded before Flop (didn't bet)
Seat 6: alan87cg showed [6h Qh] and won ($4.42) with two pair, Kings and Queens



PokerStars Zoom Hand #254688291451:  Hold'em No Limit ($0.05/$0.10) - 2025/02/03 17:27:19 CET [2025/02/03 11:27:19 ET]
Table 'Aludra' 6-max Seat #1 is the button
Seat 1: nDoelAidFme ($13.44 in chips) 
Seat 2: beglorified ($12.16 in chips) 
Seat 3: SEM_001 ($12.22 in chips) 
Seat 4: Zeppelin8686 ($11.07 in chips) 
Seat 5: IcePoker65 ($10.51 in chips) 
Seat 6: Mahu2021 ($9.55 in chips) 
beglorified: posts small blind $0.05
SEM_001: posts big blind $0.10
*** HOLE CARDS ***
Dealt to Mahu2021 [As 9c]
Zeppelin8686: folds 
IcePoker65: folds 
Mahu2021: raises $0.14 to $0.24
nDoelAidFme: raises $0.48 to $0.72
beglorified: folds 
SEM_001: folds 
Mahu2021: folds 
Uncalled bet ($0.48) returned to nDoelAidFme
nDoelAidFme collected $0.63 from pot
nDoelAidFme: doesn't show hand 
*** SUMMARY ***
Total pot $0.63 | Rake $0 
Seat 1: nDoelAidFme (button) collected ($0.63)
Seat 2: beglorified (small blind) folded before Flop
Seat 3: SEM_001 (big blind) folded before Flop
Seat 4: Zeppelin8686 folded before Flop (didn't bet)
Seat 5: IcePoker65 folded before Flop (didn't bet)
Seat 6: Mahu2021 folded before Flop



PokerStars Zoom Hand #254688296714:  Hold'em No Limit ($0.05/$0.10) - 2025/02/03 17:27:43 CET [2025/02/03 11:27:43 ET]
Table 'Aludra' 6-max Seat #1 is the button
Seat 1: MG_BEAST/666 ($41.40 in chips) 
Seat 2: Julian125 ($19.25 in chips) 
Seat 3: CockneySpara ($10 in chips) 
Seat 4: Pipskiy ($10.82 in chips) 
Seat 5: Mahu2021 ($9.31 in chips) 
Seat 6: don caco 10 ($11.61 in chips) 
Julian125: posts small blind $0.05
CockneySpara: posts big blind $0.10
*** HOLE CARDS ***
Dealt to Mahu2021 [6c 7d]
Pipskiy: folds 
Mahu2021: folds 
don caco 10: folds 
MG_BEAST/666: folds 
Julian125: folds 
Uncalled bet ($0.05) returned to CockneySpara
CockneySpara collected $0.10 from pot
CockneySpara: doesn't show hand 
*** SUMMARY ***
Total pot $0.10 | Rake $0 
Seat 1: MG_BEAST/666 (button) folded before Flop (didn't bet)
Seat 2: Julian125 (small blind) folded before Flop
Seat 3: CockneySpara (big blind) collected ($0.10)
Seat 4: Pipskiy folded before Flop (didn't bet)
Seat 5: Mahu2021 folded before Flop (didn't bet)
Seat 6: don caco 10 folded before Flop (didn't bet)



PokerStars Zoom Hand #254688297543:  Hold'em No Limit ($0.05/$0.10) - 2025/02/03 17:27:47 CET [2025/02/03 11:27:47 ET]
Table 'Aludra' 6-max Seat #1 is the button
Seat 1: SolitaryDan ($6.05 in chips) 
Seat 2: Julian125 ($20.32 in chips) 
Seat 3: edi758 ($4.60 in chips) 
Seat 4: sestovschi ($22.84 in chips) 
Seat 5: Mahu2021 ($9.31 in chips) 
Seat 6: padrecico ($10.15 in chips) 
Julian125: posts small blind $0.05
edi758: posts big blind $0.10
*** HOLE CARDS ***
Dealt to Mahu2021 [Ad Ts]
sestovschi: raises $0.10 to $0.20
Mahu2021: calls $0.20
padrecico: folds 
SolitaryDan: folds 
Julian125: calls $0.15
edi758: folds 
*** FLOP *** [5s 3s 6s]
Julian125: checks 
sestovschi: bets $0.20
Mahu2021: calls $0.20
Julian125: calls $0.20
*** TURN *** [5s 3s 6s] [8h]
Julian125: checks 
sestovschi: checks 
Mahu2021: checks 
*** RIVER *** [5s 3s 6s 8h] [As]
Julian125: checks 
sestovschi: bets $0.40
Mahu2021: calls $0.40
Julian125: folds 
*** SHOW DOWN ***
sestovschi: shows [5d Ah] (two pair, Aces and Fives)
Mahu2021: shows [Ad Ts] (a flush, Ace high)
Mahu2021 collected $2.01 from pot
*** SUMMARY ***
Total pot $2.10 | Rake $0.09 
Board [5s 3s 6s 8h As]
Seat 1: SolitaryDan (button) folded before Flop (didn't bet)
Seat 2: Julian125 (small blind) folded on the River
Seat 3: edi758 (big blind) folded before Flop
Seat 4: sestovschi showed [5d Ah] and lost with two pair, Aces and Fives
Seat 5: Mahu2021 showed [Ad Ts] and won ($2.01) with a flush, Ace high
Seat 6: padrecico folded before Flop (didn't bet)



PokerStars Zoom Hand #254688309389:  Hold'em No Limit ($0.05/$0.10) - 2025/02/03 17:28:40 CET [2025/02/03 11:28:40 ET]
Table 'Aludra' 6-max Seat #1 is the button
Seat 1: nerd90481 ($12.67 in chips) 
Seat 2: looser00091 ($11.22 in chips) 
Seat 3: Mahu2021 ($10.52 in chips) 
Seat 4: adamfrick ($5.33 in chips) 
Seat 5: sestovschi ($22.04 in chips) 
Seat 6: Teixeira7192 ($6.73 in chips) 
looser00091: posts small blind $0.05
Mahu2021: posts big blind $0.10
*** HOLE CARDS ***
Dealt to Mahu2021 [4c 5h]
adamfrick is disconnected 
adamfrick has timed out while disconnected
adamfrick: folds 
sestovschi: raises $0.10 to $0.20
Teixeira7192: folds 
nerd90481: folds 
looser00091: raises $0.80 to $1
Mahu2021: folds 
sestovschi: folds 
Uncalled bet ($0.80) returned to looser00091
looser00091 collected $0.50 from pot
looser00091: doesn't show hand 
*** SUMMARY ***
Total pot $0.50 | Rake $0 
Seat 1: nerd90481 (button) folded before Flop (didn't bet)
Seat 2: looser00091 (small blind) collected ($0.50)
Seat 3: Mahu2021 (big blind) folded before Flop
Seat 4: adamfrick folded before Flop (didn't bet)
Seat 5: sestovschi folded before Flop
Seat 6: Teixeira7192 folded before Flop (didn't bet)



PokerStars Zoom Hand #254688315583:  Hold'em No Limit ($0.05/$0.10) - 2025/02/03 17:29:08 CET [2025/02/03 11:29:08 ET]
Table 'Aludra' 6-max Seat #1 is the button
Seat 1: Mahu2021 ($10.37 in chips) 
Seat 2: paulgttdi ($33.64 in chips) 
Seat 3: daisuke.ars ($11.42 in chips) 
Seat 4: Whytek_Bear ($10 in chips) 
Seat 5: Alejandro85s ($12.81 in chips) 
Seat 6: youngmin5034 ($10 in chips) 
paulgttdi: posts small blind $0.05
daisuke.ars: posts big blind $0.10
*** HOLE CARDS ***
Dealt to Mahu2021 [2s Jd]
Whytek_Bear: folds 
Alejandro85s: folds 
youngmin5034: folds 
Mahu2021: folds 
paulgttdi: folds 
Uncalled bet ($0.05) returned to daisuke.ars
daisuke.ars collected $0.10 from pot
daisuke.ars: doesn't show hand 
*** SUMMARY ***
Total pot $0.10 | Rake $0 
Seat 1: Mahu2021 (button) folded before Flop (didn't bet)
Seat 2: paulgttdi (small blind) folded before Flop
Seat 3: daisuke.ars (big blind) collected ($0.10)
Seat 4: Whytek_Bear folded before Flop (didn't bet)
Seat 5: Alejandro85s folded before Flop (didn't bet)
Seat 6: youngmin5034 folded before Flop (didn't bet)



PokerStars Zoom Hand #254688312937:  Hold'em No Limit ($0.05/$0.10) - 2025/02/03 17:28:56 CET [2025/02/03 11:28:56 ET]
Table 'Aludra' 6-max Seat #1 is the button
Seat 1: youngmin5034 ($12.80 in chips) 
Seat 2: thanson17 ($5.35 in chips) 
Seat 3: Contr@Reloj ($10 in chips) 
Seat 4: Danielitoosk ($12.18 in chips) 
Seat 5: dragonlanc32 ($12.19 in chips) 
Seat 6: Mahu2021 ($10.42 in chips) 
thanson17: posts small blind $0.05
Contr@Reloj: posts big blind $0.10
*** HOLE CARDS ***
Dealt to Mahu2021 [6d 7s]
Danielitoosk: raises $0.10 to $0.20
dragonlanc32: folds 
Mahu2021: folds 
youngmin5034: folds 
thanson17: folds 
Contr@Reloj: folds 
Uncalled bet ($0.10) returned to Danielitoosk
Danielitoosk collected $0.25 from pot
Danielitoosk: doesn't show hand 
*** SUMMARY ***
Total pot $0.25 | Rake $0 
Seat 1: youngmin5034 (button) folded before Flop (didn't bet)
Seat 2: thanson17 (small blind) folded before Flop
Seat 3: Contr@Reloj (big blind) folded before Flop
Seat 4: Danielitoosk collected ($0.25)
Seat 5: dragonlanc32 folded before Flop (didn't bet)
Seat 6: Mahu2021 folded before Flop (didn't bet)



PokerStars Zoom Hand #254688314693:  Hold'em No Limit ($0.05/$0.10) - 2025/02/03 17:29:04 CET [2025/02/03 11:29:04 ET]
Table 'Aludra' 6-max Seat #1 is the button
Seat 1: esesaz ($4.74 in chips) 
Seat 2: lewisweight ($10.45 in chips) 
Seat 3: ParamonQQ ($11.25 in chips) 
Seat 4: Mahu2021 ($10.37 in chips) 
Seat 5: Tema_Guz ($28.55 in chips) 
Seat 6: don caco 10 ($11.46 in chips) 
lewisweight: posts small blind $0.05
ParamonQQ: posts big blind $0.10
*** HOLE CARDS ***
Dealt to Mahu2021 [Th 6s]
Mahu2021: folds 
Tema_Guz: folds 
don caco 10: folds 
esesaz: raises $0.20 to $0.30
lewisweight: folds 
ParamonQQ: folds 
Uncalled bet ($0.20) returned to esesaz
esesaz collected $0.25 from pot
esesaz: doesn't show hand 
*** SUMMARY ***
Total pot $0.25 | Rake $0 
Seat 1: esesaz (button) collected ($0.25)
Seat 2: lewisweight (small blind) folded before Flop
Seat 3: ParamonQQ (big blind) folded before Flop
Seat 4: Mahu2021 folded before Flop (didn't bet)
Seat 5: Tema_Guz folded before Flop (didn't bet)
Seat 6: don caco 10 folded before Flop (didn't bet)



PokerStars Zoom Hand #254688313831:  Hold'em No Limit ($0.05/$0.10) - 2025/02/03 17:29:00 CET [2025/02/03 11:29:00 ET]
Table 'Aludra' 6-max Seat #1 is the button
Seat 1: J_Sweatshirt ($10 in chips) 
Seat 2: Mahu2021 ($10.42 in chips) 
Seat 3: genmaitya ($10.78 in chips) 
Seat 4: ProjectPokerPro ($10.61 in chips) 
Seat 5: ParamonQQ ($11.25 in chips) 
Seat 6: andreuler ($10.15 in chips) 
Mahu2021: posts small blind $0.05
genmaitya: posts big blind $0.10
*** HOLE CARDS ***
Dealt to Mahu2021 [Js 4s]
ProjectPokerPro: folds 
ParamonQQ: folds 
andreuler: raises $0.25 to $0.35
J_Sweatshirt: calls $0.35
Mahu2021: folds 
genmaitya: folds 
*** FLOP *** [3h 2c Qc]
andreuler: bets $0.27
J_Sweatshirt: folds 
Uncalled bet ($0.27) returned to andreuler
andreuler collected $0.81 from pot
andreuler: doesn't show hand 
*** SUMMARY ***
Total pot $0.85 | Rake $0.04 
Board [3h 2c Qc]
Seat 1: J_Sweatshirt (button) folded on the Flop
Seat 2: Mahu2021 (small blind) folded before Flop
Seat 3: genmaitya (big blind) folded before Flop
Seat 4: ProjectPokerPro folded before Flop (didn't bet)
Seat 5: ParamonQQ folded before Flop (didn't bet)
Seat 6: andreuler collected ($0.81)



PokerStars Zoom Hand #254688317127:  Hold'em No Limit ($0.05/$0.10) - 2025/02/03 17:29:15 CET [2025/02/03 11:29:15 ET]
Table 'Aludra' 6-max Seat #1 is the button
Seat 1: paulgttdi ($33.59 in chips) 
Seat 2: vovo4kapooh ($12.96 in chips) 
Seat 3: Mahu2021 ($10.37 in chips) 
Seat 4: nerd90481 ($12.37 in chips) 
Seat 5: beatelonn ($10.45 in chips) 
Seat 6: Teixeira7192 ($6.58 in chips) 
vovo4kapooh: posts small blind $0.05
Mahu2021: posts big blind $0.10
*** HOLE CARDS ***
Dealt to Mahu2021 [4c Td]
nerd90481: folds 
beatelonn: raises $0.20 to $0.30
Teixeira7192: folds 
paulgttdi: calls $0.30
vovo4kapooh: raises $1.10 to $1.40
Mahu2021: folds 
beatelonn: raises $3.20 to $4.60
paulgttdi: folds 
vovo4kapooh: folds 
Uncalled bet ($3.20) returned to beatelonn
beatelonn collected $3.20 from pot
beatelonn: doesn't show hand 
*** SUMMARY ***
Total pot $3.20 | Rake $0 
Seat 1: paulgttdi (button) folded before Flop
Seat 2: vovo4kapooh (small blind) folded before Flop
Seat 3: Mahu2021 (big blind) folded before Flop
Seat 4: nerd90481 folded before Flop (didn't bet)
Seat 5: beatelonn collected ($3.20)
Seat 6: Teixeira7192 folded before Flop (didn't bet)



PokerStars Zoom Hand #254688318536:  Hold'em No Limit ($0.05/$0.10) - 2025/02/03 17:29:22 CET [2025/02/03 11:29:22 ET]
Table 'Aludra' 6-max Seat #1 is the button
Seat 1: looser00091 ($10.30 in chips) 
Seat 2: Mahu2021 ($10.27 in chips) 
Seat 3: Whytek_Bear ($11.05 in chips) 
Seat 4: lewisweight ($10.40 in chips) 
Seat 5: Julian125 ($19.05 in chips) 
Seat 6: ratchadan ($13.27 in chips) 
Mahu2021: posts small blind $0.05
Whytek_Bear: posts big blind $0.10
*** HOLE CARDS ***
Dealt to Mahu2021 [8c 8s]
lewisweight: raises $0.20 to $0.30
Julian125: folds 
ratchadan: folds 
looser00091: folds 
Mahu2021: calls $0.25
Whytek_Bear: folds 
*** FLOP *** [Ah 4c Qd]
Mahu2021: checks 
lewisweight: checks 
*** TURN *** [Ah 4c Qd] [9h]
Mahu2021: checks 
lewisweight: bets $0.34
Mahu2021: folds 
Uncalled bet ($0.34) returned to lewisweight
lewisweight collected $0.67 from pot
lewisweight: doesn't show hand 
*** SUMMARY ***
Total pot $0.70 | Rake $0.03 
Board [Ah 4c Qd 9h]
Seat 1: looser00091 (button) folded before Flop (didn't bet)
Seat 2: Mahu2021 (small blind) folded on the Turn
Seat 3: Whytek_Bear (big blind) folded before Flop
Seat 4: lewisweight collected ($0.67)
Seat 5: Julian125 folded before Flop (didn't bet)
Seat 6: ratchadan folded before Flop (didn't bet)



PokerStars Zoom Hand #254688324824:  Hold'em No Limit ($0.05/$0.10) - 2025/02/03 17:29:50 CET [2025/02/03 11:29:50 ET]
Table 'Aludra' 6-max Seat #1 is the button
Seat 1: Mahu2021 ($9.97 in chips) 
Seat 2: chepesextape ($5.96 in chips) 
Seat 3: Whytek_Bear ($10.90 in chips) 
Seat 4: Claudios122 ($20.09 in chips) 
Seat 5: MG_BEAST/666 ($43.48 in chips) 
Seat 6: beatelonn ($12.25 in chips) 
chepesextape: posts small blind $0.05
Whytek_Bear: posts big blind $0.10
*** HOLE CARDS ***
Dealt to Mahu2021 [2h Js]
Claudios122: folds 
MG_BEAST/666: folds 
beatelonn: folds 
Mahu2021: folds 
chepesextape: folds 
Uncalled bet ($0.05) returned to Whytek_Bear
Whytek_Bear collected $0.10 from pot
Whytek_Bear: doesn't show hand 
*** SUMMARY ***
Total pot $0.10 | Rake $0 
Seat 1: Mahu2021 (button) folded before Flop (didn't bet)
Seat 2: chepesextape (small blind) folded before Flop
Seat 3: Whytek_Bear (big blind) collected ($0.10)
Seat 4: Claudios122 folded before Flop (didn't bet)
Seat 5: MG_BEAST/666 folded before Flop (didn't bet)
Seat 6: beatelonn folded before Flop (didn't bet)



PokerStars Zoom Hand #254688316216:  Hold'em No Limit ($0.05/$0.10) - 2025/02/03 17:29:11 CET [2025/02/03 11:29:11 ET]
Table 'Aludra' 6-max Seat #1 is the button
Seat 1: snakesound ($13.02 in chips) 
Seat 2: tonyspl1 ($11.15 in chips) 
Seat 3: nDoelAidFme ($20.18 in chips) 
Seat 4: ValenFer777 ($23.23 in chips) 
Seat 5: lewisweight ($10.40 in chips) 
Seat 6: Mahu2021 ($10.37 in chips) 
tonyspl1: posts small blind $0.05
nDoelAidFme: posts big blind $0.10
*** HOLE CARDS ***
Dealt to Mahu2021 [9h 7s]
ValenFer777: raises $0.14 to $0.24
lewisweight: folds 
Mahu2021: folds 
snakesound: raises $0.63 to $0.87
tonyspl1: calls $0.82
nDoelAidFme: folds 
ValenFer777: calls $0.63
*** FLOP *** [Kc Ks 5c]
tonyspl1: checks 
ValenFer777: checks 
snakesound: checks 
*** TURN *** [Kc Ks 5c] [Tc]
tonyspl1: bets $0.85
ValenFer777: calls $0.85
snakesound: raises $1.54 to $2.39
tonyspl1: folds 
ValenFer777: raises $19.97 to $22.36 and is all-in
snakesound: calls $9.76 and is all-in
Uncalled bet ($10.21) returned to ValenFer777
*** RIVER *** [Kc Ks 5c Tc] [7c]
*** SHOW DOWN ***
ValenFer777: shows [Ts Th] (a full house, Tens full of Kings)
snakesound: shows [Ac Qc] (a flush, Ace high)
ValenFer777 collected $26.61 from pot
*** SUMMARY ***
Total pot $27.86 | Rake $1.25 
Board [Kc Ks 5c Tc 7c]
Seat 1: snakesound (button) showed [Ac Qc] and lost with a flush, Ace high
Seat 2: tonyspl1 (small blind) folded on the Turn
Seat 3: nDoelAidFme (big blind) folded before Flop
Seat 4: ValenFer777 showed [Ts Th] and won ($26.61) with a full house, Tens full of Kings
Seat 5: lewisweight folded before Flop (didn't bet)
Seat 6: Mahu2021 folded before Flop (didn't bet)



PokerStars Zoom Hand #254688325983:  Hold'em No Limit ($0.05/$0.10) - 2025/02/03 17:29:54 CET [2025/02/03 11:29:54 ET]
Table 'Aludra' 6-max Seat #1 is the button
Seat 1: AceWise ($11.69 in chips) 
Seat 2: edi758 ($29.47 in chips) 
Seat 3: chepesextape ($5.91 in chips) 
Seat 4: beatelonn ($12.25 in chips) 
Seat 5: Mahu2021 ($9.97 in chips) 
Seat 6: Julian125 ($10.05 in chips) 
edi758: posts small blind $0.05
chepesextape: posts big blind $0.10
*** HOLE CARDS ***
Dealt to Mahu2021 [5h 9s]
beatelonn: raises $0.10 to $0.20
Mahu2021: folds 
Julian125: folds 
AceWise: folds 
edi758: calls $0.15
chepesextape: raises $0.60 to $0.80
beatelonn: calls $0.60
edi758: folds 
*** FLOP *** [6c Qs 6d]
chepesextape: bets $0.57
beatelonn: folds 
Uncalled bet ($0.57) returned to chepesextape
chepesextape collected $1.72 from pot
chepesextape: doesn't show hand 
*** SUMMARY ***
Total pot $1.80 | Rake $0.08 
Board [6c Qs 6d]
Seat 1: AceWise (button) folded before Flop (didn't bet)
Seat 2: edi758 (small blind) folded before Flop
Seat 3: chepesextape (big blind) collected ($1.72)
Seat 4: beatelonn folded on the Flop
Seat 5: Mahu2021 folded before Flop (didn't bet)
Seat 6: Julian125 folded before Flop (didn't bet)



PokerStars Zoom Hand #254688327102:  Hold'em No Limit ($0.05/$0.10) - 2025/02/03 17:29:59 CET [2025/02/03 11:29:59 ET]
Table 'Aludra' 6-max Seat #1 is the button
Seat 1: Pokkermastaa ($10 in chips) 
Seat 2: szef93 ($10 in chips) 
Seat 3: nDoelAidFme ($13.93 in chips) 
Seat 4: Mahu2021 ($9.97 in chips) 
Seat 5: Tema_Guz ($25.14 in chips) 
Seat 6: vovo4kapooh ($10 in chips) 
szef93: posts small blind $0.05
nDoelAidFme: posts big blind $0.10
*** HOLE CARDS ***
Dealt to Mahu2021 [Ac Jh]
Mahu2021: raises $0.14 to $0.24
Tema_Guz: folds 
vovo4kapooh: folds 
Pokkermastaa: folds 
szef93: folds 
nDoelAidFme: folds 
Uncalled bet ($0.14) returned to Mahu2021
Mahu2021 collected $0.25 from pot
Mahu2021: doesn't show hand 
*** SUMMARY ***
Total pot $0.25 | Rake $0 
Seat 1: Pokkermastaa (button) folded before Flop (didn't bet)
Seat 2: szef93 (small blind) folded before Flop
Seat 3: nDoelAidFme (big blind) folded before Flop
Seat 4: Mahu2021 collected ($0.25)
Seat 5: Tema_Guz folded before Flop (didn't bet)
Seat 6: vovo4kapooh folded before Flop (didn't bet)



PokerStars Zoom Hand #254688332477:  Hold'em No Limit ($0.05/$0.10) - 2025/02/03 17:30:24 CET [2025/02/03 11:30:24 ET]
Table 'Aludra' 6-max Seat #1 is the button
Seat 1: v4valter88 ($9.90 in chips) 
Seat 2: Roanoke888 ($10.61 in chips) 
Seat 3: DanC996 ($10 in chips) 
Seat 4: ProjectPokerPro ($10.39 in chips) 
Seat 5: j0nb0b ($11.25 in chips) 
Seat 6: Mahu2021 ($10.12 in chips) 
Roanoke888: posts small blind $0.05
DanC996: posts big blind $0.10
*** HOLE CARDS ***
Dealt to Mahu2021 [6c Kd]
ProjectPokerPro: folds 
j0nb0b: folds 
Mahu2021: folds 
v4valter88: raises $0.13 to $0.23
Roanoke888: folds 
DanC996: raises $0.51 to $0.74
v4valter88: calls $0.51
*** FLOP *** [Kh 8c 5h]
DanC996: bets $1.10
v4valter88: folds 
Uncalled bet ($1.10) returned to DanC996
DanC996 collected $1.46 from pot
DanC996: doesn't show hand 
*** SUMMARY ***
Total pot $1.53 | Rake $0.07 
Board [Kh 8c 5h]
Seat 1: v4valter88 (button) folded on the Flop
Seat 2: Roanoke888 (small blind) folded before Flop
Seat 3: DanC996 (big blind) collected ($1.46)
Seat 4: ProjectPokerPro folded before Flop (didn't bet)
Seat 5: j0nb0b folded before Flop (didn't bet)
Seat 6: Mahu2021 folded before Flop (didn't bet)



PokerStars Zoom Hand #254688333368:  Hold'em No Limit ($0.05/$0.10) - 2025/02/03 17:30:28 CET [2025/02/03 11:30:28 ET]
Table 'Aludra' 6-max Seat #1 is the button
Seat 1: Mahu2021 ($10.12 in chips) 
Seat 2: chepesextape ($6.83 in chips) 
Seat 3: ValenFer777 ($36.77 in chips) 
Seat 4: snakesound ($11.24 in chips) 
Seat 5: royacht ($5.59 in chips) 
Seat 6: andreuler ($11.73 in chips) 
chepesextape: posts small blind $0.05
ValenFer777: posts big blind $0.10
*** HOLE CARDS ***
Dealt to Mahu2021 [Ts Td]
snakesound: folds 
royacht: raises $0.10 to $0.20
andreuler: folds 
Mahu2021: calls $0.20
chepesextape: folds 
ValenFer777: calls $0.10
*** FLOP *** [9s Ac 7s]
ValenFer777: checks 
royacht: checks 
Mahu2021: checks 
*** TURN *** [9s Ac 7s] [9d]
ValenFer777: bets $0.62
royacht: folds 
Mahu2021: folds 
Uncalled bet ($0.62) returned to ValenFer777
ValenFer777 collected $0.62 from pot
ValenFer777: doesn't show hand 
*** SUMMARY ***
Total pot $0.65 | Rake $0.03 
Board [9s Ac 7s 9d]
Seat 1: Mahu2021 (button) folded on the Turn
Seat 2: chepesextape (small blind) folded before Flop
Seat 3: ValenFer777 (big blind) collected ($0.62)
Seat 4: snakesound folded before Flop (didn't bet)
Seat 5: royacht folded on the Turn
Seat 6: andreuler folded before Flop (didn't bet)



PokerStars Zoom Hand #254688338415:  Hold'em No Limit ($0.05/$0.10) - 2025/02/03 17:30:51 CET [2025/02/03 11:30:51 ET]
Table 'Aludra' 6-max Seat #1 is the button
Seat 1: Whytek_Bear ($11.22 in chips) 
Seat 2: Fataliti1987 ($16.09 in chips) 
Seat 3: Mahu2021 ($9.92 in chips) 
Seat 4: timoti777386 ($10.75 in chips) 
Seat 5: padrecico ($10 in chips) 
Seat 6: anderetsu ($11.23 in chips) 
Fataliti1987: posts small blind $0.05
Mahu2021: posts big blind $0.10
*** HOLE CARDS ***
Dealt to Mahu2021 [Td Kd]
timoti777386: folds 
padrecico: raises $0.25 to $0.35
anderetsu: folds 
Whytek_Bear: calls $0.35
Fataliti1987: folds 
Mahu2021: calls $0.25
*** FLOP *** [8d 3d 5h]
Mahu2021: checks 
padrecico: checks 
Whytek_Bear: checks 
*** TURN *** [8d 3d 5h] [Ah]
Mahu2021: checks 
padrecico: bets $0.53
Whytek_Bear: folds 
Mahu2021: calls $0.53
*** RIVER *** [8d 3d 5h Ah] [5d]
Mahu2021: checks 
padrecico: checks 
*** SHOW DOWN ***
Mahu2021: shows [Td Kd] (a flush, King high)
padrecico: mucks hand 
Mahu2021 collected $2.06 from pot
*** SUMMARY ***
Total pot $2.16 | Rake $0.10 
Board [8d 3d 5h Ah 5d]
Seat 1: Whytek_Bear (button) folded on the Turn
Seat 2: Fataliti1987 (small blind) folded before Flop
Seat 3: Mahu2021 (big blind) showed [Td Kd] and won ($2.06) with a flush, King high
Seat 4: timoti777386 folded before Flop (didn't bet)
Seat 5: padrecico mucked [Qh As]
Seat 6: anderetsu folded before Flop (didn't bet)



PokerStars Zoom Hand #254688349089:  Hold'em No Limit ($0.05/$0.10) - 2025/02/03 17:31:38 CET [2025/02/03 11:31:38 ET]
Table 'Aludra' 6-max Seat #1 is the button
Seat 1: Claudios122 ($18.70 in chips) 
Seat 2: ksjhs4207 ($9.96 in chips) 
Seat 3: km1883 ($10.15 in chips) 
Seat 4: J_Sweatshirt ($10.10 in chips) 
Seat 5: Mahu2021 ($11.05 in chips) 
Seat 6: Julian125 ($13.46 in chips) 
ksjhs4207: posts small blind $0.05
km1883: posts big blind $0.10
*** HOLE CARDS ***
Dealt to Mahu2021 [2h Jd]
J_Sweatshirt: raises $0.16 to $0.26
Mahu2021: folds 
Julian125: folds 
Claudios122: folds 
ksjhs4207: folds 
km1883: folds 
Uncalled bet ($0.16) returned to J_Sweatshirt
J_Sweatshirt collected $0.25 from pot
J_Sweatshirt: doesn't show hand 
*** SUMMARY ***
Total pot $0.25 | Rake $0 
Seat 1: Claudios122 (button) folded before Flop (didn't bet)
Seat 2: ksjhs4207 (small blind) folded before Flop
Seat 3: km1883 (big blind) folded before Flop
Seat 4: J_Sweatshirt collected ($0.25)
Seat 5: Mahu2021 folded before Flop (didn't bet)
Seat 6: Julian125 folded before Flop (didn't bet)



PokerStars Zoom Hand #254688349838:  Hold'em No Limit ($0.05/$0.10) - 2025/02/03 17:31:42 CET [2025/02/03 11:31:42 ET]
Table 'Aludra' 6-max Seat #1 is the button
Seat 1: vovo4kapooh ($11.74 in chips) 
Seat 2: lewisweight ($10.82 in chips) 
Seat 3: AlteDame1892 ($11.87 in chips) 
Seat 4: Mahu2021 ($11.05 in chips) 
Seat 5: Whytek_Bear ($10 in chips) 
Seat 6: Pokkermastaa ($10 in chips) 
lewisweight: posts small blind $0.05
AlteDame1892: posts big blind $0.10
*** HOLE CARDS ***
Dealt to Mahu2021 [Ks Td]
Mahu2021: raises $0.14 to $0.24
Whytek_Bear: folds 
Pokkermastaa: folds 
vovo4kapooh: folds 
lewisweight: folds 
AlteDame1892: folds 
Uncalled bet ($0.14) returned to Mahu2021
Mahu2021 collected $0.25 from pot
Mahu2021: doesn't show hand 
*** SUMMARY ***
Total pot $0.25 | Rake $0 
Seat 1: vovo4kapooh (button) folded before Flop (didn't bet)
Seat 2: lewisweight (small blind) folded before Flop
Seat 3: AlteDame1892 (big blind) folded before Flop
Seat 4: Mahu2021 collected ($0.25)
Seat 5: Whytek_Bear folded before Flop (didn't bet)
Seat 6: Pokkermastaa folded before Flop (didn't bet)



PokerStars Zoom Hand #254688345929:  Hold'em No Limit ($0.05/$0.10) - 2025/02/03 17:31:24 CET [2025/02/03 11:31:24 ET]
Table 'Aludra' 6-max Seat #1 is the button
Seat 1: edi758 ($26.97 in chips) 
Seat 2: Mahu2021 ($11.10 in chips) 
Seat 3: Arg3ntum1337 ($10.55 in chips) 
Seat 4: Tema_Guz ($25.14 in chips) 
Seat 5: vercyn ($10.26 in chips) 
Seat 6: Whytek_Bear ($10.77 in chips) 
Mahu2021: posts small blind $0.05
Arg3ntum1337: posts big blind $0.10
*** HOLE CARDS ***
Dealt to Mahu2021 [6h 2h]
Tema_Guz: raises $0.15 to $0.25
vercyn: raises $0.50 to $0.75
Whytek_Bear: folds 
edi758: folds 
Mahu2021: folds 
Arg3ntum1337: raises $1.15 to $1.90
Tema_Guz: folds 
vercyn: folds 
Uncalled bet ($1.15) returned to Arg3ntum1337
Arg3ntum1337 collected $1.80 from pot
Arg3ntum1337: doesn't show hand 
*** SUMMARY ***
Total pot $1.80 | Rake $0 
Seat 1: edi758 (button) folded before Flop (didn't bet)
Seat 2: Mahu2021 (small blind) folded before Flop
Seat 3: Arg3ntum1337 (big blind) collected ($1.80)
Seat 4: Tema_Guz folded before Flop
Seat 5: vercyn folded before Flop
Seat 6: Whytek_Bear folded before Flop (didn't bet)



PokerStars Zoom Hand #254688354600:  Hold'em No Limit ($0.05/$0.10) - 2025/02/03 17:32:02 CET [2025/02/03 11:32:02 ET]
Table 'Aludra' 6-max Seat #1 is the button
Seat 1: Whytek_Bear ($11.96 in chips) 
Seat 2: vovo4ka318 ($10.35 in chips) 
Seat 3: paulgttdi ($34.42 in chips) 
Seat 4: kiklopslo ($10.27 in chips) 
Seat 5: Mahu2021 ($11.20 in chips) 
Seat 6: Donika635 ($16.03 in chips) 
vovo4ka318: posts small blind $0.05
paulgttdi: posts big blind $0.10
*** HOLE CARDS ***
Dealt to Mahu2021 [8h Th]
kiklopslo: folds 
Mahu2021: raises $0.14 to $0.24
Donika635: folds 
Whytek_Bear: folds 
vovo4ka318: folds 
paulgttdi: calls $0.14
*** FLOP *** [4h 7s Ts]
paulgttdi: checks 
Mahu2021: bets $0.20
paulgttdi: calls $0.20
*** TURN *** [4h 7s Ts] [6c]
paulgttdi: checks 
Mahu2021: bets $0.20
paulgttdi: calls $0.20
*** RIVER *** [4h 7s Ts 6c] [2h]
paulgttdi: checks 
Mahu2021: checks 
*** SHOW DOWN ***
paulgttdi: shows [8c 7d] (a pair of Sevens)
Mahu2021: shows [8h Th] (a pair of Tens)
Mahu2021 collected $1.27 from pot
*** SUMMARY ***
Total pot $1.33 | Rake $0.06 
Board [4h 7s Ts 6c 2h]
Seat 1: Whytek_Bear (button) folded before Flop (didn't bet)
Seat 2: vovo4ka318 (small blind) folded before Flop
Seat 3: paulgttdi (big blind) showed [8c 7d] and lost with a pair of Sevens
Seat 4: kiklopslo folded before Flop (didn't bet)
Seat 5: Mahu2021 showed [8h Th] and won ($1.27) with a pair of Tens
Seat 6: Donika635 folded before Flop (didn't bet)



PokerStars Zoom Hand #254688360767:  Hold'em No Limit ($0.05/$0.10) - 2025/02/03 17:32:29 CET [2025/02/03 11:32:29 ET]
Table 'Aludra' 6-max Seat #1 is the button
Seat 1: Kinkladze21 ($9.85 in chips) 
Seat 2: paulgttdi ($33.78 in chips) 
Seat 3: Mahu2021 ($11.83 in chips) 
Seat 4: nDoelAidFme ($14.66 in chips) 
Seat 5: pro888888 ($12.89 in chips) 
Seat 6: genmaitya ($10 in chips) 
paulgttdi: posts small blind $0.05
Mahu2021: posts big blind $0.10
*** HOLE CARDS ***
Dealt to Mahu2021 [Th 5s]
nDoelAidFme: folds 
pro888888: folds 
genmaitya: raises $0.15 to $0.25
Kinkladze21: folds 
paulgttdi: calls $0.20
Mahu2021: folds 
*** FLOP *** [6d 2d Qs]
paulgttdi: checks 
genmaitya: bets $0.19
paulgttdi: calls $0.19
*** TURN *** [6d 2d Qs] [3d]
paulgttdi: checks 
genmaitya: bets $0.71
paulgttdi: calls $0.71
*** RIVER *** [6d 2d Qs 3d] [Js]
paulgttdi: checks 
genmaitya: checks 
*** SHOW DOWN ***
paulgttdi: shows [Ah Kd] (high card Ace)
genmaitya: mucks hand 
paulgttdi collected $2.29 from pot
*** SUMMARY ***
Total pot $2.40 | Rake $0.11 
Board [6d 2d Qs 3d Js]
Seat 1: Kinkladze21 (button) folded before Flop (didn't bet)
Seat 2: paulgttdi (small blind) showed [Ah Kd] and won ($2.29) with high card Ace
Seat 3: Mahu2021 (big blind) folded before Flop
Seat 4: nDoelAidFme folded before Flop (didn't bet)
Seat 5: pro888888 folded before Flop (didn't bet)
Seat 6: genmaitya mucked [Ad 8h]



PokerStars Zoom Hand #254688362358:  Hold'em No Limit ($0.05/$0.10) - 2025/02/03 17:32:37 CET [2025/02/03 11:32:37 ET]
Table 'Aludra' 6-max Seat #1 is the button
Seat 1: daisuke.ars ($14.79 in chips) 
Seat 2: Mahu2021 ($11.73 in chips) 
Seat 3: jogopoker2 ($10 in chips) 
Seat 4: DanC996 ($10.47 in chips) 
Seat 5: tonyspl1 ($9.58 in chips) 
Seat 6: youngmin5034 ($12.45 in chips) 
Mahu2021: posts small blind $0.05
jogopoker2: posts big blind $0.10
*** HOLE CARDS ***
Dealt to Mahu2021 [Ks 8s]
DanC996: folds 
tonyspl1: raises $0.20 to $0.30
youngmin5034: folds 
daisuke.ars: folds 
Mahu2021: calls $0.25
jogopoker2: folds 
*** FLOP *** [6s Ad Kh]
Mahu2021: checks 
tonyspl1: bets $0.22
Mahu2021: calls $0.22
*** TURN *** [6s Ad Kh] [7s]
Mahu2021: checks 
tonyspl1: checks 
*** RIVER *** [6s Ad Kh 7s] [7c]
Mahu2021: checks 
tonyspl1: checks 
*** SHOW DOWN ***
Mahu2021: shows [Ks 8s] (two pair, Kings and Sevens)
tonyspl1: shows [Kd Qd] (two pair, Kings and Sevens)
Mahu2021 collected $0.55 from pot
tonyspl1 collected $0.54 from pot
*** SUMMARY ***
Total pot $1.14 | Rake $0.05 
Board [6s Ad Kh 7s 7c]
Seat 1: daisuke.ars (button) folded before Flop (didn't bet)
Seat 2: Mahu2021 (small blind) showed [Ks 8s] and won ($0.55) with two pair, Kings and Sevens
Seat 3: jogopoker2 (big blind) folded before Flop
Seat 4: DanC996 folded before Flop (didn't bet)
Seat 5: tonyspl1 showed [Kd Qd] and won ($0.54) with two pair, Kings and Sevens
Seat 6: youngmin5034 folded before Flop (didn't bet)



PokerStars Zoom Hand #254688368875:  Hold'em No Limit ($0.05/$0.10) - 2025/02/03 17:33:06 CET [2025/02/03 11:33:06 ET]
Table 'Aludra' 6-max Seat #1 is the button
Seat 1: Charmicarmi ($5.69 in chips) 
Seat 2: royacht ($5.46 in chips) 
Seat 3: Tema_Guz ($30.44 in chips) 
Seat 4: anderetsu ($11.40 in chips) 
Seat 5: Panda_Pooh_od ($10.18 in chips) 
Seat 6: Mahu2021 ($11.76 in chips) 
royacht: posts small blind $0.05
Tema_Guz: posts big blind $0.10
*** HOLE CARDS ***
Dealt to Mahu2021 [2c 2d]
anderetsu: folds 
Panda_Pooh_od: folds 
Mahu2021: folds 
Charmicarmi: folds 
royacht: folds 
Uncalled bet ($0.05) returned to Tema_Guz
Tema_Guz collected $0.10 from pot
Tema_Guz: doesn't show hand 
*** SUMMARY ***
Total pot $0.10 | Rake $0 
Seat 1: Charmicarmi (button) folded before Flop (didn't bet)
Seat 2: royacht (small blind) folded before Flop
Seat 3: Tema_Guz (big blind) collected ($0.10)
Seat 4: anderetsu folded before Flop (didn't bet)
Seat 5: Panda_Pooh_od folded before Flop (didn't bet)
Seat 6: Mahu2021 folded before Flop (didn't bet)



PokerStars Zoom Hand #254688370672:  Hold'em No Limit ($0.05/$0.10) - 2025/02/03 17:33:13 CET [2025/02/03 11:33:13 ET]
Table 'Aludra' 6-max Seat #1 is the button
Seat 1: Mahu2021 ($11.76 in chips) 
Seat 2: genmaitya ($10.45 in chips) 
Seat 3: anderetsu ($11.40 in chips) 
Seat 4: ademir252 ($13.70 in chips) 
Seat 5: Charmicarmi ($5.69 in chips) 
Seat 6: vovo4ka318 ($10.97 in chips) 
genmaitya: posts small blind $0.05
anderetsu: posts big blind $0.10
*** HOLE CARDS ***
Dealt to Mahu2021 [Qd Kc]
ademir252: raises $0.10 to $0.20
Charmicarmi: folds 
vovo4ka318: folds 
Mahu2021: calls $0.20
genmaitya: folds 
anderetsu: calls $0.10
*** FLOP *** [5d 6c 9h]
anderetsu: checks 
ademir252: bets $0.62
Mahu2021: folds 
anderetsu: folds 
Uncalled bet ($0.62) returned to ademir252
ademir252 collected $0.62 from pot
ademir252: doesn't show hand 
*** SUMMARY ***
Total pot $0.65 | Rake $0.03 
Board [5d 6c 9h]
Seat 1: Mahu2021 (button) folded on the Flop
Seat 2: genmaitya (small blind) folded before Flop
Seat 3: anderetsu (big blind) folded on the Flop
Seat 4: ademir252 collected ($0.62)
Seat 5: Charmicarmi folded before Flop (didn't bet)
Seat 6: vovo4ka318 folded before Flop (didn't bet)



PokerStars Zoom Hand #254688375613:  Hold'em No Limit ($0.05/$0.10) - 2025/02/03 17:33:35 CET [2025/02/03 11:33:35 ET]
Table 'Aludra' 6-max Seat #1 is the button
Seat 1: padrecico ($11.19 in chips) 
Seat 2: thilo117 ($13.88 in chips) 
Seat 3: Ceby555 ($10 in chips) 
Seat 4: J_Sweatshirt ($10.59 in chips) 
Seat 5: Mahu2021 ($11.56 in chips) 
Seat 6: genmaitya ($10.40 in chips) 
thilo117: posts small blind $0.05
Ceby555: posts big blind $0.10
*** HOLE CARDS ***
Dealt to Mahu2021 [5d 7c]
J_Sweatshirt: folds 
Mahu2021: folds 
genmaitya: folds 
padrecico: folds 
thilo117: folds 
Uncalled bet ($0.05) returned to Ceby555
Ceby555 collected $0.10 from pot
Ceby555: doesn't show hand 
*** SUMMARY ***
Total pot $0.10 | Rake $0 
Seat 1: padrecico (button) folded before Flop (didn't bet)
Seat 2: thilo117 (small blind) folded before Flop
Seat 3: Ceby555 (big blind) collected ($0.10)
Seat 4: J_Sweatshirt folded before Flop (didn't bet)
Seat 5: Mahu2021 folded before Flop (didn't bet)
Seat 6: genmaitya folded before Flop (didn't bet)



PokerStars Zoom Hand #254688377895:  Hold'em No Limit ($0.05/$0.10) - 2025/02/03 17:33:46 CET [2025/02/03 11:33:46 ET]
Table 'Aludra' 6-max Seat #1 is the button
Seat 1: Mahu2021 ($11.56 in chips) 
Seat 2: ksjhs4207 ($10.01 in chips) 
Seat 3: ZarkoVasilev ($11.74 in chips) 
Seat 4: ValenFer777 ($36.81 in chips) 
Seat 5: youngmin5034 ($10.40 in chips) 
Seat 6: istvanBluff ($4.88 in chips) 
ksjhs4207: posts small blind $0.05
ZarkoVasilev: posts big blind $0.10
*** HOLE CARDS ***
Dealt to Mahu2021 [6c Th]
ValenFer777: folds 
youngmin5034: folds 
istvanBluff: folds 
Mahu2021: folds 
ksjhs4207: folds 
Uncalled bet ($0.05) returned to ZarkoVasilev
ZarkoVasilev collected $0.10 from pot
ZarkoVasilev: doesn't show hand 
*** SUMMARY ***
Total pot $0.10 | Rake $0 
Seat 1: Mahu2021 (button) folded before Flop (didn't bet)
Seat 2: ksjhs4207 (small blind) folded before Flop
Seat 3: ZarkoVasilev (big blind) collected ($0.10)
Seat 4: ValenFer777 folded before Flop (didn't bet)
Seat 5: youngmin5034 folded before Flop (didn't bet)
Seat 6: istvanBluff folded before Flop (didn't bet)



PokerStars Zoom Hand #254688376744:  Hold'em No Limit ($0.05/$0.10) - 2025/02/03 17:33:40 CET [2025/02/03 11:33:40 ET]
Table 'Aludra' 6-max Seat #1 is the button
Seat 1: sapaterodoido ($7.75 in chips) 
Seat 2: beatelonn ($10.75 in chips) 
Seat 3: Panda_Pooh_od ($10.47 in chips) 
Seat 4: Mahu2021 ($11.56 in chips) 
Seat 5: km1883 ($10.40 in chips) 
Seat 6: Blast4Sure ($10.22 in chips) 
beatelonn: posts small blind $0.05
Panda_Pooh_od: posts big blind $0.10
*** HOLE CARDS ***
Dealt to Mahu2021 [Kh 7h]
Mahu2021: folds 
km1883: folds 
Blast4Sure: raises $0.15 to $0.25
sapaterodoido: folds 
beatelonn: folds 
Panda_Pooh_od: raises $0.95 to $1.20
Blast4Sure: folds 
Uncalled bet ($0.95) returned to Panda_Pooh_od
Panda_Pooh_od collected $0.55 from pot
Panda_Pooh_od: doesn't show hand 
*** SUMMARY ***
Total pot $0.55 | Rake $0 
Seat 1: sapaterodoido (button) folded before Flop (didn't bet)
Seat 2: beatelonn (small blind) folded before Flop
Seat 3: Panda_Pooh_od (big blind) collected ($0.55)
Seat 4: Mahu2021 folded before Flop (didn't bet)
Seat 5: km1883 folded before Flop (didn't bet)
Seat 6: Blast4Sure folded before Flop



PokerStars Zoom Hand #254688381516:  Hold'em No Limit ($0.05/$0.10) - 2025/02/03 17:34:02 CET [2025/02/03 11:34:02 ET]
Table 'Aludra' 6-max Seat #1 is the button
Seat 1: j0nb0b ($23.28 in chips) 
Seat 2: kesstukas25 ($4.90 in chips) 
Seat 3: aki52857 ($9.92 in chips) 
Seat 4: DanC996 ($10.36 in chips) 
Seat 5: snakesound ($13.05 in chips) 
Seat 6: Mahu2021 ($11.46 in chips) 
kesstukas25: posts small blind $0.05
aki52857: posts big blind $0.10
*** HOLE CARDS ***
Dealt to Mahu2021 [Ks Kc]
DanC996: folds 
snakesound: raises $0.15 to $0.25
Mahu2021: raises $11.21 to $11.46 and is all-in
j0nb0b: folds 
kesstukas25: folds 
aki52857: folds 
snakesound: folds 
Uncalled bet ($11.21) returned to Mahu2021
Mahu2021 collected $0.65 from pot
Mahu2021: doesn't show hand 
*** SUMMARY ***
Total pot $0.65 | Rake $0 
Seat 1: j0nb0b (button) folded before Flop (didn't bet)
Seat 2: kesstukas25 (small blind) folded before Flop
Seat 3: aki52857 (big blind) folded before Flop
Seat 4: DanC996 folded before Flop (didn't bet)
Seat 5: snakesound folded before Flop
Seat 6: Mahu2021 collected ($0.65)



PokerStars Zoom Hand #254688378607:  Hold'em No Limit ($0.05/$0.10) - 2025/02/03 17:33:49 CET [2025/02/03 11:33:49 ET]
Table 'Aludra' 6-max Seat #1 is the button
Seat 1: esesaz ($9.76 in chips) 
Seat 2: anderetsu ($12.03 in chips) 
Seat 3: Mahu2021 ($11.56 in chips) 
Seat 4: bvb999 ($10.05 in chips) 
Seat 5: istvanBluff ($4.88 in chips) 
Seat 6: Panda_Pooh_od ($10 in chips) 
anderetsu: posts small blind $0.05
Mahu2021: posts big blind $0.10
*** HOLE CARDS ***
Dealt to Mahu2021 [3h Ac]
bvb999: folds 
istvanBluff: folds 
Panda_Pooh_od: raises $0.15 to $0.25
esesaz: raises $0.25 to $0.50
anderetsu: folds 
Mahu2021: folds 
Panda_Pooh_od: calls $0.25
*** FLOP *** [4d 5d 9d]
Panda_Pooh_od: checks 
esesaz: bets $0.30
Panda_Pooh_od: calls $0.30
*** TURN *** [4d 5d 9d] [7c]
Panda_Pooh_od: checks 
esesaz: bets $0.60
Panda_Pooh_od: calls $0.60
*** RIVER *** [4d 5d 9d 7c] [2c]
Panda_Pooh_od: checks 
esesaz: checks 
*** SHOW DOWN ***
Panda_Pooh_od: shows [9h Kh] (a pair of Nines)
esesaz: shows [Th Tc] (a pair of Tens)
esesaz collected $2.82 from pot
*** SUMMARY ***
Total pot $2.95 | Rake $0.13 
Board [4d 5d 9d 7c 2c]
Seat 1: esesaz (button) showed [Th Tc] and won ($2.82) with a pair of Tens
Seat 2: anderetsu (small blind) folded before Flop
Seat 3: Mahu2021 (big blind) folded before Flop
Seat 4: bvb999 folded before Flop (didn't bet)
Seat 5: istvanBluff folded before Flop (didn't bet)
Seat 6: Panda_Pooh_od showed [9h Kh] and lost with a pair of Nines



PokerStars Zoom Hand #254688386700:  Hold'em No Limit ($0.05/$0.10) - 2025/02/03 17:34:24 CET [2025/02/03 11:34:24 ET]
Table 'Aludra' 6-max Seat #1 is the button
Seat 1: thanson17 ($5.10 in chips) 
Seat 2: Mahu2021 ($11.86 in chips) 
Seat 3: szef93 ($10 in chips) 
Seat 4: WolcharaAP ($9.53 in chips) 
Seat 5: gamma720 ($9.85 in chips) 
Seat 6: Claudios122 ($14.94 in chips) 
Mahu2021: posts small blind $0.05
szef93: posts big blind $0.10
*** HOLE CARDS ***
Dealt to Mahu2021 [Ac 6d]
WolcharaAP: folds 
gamma720: folds 
Claudios122: folds 
thanson17: folds 
Mahu2021: raises $0.20 to $0.30
szef93: folds 
Uncalled bet ($0.20) returned to Mahu2021
Mahu2021 collected $0.20 from pot
Mahu2021: doesn't show hand 
*** SUMMARY ***
Total pot $0.20 | Rake $0 
Seat 1: thanson17 (button) folded before Flop (didn't bet)
Seat 2: Mahu2021 (small blind) collected ($0.20)
Seat 3: szef93 (big blind) folded before Flop
Seat 4: WolcharaAP folded before Flop (didn't bet)
Seat 5: gamma720 folded before Flop (didn't bet)
Seat 6: Claudios122 folded before Flop (didn't bet)



PokerStars Zoom Hand #254688391854:  Hold'em No Limit ($0.05/$0.10) - 2025/02/03 17:34:47 CET [2025/02/03 11:34:47 ET]
Table 'Aludra' 6-max Seat #1 is the button
Seat 1: Contr@Reloj ($10 in chips) 
Seat 2: WolcharaAP ($9.53 in chips) 
Seat 3: sanruaro ($23.19 in chips) 
Seat 4: CockneySpara ($12.97 in chips) 
Seat 5: Mahu2021 ($11.96 in chips) 
Seat 6: vercyn ($11.71 in chips) 
WolcharaAP: posts small blind $0.05
sanruaro: posts big blind $0.10
*** HOLE CARDS ***
Dealt to Mahu2021 [6c 2d]
CockneySpara: folds 
Mahu2021: folds 
vercyn: folds 
Contr@Reloj: raises $0.20 to $0.30
WolcharaAP: folds 
sanruaro: folds 
Uncalled bet ($0.20) returned to Contr@Reloj
Contr@Reloj collected $0.25 from pot
Contr@Reloj: doesn't show hand 
*** SUMMARY ***
Total pot $0.25 | Rake $0 
Seat 1: Contr@Reloj (button) collected ($0.25)
Seat 2: WolcharaAP (small blind) folded before Flop
Seat 3: sanruaro (big blind) folded before Flop
Seat 4: CockneySpara folded before Flop (didn't bet)
Seat 5: Mahu2021 folded before Flop (didn't bet)
Seat 6: vercyn folded before Flop (didn't bet)



PokerStars Zoom Hand #254688391014:  Hold'em No Limit ($0.05/$0.10) - 2025/02/03 17:34:44 CET [2025/02/03 11:34:44 ET]
Table 'Aludra' 6-max Seat #1 is the button
Seat 1: Pokkermastaa ($10 in chips) 
Seat 2: j0nb0b ($11.95 in chips) 
Seat 3: Pagliacci7777 ($10 in chips) 
Seat 4: Mahu2021 ($11.96 in chips) 
Seat 5: dayvisson26 ($6 in chips) 
Seat 6: daisuke.ars ($10.05 in chips) 
j0nb0b: posts small blind $0.05
Pagliacci7777: posts big blind $0.10
*** HOLE CARDS ***
Dealt to Mahu2021 [7c 6h]
Mahu2021: folds 
dayvisson26: folds 
daisuke.ars: folds 
Pokkermastaa: raises $0.15 to $0.25
j0nb0b: folds 
Pagliacci7777: calls $0.15
*** FLOP *** [4h 6s 7h]
Pagliacci7777: bets $0.27
Pokkermastaa: calls $0.27
*** TURN *** [4h 6s 7h] [Ks]
Pagliacci7777: checks 
Pokkermastaa: bets $0.34
Pagliacci7777: folds 
Uncalled bet ($0.34) returned to Pokkermastaa
Pokkermastaa collected $1.03 from pot
Pokkermastaa: doesn't show hand 
*** SUMMARY ***
Total pot $1.09 | Rake $0.06 
Board [4h 6s 7h Ks]
Seat 1: Pokkermastaa (button) collected ($1.03)
Seat 2: j0nb0b (small blind) folded before Flop
Seat 3: Pagliacci7777 (big blind) folded on the Turn
Seat 4: Mahu2021 folded before Flop (didn't bet)
Seat 5: dayvisson26 folded before Flop (didn't bet)
Seat 6: daisuke.ars folded before Flop (didn't bet)



PokerStars Zoom Hand #254688392741:  Hold'em No Limit ($0.05/$0.10) - 2025/02/03 17:34:51 CET [2025/02/03 11:34:51 ET]
Table 'Aludra' 6-max Seat #1 is the button
Seat 1: padrecico ($10.81 in chips) 
Seat 2: v4valter88 ($12.26 in chips) 
Seat 3: Mahu2021 ($11.96 in chips) 
Seat 4: putzkedudu ($14.15 in chips) 
Seat 5: szef93 ($10.55 in chips) 
Seat 6: timoti777386 ($9.07 in chips) 
v4valter88: posts small blind $0.05
Mahu2021: posts big blind $0.10
*** HOLE CARDS ***
Dealt to Mahu2021 [Ks Tc]
putzkedudu: folds 
szef93: raises $0.15 to $0.25
timoti777386: folds 
padrecico: folds 
v4valter88: folds 
Mahu2021: calls $0.15
*** FLOP *** [7c 9h 7h]
Mahu2021: checks 
szef93: checks 
*** TURN *** [7c 9h 7h] [2h]
Mahu2021: bets $0.20
szef93: calls $0.20
*** RIVER *** [7c 9h 7h 2h] [8c]
Mahu2021: checks 
szef93: checks 
*** SHOW DOWN ***
Mahu2021: shows [Ks Tc] (a pair of Sevens)
szef93: shows [4d 4c] (two pair, Sevens and Fours)
szef93 collected $0.91 from pot
*** SUMMARY ***
Total pot $0.95 | Rake $0.04 
Board [7c 9h 7h 2h 8c]
Seat 1: padrecico (button) folded before Flop (didn't bet)
Seat 2: v4valter88 (small blind) folded before Flop
Seat 3: Mahu2021 (big blind) showed [Ks Tc] and lost with a pair of Sevens
Seat 4: putzkedudu folded before Flop (didn't bet)
Seat 5: szef93 showed [4d 4c] and won ($0.91) with two pair, Sevens and Fours
Seat 6: timoti777386 folded before Flop (didn't bet)



PokerStars Zoom Hand #254688400609:  Hold'em No Limit ($0.05/$0.10) - 2025/02/03 17:35:26 CET [2025/02/03 11:35:26 ET]
Table 'Aludra' 6-max Seat #1 is the button
Seat 1: Danielitoosk ($11.21 in chips) 
Seat 2: Mahu2021 ($11.51 in chips) 
Seat 3: youngmin5034 ($10 in chips) 
Seat 4: j0nb0b ($11.29 in chips) 
Seat 5: szef93 ($11.01 in chips) 
Seat 6: kgeri10 ($4.51 in chips) 
Mahu2021: posts small blind $0.05
youngmin5034: posts big blind $0.10
*** HOLE CARDS ***
Dealt to Mahu2021 [2c Js]
j0nb0b: folds 
szef93: folds 
kgeri10: folds 
Danielitoosk: folds 
Mahu2021: folds 
Uncalled bet ($0.05) returned to youngmin5034
youngmin5034 collected $0.10 from pot
youngmin5034: doesn't show hand 
*** SUMMARY ***
Total pot $0.10 | Rake $0 
Seat 1: Danielitoosk (button) folded before Flop (didn't bet)
Seat 2: Mahu2021 (small blind) folded before Flop
Seat 3: youngmin5034 (big blind) collected ($0.10)
Seat 4: j0nb0b folded before Flop (didn't bet)
Seat 5: szef93 folded before Flop (didn't bet)
Seat 6: kgeri10 folded before Flop (didn't bet)



PokerStars Zoom Hand #254688401674:  Hold'em No Limit ($0.05/$0.10) - 2025/02/03 17:35:31 CET [2025/02/03 11:35:31 ET]
Table 'Aludra' 6-max Seat #1 is the button
Seat 1: Rubbernicks ($10 in chips) 
Seat 2: szef93 ($11.01 in chips) 
Seat 3: pro888888 ($17.26 in chips) 
Seat 4: Donika635 ($13.49 in chips) 
Seat 5: Blast4Sure ($10.40 in chips) 
Seat 6: Mahu2021 ($11.46 in chips) 
szef93: posts small blind $0.05
pro888888: posts big blind $0.10
*** HOLE CARDS ***
Dealt to Mahu2021 [6h 3d]
Donika635: folds 
Blast4Sure: folds 
Mahu2021: folds 
Rubbernicks: folds 
szef93: raises $0.20 to $0.30
pro888888: folds 
Uncalled bet ($0.20) returned to szef93
szef93 collected $0.20 from pot
szef93: doesn't show hand 
*** SUMMARY ***
Total pot $0.20 | Rake $0 
Seat 1: Rubbernicks (button) folded before Flop (didn't bet)
Seat 2: szef93 (small blind) collected ($0.20)
Seat 3: pro888888 (big blind) folded before Flop
Seat 4: Donika635 folded before Flop (didn't bet)
Seat 5: Blast4Sure folded before Flop (didn't bet)
Seat 6: Mahu2021 folded before Flop (didn't bet)



PokerStars Zoom Hand #254688402633:  Hold'em No Limit ($0.05/$0.10) - 2025/02/03 17:35:35 CET [2025/02/03 11:35:35 ET]
Table 'Aludra' 6-max Seat #1 is the button
Seat 1: Mahu2021 ($11.46 in chips) 
Seat 2: baddyby ($10.20 in chips) 
Seat 3: putzkedudu ($19.70 in chips) 
Seat 4: Blast4Sure ($10.40 in chips) 
Seat 5: lewisweight ($10 in chips) 
Seat 6: Whytek_Bear ($12.29 in chips) 
baddyby: posts small blind $0.05
putzkedudu: posts big blind $0.10
*** HOLE CARDS ***
Dealt to Mahu2021 [7s 5h]
Blast4Sure: folds 
lewisweight: folds 
Whytek_Bear: folds 
Mahu2021: folds 
baddyby: folds 
Uncalled bet ($0.05) returned to putzkedudu
putzkedudu collected $0.10 from pot
putzkedudu: doesn't show hand 
*** SUMMARY ***
Total pot $0.10 | Rake $0 
Seat 1: Mahu2021 (button) folded before Flop (didn't bet)
Seat 2: baddyby (small blind) folded before Flop
Seat 3: putzkedudu (big blind) collected ($0.10)
Seat 4: Blast4Sure folded before Flop (didn't bet)
Seat 5: lewisweight folded before Flop (didn't bet)
Seat 6: Whytek_Bear folded before Flop (didn't bet)



PokerStars Zoom Hand #254688404249:  Hold'em No Limit ($0.05/$0.10) - 2025/02/03 17:35:42 CET [2025/02/03 11:35:42 ET]
Table 'Aludra' 6-max Seat #1 is the button
Seat 1: paulgttdi ($35.15 in chips) 
Seat 2: J_Sweatshirt ($10.43 in chips) 
Seat 3: Mahu2021 ($11.46 in chips) 
Seat 4: ValenFer777 ($12.55 in chips) 
Seat 5: pro888888 ($17.16 in chips) 
Seat 6: WolcharaAP ($9.07 in chips) 
J_Sweatshirt: posts small blind $0.05
Mahu2021: posts big blind $0.10
*** HOLE CARDS ***
Dealt to Mahu2021 [Ks Ad]
ValenFer777: folds 
pro888888: folds 
WolcharaAP: folds 
paulgttdi: raises $0.15 to $0.25
J_Sweatshirt: folds 
Mahu2021: raises $0.55 to $0.80
paulgttdi: folds 
Uncalled bet ($0.55) returned to Mahu2021
Mahu2021 collected $0.55 from pot
Mahu2021: doesn't show hand 
*** SUMMARY ***
Total pot $0.55 | Rake $0 
Seat 1: paulgttdi (button) folded before Flop
Seat 2: J_Sweatshirt (small blind) folded before Flop
Seat 3: Mahu2021 (big blind) collected ($0.55)
Seat 4: ValenFer777 folded before Flop (didn't bet)
Seat 5: pro888888 folded before Flop (didn't bet)
Seat 6: WolcharaAP folded before Flop (didn't bet)



PokerStars Zoom Hand #254688407406:  Hold'em No Limit ($0.05/$0.10) - 2025/02/03 17:35:56 CET [2025/02/03 11:35:56 ET]
Table 'Aludra' 6-max Seat #1 is the button
Seat 1: hiding.by ($10 in chips) 
Seat 2: putzkedudu ($14.45 in chips) 
Seat 3: kvnmn ($7.64 in chips) 
Seat 4: MG_BEAST/666 ($44.36 in chips) 
Seat 5: Mahu2021 ($11.76 in chips) 
Seat 6: Panda_Pooh_od ($10 in chips) 
putzkedudu: posts small blind $0.05
kvnmn: posts big blind $0.10
*** HOLE CARDS ***
Dealt to Mahu2021 [9c 7h]
MG_BEAST/666: raises $0.15 to $0.25
Mahu2021: folds 
Panda_Pooh_od: folds 
hiding.by: folds 
putzkedudu: folds 
kvnmn: folds 
Uncalled bet ($0.15) returned to MG_BEAST/666
MG_BEAST/666 collected $0.25 from pot
MG_BEAST/666: doesn't show hand 
*** SUMMARY ***
Total pot $0.25 | Rake $0 
Seat 1: hiding.by (button) folded before Flop (didn't bet)
Seat 2: putzkedudu (small blind) folded before Flop
Seat 3: kvnmn (big blind) folded before Flop
Seat 4: MG_BEAST/666 collected ($0.25)
Seat 5: Mahu2021 folded before Flop (didn't bet)
Seat 6: Panda_Pooh_od folded before Flop (didn't bet)



PokerStars Zoom Hand #254688408192:  Hold'em No Limit ($0.05/$0.10) - 2025/02/03 17:35:59 CET [2025/02/03 11:35:59 ET]
Table 'Aludra' 6-max Seat #1 is the button
Seat 1: Mahu2021 ($11.76 in chips) 
Seat 2: cookierolo ($10.15 in chips) 
Seat 3: anderetsu ($16.60 in chips) 
Seat 4: Zeppelin8686 ($10 in chips) 
Seat 5: AceWise ($31.23 in chips) 
Seat 6: andreuler ($11.51 in chips) 
cookierolo: posts small blind $0.05
anderetsu: posts big blind $0.10
*** HOLE CARDS ***
Dealt to Mahu2021 [Qs Ks]
Zeppelin8686: folds 
AceWise: folds 
andreuler: folds 
Mahu2021: raises $0.20 to $0.30
cookierolo: folds 
anderetsu: folds 
Uncalled bet ($0.20) returned to Mahu2021
Mahu2021 collected $0.25 from pot
Mahu2021: doesn't show hand 
*** SUMMARY ***
Total pot $0.25 | Rake $0 
Seat 1: Mahu2021 (button) collected ($0.25)
Seat 2: cookierolo (small blind) folded before Flop
Seat 3: anderetsu (big blind) folded before Flop
Seat 4: Zeppelin8686 folded before Flop (didn't bet)
Seat 5: AceWise folded before Flop (didn't bet)
Seat 6: andreuler folded before Flop (didn't bet)



PokerStars Zoom Hand #254688403319:  Hold'em No Limit ($0.05/$0.10) - 2025/02/03 17:35:38 CET [2025/02/03 11:35:38 ET]
Table 'Aludra' 6-max Seat #1 is the button
Seat 1: daisuke.ars ($19.76 in chips) 
Seat 2: youngmin5034 ($10.05 in chips) 
Seat 3: Julian125 ($12.49 in chips) 
Seat 4: Mahu2021 ($11.46 in chips) 
Seat 5: Contr@Reloj ($10 in chips) 
Seat 6: km1883 ($10.25 in chips) 
youngmin5034: posts small blind $0.05
Julian125: posts big blind $0.10
*** HOLE CARDS ***
Dealt to Mahu2021 [3d Tc]
Mahu2021: folds 
Contr@Reloj: folds 
km1883: folds 
daisuke.ars: raises $0.14 to $0.24
youngmin5034: folds 
Julian125: calls $0.14
*** FLOP *** [Kc 6h 4h]
Julian125: bets $0.36
daisuke.ars: calls $0.36
*** TURN *** [Kc 6h 4h] [Qd]
Julian125: checks 
daisuke.ars: checks 
*** RIVER *** [Kc 6h 4h Qd] [2c]
Julian125: checks 
daisuke.ars: bets $2.38
Julian125: folds 
Uncalled bet ($2.38) returned to daisuke.ars
daisuke.ars collected $1.19 from pot
daisuke.ars: doesn't show hand 
*** SUMMARY ***
Total pot $1.25 | Rake $0.06 
Board [Kc 6h 4h Qd 2c]
Seat 1: daisuke.ars (button) collected ($1.19)
Seat 2: youngmin5034 (small blind) folded before Flop
Seat 3: Julian125 (big blind) folded on the River
Seat 4: Mahu2021 folded before Flop (didn't bet)
Seat 5: Contr@Reloj folded before Flop (didn't bet)
Seat 6: km1883 folded before Flop (didn't bet)



PokerStars Zoom Hand #254688413423:  Hold'em No Limit ($0.05/$0.10) - 2025/02/03 17:36:22 CET [2025/02/03 11:36:22 ET]
Table 'Aludra' 6-max Seat #1 is the button
Seat 1: Tin7Castella ($9.85 in chips) 
Seat 2: Mahu2021 ($11.91 in chips) 
Seat 3: Teixeira7192 ($6.02 in chips) 
Seat 4: godgift1980 ($20.80 in chips) 
Seat 5: looser00091 ($10.63 in chips) 
Seat 6: padrecico ($10.31 in chips) 
Mahu2021: posts small blind $0.05
Teixeira7192: posts big blind $0.10
*** HOLE CARDS ***
Dealt to Mahu2021 [Jd Ts]
godgift1980: raises $0.20 to $0.30
looser00091: folds 
padrecico: folds 
Tin7Castella: folds 
Mahu2021: calls $0.25
Teixeira7192: calls $0.20
*** FLOP *** [Ad 6s Jh]
Mahu2021: checks 
Teixeira7192: checks 
godgift1980: checks 
*** TURN *** [Ad 6s Jh] [5c]
Mahu2021: checks 
Teixeira7192: checks 
godgift1980: checks 
*** RIVER *** [Ad 6s Jh 5c] [8h]
Mahu2021: checks 
Teixeira7192: bets $0.43
godgift1980: folds 
Mahu2021: calls $0.43
*** SHOW DOWN ***
Teixeira7192: shows [9h Th] (high card Ace)
Mahu2021: shows [Jd Ts] (a pair of Jacks)
Mahu2021 collected $1.68 from pot
*** SUMMARY ***
Total pot $1.76 | Rake $0.08 
Board [Ad 6s Jh 5c 8h]
Seat 1: Tin7Castella (button) folded before Flop (didn't bet)
Seat 2: Mahu2021 (small blind) showed [Jd Ts] and won ($1.68) with a pair of Jacks
Seat 3: Teixeira7192 (big blind) showed [9h Th] and lost with high card Ace
Seat 4: godgift1980 folded on the River
Seat 5: looser00091 folded before Flop (didn't bet)
Seat 6: padrecico folded before Flop (didn't bet)



PokerStars Zoom Hand #254688423463:  Hold'em No Limit ($0.05/$0.10) - 2025/02/03 17:37:06 CET [2025/02/03 11:37:06 ET]
Table 'Aludra' 6-max Seat #1 is the button
Seat 1: andreuler ($10.05 in chips) 
Seat 2: Danielitoosk ($10.71 in chips) 
Seat 3: Blast4Sure ($10 in chips) 
Seat 4: Tema_Guz ($25.27 in chips) 
Seat 5: DanC996 ($12.95 in chips) 
Seat 6: Mahu2021 ($12.86 in chips) 
Danielitoosk: posts small blind $0.05
Blast4Sure: posts big blind $0.10
*** HOLE CARDS ***
Dealt to Mahu2021 [Js 8h]
Tema_Guz: folds 
DanC996: folds 
Mahu2021: folds 
andreuler: folds 
Danielitoosk: folds 
Uncalled bet ($0.05) returned to Blast4Sure
Blast4Sure collected $0.10 from pot
Blast4Sure: doesn't show hand 
*** SUMMARY ***
Total pot $0.10 | Rake $0 
Seat 1: andreuler (button) folded before Flop (didn't bet)
Seat 2: Danielitoosk (small blind) folded before Flop
Seat 3: Blast4Sure (big blind) collected ($0.10)
Seat 4: Tema_Guz folded before Flop (didn't bet)
Seat 5: DanC996 folded before Flop (didn't bet)
Seat 6: Mahu2021 folded before Flop (didn't bet)



