PokerStars Hand #253488395945: Tournament #3825473815, $1.84+$0.16 USD Hold'em No Limit - Level I (10/20) - 2024/11/20 11:12:33 CET [2024/11/20 5:12:33 ET]
Table '3825473815 1' 3-max Seat #1 is the button
Seat 1: chefchen99 (500 in chips) 
Seat 2: Tomar95 (500 in chips) 
Seat 3: Mahu2021 (500 in chips) 
Tomar95: posts small blind 10
Mahu2021: posts big blind 20
*** HOLE CARDS ***
Dealt to Mahu2021 [4d 5d]
chefchen99: calls 20
Tomar95: calls 10
Mahu2021: checks 
*** FLOP *** [4c 2s 3c]
Tomar95: checks 
Mahu2021: bets 20
chefchen99: calls 20
Tomar95: raises 80 to 100
Mahu2021: calls 80
chefchen99: calls 80
*** TURN *** [4c 2s 3c] [3d]
Tomar95: checks 
Mahu2021: checks 
chefchen99: checks 
*** RIVER *** [4c 2s 3c 3d] [Th]
Tomar95: bets 120
Mahu2021: calls 120
chefchen99: folds 
*** SHOW DOWN ***
Tomar95: shows [4s 3s] (a full house, Threes full of Fours)
Mahu2021: mucks hand 
Tomar95 collected 600 from pot
*** SUMMARY ***
Total pot 600 | Rake 0 
Board [4c 2s 3c 3d Th]
Seat 1: chefchen99 (button) folded on the River
Seat 2: Tomar95 (small blind) showed [4s 3s] and won (600) with a full house, Threes full of Fours
Seat 3: Mahu2021 (big blind) mucked [4d 5d]



PokerStars Hand #253488401051: Tournament #3825473815, $1.84+$0.16 USD Hold'em No Limit - Level I (10/20) - 2024/11/20 11:13:22 CET [2024/11/20 5:13:22 ET]
Table '3825473815 1' 3-max Seat #2 is the button
Seat 1: chefchen99 (380 in chips) 
Seat 2: Tomar95 (860 in chips) 
Seat 3: Mahu2021 (260 in chips) 
Mahu2021: posts small blind 10
chefchen99: posts big blind 20
*** HOLE CARDS ***
Dealt to Mahu2021 [Kh Jc]
Tomar95: folds 
Mahu2021: raises 40 to 60
chefchen99: folds 
Uncalled bet (40) returned to Mahu2021
Mahu2021 collected 40 from pot
Mahu2021: doesn't show hand 
*** SUMMARY ***
Total pot 40 | Rake 0 
Seat 1: chefchen99 (big blind) folded before Flop
Seat 2: Tomar95 (button) folded before Flop (didn't bet)
Seat 3: Mahu2021 (small blind) collected (40)



PokerStars Hand #253488402533: Tournament #3825473815, $1.84+$0.16 USD Hold'em No Limit - Level I (10/20) - 2024/11/20 11:13:37 CET [2024/11/20 5:13:37 ET]
Table '3825473815 1' 3-max Seat #3 is the button
Seat 1: chefchen99 (360 in chips) 
Seat 2: Tomar95 (860 in chips) 
Seat 3: Mahu2021 (280 in chips) 
chefchen99: posts small blind 10
Tomar95: posts big blind 20
*** HOLE CARDS ***
Dealt to Mahu2021 [6h Kc]
Mahu2021: folds 
chefchen99: calls 10
Tomar95: raises 40 to 60
chefchen99: folds 
Uncalled bet (40) returned to Tomar95
Tomar95 collected 40 from pot
Tomar95: doesn't show hand 
*** SUMMARY ***
Total pot 40 | Rake 0 
Seat 1: chefchen99 (small blind) folded before Flop
Seat 2: Tomar95 (big blind) collected (40)
Seat 3: Mahu2021 (button) folded before Flop (didn't bet)



PokerStars Hand #253488404138: Tournament #3825473815, $1.84+$0.16 USD Hold'em No Limit - Level I (10/20) - 2024/11/20 11:13:52 CET [2024/11/20 5:13:52 ET]
Table '3825473815 1' 3-max Seat #1 is the button
Seat 1: chefchen99 (340 in chips) 
Seat 2: Tomar95 (880 in chips) 
Seat 3: Mahu2021 (280 in chips) 
Tomar95: posts small blind 10
Mahu2021: posts big blind 20
*** HOLE CARDS ***
Dealt to Mahu2021 [Qh 8c]
chefchen99: calls 20
Tomar95: raises 860 to 880 and is all-in
Mahu2021: folds 
chefchen99: folds 
Uncalled bet (860) returned to Tomar95
Tomar95 collected 60 from pot
Tomar95: doesn't show hand 
*** SUMMARY ***
Total pot 60 | Rake 0 
Seat 1: chefchen99 (button) folded before Flop
Seat 2: Tomar95 (small blind) collected (60)
Seat 3: Mahu2021 (big blind) folded before Flop



PokerStars Hand #253488406524: Tournament #3825473815, $1.84+$0.16 USD Hold'em No Limit - Level I (10/20) - 2024/11/20 11:14:15 CET [2024/11/20 5:14:15 ET]
Table '3825473815 1' 3-max Seat #2 is the button
Seat 1: chefchen99 (320 in chips) 
Seat 2: Tomar95 (920 in chips) 
Seat 3: Mahu2021 (260 in chips) 
Mahu2021: posts small blind 10
chefchen99: posts big blind 20
*** HOLE CARDS ***
Dealt to Mahu2021 [7h Qh]
Tomar95: raises 20 to 40
Mahu2021: calls 30
chefchen99: calls 20
*** FLOP *** [7d 8s 2h]
Mahu2021: bets 40
chefchen99: folds 
Tomar95: raises 840 to 880 and is all-in
Mahu2021: calls 180 and is all-in
Uncalled bet (660) returned to Tomar95
*** TURN *** [7d 8s 2h] [Ks]
*** RIVER *** [7d 8s 2h Ks] [8c]
*** SHOW DOWN ***
Mahu2021: shows [7h Qh] (two pair, Eights and Sevens)
Tomar95: shows [9h Th] (a pair of Eights)
Mahu2021 collected 560 from pot
*** SUMMARY ***
Total pot 560 | Rake 0 
Board [7d 8s 2h Ks 8c]
Seat 1: chefchen99 (big blind) folded on the Flop
Seat 2: Tomar95 (button) showed [9h Th] and lost with a pair of Eights
Seat 3: Mahu2021 (small blind) showed [7h Qh] and won (560) with two pair, Eights and Sevens



PokerStars Hand #253488408701: Tournament #3825473815, $1.84+$0.16 USD Hold'em No Limit - Level I (10/20) - 2024/11/20 11:14:36 CET [2024/11/20 5:14:36 ET]
Table '3825473815 1' 3-max Seat #3 is the button
Seat 1: chefchen99 (280 in chips) 
Seat 2: Tomar95 (660 in chips) 
Seat 3: Mahu2021 (560 in chips) 
chefchen99: posts small blind 10
Tomar95: posts big blind 20
*** HOLE CARDS ***
Dealt to Mahu2021 [3h 6s]
Mahu2021: folds 
chefchen99: calls 10
Tomar95: checks 
*** FLOP *** [Ah 5c As]
chefchen99: checks 
Tomar95: checks 
*** TURN *** [Ah 5c As] [Kh]
chefchen99: checks 
Tomar95: checks 
*** RIVER *** [Ah 5c As Kh] [9h]
chefchen99: checks 
Tomar95: checks 
*** SHOW DOWN ***
chefchen99: shows [Kd 2h] (two pair, Aces and Kings)
Tomar95: mucks hand 
chefchen99 collected 40 from pot
*** SUMMARY ***
Total pot 40 | Rake 0 
Board [Ah 5c As Kh 9h]
Seat 1: chefchen99 (small blind) showed [Kd 2h] and won (40) with two pair, Aces and Kings
Seat 2: Tomar95 (big blind) mucked [Qs Jd]
Seat 3: Mahu2021 (button) folded before Flop (didn't bet)



PokerStars Hand #253488411986: Tournament #3825473815, $1.84+$0.16 USD Hold'em No Limit - Level I (10/20) - 2024/11/20 11:15:07 CET [2024/11/20 5:15:07 ET]
Table '3825473815 1' 3-max Seat #1 is the button
Seat 1: chefchen99 (300 in chips) 
Seat 2: Tomar95 (640 in chips) 
Seat 3: Mahu2021 (560 in chips) 
Tomar95: posts small blind 10
Mahu2021: posts big blind 20
*** HOLE CARDS ***
Dealt to Mahu2021 [Ks 3d]
chefchen99: calls 20
Tomar95: calls 10
Mahu2021: checks 
*** FLOP *** [Ah 4c 7s]
Tomar95: checks 
Mahu2021: checks 
chefchen99: checks 
*** TURN *** [Ah 4c 7s] [9s]
Tomar95: bets 30
Mahu2021: folds 
chefchen99: calls 30
*** RIVER *** [Ah 4c 7s 9s] [6c]
Tomar95: checks 
chefchen99: checks 
*** SHOW DOWN ***
Tomar95: shows [Qd 9c] (a pair of Nines)
chefchen99: mucks hand 
Tomar95 collected 120 from pot
*** SUMMARY ***
Total pot 120 | Rake 0 
Board [Ah 4c 7s 9s 6c]
Seat 1: chefchen99 (button) mucked [5s 6s]
Seat 2: Tomar95 (small blind) showed [Qd 9c] and won (120) with a pair of Nines
Seat 3: Mahu2021 (big blind) folded on the Turn



PokerStars Hand #253488416431: Tournament #3825473815, $1.84+$0.16 USD Hold'em No Limit - Level II (15/30) - 2024/11/20 11:15:50 CET [2024/11/20 5:15:50 ET]
Table '3825473815 1' 3-max Seat #2 is the button
Seat 1: chefchen99 (250 in chips) 
Seat 2: Tomar95 (710 in chips) 
Seat 3: Mahu2021 (540 in chips) 
Mahu2021: posts small blind 15
chefchen99: posts big blind 30
*** HOLE CARDS ***
Dealt to Mahu2021 [Td 4s]
Tomar95: folds 
Mahu2021: folds 
Uncalled bet (15) returned to chefchen99
chefchen99 collected 30 from pot
chefchen99: doesn't show hand 
*** SUMMARY ***
Total pot 30 | Rake 0 
Seat 1: chefchen99 (big blind) collected (30)
Seat 2: Tomar95 (button) folded before Flop (didn't bet)
Seat 3: Mahu2021 (small blind) folded before Flop



PokerStars Hand #253488417081: Tournament #3825473815, $1.84+$0.16 USD Hold'em No Limit - Level II (15/30) - 2024/11/20 11:15:56 CET [2024/11/20 5:15:56 ET]
Table '3825473815 1' 3-max Seat #3 is the button
Seat 1: chefchen99 (265 in chips) 
Seat 2: Tomar95 (710 in chips) 
Seat 3: Mahu2021 (525 in chips) 
chefchen99: posts small blind 15
Tomar95: posts big blind 30
*** HOLE CARDS ***
Dealt to Mahu2021 [Kh 4c]
Mahu2021: calls 30
chefchen99: calls 15
Tomar95: checks 
*** FLOP *** [Qs 2d As]
chefchen99: checks 
Tomar95: checks 
Mahu2021: checks 
*** TURN *** [Qs 2d As] [Qh]
chefchen99: checks 
Tomar95: bets 45
Mahu2021: folds 
chefchen99: folds 
Uncalled bet (45) returned to Tomar95
Tomar95 collected 90 from pot
Tomar95: doesn't show hand 
*** SUMMARY ***
Total pot 90 | Rake 0 
Board [Qs 2d As Qh]
Seat 1: chefchen99 (small blind) folded on the Turn
Seat 2: Tomar95 (big blind) collected (90)
Seat 3: Mahu2021 (button) folded on the Turn



PokerStars Hand #253488419295: Tournament #3825473815, $1.84+$0.16 USD Hold'em No Limit - Level II (15/30) - 2024/11/20 11:16:16 CET [2024/11/20 5:16:16 ET]
Table '3825473815 1' 3-max Seat #1 is the button
Seat 1: chefchen99 (235 in chips) 
Seat 2: Tomar95 (770 in chips) 
Seat 3: Mahu2021 (495 in chips) 
Tomar95: posts small blind 15
Mahu2021: posts big blind 30
*** HOLE CARDS ***
Dealt to Mahu2021 [7d 5d]
chefchen99: folds 
Tomar95: folds 
Uncalled bet (15) returned to Mahu2021
Mahu2021 collected 30 from pot
Mahu2021: doesn't show hand 
*** SUMMARY ***
Total pot 30 | Rake 0 
Seat 1: chefchen99 (button) folded before Flop (didn't bet)
Seat 2: Tomar95 (small blind) folded before Flop
Seat 3: Mahu2021 (big blind) collected (30)



PokerStars Hand #253488420015: Tournament #3825473815, $1.84+$0.16 USD Hold'em No Limit - Level II (15/30) - 2024/11/20 11:16:23 CET [2024/11/20 5:16:23 ET]
Table '3825473815 1' 3-max Seat #2 is the button
Seat 1: chefchen99 (235 in chips) 
Seat 2: Tomar95 (755 in chips) 
Seat 3: Mahu2021 (510 in chips) 
Mahu2021: posts small blind 15
chefchen99: posts big blind 30
*** HOLE CARDS ***
Dealt to Mahu2021 [4c 6s]
Tomar95: folds 
Mahu2021: folds 
Uncalled bet (15) returned to chefchen99
chefchen99 collected 30 from pot
chefchen99: doesn't show hand 
*** SUMMARY ***
Total pot 30 | Rake 0 
Seat 1: chefchen99 (big blind) collected (30)
Seat 2: Tomar95 (button) folded before Flop (didn't bet)
Seat 3: Mahu2021 (small blind) folded before Flop



PokerStars Hand #253488420721: Tournament #3825473815, $1.84+$0.16 USD Hold'em No Limit - Level II (15/30) - 2024/11/20 11:16:29 CET [2024/11/20 5:16:29 ET]
Table '3825473815 1' 3-max Seat #3 is the button
Seat 1: chefchen99 (250 in chips) 
Seat 2: Tomar95 (755 in chips) 
Seat 3: Mahu2021 (495 in chips) 
chefchen99: posts small blind 15
Tomar95: posts big blind 30
*** HOLE CARDS ***
Dealt to Mahu2021 [6c 7s]
Mahu2021: folds 
chefchen99: raises 30 to 60
Tomar95: folds 
Uncalled bet (30) returned to chefchen99
chefchen99 collected 60 from pot
chefchen99: doesn't show hand 
*** SUMMARY ***
Total pot 60 | Rake 0 
Seat 1: chefchen99 (small blind) collected (60)
Seat 2: Tomar95 (big blind) folded before Flop
Seat 3: Mahu2021 (button) folded before Flop (didn't bet)



PokerStars Hand #253488421768: Tournament #3825473815, $1.84+$0.16 USD Hold'em No Limit - Level II (15/30) - 2024/11/20 11:16:40 CET [2024/11/20 5:16:40 ET]
Table '3825473815 1' 3-max Seat #1 is the button
Seat 1: chefchen99 (280 in chips) 
Seat 2: Tomar95 (725 in chips) 
Seat 3: Mahu2021 (495 in chips) 
Tomar95: posts small blind 15
Mahu2021: posts big blind 30
*** HOLE CARDS ***
Dealt to Mahu2021 [9s Js]
chefchen99: folds 
Tomar95: calls 15
Mahu2021: raises 60 to 90
Tomar95: folds 
Uncalled bet (60) returned to Mahu2021
Mahu2021 collected 60 from pot
Mahu2021: doesn't show hand 
*** SUMMARY ***
Total pot 60 | Rake 0 
Seat 1: chefchen99 (button) folded before Flop (didn't bet)
Seat 2: Tomar95 (small blind) folded before Flop
Seat 3: Mahu2021 (big blind) collected (60)



PokerStars Hand #253488423275: Tournament #3825473815, $1.84+$0.16 USD Hold'em No Limit - Level II (15/30) - 2024/11/20 11:16:54 CET [2024/11/20 5:16:54 ET]
Table '3825473815 1' 3-max Seat #2 is the button
Seat 1: chefchen99 (280 in chips) 
Seat 2: Tomar95 (695 in chips) 
Seat 3: Mahu2021 (525 in chips) 
Mahu2021: posts small blind 15
chefchen99: posts big blind 30
*** HOLE CARDS ***
Dealt to Mahu2021 [2d 9c]
Tomar95: folds 
Mahu2021: folds 
Uncalled bet (15) returned to chefchen99
chefchen99 collected 30 from pot
chefchen99: doesn't show hand 
*** SUMMARY ***
Total pot 30 | Rake 0 
Seat 1: chefchen99 (big blind) collected (30)
Seat 2: Tomar95 (button) folded before Flop (didn't bet)
Seat 3: Mahu2021 (small blind) folded before Flop



PokerStars Hand #253488423823: Tournament #3825473815, $1.84+$0.16 USD Hold'em No Limit - Level II (15/30) - 2024/11/20 11:16:59 CET [2024/11/20 5:16:59 ET]
Table '3825473815 1' 3-max Seat #3 is the button
Seat 1: chefchen99 (295 in chips) 
Seat 2: Tomar95 (695 in chips) 
Seat 3: Mahu2021 (510 in chips) 
chefchen99: posts small blind 15
Tomar95: posts big blind 30
*** HOLE CARDS ***
Dealt to Mahu2021 [5h Qh]
Mahu2021: calls 30
chefchen99: raises 30 to 60
Tomar95: folds 
Mahu2021: calls 30
*** FLOP *** [As 5c 8s]
chefchen99: checks 
Mahu2021: bets 30
chefchen99: calls 30
*** TURN *** [As 5c 8s] [2h]
chefchen99: checks 
Mahu2021: bets 30
chefchen99: calls 30
*** RIVER *** [As 5c 8s 2h] [3s]
chefchen99: checks 
Mahu2021: checks 
*** SHOW DOWN ***
chefchen99: shows [8h 9h] (a pair of Eights)
Mahu2021: mucks hand 
chefchen99 collected 270 from pot
*** SUMMARY ***
Total pot 270 | Rake 0 
Board [As 5c 8s 2h 3s]
Seat 1: chefchen99 (small blind) showed [8h 9h] and won (270) with a pair of Eights
Seat 2: Tomar95 (big blind) folded before Flop
Seat 3: Mahu2021 (button) mucked [5h Qh]



PokerStars Hand #253488426955: Tournament #3825473815, $1.84+$0.16 USD Hold'em No Limit - Level II (15/30) - 2024/11/20 11:17:29 CET [2024/11/20 5:17:29 ET]
Table '3825473815 1' 3-max Seat #1 is the button
Seat 1: chefchen99 (445 in chips) 
Seat 2: Tomar95 (665 in chips) 
Seat 3: Mahu2021 (390 in chips) 
Tomar95: posts small blind 15
Mahu2021: posts big blind 30
*** HOLE CARDS ***
Dealt to Mahu2021 [Js 7d]
chefchen99: folds 
Tomar95: calls 15
Mahu2021: checks 
*** FLOP *** [9d Ah Ad]
Tomar95: bets 30
Mahu2021: folds 
Uncalled bet (30) returned to Tomar95
Tomar95 collected 60 from pot
Tomar95: doesn't show hand 
*** SUMMARY ***
Total pot 60 | Rake 0 
Board [9d Ah Ad]
Seat 1: chefchen99 (button) folded before Flop (didn't bet)
Seat 2: Tomar95 (small blind) collected (60)
Seat 3: Mahu2021 (big blind) folded on the Flop



PokerStars Hand #253488429015: Tournament #3825473815, $1.84+$0.16 USD Hold'em No Limit - Level II (15/30) - 2024/11/20 11:17:49 CET [2024/11/20 5:17:49 ET]
Table '3825473815 1' 3-max Seat #2 is the button
Seat 1: chefchen99 (445 in chips) 
Seat 2: Tomar95 (695 in chips) 
Seat 3: Mahu2021 (360 in chips) 
Mahu2021: posts small blind 15
chefchen99: posts big blind 30
*** HOLE CARDS ***
Dealt to Mahu2021 [2s Jd]
Tomar95: folds 
Mahu2021: folds 
Uncalled bet (15) returned to chefchen99
chefchen99 collected 30 from pot
chefchen99: doesn't show hand 
*** SUMMARY ***
Total pot 30 | Rake 0 
Seat 1: chefchen99 (big blind) collected (30)
Seat 2: Tomar95 (button) folded before Flop (didn't bet)
Seat 3: Mahu2021 (small blind) folded before Flop



PokerStars Hand #253488429458: Tournament #3825473815, $1.84+$0.16 USD Hold'em No Limit - Level II (15/30) - 2024/11/20 11:17:54 CET [2024/11/20 5:17:54 ET]
Table '3825473815 1' 3-max Seat #3 is the button
Seat 1: chefchen99 (460 in chips) 
Seat 2: Tomar95 (695 in chips) 
Seat 3: Mahu2021 (345 in chips) 
chefchen99: posts small blind 15
Tomar95: posts big blind 30
*** HOLE CARDS ***
Dealt to Mahu2021 [6d 6s]
Mahu2021: raises 30 to 60
chefchen99: calls 45
Tomar95: calls 30
*** FLOP *** [Tc 3s Ac]
chefchen99: checks 
Tomar95: checks 
Mahu2021: bets 60
chefchen99: folds 
Tomar95: folds 
Uncalled bet (60) returned to Mahu2021
Mahu2021 collected 180 from pot
Mahu2021: doesn't show hand 
*** SUMMARY ***
Total pot 180 | Rake 0 
Board [Tc 3s Ac]
Seat 1: chefchen99 (small blind) folded on the Flop
Seat 2: Tomar95 (big blind) folded on the Flop
Seat 3: Mahu2021 (button) collected (180)



PokerStars Hand #253488432595: Tournament #3825473815, $1.84+$0.16 USD Hold'em No Limit - Level II (15/30) - 2024/11/20 11:18:24 CET [2024/11/20 5:18:24 ET]
Table '3825473815 1' 3-max Seat #1 is the button
Seat 1: chefchen99 (400 in chips) 
Seat 2: Tomar95 (635 in chips) 
Seat 3: Mahu2021 (465 in chips) 
Tomar95: posts small blind 15
Mahu2021: posts big blind 30
*** HOLE CARDS ***
Dealt to Mahu2021 [3d 6h]
chefchen99: folds 
Tomar95: raises 605 to 635 and is all-in
Mahu2021: folds 
Uncalled bet (605) returned to Tomar95
Tomar95 collected 60 from pot
Tomar95: doesn't show hand 
*** SUMMARY ***
Total pot 60 | Rake 0 
Seat 1: chefchen99 (button) folded before Flop (didn't bet)
Seat 2: Tomar95 (small blind) collected (60)
Seat 3: Mahu2021 (big blind) folded before Flop



PokerStars Hand #253488433410: Tournament #3825473815, $1.84+$0.16 USD Hold'em No Limit - Level II (15/30) - 2024/11/20 11:18:32 CET [2024/11/20 5:18:32 ET]
Table '3825473815 1' 3-max Seat #2 is the button
Seat 1: chefchen99 (400 in chips) 
Seat 2: Tomar95 (665 in chips) 
Seat 3: Mahu2021 (435 in chips) 
Mahu2021: posts small blind 15
chefchen99: posts big blind 30
*** HOLE CARDS ***
Dealt to Mahu2021 [Tc Jh]
Tomar95: folds 
Mahu2021: raises 60 to 90
chefchen99: calls 60
*** FLOP *** [5c 6c Js]
Mahu2021: bets 345 and is all-in
chefchen99: folds 
Uncalled bet (345) returned to Mahu2021
Mahu2021 collected 180 from pot
Mahu2021: doesn't show hand 
*** SUMMARY ***
Total pot 180 | Rake 0 
Board [5c 6c Js]
Seat 1: chefchen99 (big blind) folded on the Flop
Seat 2: Tomar95 (button) folded before Flop (didn't bet)
Seat 3: Mahu2021 (small blind) collected (180)



PokerStars Hand #253488435850: Tournament #3825473815, $1.84+$0.16 USD Hold'em No Limit - Level III (20/40) - 2024/11/20 11:18:55 CET [2024/11/20 5:18:55 ET]
Table '3825473815 1' 3-max Seat #3 is the button
Seat 1: chefchen99 (310 in chips) 
Seat 2: Tomar95 (665 in chips) 
Seat 3: Mahu2021 (525 in chips) 
chefchen99: posts small blind 20
Tomar95: posts big blind 40
*** HOLE CARDS ***
Dealt to Mahu2021 [9d As]
Mahu2021: calls 40
chefchen99: calls 20
Tomar95: checks 
*** FLOP *** [Qh 2s 4c]
chefchen99: checks 
Tomar95: checks 
Mahu2021: checks 
*** TURN *** [Qh 2s 4c] [8c]
chefchen99: checks 
Tomar95: checks 
Mahu2021: checks 
*** RIVER *** [Qh 2s 4c 8c] [Td]
chefchen99: checks 
Tomar95: checks 
Mahu2021: checks 
*** SHOW DOWN ***
chefchen99: shows [7c 9h] (high card Queen)
Tomar95: mucks hand 
Mahu2021: shows [9d As] (high card Ace)
Mahu2021 collected 120 from pot
*** SUMMARY ***
Total pot 120 | Rake 0 
Board [Qh 2s 4c 8c Td]
Seat 1: chefchen99 (small blind) showed [7c 9h] and lost with high card Queen
Seat 2: Tomar95 (big blind) mucked [7s 6c]
Seat 3: Mahu2021 (button) showed [9d As] and won (120) with high card Ace



PokerStars Hand #253488439890: Tournament #3825473815, $1.84+$0.16 USD Hold'em No Limit - Level III (20/40) - 2024/11/20 11:19:35 CET [2024/11/20 5:19:35 ET]
Table '3825473815 1' 3-max Seat #1 is the button
Seat 1: chefchen99 (270 in chips) 
Seat 2: Tomar95 (625 in chips) 
Seat 3: Mahu2021 (605 in chips) 
Tomar95: posts small blind 20
Mahu2021: posts big blind 40
*** HOLE CARDS ***
Dealt to Mahu2021 [Td Tc]
chefchen99: folds 
Tomar95: folds 
Uncalled bet (20) returned to Mahu2021
Mahu2021 collected 40 from pot
Mahu2021: doesn't show hand 
*** SUMMARY ***
Total pot 40 | Rake 0 
Seat 1: chefchen99 (button) folded before Flop (didn't bet)
Seat 2: Tomar95 (small blind) folded before Flop
Seat 3: Mahu2021 (big blind) collected (40)



PokerStars Hand #253488440799: Tournament #3825473815, $1.84+$0.16 USD Hold'em No Limit - Level III (20/40) - 2024/11/20 11:19:44 CET [2024/11/20 5:19:44 ET]
Table '3825473815 1' 3-max Seat #2 is the button
Seat 1: chefchen99 (270 in chips) 
Seat 2: Tomar95 (605 in chips) 
Seat 3: Mahu2021 (625 in chips) 
Mahu2021: posts small blind 20
chefchen99: posts big blind 40
*** HOLE CARDS ***
Dealt to Mahu2021 [Qc Ts]
Tomar95: folds 
Mahu2021: raises 40 to 80
chefchen99: calls 40
*** FLOP *** [Js 9s 4s]
Mahu2021: bets 80
chefchen99: folds 
Uncalled bet (80) returned to Mahu2021
Mahu2021 collected 160 from pot
Mahu2021: doesn't show hand 
*** SUMMARY ***
Total pot 160 | Rake 0 
Board [Js 9s 4s]
Seat 1: chefchen99 (big blind) folded on the Flop
Seat 2: Tomar95 (button) folded before Flop (didn't bet)
Seat 3: Mahu2021 (small blind) collected (160)



PokerStars Hand #253488443361: Tournament #3825473815, $1.84+$0.16 USD Hold'em No Limit - Level III (20/40) - 2024/11/20 11:20:09 CET [2024/11/20 5:20:09 ET]
Table '3825473815 1' 3-max Seat #3 is the button
Seat 1: chefchen99 (190 in chips) 
Seat 2: Tomar95 (605 in chips) 
Seat 3: Mahu2021 (705 in chips) 
chefchen99: posts small blind 20
Tomar95: posts big blind 40
*** HOLE CARDS ***
Dealt to Mahu2021 [As 3s]
Mahu2021: calls 40
chefchen99: calls 20
Tomar95: raises 565 to 605 and is all-in
Mahu2021: folds 
chefchen99: folds 
Uncalled bet (565) returned to Tomar95
Tomar95 collected 120 from pot
Tomar95: doesn't show hand 
*** SUMMARY ***
Total pot 120 | Rake 0 
Seat 1: chefchen99 (small blind) folded before Flop
Seat 2: Tomar95 (big blind) collected (120)
Seat 3: Mahu2021 (button) folded before Flop



PokerStars Hand #253488445406: Tournament #3825473815, $1.84+$0.16 USD Hold'em No Limit - Level III (20/40) - 2024/11/20 11:20:29 CET [2024/11/20 5:20:29 ET]
Table '3825473815 1' 3-max Seat #1 is the button
Seat 1: chefchen99 (150 in chips) 
Seat 2: Tomar95 (685 in chips) 
Seat 3: Mahu2021 (665 in chips) 
Tomar95: posts small blind 20
Mahu2021: posts big blind 40
*** HOLE CARDS ***
Dealt to Mahu2021 [7h 3h]
chefchen99: raises 110 to 150 and is all-in
Tomar95: folds 
Mahu2021: folds 
Uncalled bet (110) returned to chefchen99
chefchen99 collected 100 from pot
chefchen99: doesn't show hand 
*** SUMMARY ***
Total pot 100 | Rake 0 
Seat 1: chefchen99 (button) collected (100)
Seat 2: Tomar95 (small blind) folded before Flop
Seat 3: Mahu2021 (big blind) folded before Flop



PokerStars Hand #253488446210: Tournament #3825473815, $1.84+$0.16 USD Hold'em No Limit - Level III (20/40) - 2024/11/20 11:20:37 CET [2024/11/20 5:20:37 ET]
Table '3825473815 1' 3-max Seat #2 is the button
Seat 1: chefchen99 (210 in chips) 
Seat 2: Tomar95 (665 in chips) 
Seat 3: Mahu2021 (625 in chips) 
Mahu2021: posts small blind 20
chefchen99: posts big blind 40
*** HOLE CARDS ***
Dealt to Mahu2021 [Tc 2d]
Tomar95: folds 
Mahu2021: folds 
Uncalled bet (20) returned to chefchen99
chefchen99 collected 40 from pot
chefchen99: doesn't show hand 
*** SUMMARY ***
Total pot 40 | Rake 0 
Seat 1: chefchen99 (big blind) collected (40)
Seat 2: Tomar95 (button) folded before Flop (didn't bet)
Seat 3: Mahu2021 (small blind) folded before Flop



PokerStars Hand #253488446728: Tournament #3825473815, $1.84+$0.16 USD Hold'em No Limit - Level III (20/40) - 2024/11/20 11:20:42 CET [2024/11/20 5:20:42 ET]
Table '3825473815 1' 3-max Seat #3 is the button
Seat 1: chefchen99 (230 in chips) 
Seat 2: Tomar95 (665 in chips) 
Seat 3: Mahu2021 (605 in chips) 
chefchen99: posts small blind 20
Tomar95: posts big blind 40
*** HOLE CARDS ***
Dealt to Mahu2021 [9c 5d]
Mahu2021: folds 
chefchen99: raises 190 to 230 and is all-in
Tomar95: calls 190
*** FLOP *** [Qd Ac 2h]
*** TURN *** [Qd Ac 2h] [Qs]
*** RIVER *** [Qd Ac 2h Qs] [7d]
*** SHOW DOWN ***
chefchen99: shows [As 4h] (two pair, Aces and Queens)
Tomar95: shows [Qh 6d] (three of a kind, Queens)
Tomar95 collected 460 from pot
chefchen99 finished the tournament in 3rd place
*** SUMMARY ***
Total pot 460 | Rake 0 
Board [Qd Ac 2h Qs 7d]
Seat 1: chefchen99 (small blind) showed [As 4h] and lost with two pair, Aces and Queens
Seat 2: Tomar95 (big blind) showed [Qh 6d] and won (460) with three of a kind, Queens
Seat 3: Mahu2021 (button) folded before Flop (didn't bet)



PokerStars Hand #253488448861: Tournament #3825473815, $1.84+$0.16 USD Hold'em No Limit - Level III (20/40) - 2024/11/20 11:21:02 CET [2024/11/20 5:21:02 ET]
Table '3825473815 1' 3-max Seat #2 is the button
Seat 2: Tomar95 (895 in chips) 
Seat 3: Mahu2021 (605 in chips) 
Tomar95: posts small blind 20
Mahu2021: posts big blind 40
*** HOLE CARDS ***
Dealt to Mahu2021 [3h Tc]
Tomar95: calls 20
Mahu2021: checks 
*** FLOP *** [4d 5d Qc]
Mahu2021: checks 
Tomar95: bets 40
Mahu2021: folds 
Uncalled bet (40) returned to Tomar95
Tomar95 collected 80 from pot
Tomar95: doesn't show hand 
*** SUMMARY ***
Total pot 80 | Rake 0 
Board [4d 5d Qc]
Seat 2: Tomar95 (button) (small blind) collected (80)
Seat 3: Mahu2021 (big blind) folded on the Flop



PokerStars Hand #253488449999: Tournament #3825473815, $1.84+$0.16 USD Hold'em No Limit - Level III (20/40) - 2024/11/20 11:21:13 CET [2024/11/20 5:21:13 ET]
Table '3825473815 1' 3-max Seat #3 is the button
Seat 2: Tomar95 (935 in chips) 
Seat 3: Mahu2021 (565 in chips) 
Mahu2021: posts small blind 20
Tomar95: posts big blind 40
*** HOLE CARDS ***
Dealt to Mahu2021 [2d As]
Mahu2021: raises 40 to 80
Tomar95: raises 855 to 935 and is all-in
Mahu2021: folds 
Uncalled bet (855) returned to Tomar95
Tomar95 collected 160 from pot
Tomar95: doesn't show hand 
*** SUMMARY ***
Total pot 160 | Rake 0 
Seat 2: Tomar95 (big blind) collected (160)
Seat 3: Mahu2021 (button) (small blind) folded before Flop



PokerStars Hand #253488450712: Tournament #3825473815, $1.84+$0.16 USD Hold'em No Limit - Level III (20/40) - 2024/11/20 11:21:21 CET [2024/11/20 5:21:21 ET]
Table '3825473815 1' 3-max Seat #2 is the button
Seat 2: Tomar95 (1015 in chips) 
Seat 3: Mahu2021 (485 in chips) 
Tomar95: posts small blind 20
Mahu2021: posts big blind 40
*** HOLE CARDS ***
Dealt to Mahu2021 [5s 7h]
Tomar95: calls 20
Mahu2021: checks 
*** FLOP *** [6s 4h Ah]
Mahu2021: checks 
Tomar95: bets 40
Mahu2021: raises 80 to 120
Tomar95: raises 855 to 975 and is all-in
Mahu2021: calls 325 and is all-in
Uncalled bet (530) returned to Tomar95
*** TURN *** [6s 4h Ah] [Qc]
*** RIVER *** [6s 4h Ah Qc] [3c]
*** SHOW DOWN ***
Mahu2021: shows [5s 7h] (a straight, Three to Seven)
Tomar95: shows [6h 4c] (two pair, Sixes and Fours)
Mahu2021 collected 970 from pot
*** SUMMARY ***
Total pot 970 | Rake 0 
Board [6s 4h Ah Qc 3c]
Seat 2: Tomar95 (button) (small blind) showed [6h 4c] and lost with two pair, Sixes and Fours
Seat 3: Mahu2021 (big blind) showed [5s 7h] and won (970) with a straight, Three to Seven



PokerStars Hand #253488453763: Tournament #3825473815, $1.84+$0.16 USD Hold'em No Limit - Level IV (30/60) - 2024/11/20 11:21:51 CET [2024/11/20 5:21:51 ET]
Table '3825473815 1' 3-max Seat #3 is the button
Seat 2: Tomar95 (530 in chips) 
Seat 3: Mahu2021 (970 in chips) 
Mahu2021: posts small blind 30
Tomar95: posts big blind 60
*** HOLE CARDS ***
Dealt to Mahu2021 [3c 4h]
Mahu2021: folds 
Uncalled bet (30) returned to Tomar95
Tomar95 collected 60 from pot
Tomar95: doesn't show hand 
*** SUMMARY ***
Total pot 60 | Rake 0 
Seat 2: Tomar95 (big blind) collected (60)
Seat 3: Mahu2021 (button) (small blind) folded before Flop



PokerStars Hand #253488454209: Tournament #3825473815, $1.84+$0.16 USD Hold'em No Limit - Level IV (30/60) - 2024/11/20 11:21:55 CET [2024/11/20 5:21:55 ET]
Table '3825473815 1' 3-max Seat #2 is the button
Seat 2: Tomar95 (560 in chips) 
Seat 3: Mahu2021 (940 in chips) 
Tomar95: posts small blind 30
Mahu2021: posts big blind 60
*** HOLE CARDS ***
Dealt to Mahu2021 [Kh Ts]
Tomar95: raises 500 to 560 and is all-in
Mahu2021: calls 500
*** FLOP *** [9h Js 4s]
*** TURN *** [9h Js 4s] [Kc]
*** RIVER *** [9h Js 4s Kc] [5c]
*** SHOW DOWN ***
Mahu2021: shows [Kh Ts] (a pair of Kings)
Tomar95: shows [6h Ad] (high card Ace)
Mahu2021 collected 1120 from pot
Tomar95 finished the tournament in 2nd place
Mahu2021 wins the tournament and receives $6.00 - congratulations!
*** SUMMARY ***
Total pot 1120 | Rake 0 
Board [9h Js 4s Kc 5c]
Seat 2: Tomar95 (button) (small blind) showed [6h Ad] and lost with high card Ace
Seat 3: Mahu2021 (big blind) showed [Kh Ts] and won (1120) with a pair of Kings



