PokerStars Hand #244336742531: Tournament #3606009288, $0.92+$0.08 USD Hold'em No Limit - Level I (10/20) - 2023/06/18 17:04:24 CET [2023/06/18 11:04:24 ET]
Table '3606009288 1' 3-max Seat #1 is the button
Seat 1: pokerinfadel (500 in chips) 
Seat 2: Mahu2021 (500 in chips) 
Seat 3: Slawomirek (500 in chips) 
Mahu2021: posts small blind 10
Slawomirek: posts big blind 20
*** HOLE CARDS ***
Dealt to Mahu2021 [Tc Ah]
pokerinfadel: raises 40 to 60
Mahu2021: calls 50
Slawomirek: calls 40
*** FLOP *** [Qh Qd Qc]
Mahu2021: checks 
Slawomirek: checks 
pokerinfadel: checks 
*** TURN *** [Qh Qd Qc] [Jc]
Mahu2021: checks 
Slawomirek: bets 20
pokerinfadel: folds 
Mahu2021: raises 100 to 120
Slawomirek: calls 100
*** RIVER *** [Qh Qd Qc Jc] [7h]
Mahu2021: checks 
Slawomirek: checks 
*** SHOW DOWN ***
Mahu2021: shows [Tc Ah] (three of a kind, Queens)
Slawomirek: shows [Td Js] (a full house, Queens full of Jacks)
Slawomirek collected 420 from pot
*** SUMMARY ***
Total pot 420 | Rake 0 
Board [Qh Qd Qc Jc 7h]
Seat 1: pokerinfadel (button) folded on the Turn
Seat 2: Mahu2021 (small blind) showed [Tc Ah] and lost with three of a kind, Queens
Seat 3: Slawomirek (big blind) showed [Td Js] and won (420) with a full house, Queens full of Jacks



PokerStars Hand #244336753032: Tournament #3606009288, $0.92+$0.08 USD Hold'em No Limit - Level I (10/20) - 2023/06/18 17:05:04 CET [2023/06/18 11:05:04 ET]
Table '3606009288 1' 3-max Seat #2 is the button
Seat 1: pokerinfadel (440 in chips) 
Seat 2: Mahu2021 (320 in chips) 
Seat 3: Slawomirek (740 in chips) 
Slawomirek: posts small blind 10
pokerinfadel: posts big blind 20
*** HOLE CARDS ***
Dealt to Mahu2021 [3d 6h]
Mahu2021: folds 
Slawomirek: calls 10
pokerinfadel: checks 
*** FLOP *** [Kd 7d 2d]
Slawomirek: bets 20
pokerinfadel: calls 20
*** TURN *** [Kd 7d 2d] [4d]
Slawomirek: bets 20
pokerinfadel: raises 100 to 120
Slawomirek: folds 
Uncalled bet (100) returned to pokerinfadel
pokerinfadel collected 120 from pot
pokerinfadel: doesn't show hand 
*** SUMMARY ***
Total pot 120 | Rake 0 
Board [Kd 7d 2d 4d]
Seat 1: pokerinfadel (big blind) collected (120)
Seat 2: Mahu2021 (button) folded before Flop (didn't bet)
Seat 3: Slawomirek (small blind) folded on the Turn



PokerStars Hand #244336758422: Tournament #3606009288, $0.92+$0.08 USD Hold'em No Limit - Level I (10/20) - 2023/06/18 17:05:24 CET [2023/06/18 11:05:24 ET]
Table '3606009288 1' 3-max Seat #3 is the button
Seat 1: pokerinfadel (500 in chips) 
Seat 2: Mahu2021 (320 in chips) 
Seat 3: Slawomirek (680 in chips) 
pokerinfadel: posts small blind 10
Mahu2021: posts big blind 20
*** HOLE CARDS ***
Dealt to Mahu2021 [Ks Ts]
Slawomirek: folds 
pokerinfadel: raises 40 to 60
Mahu2021: calls 40
*** FLOP *** [Qd 7d 3d]
pokerinfadel: checks 
Mahu2021: bets 60
pokerinfadel: calls 60
*** TURN *** [Qd 7d 3d] [8s]
pokerinfadel: checks 
Mahu2021: bets 200 and is all-in
pokerinfadel: calls 200
*** RIVER *** [Qd 7d 3d 8s] [Qh]
*** SHOW DOWN ***
pokerinfadel: shows [7h 9h] (two pair, Queens and Sevens)
Mahu2021: shows [Ks Ts] (a pair of Queens)
pokerinfadel collected 640 from pot
Mahu2021 finished the tournament in 3rd place
*** SUMMARY ***
Total pot 640 | Rake 0 
Board [Qd 7d 3d 8s Qh]
Seat 1: pokerinfadel (small blind) showed [7h 9h] and won (640) with two pair, Queens and Sevens
Seat 2: Mahu2021 (big blind) showed [Ks Ts] and lost with a pair of Queens
Seat 3: Slawomirek (button) folded before Flop (didn't bet)



