PokerStars Hand #253477476182: Tournament #3825228724, $1.84+$0.16 USD Hold'em No Limit - Level I (10/20) - 2024/11/19 18:08:09 CET [2024/11/19 12:08:09 ET]
Table '3825228724 1' 3-max Seat #1 is the button
Seat 1: websurfer278 (500 in chips) 
Seat 2: Mahu2021 (500 in chips) 
Seat 3: ricrockacdc (500 in chips) 
Mahu2021: posts small blind 10
ricrockacdc: posts big blind 20
*** HOLE CARDS ***
Dealt to Mahu2021 [Ks 5d]
websurfer278: folds 
Mahu2021: raises 20 to 40
ricrockacdc: calls 20
*** FLOP *** [Kc 2c 3h]
Mahu2021: bets 40
ricrockacdc: calls 40
*** TURN *** [Kc 2c 3h] [7h]
Mahu2021: bets 40
ricrockacdc: calls 40
*** RIVER *** [Kc 2c 3h 7h] [Jd]
Mahu2021: bets 40
ricrockacdc: folds 
Uncalled bet (40) returned to Mahu2021
Mahu2021 collected 240 from pot
Mahu2021: doesn't show hand 
*** SUMMARY ***
Total pot 240 | Rake 0 
Board [Kc 2c 3h 7h Jd]
Seat 1: websurfer278 (button) folded before Flop (didn't bet)
Seat 2: Mahu2021 (small blind) collected (240)
Seat 3: ricrockacdc (big blind) folded on the River



PokerStars Hand #253477483260: Tournament #3825228724, $1.84+$0.16 USD Hold'em No Limit - Level I (10/20) - 2024/11/19 18:08:42 CET [2024/11/19 12:08:42 ET]
Table '3825228724 1' 3-max Seat #2 is the button
Seat 1: websurfer278 (500 in chips) 
Seat 2: Mahu2021 (620 in chips) 
Seat 3: ricrockacdc (380 in chips) 
ricrockacdc: posts small blind 10
websurfer278: posts big blind 20
*** HOLE CARDS ***
Dealt to Mahu2021 [2s Tc]
Mahu2021: folds 
ricrockacdc: calls 10
websurfer278: raises 40 to 60
ricrockacdc: folds 
Uncalled bet (40) returned to websurfer278
websurfer278 collected 40 from pot
websurfer278: doesn't show hand 
*** SUMMARY ***
Total pot 40 | Rake 0 
Seat 1: websurfer278 (big blind) collected (40)
Seat 2: Mahu2021 (button) folded before Flop (didn't bet)
Seat 3: ricrockacdc (small blind) folded before Flop



PokerStars Hand #253477488177: Tournament #3825228724, $1.84+$0.16 USD Hold'em No Limit - Level I (10/20) - 2024/11/19 18:09:04 CET [2024/11/19 12:09:04 ET]
Table '3825228724 1' 3-max Seat #3 is the button
Seat 1: websurfer278 (520 in chips) 
Seat 2: Mahu2021 (620 in chips) 
Seat 3: ricrockacdc (360 in chips) 
websurfer278: posts small blind 10
Mahu2021: posts big blind 20
*** HOLE CARDS ***
Dealt to Mahu2021 [Ts 5c]
ricrockacdc: folds 
websurfer278: calls 10
Mahu2021: checks 
*** FLOP *** [8c 5h 6d]
websurfer278: checks 
Mahu2021: bets 20
websurfer278: folds 
Uncalled bet (20) returned to Mahu2021
Mahu2021 collected 40 from pot
Mahu2021: doesn't show hand 
*** SUMMARY ***
Total pot 40 | Rake 0 
Board [8c 5h 6d]
Seat 1: websurfer278 (small blind) folded on the Flop
Seat 2: Mahu2021 (big blind) collected (40)
Seat 3: ricrockacdc (button) folded before Flop (didn't bet)



PokerStars Hand #253477492475: Tournament #3825228724, $1.84+$0.16 USD Hold'em No Limit - Level I (10/20) - 2024/11/19 18:09:23 CET [2024/11/19 12:09:23 ET]
Table '3825228724 1' 3-max Seat #1 is the button
Seat 1: websurfer278 (500 in chips) 
Seat 2: Mahu2021 (640 in chips) 
Seat 3: ricrockacdc (360 in chips) 
Mahu2021: posts small blind 10
ricrockacdc: posts big blind 20
*** HOLE CARDS ***
Dealt to Mahu2021 [8d 9h]
websurfer278: calls 20
Mahu2021: calls 10
ricrockacdc: checks 
*** FLOP *** [9c 2d Jc]
Mahu2021: checks 
ricrockacdc: checks 
websurfer278: checks 
*** TURN *** [9c 2d Jc] [Ks]
Mahu2021: checks 
ricrockacdc: checks 
websurfer278: checks 
*** RIVER *** [9c 2d Jc Ks] [Kc]
Mahu2021: bets 20
ricrockacdc: calls 20
websurfer278: folds 
*** SHOW DOWN ***
Mahu2021: shows [8d 9h] (two pair, Kings and Nines)
ricrockacdc: mucks hand 
Mahu2021 collected 100 from pot
*** SUMMARY ***
Total pot 100 | Rake 0 
Board [9c 2d Jc Ks Kc]
Seat 1: websurfer278 (button) folded on the River
Seat 2: Mahu2021 (small blind) showed [8d 9h] and won (100) with two pair, Kings and Nines
Seat 3: ricrockacdc (big blind) mucked [5c 2s]



PokerStars Hand #253477501972: Tournament #3825228724, $1.84+$0.16 USD Hold'em No Limit - Level I (10/20) - 2024/11/19 18:10:07 CET [2024/11/19 12:10:07 ET]
Table '3825228724 1' 3-max Seat #2 is the button
Seat 1: websurfer278 (480 in chips) 
Seat 2: Mahu2021 (700 in chips) 
Seat 3: ricrockacdc (320 in chips) 
ricrockacdc: posts small blind 10
websurfer278: posts big blind 20
*** HOLE CARDS ***
Dealt to Mahu2021 [Td 9c]
Mahu2021: folds 
ricrockacdc: raises 20 to 40
websurfer278: calls 20
*** FLOP *** [6d 8d 8h]
ricrockacdc: bets 24
websurfer278: calls 24
*** TURN *** [6d 8d 8h] [4s]
ricrockacdc: checks 
websurfer278: bets 40
ricrockacdc: folds 
Uncalled bet (40) returned to websurfer278
websurfer278 collected 128 from pot
websurfer278: doesn't show hand 
*** SUMMARY ***
Total pot 128 | Rake 0 
Board [6d 8d 8h 4s]
Seat 1: websurfer278 (big blind) collected (128)
Seat 2: Mahu2021 (button) folded before Flop (didn't bet)
Seat 3: ricrockacdc (small blind) folded on the Turn



PokerStars Hand #253477508589: Tournament #3825228724, $1.84+$0.16 USD Hold'em No Limit - Level II (15/30) - 2024/11/19 18:10:36 CET [2024/11/19 12:10:36 ET]
Table '3825228724 1' 3-max Seat #3 is the button
Seat 1: websurfer278 (544 in chips) 
Seat 2: Mahu2021 (700 in chips) 
Seat 3: ricrockacdc (256 in chips) 
websurfer278: posts small blind 15
Mahu2021: posts big blind 30
*** HOLE CARDS ***
Dealt to Mahu2021 [Kc 2h]
ricrockacdc: folds 
websurfer278: calls 15
Mahu2021: checks 
*** FLOP *** [9s 3s 7c]
websurfer278: checks 
Mahu2021: checks 
*** TURN *** [9s 3s 7c] [Qh]
websurfer278: checks 
Mahu2021: checks 
*** RIVER *** [9s 3s 7c Qh] [8d]
websurfer278: checks 
Mahu2021: checks 
*** SHOW DOWN ***
websurfer278: shows [2d As] (high card Ace)
Mahu2021: mucks hand 
websurfer278 collected 60 from pot
*** SUMMARY ***
Total pot 60 | Rake 0 
Board [9s 3s 7c Qh 8d]
Seat 1: websurfer278 (small blind) showed [2d As] and won (60) with high card Ace
Seat 2: Mahu2021 (big blind) mucked [Kc 2h]
Seat 3: ricrockacdc (button) folded before Flop (didn't bet)



PokerStars Hand #253477512932: Tournament #3825228724, $1.84+$0.16 USD Hold'em No Limit - Level II (15/30) - 2024/11/19 18:10:55 CET [2024/11/19 12:10:55 ET]
Table '3825228724 1' 3-max Seat #1 is the button
Seat 1: websurfer278 (574 in chips) 
Seat 2: Mahu2021 (670 in chips) 
Seat 3: ricrockacdc (256 in chips) 
Mahu2021: posts small blind 15
ricrockacdc: posts big blind 30
*** HOLE CARDS ***
Dealt to Mahu2021 [Tc 2d]
websurfer278: folds 
Mahu2021: folds 
Uncalled bet (15) returned to ricrockacdc
ricrockacdc collected 30 from pot
ricrockacdc: doesn't show hand 
*** SUMMARY ***
Total pot 30 | Rake 0 
Seat 1: websurfer278 (button) folded before Flop (didn't bet)
Seat 2: Mahu2021 (small blind) folded before Flop
Seat 3: ricrockacdc (big blind) collected (30)



PokerStars Hand #253477514529: Tournament #3825228724, $1.84+$0.16 USD Hold'em No Limit - Level II (15/30) - 2024/11/19 18:11:02 CET [2024/11/19 12:11:02 ET]
Table '3825228724 1' 3-max Seat #2 is the button
Seat 1: websurfer278 (574 in chips) 
Seat 2: Mahu2021 (655 in chips) 
Seat 3: ricrockacdc (271 in chips) 
ricrockacdc: posts small blind 15
websurfer278: posts big blind 30
*** HOLE CARDS ***
Dealt to Mahu2021 [5c 6h]
Mahu2021: folds 
ricrockacdc: folds 
Uncalled bet (15) returned to websurfer278
websurfer278 collected 30 from pot
websurfer278: doesn't show hand 
*** SUMMARY ***
Total pot 30 | Rake 0 
Seat 1: websurfer278 (big blind) collected (30)
Seat 2: Mahu2021 (button) folded before Flop (didn't bet)
Seat 3: ricrockacdc (small blind) folded before Flop



PokerStars Hand #253477515910: Tournament #3825228724, $1.84+$0.16 USD Hold'em No Limit - Level II (15/30) - 2024/11/19 18:11:08 CET [2024/11/19 12:11:08 ET]
Table '3825228724 1' 3-max Seat #3 is the button
Seat 1: websurfer278 (589 in chips) 
Seat 2: Mahu2021 (655 in chips) 
Seat 3: ricrockacdc (256 in chips) 
websurfer278: posts small blind 15
Mahu2021: posts big blind 30
*** HOLE CARDS ***
Dealt to Mahu2021 [8c 4d]
ricrockacdc: raises 30 to 60
websurfer278: calls 45
Mahu2021: folds 
*** FLOP *** [7h 2h 6s]
websurfer278: checks 
ricrockacdc: bets 45
websurfer278: raises 75 to 120
ricrockacdc: raises 76 to 196 and is all-in
websurfer278: calls 76
*** TURN *** [7h 2h 6s] [8h]
*** RIVER *** [7h 2h 6s 8h] [Ac]
*** SHOW DOWN ***
websurfer278: shows [As Tc] (a pair of Aces)
ricrockacdc: shows [Kd Kh] (a pair of Kings)
websurfer278 collected 542 from pot
ricrockacdc finished the tournament in 3rd place
*** SUMMARY ***
Total pot 542 | Rake 0 
Board [7h 2h 6s 8h Ac]
Seat 1: websurfer278 (small blind) showed [As Tc] and won (542) with a pair of Aces
Seat 2: Mahu2021 (big blind) folded before Flop
Seat 3: ricrockacdc (button) showed [Kd Kh] and lost with a pair of Kings



PokerStars Hand #253477525206: Tournament #3825228724, $1.84+$0.16 USD Hold'em No Limit - Level II (15/30) - 2024/11/19 18:11:49 CET [2024/11/19 12:11:49 ET]
Table '3825228724 1' 3-max Seat #2 is the button
Seat 1: websurfer278 (875 in chips) 
Seat 2: Mahu2021 (625 in chips) 
Mahu2021: posts small blind 15
websurfer278: posts big blind 30
*** HOLE CARDS ***
Dealt to Mahu2021 [2h 2c]
Mahu2021: calls 15
websurfer278: checks 
*** FLOP *** [Th 7s Qd]
websurfer278: checks 
Mahu2021: bets 30
websurfer278: folds 
Uncalled bet (30) returned to Mahu2021
Mahu2021 collected 60 from pot
Mahu2021: doesn't show hand 
*** SUMMARY ***
Total pot 60 | Rake 0 
Board [Th 7s Qd]
Seat 1: websurfer278 (big blind) folded on the Flop
Seat 2: Mahu2021 (button) (small blind) collected (60)



PokerStars Hand #253477529145: Tournament #3825228724, $1.84+$0.16 USD Hold'em No Limit - Level II (15/30) - 2024/11/19 18:12:06 CET [2024/11/19 12:12:06 ET]
Table '3825228724 1' 3-max Seat #1 is the button
Seat 1: websurfer278 (845 in chips) 
Seat 2: Mahu2021 (655 in chips) 
websurfer278: posts small blind 15
Mahu2021: posts big blind 30
*** HOLE CARDS ***
Dealt to Mahu2021 [8c 6d]
websurfer278: calls 15
Mahu2021: checks 
*** FLOP *** [Js 5h Ts]
Mahu2021: checks 
websurfer278: bets 30
Mahu2021: folds 
Uncalled bet (30) returned to websurfer278
websurfer278 collected 60 from pot
websurfer278: doesn't show hand 
*** SUMMARY ***
Total pot 60 | Rake 0 
Board [Js 5h Ts]
Seat 1: websurfer278 (button) (small blind) collected (60)
Seat 2: Mahu2021 (big blind) folded on the Flop



PokerStars Hand #253477532473: Tournament #3825228724, $1.84+$0.16 USD Hold'em No Limit - Level III (20/40) - 2024/11/19 18:12:20 CET [2024/11/19 12:12:20 ET]
Table '3825228724 1' 3-max Seat #2 is the button
Seat 1: websurfer278 (875 in chips) 
Seat 2: Mahu2021 (625 in chips) 
Mahu2021: posts small blind 20
websurfer278: posts big blind 40
*** HOLE CARDS ***
Dealt to Mahu2021 [7c Kd]
Mahu2021: raises 40 to 80
websurfer278: calls 40
*** FLOP *** [9h 7d 5s]
websurfer278: checks 
Mahu2021: bets 80
websurfer278: folds 
Uncalled bet (80) returned to Mahu2021
Mahu2021 collected 160 from pot
Mahu2021: doesn't show hand 
*** SUMMARY ***
Total pot 160 | Rake 0 
Board [9h 7d 5s]
Seat 1: websurfer278 (big blind) folded on the Flop
Seat 2: Mahu2021 (button) (small blind) collected (160)



PokerStars Hand #253477537030: Tournament #3825228724, $1.84+$0.16 USD Hold'em No Limit - Level III (20/40) - 2024/11/19 18:12:40 CET [2024/11/19 12:12:40 ET]
Table '3825228724 1' 3-max Seat #1 is the button
Seat 1: websurfer278 (795 in chips) 
Seat 2: Mahu2021 (705 in chips) 
websurfer278: posts small blind 20
Mahu2021: posts big blind 40
*** HOLE CARDS ***
Dealt to Mahu2021 [Tc 7s]
websurfer278: folds 
Uncalled bet (20) returned to Mahu2021
Mahu2021 collected 40 from pot
Mahu2021: doesn't show hand 
*** SUMMARY ***
Total pot 40 | Rake 0 
Seat 1: websurfer278 (button) (small blind) folded before Flop
Seat 2: Mahu2021 (big blind) collected (40)



PokerStars Hand #253477538489: Tournament #3825228724, $1.84+$0.16 USD Hold'em No Limit - Level III (20/40) - 2024/11/19 18:12:47 CET [2024/11/19 12:12:47 ET]
Table '3825228724 1' 3-max Seat #2 is the button
Seat 1: websurfer278 (775 in chips) 
Seat 2: Mahu2021 (725 in chips) 
Mahu2021: posts small blind 20
websurfer278: posts big blind 40
*** HOLE CARDS ***
Dealt to Mahu2021 [9d 6h]
Mahu2021: folds 
Uncalled bet (20) returned to websurfer278
websurfer278 collected 40 from pot
websurfer278: doesn't show hand 
*** SUMMARY ***
Total pot 40 | Rake 0 
Seat 1: websurfer278 (big blind) collected (40)
Seat 2: Mahu2021 (button) (small blind) folded before Flop



PokerStars Hand #253477539435: Tournament #3825228724, $1.84+$0.16 USD Hold'em No Limit - Level III (20/40) - 2024/11/19 18:12:51 CET [2024/11/19 12:12:51 ET]
Table '3825228724 1' 3-max Seat #1 is the button
Seat 1: websurfer278 (795 in chips) 
Seat 2: Mahu2021 (705 in chips) 
websurfer278: posts small blind 20
Mahu2021: posts big blind 40
*** HOLE CARDS ***
Dealt to Mahu2021 [Jd Js]
websurfer278: folds 
Uncalled bet (20) returned to Mahu2021
Mahu2021 collected 40 from pot
Mahu2021: doesn't show hand 
*** SUMMARY ***
Total pot 40 | Rake 0 
Seat 1: websurfer278 (button) (small blind) folded before Flop
Seat 2: Mahu2021 (big blind) collected (40)



PokerStars Hand #253477540599: Tournament #3825228724, $1.84+$0.16 USD Hold'em No Limit - Level III (20/40) - 2024/11/19 18:12:56 CET [2024/11/19 12:12:56 ET]
Table '3825228724 1' 3-max Seat #2 is the button
Seat 1: websurfer278 (775 in chips) 
Seat 2: Mahu2021 (725 in chips) 
Mahu2021: posts small blind 20
websurfer278: posts big blind 40
*** HOLE CARDS ***
Dealt to Mahu2021 [5c Jd]
Mahu2021: raises 40 to 80
websurfer278: calls 40
*** FLOP *** [8h 6c Ad]
websurfer278: checks 
Mahu2021: bets 80
websurfer278: raises 615 to 695 and is all-in
Mahu2021: folds 
Uncalled bet (615) returned to websurfer278
websurfer278 collected 320 from pot
websurfer278: doesn't show hand 
*** SUMMARY ***
Total pot 320 | Rake 0 
Board [8h 6c Ad]
Seat 1: websurfer278 (big blind) collected (320)
Seat 2: Mahu2021 (button) (small blind) folded on the Flop



PokerStars Hand #253477544695: Tournament #3825228724, $1.84+$0.16 USD Hold'em No Limit - Level III (20/40) - 2024/11/19 18:13:14 CET [2024/11/19 12:13:14 ET]
Table '3825228724 1' 3-max Seat #1 is the button
Seat 1: websurfer278 (935 in chips) 
Seat 2: Mahu2021 (565 in chips) 
websurfer278: posts small blind 20
Mahu2021: posts big blind 40
*** HOLE CARDS ***
Dealt to Mahu2021 [Ac 5d]
websurfer278: calls 20
Mahu2021: checks 
*** FLOP *** [Jc Qh 5h]
Mahu2021: bets 40
websurfer278: calls 40
*** TURN *** [Jc Qh 5h] [3h]
Mahu2021: checks 
websurfer278: bets 40
Mahu2021: folds 
Uncalled bet (40) returned to websurfer278
websurfer278 collected 160 from pot
websurfer278: doesn't show hand 
*** SUMMARY ***
Total pot 160 | Rake 0 
Board [Jc Qh 5h 3h]
Seat 1: websurfer278 (button) (small blind) collected (160)
Seat 2: Mahu2021 (big blind) folded on the Turn



PokerStars Hand #253477548982: Tournament #3825228724, $1.84+$0.16 USD Hold'em No Limit - Level III (20/40) - 2024/11/19 18:13:33 CET [2024/11/19 12:13:33 ET]
Table '3825228724 1' 3-max Seat #2 is the button
Seat 1: websurfer278 (1015 in chips) 
Seat 2: Mahu2021 (485 in chips) 
Mahu2021: posts small blind 20
websurfer278: posts big blind 40
*** HOLE CARDS ***
Dealt to Mahu2021 [3h 8d]
Mahu2021: folds 
Uncalled bet (20) returned to websurfer278
websurfer278 collected 40 from pot
websurfer278: doesn't show hand 
*** SUMMARY ***
Total pot 40 | Rake 0 
Seat 1: websurfer278 (big blind) collected (40)
Seat 2: Mahu2021 (button) (small blind) folded before Flop



PokerStars Hand #253477549907: Tournament #3825228724, $1.84+$0.16 USD Hold'em No Limit - Level III (20/40) - 2024/11/19 18:13:38 CET [2024/11/19 12:13:38 ET]
Table '3825228724 1' 3-max Seat #1 is the button
Seat 1: websurfer278 (1035 in chips) 
Seat 2: Mahu2021 (465 in chips) 
websurfer278: posts small blind 20
Mahu2021: posts big blind 40
*** HOLE CARDS ***
Dealt to Mahu2021 [Ah 2c]
websurfer278: raises 40 to 80
Mahu2021: folds 
Uncalled bet (40) returned to websurfer278
websurfer278 collected 80 from pot
websurfer278: doesn't show hand 
*** SUMMARY ***
Total pot 80 | Rake 0 
Seat 1: websurfer278 (button) (small blind) collected (80)
Seat 2: Mahu2021 (big blind) folded before Flop



PokerStars Hand #253477551782: Tournament #3825228724, $1.84+$0.16 USD Hold'em No Limit - Level III (20/40) - 2024/11/19 18:13:45 CET [2024/11/19 12:13:45 ET]
Table '3825228724 1' 3-max Seat #2 is the button
Seat 1: websurfer278 (1075 in chips) 
Seat 2: Mahu2021 (425 in chips) 
Mahu2021: posts small blind 20
websurfer278: posts big blind 40
*** HOLE CARDS ***
Dealt to Mahu2021 [4s Js]
Mahu2021: raises 40 to 80
websurfer278: calls 40
*** FLOP *** [9d Jh As]
websurfer278: checks 
Mahu2021: bets 80
websurfer278: folds 
Uncalled bet (80) returned to Mahu2021
Mahu2021 collected 160 from pot
Mahu2021: doesn't show hand 
*** SUMMARY ***
Total pot 160 | Rake 0 
Board [9d Jh As]
Seat 1: websurfer278 (big blind) folded on the Flop
Seat 2: Mahu2021 (button) (small blind) collected (160)



PokerStars Hand #253477555170: Tournament #3825228724, $1.84+$0.16 USD Hold'em No Limit - Level III (20/40) - 2024/11/19 18:14:01 CET [2024/11/19 12:14:01 ET]
Table '3825228724 1' 3-max Seat #1 is the button
Seat 1: websurfer278 (995 in chips) 
Seat 2: Mahu2021 (505 in chips) 
websurfer278: posts small blind 20
Mahu2021: posts big blind 40
*** HOLE CARDS ***
Dealt to Mahu2021 [Jc 9s]
websurfer278: folds 
Uncalled bet (20) returned to Mahu2021
Mahu2021 collected 40 from pot
Mahu2021: doesn't show hand 
*** SUMMARY ***
Total pot 40 | Rake 0 
Seat 1: websurfer278 (button) (small blind) folded before Flop
Seat 2: Mahu2021 (big blind) collected (40)



PokerStars Hand #253477558668: Tournament #3825228724, $1.84+$0.16 USD Hold'em No Limit - Level IV (30/60) - 2024/11/19 18:14:16 CET [2024/11/19 12:14:16 ET]
Table '3825228724 1' 3-max Seat #2 is the button
Seat 1: websurfer278 (975 in chips) 
Seat 2: Mahu2021 (525 in chips) 
Mahu2021: posts small blind 30
websurfer278: posts big blind 60
*** HOLE CARDS ***
Dealt to Mahu2021 [2d 4s]
Mahu2021: folds 
Uncalled bet (30) returned to websurfer278
websurfer278 collected 60 from pot
websurfer278: doesn't show hand 
*** SUMMARY ***
Total pot 60 | Rake 0 
Seat 1: websurfer278 (big blind) collected (60)
Seat 2: Mahu2021 (button) (small blind) folded before Flop



PokerStars Hand #253477559589: Tournament #3825228724, $1.84+$0.16 USD Hold'em No Limit - Level IV (30/60) - 2024/11/19 18:14:20 CET [2024/11/19 12:14:20 ET]
Table '3825228724 1' 3-max Seat #1 is the button
Seat 1: websurfer278 (1005 in chips) 
Seat 2: Mahu2021 (495 in chips) 
websurfer278: posts small blind 30
Mahu2021: posts big blind 60
*** HOLE CARDS ***
Dealt to Mahu2021 [Tc 4d]
websurfer278: calls 30
Mahu2021: checks 
*** FLOP *** [9h Qs Jh]
Mahu2021: checks 
websurfer278: checks 
*** TURN *** [9h Qs Jh] [Qd]
Mahu2021: checks 
websurfer278: checks 
*** RIVER *** [9h Qs Jh Qd] [7s]
Mahu2021: checks 
websurfer278: checks 
*** SHOW DOWN ***
Mahu2021: shows [Tc 4d] (a pair of Queens)
websurfer278: mucks hand 
Mahu2021 collected 120 from pot
*** SUMMARY ***
Total pot 120 | Rake 0 
Board [9h Qs Jh Qd 7s]
Seat 1: websurfer278 (button) (small blind) mucked [5s 8s]
Seat 2: Mahu2021 (big blind) showed [Tc 4d] and won (120) with a pair of Queens



PokerStars Hand #253477565683: Tournament #3825228724, $1.84+$0.16 USD Hold'em No Limit - Level IV (30/60) - 2024/11/19 18:14:47 CET [2024/11/19 12:14:47 ET]
Table '3825228724 1' 3-max Seat #2 is the button
Seat 1: websurfer278 (945 in chips) 
Seat 2: Mahu2021 (555 in chips) 
Mahu2021: posts small blind 30
websurfer278: posts big blind 60
*** HOLE CARDS ***
Dealt to Mahu2021 [8h Td]
Mahu2021: calls 30
websurfer278: checks 
*** FLOP *** [Qd 3h 6c]
websurfer278: checks 
Mahu2021: checks 
*** TURN *** [Qd 3h 6c] [7c]
websurfer278: checks 
Mahu2021: bets 60
websurfer278: folds 
Uncalled bet (60) returned to Mahu2021
Mahu2021 collected 120 from pot
Mahu2021: doesn't show hand 
*** SUMMARY ***
Total pot 120 | Rake 0 
Board [Qd 3h 6c 7c]
Seat 1: websurfer278 (big blind) folded on the Turn
Seat 2: Mahu2021 (button) (small blind) collected (120)



PokerStars Hand #253477570652: Tournament #3825228724, $1.84+$0.16 USD Hold'em No Limit - Level IV (30/60) - 2024/11/19 18:15:08 CET [2024/11/19 12:15:08 ET]
Table '3825228724 1' 3-max Seat #1 is the button
Seat 1: websurfer278 (885 in chips) 
Seat 2: Mahu2021 (615 in chips) 
websurfer278: posts small blind 30
Mahu2021: posts big blind 60
*** HOLE CARDS ***
Dealt to Mahu2021 [2c 7s]
websurfer278: raises 60 to 120
Mahu2021: folds 
Uncalled bet (60) returned to websurfer278
websurfer278 collected 120 from pot
websurfer278: doesn't show hand 
*** SUMMARY ***
Total pot 120 | Rake 0 
Seat 1: websurfer278 (button) (small blind) collected (120)
Seat 2: Mahu2021 (big blind) folded before Flop



PokerStars Hand #253477572053: Tournament #3825228724, $1.84+$0.16 USD Hold'em No Limit - Level IV (30/60) - 2024/11/19 18:15:14 CET [2024/11/19 12:15:14 ET]
Table '3825228724 1' 3-max Seat #2 is the button
Seat 1: websurfer278 (945 in chips) 
Seat 2: Mahu2021 (555 in chips) 
Mahu2021: posts small blind 30
websurfer278: posts big blind 60
*** HOLE CARDS ***
Dealt to Mahu2021 [5d 7d]
Mahu2021: calls 30
websurfer278: checks 
*** FLOP *** [7c 3s 4s]
websurfer278: bets 60
Mahu2021: calls 60
*** TURN *** [7c 3s 4s] [2d]
websurfer278: bets 120
Mahu2021: calls 120
*** RIVER *** [7c 3s 4s 2d] [5h]
websurfer278: bets 480
Mahu2021: calls 315 and is all-in
Uncalled bet (165) returned to websurfer278
*** SHOW DOWN ***
websurfer278: shows [6s 3h] (a straight, Three to Seven)
Mahu2021: shows [5d 7d] (two pair, Sevens and Fives)
websurfer278 collected 1110 from pot
Mahu2021 finished the tournament in 2nd place
websurfer278 wins the tournament and receives $4.00 - congratulations!
*** SUMMARY ***
Total pot 1110 | Rake 0 
Board [7c 3s 4s 2d 5h]
Seat 1: websurfer278 (big blind) showed [6s 3h] and won (1110) with a straight, Three to Seven
Seat 2: Mahu2021 (button) (small blind) showed [5d 7d] and lost with two pair, Sevens and Fives



