PokerStars Hand #253358036922: Tournament #3822470739, $4.60+$0.40 USD Hold'em No Limit - Level I (10/20) - 2024/11/11 16:17:02 CET [2024/11/11 10:17:02 ET]
Table '3822470739 1' 3-max Seat #1 is the button
Seat 1: Mahu2021 (500 in chips) 
Seat 2: SiTNiK32167 (500 in chips) 
Seat 3: Nrsike91 (500 in chips) 
SiTNiK32167: posts small blind 10
Nrsike91: posts big blind 20
*** HOLE CARDS ***
Dealt to Mahu2021 [5c 2s]
Mahu2021: folds 
SiTNiK32167: raises 20 to 40
Nrsike91: calls 20
*** FLOP *** [Ts Ad Td]
SiTNiK32167: bets 40
Nrsike91: folds 
Uncalled bet (40) returned to SiTNiK32167
SiTNiK32167 collected 80 from pot
SiTNiK32167: doesn't show hand 
*** SUMMARY ***
Total pot 80 | Rake 0 
Board [Ts Ad Td]
Seat 1: Mahu2021 (button) folded before Flop (didn't bet)
Seat 2: SiTNiK32167 (small blind) collected (80)
Seat 3: Nrsike91 (big blind) folded on the Flop



PokerStars Hand #253358038937: Tournament #3822470739, $4.60+$0.40 USD Hold'em No Limit - Level I (10/20) - 2024/11/11 16:17:12 CET [2024/11/11 10:17:12 ET]
Table '3822470739 1' 3-max Seat #2 is the button
Seat 1: Mahu2021 (500 in chips) 
Seat 2: SiTNiK32167 (540 in chips) 
Seat 3: Nrsike91 (460 in chips) 
Nrsike91: posts small blind 10
Mahu2021: posts big blind 20
*** HOLE CARDS ***
Dealt to Mahu2021 [Tc 4c]
SiTNiK32167: folds 
Nrsike91: calls 10
Mahu2021: checks 
*** FLOP *** [Qs 8d 7d]
Nrsike91: checks 
Mahu2021: checks 
*** TURN *** [Qs 8d 7d] [5s]
Nrsike91: checks 
Mahu2021: checks 
*** RIVER *** [Qs 8d 7d 5s] [3c]
Nrsike91: bets 40
Mahu2021: folds 
Uncalled bet (40) returned to Nrsike91
Nrsike91 collected 40 from pot
Nrsike91: doesn't show hand 
*** SUMMARY ***
Total pot 40 | Rake 0 
Board [Qs 8d 7d 5s 3c]
Seat 1: Mahu2021 (big blind) folded on the River
Seat 2: SiTNiK32167 (button) folded before Flop (didn't bet)
Seat 3: Nrsike91 (small blind) collected (40)



PokerStars Hand #253358041505: Tournament #3822470739, $4.60+$0.40 USD Hold'em No Limit - Level I (10/20) - 2024/11/11 16:17:25 CET [2024/11/11 10:17:25 ET]
Table '3822470739 1' 3-max Seat #3 is the button
Seat 1: Mahu2021 (480 in chips) 
Seat 2: SiTNiK32167 (540 in chips) 
Seat 3: Nrsike91 (480 in chips) 
Mahu2021: posts small blind 10
SiTNiK32167: posts big blind 20
*** HOLE CARDS ***
Dealt to Mahu2021 [Th 6h]
Nrsike91: calls 20
Mahu2021: calls 10
SiTNiK32167: checks 
*** FLOP *** [3h 2h 2c]
Mahu2021: checks 
SiTNiK32167: checks 
Nrsike91: checks 
*** TURN *** [3h 2h 2c] [4d]
Mahu2021: checks 
SiTNiK32167: bets 20
Nrsike91: calls 20
Mahu2021: calls 20
*** RIVER *** [3h 2h 2c 4d] [3s]
Mahu2021: checks 
SiTNiK32167: checks 
Nrsike91: checks 
*** SHOW DOWN ***
Mahu2021: shows [Th 6h] (two pair, Threes and Deuces)
SiTNiK32167: shows [4s 8c] (two pair, Fours and Threes)
Nrsike91: mucks hand 
SiTNiK32167 collected 120 from pot
*** SUMMARY ***
Total pot 120 | Rake 0 
Board [3h 2h 2c 4d 3s]
Seat 1: Mahu2021 (small blind) showed [Th 6h] and lost with two pair, Threes and Deuces
Seat 2: SiTNiK32167 (big blind) showed [4s 8c] and won (120) with two pair, Fours and Threes
Seat 3: Nrsike91 (button) mucked [Ad 6c]



PokerStars Hand #253358044828: Tournament #3822470739, $4.60+$0.40 USD Hold'em No Limit - Level I (10/20) - 2024/11/11 16:17:42 CET [2024/11/11 10:17:42 ET]
Table '3822470739 1' 3-max Seat #1 is the button
Seat 1: Mahu2021 (440 in chips) 
Seat 2: SiTNiK32167 (620 in chips) 
Seat 3: Nrsike91 (440 in chips) 
SiTNiK32167: posts small blind 10
Nrsike91: posts big blind 20
*** HOLE CARDS ***
Dealt to Mahu2021 [Qh 7c]
Mahu2021: raises 20 to 40
SiTNiK32167: folds 
Nrsike91: calls 20
*** FLOP *** [4c 8d 3d]
Nrsike91: checks 
Mahu2021: checks 
*** TURN *** [4c 8d 3d] [7s]
Nrsike91: checks 
Mahu2021: bets 40
Nrsike91: calls 40
*** RIVER *** [4c 8d 3d 7s] [3h]
Nrsike91: bets 170
Mahu2021: folds 
Uncalled bet (170) returned to Nrsike91
Nrsike91 collected 170 from pot
Nrsike91: doesn't show hand 
*** SUMMARY ***
Total pot 170 | Rake 0 
Board [4c 8d 3d 7s 3h]
Seat 1: Mahu2021 (button) folded on the River
Seat 2: SiTNiK32167 (small blind) folded before Flop
Seat 3: Nrsike91 (big blind) collected (170)



PokerStars Hand #253358048628: Tournament #3822470739, $4.60+$0.40 USD Hold'em No Limit - Level I (10/20) - 2024/11/11 16:18:01 CET [2024/11/11 10:18:01 ET]
Table '3822470739 1' 3-max Seat #2 is the button
Seat 1: Mahu2021 (360 in chips) 
Seat 2: SiTNiK32167 (610 in chips) 
Seat 3: Nrsike91 (530 in chips) 
Nrsike91: posts small blind 10
Mahu2021: posts big blind 20
*** HOLE CARDS ***
Dealt to Mahu2021 [4s 6d]
SiTNiK32167: raises 20 to 40
Nrsike91: calls 30
Mahu2021: folds 
*** FLOP *** [Ts 2h Tc]
Nrsike91: checks 
SiTNiK32167: checks 
*** TURN *** [Ts 2h Tc] [4h]
Nrsike91: checks 
SiTNiK32167: checks 
*** RIVER *** [Ts 2h Tc 4h] [7d]
Nrsike91: bets 100
SiTNiK32167: folds 
Uncalled bet (100) returned to Nrsike91
Nrsike91 collected 100 from pot
Nrsike91: doesn't show hand 
*** SUMMARY ***
Total pot 100 | Rake 0 
Board [Ts 2h Tc 4h 7d]
Seat 1: Mahu2021 (big blind) folded before Flop
Seat 2: SiTNiK32167 (button) folded on the River
Seat 3: Nrsike91 (small blind) collected (100)



PokerStars Hand #253358051707: Tournament #3822470739, $4.60+$0.40 USD Hold'em No Limit - Level I (10/20) - 2024/11/11 16:18:16 CET [2024/11/11 10:18:16 ET]
Table '3822470739 1' 3-max Seat #3 is the button
Seat 1: Mahu2021 (340 in chips) 
Seat 2: SiTNiK32167 (570 in chips) 
Seat 3: Nrsike91 (590 in chips) 
Mahu2021: posts small blind 10
SiTNiK32167: posts big blind 20
*** HOLE CARDS ***
Dealt to Mahu2021 [5s 2h]
Nrsike91: calls 20
Mahu2021: folds 
SiTNiK32167: checks 
*** FLOP *** [3d 4h 8d]
SiTNiK32167: checks 
Nrsike91: checks 
*** TURN *** [3d 4h 8d] [Qs]
SiTNiK32167: checks 
Nrsike91: checks 
*** RIVER *** [3d 4h 8d Qs] [2s]
SiTNiK32167: checks 
Nrsike91: checks 
*** SHOW DOWN ***
SiTNiK32167: shows [9d 2c] (a pair of Deuces)
Nrsike91: mucks hand 
SiTNiK32167 collected 50 from pot
*** SUMMARY ***
Total pot 50 | Rake 0 
Board [3d 4h 8d Qs 2s]
Seat 1: Mahu2021 (small blind) folded before Flop
Seat 2: SiTNiK32167 (big blind) showed [9d 2c] and won (50) with a pair of Deuces
Seat 3: Nrsike91 (button) mucked [7s 6d]



PokerStars Hand #253358054493: Tournament #3822470739, $4.60+$0.40 USD Hold'em No Limit - Level I (10/20) - 2024/11/11 16:18:30 CET [2024/11/11 10:18:30 ET]
Table '3822470739 1' 3-max Seat #1 is the button
Seat 1: Mahu2021 (330 in chips) 
Seat 2: SiTNiK32167 (600 in chips) 
Seat 3: Nrsike91 (570 in chips) 
SiTNiK32167: posts small blind 10
Nrsike91: posts big blind 20
*** HOLE CARDS ***
Dealt to Mahu2021 [Kc 6c]
Mahu2021: raises 20 to 40
SiTNiK32167: folds 
Nrsike91: calls 20
*** FLOP *** [2c 4d 3s]
Nrsike91: bets 90
Mahu2021: folds 
Uncalled bet (90) returned to Nrsike91
Nrsike91 collected 90 from pot
Nrsike91: doesn't show hand 
*** SUMMARY ***
Total pot 90 | Rake 0 
Board [2c 4d 3s]
Seat 1: Mahu2021 (button) folded on the Flop
Seat 2: SiTNiK32167 (small blind) folded before Flop
Seat 3: Nrsike91 (big blind) collected (90)



PokerStars Hand #253358056531: Tournament #3822470739, $4.60+$0.40 USD Hold'em No Limit - Level I (10/20) - 2024/11/11 16:18:40 CET [2024/11/11 10:18:40 ET]
Table '3822470739 1' 3-max Seat #2 is the button
Seat 1: Mahu2021 (290 in chips) 
Seat 2: SiTNiK32167 (590 in chips) 
Seat 3: Nrsike91 (620 in chips) 
Nrsike91: posts small blind 10
Mahu2021: posts big blind 20
*** HOLE CARDS ***
Dealt to Mahu2021 [9h Kh]
SiTNiK32167: folds 
Nrsike91: calls 10
Mahu2021: raises 60 to 80
Nrsike91: calls 60
*** FLOP *** [Ts 3h 9c]
Nrsike91: checks 
Mahu2021: bets 210 and is all-in
Nrsike91: calls 210
*** TURN *** [Ts 3h 9c] [5s]
*** RIVER *** [Ts 3h 9c 5s] [7h]
*** SHOW DOWN ***
Nrsike91: shows [Jh 8h] (a straight, Seven to Jack)
Mahu2021: shows [9h Kh] (a pair of Nines)
Nrsike91 collected 580 from pot
Mahu2021 finished the tournament in 3rd place
*** SUMMARY ***
Total pot 580 | Rake 0 
Board [Ts 3h 9c 5s 7h]
Seat 1: Mahu2021 (big blind) showed [9h Kh] and lost with a pair of Nines
Seat 2: SiTNiK32167 (button) folded before Flop (didn't bet)
Seat 3: Nrsike91 (small blind) showed [Jh 8h] and won (580) with a straight, Seven to Jack



