PokerStars Hand #254699988523: Tournament #3855034332, $4.60+$0.40 USD Hold'em No Limit - Level I (10/20) - 2025/02/04 9:48:30 CET [2025/02/04 3:48:30 ET]
Table '3855034332 1' 3-max Seat #1 is the button
Seat 1: mini mad bob (500 in chips) 
Seat 2: Mahu2021 (500 in chips) 
Seat 3: sakis_groovy (500 in chips) 
Mahu2021: posts small blind 10
sakis_groovy: posts big blind 20
*** HOLE CARDS ***
Dealt to Mahu2021 [6d 4h]
mini mad bob: folds 
Mahu2021: folds 
Uncalled bet (10) returned to sakis_groovy
sakis_groovy collected 20 from pot
sakis_groovy: doesn't show hand 
*** SUMMARY ***
Total pot 20 | Rake 0 
Seat 1: mini mad bob (button) folded before Flop (didn't bet)
Seat 2: Mahu2021 (small blind) folded before Flop
Seat 3: sakis_groovy (big blind) collected (20)



PokerStars Hand #254699988863: Tournament #3855034332, $4.60+$0.40 USD Hold'em No Limit - Level I (10/20) - 2025/02/04 9:48:34 CET [2025/02/04 3:48:34 ET]
Table '3855034332 1' 3-max Seat #2 is the button
Seat 1: mini mad bob (500 in chips) 
Seat 2: Mahu2021 (490 in chips) 
Seat 3: sakis_groovy (510 in chips) 
sakis_groovy: posts small blind 10
mini mad bob: posts big blind 20
*** HOLE CARDS ***
Dealt to Mahu2021 [8h Qd]
Mahu2021: folds 
sakis_groovy: folds 
Uncalled bet (10) returned to mini mad bob
mini mad bob collected 20 from pot
*** SUMMARY ***
Total pot 20 | Rake 0 
Seat 1: mini mad bob (big blind) collected (20)
Seat 2: Mahu2021 (button) folded before Flop (didn't bet)
Seat 3: sakis_groovy (small blind) folded before Flop



PokerStars Hand #254699990246: Tournament #3855034332, $4.60+$0.40 USD Hold'em No Limit - Level I (10/20) - 2025/02/04 9:48:50 CET [2025/02/04 3:48:50 ET]
Table '3855034332 1' 3-max Seat #3 is the button
Seat 1: mini mad bob (510 in chips) 
Seat 2: Mahu2021 (490 in chips) 
Seat 3: sakis_groovy (500 in chips) 
mini mad bob: posts small blind 10
Mahu2021: posts big blind 20
*** HOLE CARDS ***
Dealt to Mahu2021 [3d Th]
sakis_groovy: raises 20 to 40
mini mad bob: folds 
Mahu2021: folds 
Uncalled bet (20) returned to sakis_groovy
sakis_groovy collected 50 from pot
sakis_groovy: doesn't show hand 
*** SUMMARY ***
Total pot 50 | Rake 0 
Seat 1: mini mad bob (small blind) folded before Flop
Seat 2: Mahu2021 (big blind) folded before Flop
Seat 3: sakis_groovy (button) collected (50)



PokerStars Hand #254699991085: Tournament #3855034332, $4.60+$0.40 USD Hold'em No Limit - Level I (10/20) - 2025/02/04 9:49:00 CET [2025/02/04 3:49:00 ET]
Table '3855034332 1' 3-max Seat #1 is the button
Seat 1: mini mad bob (500 in chips) 
Seat 2: Mahu2021 (470 in chips) 
Seat 3: sakis_groovy (530 in chips) 
Mahu2021: posts small blind 10
sakis_groovy: posts big blind 20
*** HOLE CARDS ***
Dealt to Mahu2021 [5d Qs]
mini mad bob: folds 
Mahu2021: folds 
Uncalled bet (10) returned to sakis_groovy
sakis_groovy collected 20 from pot
sakis_groovy: doesn't show hand 
*** SUMMARY ***
Total pot 20 | Rake 0 
Seat 1: mini mad bob (button) folded before Flop (didn't bet)
Seat 2: Mahu2021 (small blind) folded before Flop
Seat 3: sakis_groovy (big blind) collected (20)



PokerStars Hand #254699991502: Tournament #3855034332, $4.60+$0.40 USD Hold'em No Limit - Level I (10/20) - 2025/02/04 9:49:05 CET [2025/02/04 3:49:05 ET]
Table '3855034332 1' 3-max Seat #2 is the button
Seat 1: mini mad bob (500 in chips) 
Seat 2: Mahu2021 (460 in chips) 
Seat 3: sakis_groovy (540 in chips) 
sakis_groovy: posts small blind 10
mini mad bob: posts big blind 20
*** HOLE CARDS ***
Dealt to Mahu2021 [3c Jc]
Mahu2021: folds 
sakis_groovy: raises 20 to 40
mini mad bob: folds 
Uncalled bet (20) returned to sakis_groovy
sakis_groovy collected 40 from pot
sakis_groovy: doesn't show hand 
*** SUMMARY ***
Total pot 40 | Rake 0 
Seat 1: mini mad bob (big blind) folded before Flop
Seat 2: Mahu2021 (button) folded before Flop (didn't bet)
Seat 3: sakis_groovy (small blind) collected (40)



PokerStars Hand #254699992199: Tournament #3855034332, $4.60+$0.40 USD Hold'em No Limit - Level I (10/20) - 2025/02/04 9:49:14 CET [2025/02/04 3:49:14 ET]
Table '3855034332 1' 3-max Seat #3 is the button
Seat 1: mini mad bob (480 in chips) 
Seat 2: Mahu2021 (460 in chips) 
Seat 3: sakis_groovy (560 in chips) 
mini mad bob: posts small blind 10
Mahu2021: posts big blind 20
*** HOLE CARDS ***
Dealt to Mahu2021 [Tc 6s]
sakis_groovy: raises 20 to 40
mini mad bob: raises 60 to 100
Mahu2021: folds 
sakis_groovy: calls 60
*** FLOP *** [8d 9d Ah]
mini mad bob: bets 100
sakis_groovy: raises 360 to 460 and is all-in
mini mad bob: calls 280 and is all-in
Uncalled bet (80) returned to sakis_groovy
*** TURN *** [8d 9d Ah] [9h]
*** RIVER *** [8d 9d Ah 9h] [4s]
*** SHOW DOWN ***
mini mad bob: shows [2d 5d] (a pair of Nines)
sakis_groovy: shows [6d Ad] (two pair, Aces and Nines)
sakis_groovy collected 980 from pot
mini mad bob finished the tournament in 3rd place
*** SUMMARY ***
Total pot 980 | Rake 0 
Board [8d 9d Ah 9h 4s]
Seat 1: mini mad bob (small blind) showed [2d 5d] and lost with a pair of Nines
Seat 2: Mahu2021 (big blind) folded before Flop
Seat 3: sakis_groovy (button) showed [6d Ad] and won (980) with two pair, Aces and Nines



PokerStars Hand #254699995535: Tournament #3855034332, $4.60+$0.40 USD Hold'em No Limit - Level I (10/20) - 2025/02/04 9:49:53 CET [2025/02/04 3:49:53 ET]
Table '3855034332 1' 3-max Seat #2 is the button
Seat 2: Mahu2021 (440 in chips) 
Seat 3: sakis_groovy (1060 in chips) 
Mahu2021: posts small blind 10
sakis_groovy: posts big blind 20
*** HOLE CARDS ***
Dealt to Mahu2021 [Qc 7h]
Mahu2021: calls 10
sakis_groovy: checks 
*** FLOP *** [2h 3c 3h]
sakis_groovy: checks 
Mahu2021: checks 
*** TURN *** [2h 3c 3h] [Qd]
sakis_groovy: checks 
Mahu2021: checks 
*** RIVER *** [2h 3c 3h Qd] [Jd]
sakis_groovy: bets 20
Mahu2021: calls 20
*** SHOW DOWN ***
sakis_groovy: shows [8h Jc] (two pair, Jacks and Threes)
Mahu2021: shows [Qc 7h] (two pair, Queens and Threes)
Mahu2021 collected 80 from pot
*** SUMMARY ***
Total pot 80 | Rake 0 
Board [2h 3c 3h Qd Jd]
Seat 2: Mahu2021 (button) (small blind) showed [Qc 7h] and won (80) with two pair, Queens and Threes
Seat 3: sakis_groovy (big blind) showed [8h Jc] and lost with two pair, Jacks and Threes



PokerStars Hand #254699997288: Tournament #3855034332, $4.60+$0.40 USD Hold'em No Limit - Level I (10/20) - 2025/02/04 9:50:14 CET [2025/02/04 3:50:14 ET]
Table '3855034332 1' 3-max Seat #3 is the button
Seat 2: Mahu2021 (480 in chips) 
Seat 3: sakis_groovy (1020 in chips) 
sakis_groovy: posts small blind 10
Mahu2021: posts big blind 20
*** HOLE CARDS ***
Dealt to Mahu2021 [Qs Td]
sakis_groovy: folds 
Uncalled bet (10) returned to Mahu2021
Mahu2021 collected 20 from pot
Mahu2021: doesn't show hand 
*** SUMMARY ***
Total pot 20 | Rake 0 
Seat 2: Mahu2021 (big blind) collected (20)
Seat 3: sakis_groovy (button) (small blind) folded before Flop



PokerStars Hand #254699997897: Tournament #3855034332, $4.60+$0.40 USD Hold'em No Limit - Level I (10/20) - 2025/02/04 9:50:21 CET [2025/02/04 3:50:21 ET]
Table '3855034332 1' 3-max Seat #2 is the button
Seat 2: Mahu2021 (490 in chips) 
Seat 3: sakis_groovy (1010 in chips) 
Mahu2021: posts small blind 10
sakis_groovy: posts big blind 20
*** HOLE CARDS ***
Dealt to Mahu2021 [8h Th]
Mahu2021: raises 20 to 40
sakis_groovy: calls 20
*** FLOP *** [8c Jh Qh]
sakis_groovy: checks 
Mahu2021: checks 
*** TURN *** [8c Jh Qh] [6s]
sakis_groovy: checks 
Mahu2021: checks 
*** RIVER *** [8c Jh Qh 6s] [6c]
sakis_groovy: bets 20
Mahu2021: calls 20
*** SHOW DOWN ***
sakis_groovy: shows [7s Qd] (two pair, Queens and Sixes)
Mahu2021: mucks hand 
sakis_groovy collected 120 from pot
*** SUMMARY ***
Total pot 120 | Rake 0 
Board [8c Jh Qh 6s 6c]
Seat 2: Mahu2021 (button) (small blind) mucked [8h Th]
Seat 3: sakis_groovy (big blind) showed [7s Qd] and won (120) with two pair, Queens and Sixes



PokerStars Hand #254699999419: Tournament #3855034332, $4.60+$0.40 USD Hold'em No Limit - Level II (15/30) - 2025/02/04 9:50:39 CET [2025/02/04 3:50:39 ET]
Table '3855034332 1' 3-max Seat #3 is the button
Seat 2: Mahu2021 (430 in chips) 
Seat 3: sakis_groovy (1070 in chips) 
sakis_groovy: posts small blind 15
Mahu2021: posts big blind 30
*** HOLE CARDS ***
Dealt to Mahu2021 [Qs Th]
sakis_groovy: calls 15
Mahu2021: checks 
*** FLOP *** [Ah Ts Qd]
Mahu2021: checks 
sakis_groovy: bets 60
Mahu2021: raises 340 to 400 and is all-in
sakis_groovy: calls 340
*** TURN *** [Ah Ts Qd] [9c]
*** RIVER *** [Ah Ts Qd 9c] [6h]
*** SHOW DOWN ***
Mahu2021: shows [Qs Th] (two pair, Queens and Tens)
sakis_groovy: shows [Js 9s] (a pair of Nines)
Mahu2021 collected 860 from pot
*** SUMMARY ***
Total pot 860 | Rake 0 
Board [Ah Ts Qd 9c 6h]
Seat 2: Mahu2021 (big blind) showed [Qs Th] and won (860) with two pair, Queens and Tens
Seat 3: sakis_groovy (button) (small blind) showed [Js 9s] and lost with a pair of Nines



PokerStars Hand #254700001306: Tournament #3855034332, $4.60+$0.40 USD Hold'em No Limit - Level II (15/30) - 2025/02/04 9:51:02 CET [2025/02/04 3:51:02 ET]
Table '3855034332 1' 3-max Seat #2 is the button
Seat 2: Mahu2021 (860 in chips) 
Seat 3: sakis_groovy (640 in chips) 
Mahu2021: posts small blind 15
sakis_groovy: posts big blind 30
*** HOLE CARDS ***
Dealt to Mahu2021 [6c Qs]
Mahu2021: folds 
Uncalled bet (15) returned to sakis_groovy
sakis_groovy collected 30 from pot
sakis_groovy: doesn't show hand 
*** SUMMARY ***
Total pot 30 | Rake 0 
Seat 2: Mahu2021 (button) (small blind) folded before Flop
Seat 3: sakis_groovy (big blind) collected (30)



PokerStars Hand #254700001877: Tournament #3855034332, $4.60+$0.40 USD Hold'em No Limit - Level II (15/30) - 2025/02/04 9:51:08 CET [2025/02/04 3:51:08 ET]
Table '3855034332 1' 3-max Seat #3 is the button
Seat 2: Mahu2021 (845 in chips) 
Seat 3: sakis_groovy (655 in chips) 
sakis_groovy: posts small blind 15
Mahu2021: posts big blind 30
*** HOLE CARDS ***
Dealt to Mahu2021 [3d 4d]
sakis_groovy: calls 15
Mahu2021: checks 
*** FLOP *** [Ks Jc 9d]
Mahu2021: checks 
sakis_groovy: checks 
*** TURN *** [Ks Jc 9d] [8d]
Mahu2021: checks 
sakis_groovy: checks 
*** RIVER *** [Ks Jc 9d 8d] [3h]
Mahu2021: bets 30
sakis_groovy: folds 
Uncalled bet (30) returned to Mahu2021
Mahu2021 collected 60 from pot
Mahu2021: doesn't show hand 
*** SUMMARY ***
Total pot 60 | Rake 0 
Board [Ks Jc 9d 8d 3h]
Seat 2: Mahu2021 (big blind) collected (60)
Seat 3: sakis_groovy (button) (small blind) folded on the River



PokerStars Hand #254700002893: Tournament #3855034332, $4.60+$0.40 USD Hold'em No Limit - Level II (15/30) - 2025/02/04 9:51:20 CET [2025/02/04 3:51:20 ET]
Table '3855034332 1' 3-max Seat #2 is the button
Seat 2: Mahu2021 (875 in chips) 
Seat 3: sakis_groovy (625 in chips) 
Mahu2021: posts small blind 15
sakis_groovy: posts big blind 30
*** HOLE CARDS ***
Dealt to Mahu2021 [6h 4c]
Mahu2021: folds 
Uncalled bet (15) returned to sakis_groovy
sakis_groovy collected 30 from pot
sakis_groovy: doesn't show hand 
*** SUMMARY ***
Total pot 30 | Rake 0 
Seat 2: Mahu2021 (button) (small blind) folded before Flop
Seat 3: sakis_groovy (big blind) collected (30)



PokerStars Hand #254700003302: Tournament #3855034332, $4.60+$0.40 USD Hold'em No Limit - Level II (15/30) - 2025/02/04 9:51:25 CET [2025/02/04 3:51:25 ET]
Table '3855034332 1' 3-max Seat #3 is the button
Seat 2: Mahu2021 (860 in chips) 
Seat 3: sakis_groovy (640 in chips) 
sakis_groovy: posts small blind 15
Mahu2021: posts big blind 30
*** HOLE CARDS ***
Dealt to Mahu2021 [Jh Qc]
sakis_groovy: raises 30 to 60
Mahu2021: calls 30
*** FLOP *** [Qh 2d 2h]
Mahu2021: checks 
sakis_groovy: bets 120
Mahu2021: raises 680 to 800 and is all-in
sakis_groovy: folds 
Uncalled bet (680) returned to Mahu2021
Mahu2021 collected 360 from pot
Mahu2021: doesn't show hand 
*** SUMMARY ***
Total pot 360 | Rake 0 
Board [Qh 2d 2h]
Seat 2: Mahu2021 (big blind) collected (360)
Seat 3: sakis_groovy (button) (small blind) folded on the Flop



PokerStars Hand #254700004366: Tournament #3855034332, $4.60+$0.40 USD Hold'em No Limit - Level II (15/30) - 2025/02/04 9:51:38 CET [2025/02/04 3:51:38 ET]
Table '3855034332 1' 3-max Seat #2 is the button
Seat 2: Mahu2021 (1040 in chips) 
Seat 3: sakis_groovy (460 in chips) 
Mahu2021: posts small blind 15
sakis_groovy: posts big blind 30
*** HOLE CARDS ***
Dealt to Mahu2021 [Tc 6s]
Mahu2021: folds 
Uncalled bet (15) returned to sakis_groovy
sakis_groovy collected 30 from pot
sakis_groovy: doesn't show hand 
*** SUMMARY ***
Total pot 30 | Rake 0 
Seat 2: Mahu2021 (button) (small blind) folded before Flop
Seat 3: sakis_groovy (big blind) collected (30)



PokerStars Hand #254700004757: Tournament #3855034332, $4.60+$0.40 USD Hold'em No Limit - Level II (15/30) - 2025/02/04 9:51:42 CET [2025/02/04 3:51:42 ET]
Table '3855034332 1' 3-max Seat #3 is the button
Seat 2: Mahu2021 (1025 in chips) 
Seat 3: sakis_groovy (475 in chips) 
sakis_groovy: posts small blind 15
Mahu2021: posts big blind 30
*** HOLE CARDS ***
Dealt to Mahu2021 [Ah 6s]
sakis_groovy: folds 
Uncalled bet (15) returned to Mahu2021
Mahu2021 collected 30 from pot
Mahu2021: doesn't show hand 
*** SUMMARY ***
Total pot 30 | Rake 0 
Seat 2: Mahu2021 (big blind) collected (30)
Seat 3: sakis_groovy (button) (small blind) folded before Flop



PokerStars Hand #254700005140: Tournament #3855034332, $4.60+$0.40 USD Hold'em No Limit - Level II (15/30) - 2025/02/04 9:51:47 CET [2025/02/04 3:51:47 ET]
Table '3855034332 1' 3-max Seat #2 is the button
Seat 2: Mahu2021 (1040 in chips) 
Seat 3: sakis_groovy (460 in chips) 
Mahu2021: posts small blind 15
sakis_groovy: posts big blind 30
*** HOLE CARDS ***
Dealt to Mahu2021 [Js Kh]
Mahu2021: raises 30 to 60
sakis_groovy: calls 30
*** FLOP *** [8c As Ts]
sakis_groovy: checks 
Mahu2021: checks 
*** TURN *** [8c As Ts] [Tc]
sakis_groovy: checks 
Mahu2021: checks 
*** RIVER *** [8c As Ts Tc] [8h]
sakis_groovy: bets 60
Mahu2021: folds 
Uncalled bet (60) returned to sakis_groovy
sakis_groovy collected 120 from pot
sakis_groovy: doesn't show hand 
*** SUMMARY ***
Total pot 120 | Rake 0 
Board [8c As Ts Tc 8h]
Seat 2: Mahu2021 (button) (small blind) folded on the River
Seat 3: sakis_groovy (big blind) collected (120)



PokerStars Hand #254700006281: Tournament #3855034332, $4.60+$0.40 USD Hold'em No Limit - Level II (15/30) - 2025/02/04 9:52:01 CET [2025/02/04 3:52:01 ET]
Table '3855034332 1' 3-max Seat #3 is the button
Seat 2: Mahu2021 (980 in chips) 
Seat 3: sakis_groovy (520 in chips) 
sakis_groovy: posts small blind 15
Mahu2021: posts big blind 30
*** HOLE CARDS ***
Dealt to Mahu2021 [Ah 4s]
sakis_groovy: calls 15
Mahu2021: checks 
*** FLOP *** [Th 7c 9h]
Mahu2021: checks 
sakis_groovy: checks 
*** TURN *** [Th 7c 9h] [3d]
Mahu2021: checks 
sakis_groovy: checks 
*** RIVER *** [Th 7c 9h 3d] [6c]
Mahu2021: checks 
sakis_groovy: checks 
*** SHOW DOWN ***
Mahu2021: shows [Ah 4s] (high card Ace)
sakis_groovy: shows [Kd 3s] (a pair of Threes)
sakis_groovy collected 60 from pot
*** SUMMARY ***
Total pot 60 | Rake 0 
Board [Th 7c 9h 3d 6c]
Seat 2: Mahu2021 (big blind) showed [Ah 4s] and lost with high card Ace
Seat 3: sakis_groovy (button) (small blind) showed [Kd 3s] and won (60) with a pair of Threes



PokerStars Hand #254700007212: Tournament #3855034332, $4.60+$0.40 USD Hold'em No Limit - Level II (15/30) - 2025/02/04 9:52:12 CET [2025/02/04 3:52:12 ET]
Table '3855034332 1' 3-max Seat #2 is the button
Seat 2: Mahu2021 (950 in chips) 
Seat 3: sakis_groovy (550 in chips) 
Mahu2021: posts small blind 15
sakis_groovy: posts big blind 30
*** HOLE CARDS ***
Dealt to Mahu2021 [Qh 2d]
Mahu2021: calls 15
sakis_groovy: raises 30 to 60
Mahu2021: calls 30
*** FLOP *** [Qc 2c 5d]
sakis_groovy: checks 
Mahu2021: checks 
*** TURN *** [Qc 2c 5d] [Qs]
sakis_groovy: checks 
Mahu2021: checks 
*** RIVER *** [Qc 2c 5d Qs] [7d]
sakis_groovy: bets 60
Mahu2021: raises 180 to 240
sakis_groovy: folds 
Uncalled bet (180) returned to Mahu2021
Mahu2021 collected 240 from pot
Mahu2021: doesn't show hand 
*** SUMMARY ***
Total pot 240 | Rake 0 
Board [Qc 2c 5d Qs 7d]
Seat 2: Mahu2021 (button) (small blind) collected (240)
Seat 3: sakis_groovy (big blind) folded on the River



PokerStars Hand #254700009283: Tournament #3855034332, $4.60+$0.40 USD Hold'em No Limit - Level III (20/40) - 2025/02/04 9:52:36 CET [2025/02/04 3:52:36 ET]
Table '3855034332 1' 3-max Seat #3 is the button
Seat 2: Mahu2021 (1070 in chips) 
Seat 3: sakis_groovy (430 in chips) 
sakis_groovy: posts small blind 20
Mahu2021: posts big blind 40
*** HOLE CARDS ***
Dealt to Mahu2021 [Jc Td]
sakis_groovy: calls 20
Mahu2021: checks 
*** FLOP *** [4s Ts Jh]
Mahu2021: checks 
sakis_groovy: bets 40
Mahu2021: calls 40
*** TURN *** [4s Ts Jh] [4c]
Mahu2021: checks 
sakis_groovy: bets 40
Mahu2021: calls 40
*** RIVER *** [4s Ts Jh 4c] [8h]
Mahu2021: checks 
sakis_groovy: checks 
*** SHOW DOWN ***
Mahu2021: shows [Jc Td] (two pair, Jacks and Tens)
sakis_groovy: mucks hand 
Mahu2021 collected 240 from pot
*** SUMMARY ***
Total pot 240 | Rake 0 
Board [4s Ts Jh 4c 8h]
Seat 2: Mahu2021 (big blind) showed [Jc Td] and won (240) with two pair, Jacks and Tens
Seat 3: sakis_groovy (button) (small blind) mucked [3s Ks]



PokerStars Hand #254700010412: Tournament #3855034332, $4.60+$0.40 USD Hold'em No Limit - Level III (20/40) - 2025/02/04 9:52:50 CET [2025/02/04 3:52:50 ET]
Table '3855034332 1' 3-max Seat #2 is the button
Seat 2: Mahu2021 (1190 in chips) 
Seat 3: sakis_groovy (310 in chips) 
Mahu2021: posts small blind 20
sakis_groovy: posts big blind 40
*** HOLE CARDS ***
Dealt to Mahu2021 [Jd Kh]
Mahu2021: raises 1150 to 1190 and is all-in
sakis_groovy: calls 270 and is all-in
Uncalled bet (880) returned to Mahu2021
*** FLOP *** [Qc 3h Ts]
*** TURN *** [Qc 3h Ts] [Td]
*** RIVER *** [Qc 3h Ts Td] [Th]
*** SHOW DOWN ***
sakis_groovy: shows [Qh Ad] (a full house, Tens full of Queens)
Mahu2021: shows [Jd Kh] (three of a kind, Tens)
sakis_groovy collected 620 from pot
*** SUMMARY ***
Total pot 620 | Rake 0 
Board [Qc 3h Ts Td Th]
Seat 2: Mahu2021 (button) (small blind) showed [Jd Kh] and lost with three of a kind, Tens
Seat 3: sakis_groovy (big blind) showed [Qh Ad] and won (620) with a full house, Tens full of Queens



PokerStars Hand #254700011596: Tournament #3855034332, $4.60+$0.40 USD Hold'em No Limit - Level III (20/40) - 2025/02/04 9:53:04 CET [2025/02/04 3:53:04 ET]
Table '3855034332 1' 3-max Seat #3 is the button
Seat 2: Mahu2021 (880 in chips) 
Seat 3: sakis_groovy (620 in chips) 
sakis_groovy: posts small blind 20
Mahu2021: posts big blind 40
*** HOLE CARDS ***
Dealt to Mahu2021 [2h Ks]
sakis_groovy: calls 20
Mahu2021: checks 
*** FLOP *** [7c 9h As]
Mahu2021: checks 
sakis_groovy: checks 
*** TURN *** [7c 9h As] [Jc]
Mahu2021: checks 
sakis_groovy: checks 
*** RIVER *** [7c 9h As Jc] [Kd]
Mahu2021: checks 
sakis_groovy: bets 40
Mahu2021: calls 40
*** SHOW DOWN ***
sakis_groovy: shows [Th Jd] (a pair of Jacks)
Mahu2021: shows [2h Ks] (a pair of Kings)
Mahu2021 collected 160 from pot
*** SUMMARY ***
Total pot 160 | Rake 0 
Board [7c 9h As Jc Kd]
Seat 2: Mahu2021 (big blind) showed [2h Ks] and won (160) with a pair of Kings
Seat 3: sakis_groovy (button) (small blind) showed [Th Jd] and lost with a pair of Jacks



PokerStars Hand #254700012735: Tournament #3855034332, $4.60+$0.40 USD Hold'em No Limit - Level III (20/40) - 2025/02/04 9:53:18 CET [2025/02/04 3:53:18 ET]
Table '3855034332 1' 3-max Seat #2 is the button
Seat 2: Mahu2021 (960 in chips) 
Seat 3: sakis_groovy (540 in chips) 
Mahu2021: posts small blind 20
sakis_groovy: posts big blind 40
*** HOLE CARDS ***
Dealt to Mahu2021 [9c 2s]
Mahu2021: folds 
Uncalled bet (20) returned to sakis_groovy
sakis_groovy collected 40 from pot
sakis_groovy: doesn't show hand 
*** SUMMARY ***
Total pot 40 | Rake 0 
Seat 2: Mahu2021 (button) (small blind) folded before Flop
Seat 3: sakis_groovy (big blind) collected (40)



PokerStars Hand #254700013286: Tournament #3855034332, $4.60+$0.40 USD Hold'em No Limit - Level III (20/40) - 2025/02/04 9:53:24 CET [2025/02/04 3:53:24 ET]
Table '3855034332 1' 3-max Seat #3 is the button
Seat 2: Mahu2021 (940 in chips) 
Seat 3: sakis_groovy (560 in chips) 
sakis_groovy: posts small blind 20
Mahu2021: posts big blind 40
*** HOLE CARDS ***
Dealt to Mahu2021 [2h Td]
sakis_groovy: folds 
Uncalled bet (20) returned to Mahu2021
Mahu2021 collected 40 from pot
Mahu2021: doesn't show hand 
*** SUMMARY ***
Total pot 40 | Rake 0 
Seat 2: Mahu2021 (big blind) collected (40)
Seat 3: sakis_groovy (button) (small blind) folded before Flop



PokerStars Hand #254700013704: Tournament #3855034332, $4.60+$0.40 USD Hold'em No Limit - Level III (20/40) - 2025/02/04 9:53:29 CET [2025/02/04 3:53:29 ET]
Table '3855034332 1' 3-max Seat #2 is the button
Seat 2: Mahu2021 (960 in chips) 
Seat 3: sakis_groovy (540 in chips) 
Mahu2021: posts small blind 20
sakis_groovy: posts big blind 40
*** HOLE CARDS ***
Dealt to Mahu2021 [Tc Qh]
Mahu2021: raises 40 to 80
sakis_groovy: folds 
Uncalled bet (40) returned to Mahu2021
Mahu2021 collected 80 from pot
Mahu2021: doesn't show hand 
*** SUMMARY ***
Total pot 80 | Rake 0 
Seat 2: Mahu2021 (button) (small blind) collected (80)
Seat 3: sakis_groovy (big blind) folded before Flop



PokerStars Hand #254700014205: Tournament #3855034332, $4.60+$0.40 USD Hold'em No Limit - Level III (20/40) - 2025/02/04 9:53:35 CET [2025/02/04 3:53:35 ET]
Table '3855034332 1' 3-max Seat #3 is the button
Seat 2: Mahu2021 (1000 in chips) 
Seat 3: sakis_groovy (500 in chips) 
sakis_groovy: posts small blind 20
Mahu2021: posts big blind 40
*** HOLE CARDS ***
Dealt to Mahu2021 [2s Js]
sakis_groovy: raises 40 to 80
Mahu2021: calls 40
*** FLOP *** [6c Jh 5s]
Mahu2021: bets 920 and is all-in
sakis_groovy: folds 
Uncalled bet (920) returned to Mahu2021
Mahu2021 collected 160 from pot
Mahu2021: doesn't show hand 
*** SUMMARY ***
Total pot 160 | Rake 0 
Board [6c Jh 5s]
Seat 2: Mahu2021 (big blind) collected (160)
Seat 3: sakis_groovy (button) (small blind) folded on the Flop



PokerStars Hand #254700015002: Tournament #3855034332, $4.60+$0.40 USD Hold'em No Limit - Level III (20/40) - 2025/02/04 9:53:45 CET [2025/02/04 3:53:45 ET]
Table '3855034332 1' 3-max Seat #2 is the button
Seat 2: Mahu2021 (1080 in chips) 
Seat 3: sakis_groovy (420 in chips) 
Mahu2021: posts small blind 20
sakis_groovy: posts big blind 40
*** HOLE CARDS ***
Dealt to Mahu2021 [5h 7h]
Mahu2021: calls 20
sakis_groovy: checks 
*** FLOP *** [8c 9d Jd]
sakis_groovy: checks 
Mahu2021: checks 
*** TURN *** [8c 9d Jd] [9h]
sakis_groovy: checks 
Mahu2021: checks 
*** RIVER *** [8c 9d Jd 9h] [As]
sakis_groovy: checks 
Mahu2021: bets 40
sakis_groovy: calls 40
*** SHOW DOWN ***
Mahu2021: shows [5h 7h] (a pair of Nines)
sakis_groovy: shows [3d 8s] (two pair, Nines and Eights)
sakis_groovy collected 160 from pot
*** SUMMARY ***
Total pot 160 | Rake 0 
Board [8c 9d Jd 9h As]
Seat 2: Mahu2021 (button) (small blind) showed [5h 7h] and lost with a pair of Nines
Seat 3: sakis_groovy (big blind) showed [3d 8s] and won (160) with two pair, Nines and Eights



PokerStars Hand #254700016112: Tournament #3855034332, $4.60+$0.40 USD Hold'em No Limit - Level III (20/40) - 2025/02/04 9:53:58 CET [2025/02/04 3:53:58 ET]
Table '3855034332 1' 3-max Seat #3 is the button
Seat 2: Mahu2021 (1000 in chips) 
Seat 3: sakis_groovy (500 in chips) 
sakis_groovy: posts small blind 20
Mahu2021: posts big blind 40
*** HOLE CARDS ***
Dealt to Mahu2021 [7h Tc]
sakis_groovy: folds 
Uncalled bet (20) returned to Mahu2021
Mahu2021 collected 40 from pot
Mahu2021: doesn't show hand 
*** SUMMARY ***
Total pot 40 | Rake 0 
Seat 2: Mahu2021 (big blind) collected (40)
Seat 3: sakis_groovy (button) (small blind) folded before Flop



PokerStars Hand #254700016629: Tournament #3855034332, $4.60+$0.40 USD Hold'em No Limit - Level III (20/40) - 2025/02/04 9:54:04 CET [2025/02/04 3:54:04 ET]
Table '3855034332 1' 3-max Seat #2 is the button
Seat 2: Mahu2021 (1020 in chips) 
Seat 3: sakis_groovy (480 in chips) 
Mahu2021: posts small blind 20
sakis_groovy: posts big blind 40
*** HOLE CARDS ***
Dealt to Mahu2021 [9c 2h]
Mahu2021: folds 
Uncalled bet (20) returned to sakis_groovy
sakis_groovy collected 40 from pot
sakis_groovy: doesn't show hand 
*** SUMMARY ***
Total pot 40 | Rake 0 
Seat 2: Mahu2021 (button) (small blind) folded before Flop
Seat 3: sakis_groovy (big blind) collected (40)



PokerStars Hand #254700017028: Tournament #3855034332, $4.60+$0.40 USD Hold'em No Limit - Level III (20/40) - 2025/02/04 9:54:08 CET [2025/02/04 3:54:08 ET]
Table '3855034332 1' 3-max Seat #3 is the button
Seat 2: Mahu2021 (1000 in chips) 
Seat 3: sakis_groovy (500 in chips) 
sakis_groovy: posts small blind 20
Mahu2021: posts big blind 40
*** HOLE CARDS ***
Dealt to Mahu2021 [Qh 7d]
sakis_groovy: raises 460 to 500 and is all-in
Mahu2021: folds 
Uncalled bet (460) returned to sakis_groovy
sakis_groovy collected 80 from pot
sakis_groovy: doesn't show hand 
*** SUMMARY ***
Total pot 80 | Rake 0 
Seat 2: Mahu2021 (big blind) folded before Flop
Seat 3: sakis_groovy (button) (small blind) collected (80)



PokerStars Hand #254700017605: Tournament #3855034332, $4.60+$0.40 USD Hold'em No Limit - Level III (20/40) - 2025/02/04 9:54:15 CET [2025/02/04 3:54:15 ET]
Table '3855034332 1' 3-max Seat #2 is the button
Seat 2: Mahu2021 (960 in chips) 
Seat 3: sakis_groovy (540 in chips) 
Mahu2021: posts small blind 20
sakis_groovy: posts big blind 40
*** HOLE CARDS ***
Dealt to Mahu2021 [Js 4d]
Mahu2021: calls 20
sakis_groovy: checks 
*** FLOP *** [Ks Ad Ah]
sakis_groovy: checks 
Mahu2021: bets 40
sakis_groovy: folds 
Uncalled bet (40) returned to Mahu2021
Mahu2021 collected 80 from pot
Mahu2021: doesn't show hand 
*** SUMMARY ***
Total pot 80 | Rake 0 
Board [Ks Ad Ah]
Seat 2: Mahu2021 (button) (small blind) collected (80)
Seat 3: sakis_groovy (big blind) folded on the Flop



PokerStars Hand #254700018402: Tournament #3855034332, $4.60+$0.40 USD Hold'em No Limit - Level III (20/40) - 2025/02/04 9:54:24 CET [2025/02/04 3:54:24 ET]
Table '3855034332 1' 3-max Seat #3 is the button
Seat 2: Mahu2021 (1000 in chips) 
Seat 3: sakis_groovy (500 in chips) 
sakis_groovy: posts small blind 20
Mahu2021: posts big blind 40
*** HOLE CARDS ***
Dealt to Mahu2021 [9d 5s]
sakis_groovy: raises 40 to 80
Mahu2021: folds 
Uncalled bet (40) returned to sakis_groovy
sakis_groovy collected 80 from pot
sakis_groovy: doesn't show hand 
*** SUMMARY ***
Total pot 80 | Rake 0 
Seat 2: Mahu2021 (big blind) folded before Flop
Seat 3: sakis_groovy (button) (small blind) collected (80)



PokerStars Hand #254700019220: Tournament #3855034332, $4.60+$0.40 USD Hold'em No Limit - Level IV (30/60) - 2025/02/04 9:54:34 CET [2025/02/04 3:54:34 ET]
Table '3855034332 1' 3-max Seat #2 is the button
Seat 2: Mahu2021 (960 in chips) 
Seat 3: sakis_groovy (540 in chips) 
Mahu2021: posts small blind 30
sakis_groovy: posts big blind 60
*** HOLE CARDS ***
Dealt to Mahu2021 [2h 5s]
Mahu2021: folds 
Uncalled bet (30) returned to sakis_groovy
sakis_groovy collected 60 from pot
sakis_groovy: doesn't show hand 
*** SUMMARY ***
Total pot 60 | Rake 0 
Seat 2: Mahu2021 (button) (small blind) folded before Flop
Seat 3: sakis_groovy (big blind) collected (60)



PokerStars Hand #254700019633: Tournament #3855034332, $4.60+$0.40 USD Hold'em No Limit - Level IV (30/60) - 2025/02/04 9:54:39 CET [2025/02/04 3:54:39 ET]
Table '3855034332 1' 3-max Seat #3 is the button
Seat 2: Mahu2021 (930 in chips) 
Seat 3: sakis_groovy (570 in chips) 
sakis_groovy: posts small blind 30
Mahu2021: posts big blind 60
*** HOLE CARDS ***
Dealt to Mahu2021 [8d Js]
sakis_groovy: calls 30
Mahu2021: checks 
*** FLOP *** [4s 4c 7c]
Mahu2021: checks 
sakis_groovy: checks 
*** TURN *** [4s 4c 7c] [5h]
Mahu2021: checks 
sakis_groovy: checks 
*** RIVER *** [4s 4c 7c 5h] [As]
Mahu2021: checks 
sakis_groovy: bets 120
Mahu2021: folds 
Uncalled bet (120) returned to sakis_groovy
sakis_groovy collected 120 from pot
sakis_groovy: doesn't show hand 
*** SUMMARY ***
Total pot 120 | Rake 0 
Board [4s 4c 7c 5h As]
Seat 2: Mahu2021 (big blind) folded on the River
Seat 3: sakis_groovy (button) (small blind) collected (120)



PokerStars Hand #254700020895: Tournament #3855034332, $4.60+$0.40 USD Hold'em No Limit - Level IV (30/60) - 2025/02/04 9:54:54 CET [2025/02/04 3:54:54 ET]
Table '3855034332 1' 3-max Seat #2 is the button
Seat 2: Mahu2021 (870 in chips) 
Seat 3: sakis_groovy (630 in chips) 
Mahu2021: posts small blind 30
sakis_groovy: posts big blind 60
*** HOLE CARDS ***
Dealt to Mahu2021 [Tc 3c]
Mahu2021: calls 30
sakis_groovy: raises 570 to 630 and is all-in
Mahu2021: folds 
Uncalled bet (570) returned to sakis_groovy
sakis_groovy collected 120 from pot
sakis_groovy: doesn't show hand 
*** SUMMARY ***
Total pot 120 | Rake 0 
Seat 2: Mahu2021 (button) (small blind) folded before Flop
Seat 3: sakis_groovy (big blind) collected (120)



PokerStars Hand #254700021516: Tournament #3855034332, $4.60+$0.40 USD Hold'em No Limit - Level IV (30/60) - 2025/02/04 9:55:01 CET [2025/02/04 3:55:01 ET]
Table '3855034332 1' 3-max Seat #3 is the button
Seat 2: Mahu2021 (810 in chips) 
Seat 3: sakis_groovy (690 in chips) 
sakis_groovy: posts small blind 30
Mahu2021: posts big blind 60
*** HOLE CARDS ***
Dealt to Mahu2021 [Kh Ks]
sakis_groovy: folds 
Uncalled bet (30) returned to Mahu2021
Mahu2021 collected 60 from pot
Mahu2021: doesn't show hand 
*** SUMMARY ***
Total pot 60 | Rake 0 
Seat 2: Mahu2021 (big blind) collected (60)
Seat 3: sakis_groovy (button) (small blind) folded before Flop



PokerStars Hand #254700021896: Tournament #3855034332, $4.60+$0.40 USD Hold'em No Limit - Level IV (30/60) - 2025/02/04 9:55:05 CET [2025/02/04 3:55:05 ET]
Table '3855034332 1' 3-max Seat #2 is the button
Seat 2: Mahu2021 (840 in chips) 
Seat 3: sakis_groovy (660 in chips) 
Mahu2021: posts small blind 30
sakis_groovy: posts big blind 60
*** HOLE CARDS ***
Dealt to Mahu2021 [8d 9d]
Mahu2021: raises 60 to 120
sakis_groovy: calls 60
*** FLOP *** [Tc 3c 6d]
sakis_groovy: checks 
Mahu2021: checks 
*** TURN *** [Tc 3c 6d] [5s]
sakis_groovy: checks 
Mahu2021: checks 
*** RIVER *** [Tc 3c 6d 5s] [3s]
sakis_groovy: checks 
Mahu2021: bets 120
sakis_groovy: folds 
Uncalled bet (120) returned to Mahu2021
Mahu2021 collected 240 from pot
Mahu2021: doesn't show hand 
*** SUMMARY ***
Total pot 240 | Rake 0 
Board [Tc 3c 6d 5s 3s]
Seat 2: Mahu2021 (button) (small blind) collected (240)
Seat 3: sakis_groovy (big blind) folded on the River



PokerStars Hand #254700023055: Tournament #3855034332, $4.60+$0.40 USD Hold'em No Limit - Level IV (30/60) - 2025/02/04 9:55:20 CET [2025/02/04 3:55:20 ET]
Table '3855034332 1' 3-max Seat #3 is the button
Seat 2: Mahu2021 (960 in chips) 
Seat 3: sakis_groovy (540 in chips) 
sakis_groovy: posts small blind 30
Mahu2021: posts big blind 60
*** HOLE CARDS ***
Dealt to Mahu2021 [Kh 4c]
sakis_groovy: calls 30
Mahu2021: checks 
*** FLOP *** [5s 2c 8d]
Mahu2021: checks 
sakis_groovy: bets 60
Mahu2021: folds 
Uncalled bet (60) returned to sakis_groovy
sakis_groovy collected 120 from pot
sakis_groovy: doesn't show hand 
*** SUMMARY ***
Total pot 120 | Rake 0 
Board [5s 2c 8d]
Seat 2: Mahu2021 (big blind) folded on the Flop
Seat 3: sakis_groovy (button) (small blind) collected (120)



PokerStars Hand #254700023774: Tournament #3855034332, $4.60+$0.40 USD Hold'em No Limit - Level IV (30/60) - 2025/02/04 9:55:30 CET [2025/02/04 3:55:30 ET]
Table '3855034332 1' 3-max Seat #2 is the button
Seat 2: Mahu2021 (900 in chips) 
Seat 3: sakis_groovy (600 in chips) 
Mahu2021: posts small blind 30
sakis_groovy: posts big blind 60
*** HOLE CARDS ***
Dealt to Mahu2021 [Kd Ad]
Mahu2021: raises 60 to 120
sakis_groovy: folds 
Uncalled bet (60) returned to Mahu2021
Mahu2021 collected 120 from pot
Mahu2021: doesn't show hand 
*** SUMMARY ***
Total pot 120 | Rake 0 
Seat 2: Mahu2021 (button) (small blind) collected (120)
Seat 3: sakis_groovy (big blind) folded before Flop



PokerStars Hand #254700024184: Tournament #3855034332, $4.60+$0.40 USD Hold'em No Limit - Level IV (30/60) - 2025/02/04 9:55:35 CET [2025/02/04 3:55:35 ET]
Table '3855034332 1' 3-max Seat #3 is the button
Seat 2: Mahu2021 (960 in chips) 
Seat 3: sakis_groovy (540 in chips) 
sakis_groovy: posts small blind 30
Mahu2021: posts big blind 60
*** HOLE CARDS ***
Dealt to Mahu2021 [3h 4d]
sakis_groovy: raises 480 to 540 and is all-in
Mahu2021: folds 
Uncalled bet (480) returned to sakis_groovy
sakis_groovy collected 120 from pot
sakis_groovy: doesn't show hand 
*** SUMMARY ***
Total pot 120 | Rake 0 
Seat 2: Mahu2021 (big blind) folded before Flop
Seat 3: sakis_groovy (button) (small blind) collected (120)



PokerStars Hand #254700024703: Tournament #3855034332, $4.60+$0.40 USD Hold'em No Limit - Level IV (30/60) - 2025/02/04 9:55:42 CET [2025/02/04 3:55:42 ET]
Table '3855034332 1' 3-max Seat #2 is the button
Seat 2: Mahu2021 (900 in chips) 
Seat 3: sakis_groovy (600 in chips) 
Mahu2021: posts small blind 30
sakis_groovy: posts big blind 60
*** HOLE CARDS ***
Dealt to Mahu2021 [Jh 8s]
Mahu2021: calls 30
sakis_groovy: checks 
*** FLOP *** [4h Qd Qc]
sakis_groovy: checks 
Mahu2021: checks 
*** TURN *** [4h Qd Qc] [Js]
sakis_groovy: checks 
Mahu2021: bets 60
sakis_groovy: calls 60
*** RIVER *** [4h Qd Qc Js] [Th]
sakis_groovy: checks 
Mahu2021: checks 
*** SHOW DOWN ***
sakis_groovy: shows [Ts Jc] (two pair, Queens and Jacks)
Mahu2021: shows [Jh 8s] (two pair, Queens and Jacks)
sakis_groovy collected 120 from pot
Mahu2021 collected 120 from pot
*** SUMMARY ***
Total pot 240 | Rake 0 
Board [4h Qd Qc Js Th]
Seat 2: Mahu2021 (button) (small blind) showed [Jh 8s] and won (120) with two pair, Queens and Jacks
Seat 3: sakis_groovy (big blind) showed [Ts Jc] and won (120) with two pair, Queens and Jacks



PokerStars Hand #254700025785: Tournament #3855034332, $4.60+$0.40 USD Hold'em No Limit - Level IV (30/60) - 2025/02/04 9:55:57 CET [2025/02/04 3:55:57 ET]
Table '3855034332 1' 3-max Seat #3 is the button
Seat 2: Mahu2021 (900 in chips) 
Seat 3: sakis_groovy (600 in chips) 
sakis_groovy: posts small blind 30
Mahu2021: posts big blind 60
*** HOLE CARDS ***
Dealt to Mahu2021 [8c 6c]
sakis_groovy: folds 
Uncalled bet (30) returned to Mahu2021
Mahu2021 collected 60 from pot
Mahu2021: doesn't show hand 
*** SUMMARY ***
Total pot 60 | Rake 0 
Seat 2: Mahu2021 (big blind) collected (60)
Seat 3: sakis_groovy (button) (small blind) folded before Flop



PokerStars Hand #254700026317: Tournament #3855034332, $4.60+$0.40 USD Hold'em No Limit - Level IV (30/60) - 2025/02/04 9:56:04 CET [2025/02/04 3:56:04 ET]
Table '3855034332 1' 3-max Seat #2 is the button
Seat 2: Mahu2021 (930 in chips) 
Seat 3: sakis_groovy (570 in chips) 
Mahu2021: posts small blind 30
sakis_groovy: posts big blind 60
*** HOLE CARDS ***
Dealt to Mahu2021 [5d 2c]
Mahu2021: folds 
Uncalled bet (30) returned to sakis_groovy
sakis_groovy collected 60 from pot
sakis_groovy: doesn't show hand 
*** SUMMARY ***
Total pot 60 | Rake 0 
Seat 2: Mahu2021 (button) (small blind) folded before Flop
Seat 3: sakis_groovy (big blind) collected (60)



PokerStars Hand #254700026723: Tournament #3855034332, $4.60+$0.40 USD Hold'em No Limit - Level IV (30/60) - 2025/02/04 9:56:10 CET [2025/02/04 3:56:10 ET]
Table '3855034332 1' 3-max Seat #3 is the button
Seat 2: Mahu2021 (900 in chips) 
Seat 3: sakis_groovy (600 in chips) 
sakis_groovy: posts small blind 30
Mahu2021: posts big blind 60
*** HOLE CARDS ***
Dealt to Mahu2021 [Jh 3s]
sakis_groovy: calls 30
Mahu2021: checks 
*** FLOP *** [9d Jd 2c]
Mahu2021: checks 
sakis_groovy: bets 120
Mahu2021: raises 720 to 840 and is all-in
sakis_groovy: folds 
Uncalled bet (720) returned to Mahu2021
Mahu2021 collected 360 from pot
Mahu2021: doesn't show hand 
*** SUMMARY ***
Total pot 360 | Rake 0 
Board [9d Jd 2c]
Seat 2: Mahu2021 (big blind) collected (360)
Seat 3: sakis_groovy (button) (small blind) folded on the Flop



PokerStars Hand #254700027512: Tournament #3855034332, $4.60+$0.40 USD Hold'em No Limit - Level IV (30/60) - 2025/02/04 9:56:21 CET [2025/02/04 3:56:21 ET]
Table '3855034332 1' 3-max Seat #2 is the button
Seat 2: Mahu2021 (1080 in chips) 
Seat 3: sakis_groovy (420 in chips) 
Mahu2021: posts small blind 30
sakis_groovy: posts big blind 60
*** HOLE CARDS ***
Dealt to Mahu2021 [9c 8c]
Mahu2021: raises 60 to 120
sakis_groovy: raises 300 to 420 and is all-in
Mahu2021: folds 
Uncalled bet (300) returned to sakis_groovy
sakis_groovy collected 240 from pot
sakis_groovy: doesn't show hand 
*** SUMMARY ***
Total pot 240 | Rake 0 
Seat 2: Mahu2021 (button) (small blind) folded before Flop
Seat 3: sakis_groovy (big blind) collected (240)



PokerStars Hand #254700028201: Tournament #3855034332, $4.60+$0.40 USD Hold'em No Limit - Level IV (30/60) - 2025/02/04 9:56:29 CET [2025/02/04 3:56:29 ET]
Table '3855034332 1' 3-max Seat #3 is the button
Seat 2: Mahu2021 (960 in chips) 
Seat 3: sakis_groovy (540 in chips) 
sakis_groovy: posts small blind 30
Mahu2021: posts big blind 60
*** HOLE CARDS ***
Dealt to Mahu2021 [Js Ad]
sakis_groovy: calls 30
Mahu2021: raises 900 to 960 and is all-in
sakis_groovy: folds 
Uncalled bet (900) returned to Mahu2021
Mahu2021 collected 120 from pot
Mahu2021: doesn't show hand 
*** SUMMARY ***
Total pot 120 | Rake 0 
Seat 2: Mahu2021 (big blind) collected (120)
Seat 3: sakis_groovy (button) (small blind) folded before Flop



PokerStars Hand #254700028972: Tournament #3855034332, $4.60+$0.40 USD Hold'em No Limit - Level V (40/80) - 2025/02/04 9:56:40 CET [2025/02/04 3:56:40 ET]
Table '3855034332 1' 3-max Seat #2 is the button
Seat 2: Mahu2021 (1020 in chips) 
Seat 3: sakis_groovy (480 in chips) 
Mahu2021: posts small blind 40
sakis_groovy: posts big blind 80
*** HOLE CARDS ***
Dealt to Mahu2021 [4s Kc]
Mahu2021: raises 80 to 160
sakis_groovy: folds 
Uncalled bet (80) returned to Mahu2021
Mahu2021 collected 160 from pot
Mahu2021: doesn't show hand 
*** SUMMARY ***
Total pot 160 | Rake 0 
Seat 2: Mahu2021 (button) (small blind) collected (160)
Seat 3: sakis_groovy (big blind) folded before Flop



PokerStars Hand #254700029545: Tournament #3855034332, $4.60+$0.40 USD Hold'em No Limit - Level V (40/80) - 2025/02/04 9:56:48 CET [2025/02/04 3:56:48 ET]
Table '3855034332 1' 3-max Seat #3 is the button
Seat 2: Mahu2021 (1100 in chips) 
Seat 3: sakis_groovy (400 in chips) 
sakis_groovy: posts small blind 40
Mahu2021: posts big blind 80
*** HOLE CARDS ***
Dealt to Mahu2021 [Qc 6c]
sakis_groovy: raises 320 to 400 and is all-in
Mahu2021: calls 320
*** FLOP *** [7d 8h 5d]
*** TURN *** [7d 8h 5d] [9d]
*** RIVER *** [7d 8h 5d 9d] [5c]
*** SHOW DOWN ***
Mahu2021: shows [Qc 6c] (a straight, Five to Nine)
sakis_groovy: shows [Kc Ts] (a pair of Fives)
Mahu2021 collected 800 from pot
sakis_groovy finished the tournament in 2nd place
Mahu2021 wins the tournament and receives $10.00 - congratulations!
*** SUMMARY ***
Total pot 800 | Rake 0 
Board [7d 8h 5d 9d 5c]
Seat 2: Mahu2021 (big blind) showed [Qc 6c] and won (800) with a straight, Five to Nine
Seat 3: sakis_groovy (button) (small blind) showed [Kc Ts] and lost with a pair of Fives



