PokerStars Hand #255243059519: Tournament #3867815524, $4.60+$0.40 USD Hold'em No Limit - Level I (10/20) - 2025/03/11 20:01:30 CET [2025/03/11 15:01:30 ET]
Table '3867815524 1' 3-max Seat #1 is the button
Seat 1: Tiago_Araujo (500 in chips) 
Seat 2: Peusanto (500 in chips) 
Seat 3: Mahu2021 (500 in chips) 
Peusanto: posts small blind 10
Mahu2021: posts big blind 20
*** HOLE CARDS ***
Dealt to Mahu2021 [5s Ac]
Tiago_Araujo: raises 20 to 40
Peusanto: raises 100 to 140
Mahu2021: folds 
Tiago_Araujo: folds 
Uncalled bet (100) returned to Peusanto
Peusanto collected 100 from pot
Peusanto: doesn't show hand 
*** SUMMARY ***
Total pot 100 | Rake 0 
Seat 1: Tiago_Araujo (button) folded before Flop
Seat 2: Peusanto (small blind) collected (100)
Seat 3: Mahu2021 (big blind) folded before Flop



PokerStars Hand #255243062689: Tournament #3867815524, $4.60+$0.40 USD Hold'em No Limit - Level I (10/20) - 2025/03/11 20:01:44 CET [2025/03/11 15:01:44 ET]
Table '3867815524 1' 3-max Seat #2 is the button
Seat 1: Tiago_Araujo (460 in chips) 
Seat 2: Peusanto (560 in chips) 
Seat 3: Mahu2021 (480 in chips) 
Mahu2021: posts small blind 10
Tiago_Araujo: posts big blind 20
*** HOLE CARDS ***
Dealt to Mahu2021 [9s Ad]
Peusanto: folds 
Mahu2021: calls 10
Tiago_Araujo: checks 
*** FLOP *** [Qc 9d 6d]
Mahu2021: bets 20
Tiago_Araujo: calls 20
*** TURN *** [Qc 9d 6d] [Kh]
Mahu2021: checks 
Tiago_Araujo: bets 40
Mahu2021: folds 
Uncalled bet (40) returned to Tiago_Araujo
Tiago_Araujo collected 80 from pot
*** SUMMARY ***
Total pot 80 | Rake 0 
Board [Qc 9d 6d Kh]
Seat 1: Tiago_Araujo (big blind) collected (80)
Seat 2: Peusanto (button) folded before Flop (didn't bet)
Seat 3: Mahu2021 (small blind) folded on the Turn



PokerStars Hand #255243067952: Tournament #3867815524, $4.60+$0.40 USD Hold'em No Limit - Level I (10/20) - 2025/03/11 20:02:05 CET [2025/03/11 15:02:05 ET]
Table '3867815524 1' 3-max Seat #3 is the button
Seat 1: Tiago_Araujo (500 in chips) 
Seat 2: Peusanto (560 in chips) 
Seat 3: Mahu2021 (440 in chips) 
Tiago_Araujo: posts small blind 10
Peusanto: posts big blind 20
*** HOLE CARDS ***
Dealt to Mahu2021 [2d 3h]
Mahu2021: folds 
Tiago_Araujo: raises 20 to 40
Peusanto: calls 20
*** FLOP *** [5c 4h Kh]
Tiago_Araujo: checks 
Peusanto: checks 
*** TURN *** [5c 4h Kh] [Jh]
Tiago_Araujo: checks 
Peusanto: checks 
*** RIVER *** [5c 4h Kh Jh] [7d]
Tiago_Araujo: bets 80
Peusanto: folds 
Uncalled bet (80) returned to Tiago_Araujo
Tiago_Araujo collected 80 from pot
*** SUMMARY ***
Total pot 80 | Rake 0 
Board [5c 4h Kh Jh 7d]
Seat 1: Tiago_Araujo (small blind) collected (80)
Seat 2: Peusanto (big blind) folded on the River
Seat 3: Mahu2021 (button) folded before Flop (didn't bet)



PokerStars Hand #255243073792: Tournament #3867815524, $4.60+$0.40 USD Hold'em No Limit - Level I (10/20) - 2025/03/11 20:02:29 CET [2025/03/11 15:02:29 ET]
Table '3867815524 1' 3-max Seat #1 is the button
Seat 1: Tiago_Araujo (540 in chips) 
Seat 2: Peusanto (520 in chips) 
Seat 3: Mahu2021 (440 in chips) 
Peusanto: posts small blind 10
Mahu2021: posts big blind 20
*** HOLE CARDS ***
Dealt to Mahu2021 [As Kh]
Tiago_Araujo: folds 
Peusanto: calls 10
Mahu2021: raises 140 to 160
Peusanto: folds 
Uncalled bet (140) returned to Mahu2021
Mahu2021 collected 40 from pot
Mahu2021: doesn't show hand 
*** SUMMARY ***
Total pot 40 | Rake 0 
Seat 1: Tiago_Araujo (button) folded before Flop (didn't bet)
Seat 2: Peusanto (small blind) folded before Flop
Seat 3: Mahu2021 (big blind) collected (40)



PokerStars Hand #255243077437: Tournament #3867815524, $4.60+$0.40 USD Hold'em No Limit - Level I (10/20) - 2025/03/11 20:02:43 CET [2025/03/11 15:02:43 ET]
Table '3867815524 1' 3-max Seat #2 is the button
Seat 1: Tiago_Araujo (540 in chips) 
Seat 2: Peusanto (500 in chips) 
Seat 3: Mahu2021 (460 in chips) 
Mahu2021: posts small blind 10
Tiago_Araujo: posts big blind 20
*** HOLE CARDS ***
Dealt to Mahu2021 [4c Jd]
Peusanto: raises 50 to 70
Mahu2021: folds 
Tiago_Araujo: folds 
Uncalled bet (50) returned to Peusanto
Peusanto collected 50 from pot
Peusanto: doesn't show hand 
*** SUMMARY ***
Total pot 50 | Rake 0 
Seat 1: Tiago_Araujo (big blind) folded before Flop
Seat 2: Peusanto (button) collected (50)
Seat 3: Mahu2021 (small blind) folded before Flop



PokerStars Hand #255243080010: Tournament #3867815524, $4.60+$0.40 USD Hold'em No Limit - Level I (10/20) - 2025/03/11 20:02:54 CET [2025/03/11 15:02:54 ET]
Table '3867815524 1' 3-max Seat #3 is the button
Seat 1: Tiago_Araujo (520 in chips) 
Seat 2: Peusanto (530 in chips) 
Seat 3: Mahu2021 (450 in chips) 
Tiago_Araujo: posts small blind 10
Peusanto: posts big blind 20
*** HOLE CARDS ***
Dealt to Mahu2021 [2h 5s]
Mahu2021: folds 
Tiago_Araujo: raises 500 to 520 and is all-in
Peusanto: calls 500
*** FLOP *** [6h 7h 5c]
*** TURN *** [6h 7h 5c] [4s]
*** RIVER *** [6h 7h 5c 4s] [6c]
*** SHOW DOWN ***
Tiago_Araujo: shows [9s Ad] (a pair of Sixes)
Peusanto: shows [As 8h] (a straight, Four to Eight)
Peusanto collected 1040 from pot
Tiago_Araujo finished the tournament in 3rd place
*** SUMMARY ***
Total pot 1040 | Rake 0 
Board [6h 7h 5c 4s 6c]
Seat 1: Tiago_Araujo (small blind) showed [9s Ad] and lost with a pair of Sixes
Seat 2: Peusanto (big blind) showed [As 8h] and won (1040) with a straight, Four to Eight
Seat 3: Mahu2021 (button) folded before Flop (didn't bet)



PokerStars Hand #255243087221: Tournament #3867815524, $4.60+$0.40 USD Hold'em No Limit - Level I (10/20) - 2025/03/11 20:03:22 CET [2025/03/11 15:03:22 ET]
Table '3867815524 1' 3-max Seat #2 is the button
Seat 2: Peusanto (1050 in chips) 
Seat 3: Mahu2021 (450 in chips) 
Peusanto: posts small blind 10
Mahu2021: posts big blind 20
*** HOLE CARDS ***
Dealt to Mahu2021 [6c 2s]
Peusanto: calls 10
Mahu2021: checks 
*** FLOP *** [2h Ts Th]
Mahu2021: checks 
Peusanto: bets 40
Mahu2021: folds 
Uncalled bet (40) returned to Peusanto
Peusanto collected 40 from pot
Peusanto: doesn't show hand 
*** SUMMARY ***
Total pot 40 | Rake 0 
Board [2h Ts Th]
Seat 2: Peusanto (button) (small blind) collected (40)
Seat 3: Mahu2021 (big blind) folded on the Flop



PokerStars Hand #255243089914: Tournament #3867815524, $4.60+$0.40 USD Hold'em No Limit - Level I (10/20) - 2025/03/11 20:03:33 CET [2025/03/11 15:03:33 ET]
Table '3867815524 1' 3-max Seat #3 is the button
Seat 2: Peusanto (1070 in chips) 
Seat 3: Mahu2021 (430 in chips) 
Mahu2021: posts small blind 10
Peusanto: posts big blind 20
*** HOLE CARDS ***
Dealt to Mahu2021 [Js 9s]
Mahu2021: raises 20 to 40
Peusanto: raises 80 to 120
Mahu2021: calls 80
*** FLOP *** [Th 2s 9c]
Peusanto: bets 240
Mahu2021: raises 70 to 310 and is all-in
Peusanto: calls 70
*** TURN *** [Th 2s 9c] [6s]
*** RIVER *** [Th 2s 9c 6s] [2d]
*** SHOW DOWN ***
Peusanto: shows [Ad 7h] (a pair of Deuces)
Mahu2021: shows [Js 9s] (two pair, Nines and Deuces)
Mahu2021 collected 860 from pot
*** SUMMARY ***
Total pot 860 | Rake 0 
Board [Th 2s 9c 6s 2d]
Seat 2: Peusanto (big blind) showed [Ad 7h] and lost with a pair of Deuces
Seat 3: Mahu2021 (button) (small blind) showed [Js 9s] and won (860) with two pair, Nines and Deuces



PokerStars Hand #255243094720: Tournament #3867815524, $4.60+$0.40 USD Hold'em No Limit - Level I (10/20) - 2025/03/11 20:03:52 CET [2025/03/11 15:03:52 ET]
Table '3867815524 1' 3-max Seat #2 is the button
Seat 2: Peusanto (640 in chips) 
Seat 3: Mahu2021 (860 in chips) 
Peusanto: posts small blind 10
Mahu2021: posts big blind 20
*** HOLE CARDS ***
Dealt to Mahu2021 [3d 5s]
Peusanto: raises 20 to 40
Mahu2021: calls 20
*** FLOP *** [Ks 8h 4c]
Mahu2021: checks 
Peusanto: checks 
*** TURN *** [Ks 8h 4c] [Js]
Mahu2021: checks 
Peusanto: checks 
*** RIVER *** [Ks 8h 4c Js] [4h]
Mahu2021: checks 
Peusanto: checks 
*** SHOW DOWN ***
Mahu2021: shows [3d 5s] (a pair of Fours)
Peusanto: shows [7d 6h] (a pair of Fours)
Mahu2021 collected 40 from pot
Peusanto collected 40 from pot
*** SUMMARY ***
Total pot 80 | Rake 0 
Board [Ks 8h 4c Js 4h]
Seat 2: Peusanto (button) (small blind) showed [7d 6h] and won (40) with a pair of Fours
Seat 3: Mahu2021 (big blind) showed [3d 5s] and won (40) with a pair of Fours



PokerStars Hand #255243098951: Tournament #3867815524, $4.60+$0.40 USD Hold'em No Limit - Level I (10/20) - 2025/03/11 20:04:08 CET [2025/03/11 15:04:08 ET]
Table '3867815524 1' 3-max Seat #3 is the button
Seat 2: Peusanto (640 in chips) 
Seat 3: Mahu2021 (860 in chips) 
Mahu2021: posts small blind 10
Peusanto: posts big blind 20
*** HOLE CARDS ***
Dealt to Mahu2021 [Tc 5h]
Mahu2021: folds 
Uncalled bet (10) returned to Peusanto
Peusanto collected 20 from pot
Peusanto: doesn't show hand 
*** SUMMARY ***
Total pot 20 | Rake 0 
Seat 2: Peusanto (big blind) collected (20)
Seat 3: Mahu2021 (button) (small blind) folded before Flop



PokerStars Hand #255243100559: Tournament #3867815524, $4.60+$0.40 USD Hold'em No Limit - Level I (10/20) - 2025/03/11 20:04:15 CET [2025/03/11 15:04:15 ET]
Table '3867815524 1' 3-max Seat #2 is the button
Seat 2: Peusanto (650 in chips) 
Seat 3: Mahu2021 (850 in chips) 
Peusanto: posts small blind 10
Mahu2021: posts big blind 20
*** HOLE CARDS ***
Dealt to Mahu2021 [Jc 3d]
Peusanto: raises 40 to 60
Mahu2021: folds 
Uncalled bet (40) returned to Peusanto
Peusanto collected 40 from pot
Peusanto: doesn't show hand 
*** SUMMARY ***
Total pot 40 | Rake 0 
Seat 2: Peusanto (button) (small blind) collected (40)
Seat 3: Mahu2021 (big blind) folded before Flop



PokerStars Hand #255243102458: Tournament #3867815524, $4.60+$0.40 USD Hold'em No Limit - Level I (10/20) - 2025/03/11 20:04:22 CET [2025/03/11 15:04:22 ET]
Table '3867815524 1' 3-max Seat #3 is the button
Seat 2: Peusanto (670 in chips) 
Seat 3: Mahu2021 (830 in chips) 
Mahu2021: posts small blind 10
Peusanto: posts big blind 20
*** HOLE CARDS ***
Dealt to Mahu2021 [4c Kd]
Mahu2021: calls 10
Peusanto: raises 60 to 80
Mahu2021: folds 
Uncalled bet (60) returned to Peusanto
Peusanto collected 40 from pot
Peusanto: doesn't show hand 
*** SUMMARY ***
Total pot 40 | Rake 0 
Seat 2: Peusanto (big blind) collected (40)
Seat 3: Mahu2021 (button) (small blind) folded before Flop



PokerStars Hand #255243105661: Tournament #3867815524, $4.60+$0.40 USD Hold'em No Limit - Level II (15/30) - 2025/03/11 20:04:35 CET [2025/03/11 15:04:35 ET]
Table '3867815524 1' 3-max Seat #2 is the button
Seat 2: Peusanto (690 in chips) 
Seat 3: Mahu2021 (810 in chips) 
Peusanto: posts small blind 15
Mahu2021: posts big blind 30
*** HOLE CARDS ***
Dealt to Mahu2021 [7d 8c]
Peusanto: raises 90 to 120
Mahu2021: folds 
Uncalled bet (90) returned to Peusanto
Peusanto collected 60 from pot
Peusanto: doesn't show hand 
*** SUMMARY ***
Total pot 60 | Rake 0 
Seat 2: Peusanto (button) (small blind) collected (60)
Seat 3: Mahu2021 (big blind) folded before Flop



PokerStars Hand #255243107763: Tournament #3867815524, $4.60+$0.40 USD Hold'em No Limit - Level II (15/30) - 2025/03/11 20:04:43 CET [2025/03/11 15:04:43 ET]
Table '3867815524 1' 3-max Seat #3 is the button
Seat 2: Peusanto (720 in chips) 
Seat 3: Mahu2021 (780 in chips) 
Mahu2021: posts small blind 15
Peusanto: posts big blind 30
*** HOLE CARDS ***
Dealt to Mahu2021 [7c 8h]
Mahu2021: raises 30 to 60
Peusanto: calls 30
*** FLOP *** [Tc Js 9s]
Peusanto: checks 
Mahu2021: checks 
*** TURN *** [Tc Js 9s] [4d]
Peusanto: checks 
Mahu2021: bets 30
Peusanto: folds 
Uncalled bet (30) returned to Mahu2021
Mahu2021 collected 120 from pot
Mahu2021: doesn't show hand 
*** SUMMARY ***
Total pot 120 | Rake 0 
Board [Tc Js 9s 4d]
Seat 2: Peusanto (big blind) folded on the Turn
Seat 3: Mahu2021 (button) (small blind) collected (120)



PokerStars Hand #255243111715: Tournament #3867815524, $4.60+$0.40 USD Hold'em No Limit - Level II (15/30) - 2025/03/11 20:04:57 CET [2025/03/11 15:04:57 ET]
Table '3867815524 1' 3-max Seat #2 is the button
Seat 2: Peusanto (660 in chips) 
Seat 3: Mahu2021 (840 in chips) 
Peusanto: posts small blind 15
Mahu2021: posts big blind 30
*** HOLE CARDS ***
Dealt to Mahu2021 [Ts 5s]
Peusanto: raises 60 to 90
Mahu2021: folds 
Uncalled bet (60) returned to Peusanto
Peusanto collected 60 from pot
Peusanto: doesn't show hand 
*** SUMMARY ***
Total pot 60 | Rake 0 
Seat 2: Peusanto (button) (small blind) collected (60)
Seat 3: Mahu2021 (big blind) folded before Flop



PokerStars Hand #255243113487: Tournament #3867815524, $4.60+$0.40 USD Hold'em No Limit - Level II (15/30) - 2025/03/11 20:05:04 CET [2025/03/11 15:05:04 ET]
Table '3867815524 1' 3-max Seat #3 is the button
Seat 2: Peusanto (690 in chips) 
Seat 3: Mahu2021 (810 in chips) 
Mahu2021: posts small blind 15
Peusanto: posts big blind 30
*** HOLE CARDS ***
Dealt to Mahu2021 [2c 4c]
Mahu2021: folds 
Uncalled bet (15) returned to Peusanto
Peusanto collected 30 from pot
Peusanto: doesn't show hand 
*** SUMMARY ***
Total pot 30 | Rake 0 
Seat 2: Peusanto (big blind) collected (30)
Seat 3: Mahu2021 (button) (small blind) folded before Flop



PokerStars Hand #255243114568: Tournament #3867815524, $4.60+$0.40 USD Hold'em No Limit - Level II (15/30) - 2025/03/11 20:05:08 CET [2025/03/11 15:05:08 ET]
Table '3867815524 1' 3-max Seat #2 is the button
Seat 2: Peusanto (705 in chips) 
Seat 3: Mahu2021 (795 in chips) 
Peusanto: posts small blind 15
Mahu2021: posts big blind 30
*** HOLE CARDS ***
Dealt to Mahu2021 [2d 3d]
Peusanto: calls 15
Mahu2021: checks 
*** FLOP *** [7c Jh Ad]
Mahu2021: checks 
Peusanto: bets 60
Mahu2021: folds 
Uncalled bet (60) returned to Peusanto
Peusanto collected 60 from pot
Peusanto: doesn't show hand 
*** SUMMARY ***
Total pot 60 | Rake 0 
Board [7c Jh Ad]
Seat 2: Peusanto (button) (small blind) collected (60)
Seat 3: Mahu2021 (big blind) folded on the Flop



PokerStars Hand #255243117574: Tournament #3867815524, $4.60+$0.40 USD Hold'em No Limit - Level II (15/30) - 2025/03/11 20:05:19 CET [2025/03/11 15:05:19 ET]
Table '3867815524 1' 3-max Seat #3 is the button
Seat 2: Peusanto (735 in chips) 
Seat 3: Mahu2021 (765 in chips) 
Mahu2021: posts small blind 15
Peusanto: posts big blind 30
*** HOLE CARDS ***
Dealt to Mahu2021 [6s Qc]
Mahu2021: raises 30 to 60
Peusanto: calls 30
*** FLOP *** [Ks Th Kh]
Peusanto: checks 
Mahu2021: bets 60
Peusanto: calls 60
*** TURN *** [Ks Th Kh] [3c]
Peusanto: checks 
Mahu2021: checks 
*** RIVER *** [Ks Th Kh 3c] [3d]
Peusanto: checks 
Mahu2021: checks 
*** SHOW DOWN ***
Peusanto: shows [8s Jh] (two pair, Kings and Threes)
Mahu2021: shows [6s Qc] (two pair, Kings and Threes - Queen kicker)
Mahu2021 collected 240 from pot
*** SUMMARY ***
Total pot 240 | Rake 0 
Board [Ks Th Kh 3c 3d]
Seat 2: Peusanto (big blind) showed [8s Jh] and lost with two pair, Kings and Threes
Seat 3: Mahu2021 (button) (small blind) showed [6s Qc] and won (240) with two pair, Kings and Threes



PokerStars Hand #255243122625: Tournament #3867815524, $4.60+$0.40 USD Hold'em No Limit - Level II (15/30) - 2025/03/11 20:05:39 CET [2025/03/11 15:05:39 ET]
Table '3867815524 1' 3-max Seat #2 is the button
Seat 2: Peusanto (615 in chips) 
Seat 3: Mahu2021 (885 in chips) 
Peusanto: posts small blind 15
Mahu2021: posts big blind 30
*** HOLE CARDS ***
Dealt to Mahu2021 [3c Jh]
Peusanto: calls 15
Mahu2021: checks 
*** FLOP *** [As Jd Qc]
Mahu2021: checks 
Peusanto: bets 60
Mahu2021: folds 
Uncalled bet (60) returned to Peusanto
Peusanto collected 60 from pot
Peusanto: doesn't show hand 
*** SUMMARY ***
Total pot 60 | Rake 0 
Board [As Jd Qc]
Seat 2: Peusanto (button) (small blind) collected (60)
Seat 3: Mahu2021 (big blind) folded on the Flop



PokerStars Hand #255243126069: Tournament #3867815524, $4.60+$0.40 USD Hold'em No Limit - Level II (15/30) - 2025/03/11 20:05:51 CET [2025/03/11 15:05:51 ET]
Table '3867815524 1' 3-max Seat #3 is the button
Seat 2: Peusanto (645 in chips) 
Seat 3: Mahu2021 (855 in chips) 
Mahu2021: posts small blind 15
Peusanto: posts big blind 30
*** HOLE CARDS ***
Dealt to Mahu2021 [5c Qs]
Mahu2021: raises 30 to 60
Peusanto: calls 30
*** FLOP *** [2c Qd 5h]
Peusanto: checks 
Mahu2021: checks 
*** TURN *** [2c Qd 5h] [7h]
Peusanto: checks 
Mahu2021: checks 
*** RIVER *** [2c Qd 5h 7h] [3h]
Peusanto: bets 120
Mahu2021: calls 120
*** SHOW DOWN ***
Peusanto: shows [Jd 7c] (a pair of Sevens)
Mahu2021: shows [5c Qs] (two pair, Queens and Fives)
Mahu2021 collected 360 from pot
*** SUMMARY ***
Total pot 360 | Rake 0 
Board [2c Qd 5h 7h 3h]
Seat 2: Peusanto (big blind) showed [Jd 7c] and lost with a pair of Sevens
Seat 3: Mahu2021 (button) (small blind) showed [5c Qs] and won (360) with two pair, Queens and Fives



PokerStars Hand #255243130455: Tournament #3867815524, $4.60+$0.40 USD Hold'em No Limit - Level II (15/30) - 2025/03/11 20:06:08 CET [2025/03/11 15:06:08 ET]
Table '3867815524 1' 3-max Seat #2 is the button
Seat 2: Peusanto (465 in chips) 
Seat 3: Mahu2021 (1035 in chips) 
Peusanto: posts small blind 15
Mahu2021: posts big blind 30
*** HOLE CARDS ***
Dealt to Mahu2021 [Qh 6c]
Peusanto: raises 30 to 60
Mahu2021: calls 30
*** FLOP *** [6h 4h Kc]
Mahu2021: checks 
Peusanto: checks 
*** TURN *** [6h 4h Kc] [Kh]
Mahu2021: bets 60
Peusanto: folds 
Uncalled bet (60) returned to Mahu2021
Mahu2021 collected 120 from pot
Mahu2021: doesn't show hand 
*** SUMMARY ***
Total pot 120 | Rake 0 
Board [6h 4h Kc Kh]
Seat 2: Peusanto (button) (small blind) folded on the Turn
Seat 3: Mahu2021 (big blind) collected (120)



PokerStars Hand #255243134191: Tournament #3867815524, $4.60+$0.40 USD Hold'em No Limit - Level II (15/30) - 2025/03/11 20:06:22 CET [2025/03/11 15:06:22 ET]
Table '3867815524 1' 3-max Seat #3 is the button
Seat 2: Peusanto (405 in chips) 
Seat 3: Mahu2021 (1095 in chips) 
Mahu2021: posts small blind 15
Peusanto: posts big blind 30
*** HOLE CARDS ***
Dealt to Mahu2021 [Ts 6s]
Mahu2021: raises 30 to 60
Peusanto: folds 
Uncalled bet (30) returned to Mahu2021
Mahu2021 collected 60 from pot
Mahu2021: doesn't show hand 
*** SUMMARY ***
Total pot 60 | Rake 0 
Seat 2: Peusanto (big blind) folded before Flop
Seat 3: Mahu2021 (button) (small blind) collected (60)



PokerStars Hand #255243136115: Tournament #3867815524, $4.60+$0.40 USD Hold'em No Limit - Level II (15/30) - 2025/03/11 20:06:29 CET [2025/03/11 15:06:29 ET]
Table '3867815524 1' 3-max Seat #2 is the button
Seat 2: Peusanto (375 in chips) 
Seat 3: Mahu2021 (1125 in chips) 
Peusanto: posts small blind 15
Mahu2021: posts big blind 30
*** HOLE CARDS ***
Dealt to Mahu2021 [Ac Ts]
Peusanto: raises 30 to 60
Mahu2021: raises 1065 to 1125 and is all-in
Peusanto: calls 315 and is all-in
Uncalled bet (750) returned to Mahu2021
*** FLOP *** [7c Td Jd]
*** TURN *** [7c Td Jd] [8h]
*** RIVER *** [7c Td Jd 8h] [3d]
*** SHOW DOWN ***
Mahu2021: shows [Ac Ts] (a pair of Tens)
Peusanto: shows [8d 7d] (a flush, Jack high)
Peusanto collected 750 from pot
*** SUMMARY ***
Total pot 750 | Rake 0 
Board [7c Td Jd 8h 3d]
Seat 2: Peusanto (button) (small blind) showed [8d 7d] and won (750) with a flush, Jack high
Seat 3: Mahu2021 (big blind) showed [Ac Ts] and lost with a pair of Tens



PokerStars Hand #255243139965: Tournament #3867815524, $4.60+$0.40 USD Hold'em No Limit - Level II (15/30) - 2025/03/11 20:06:43 CET [2025/03/11 15:06:43 ET]
Table '3867815524 1' 3-max Seat #3 is the button
Seat 2: Peusanto (750 in chips) 
Seat 3: Mahu2021 (750 in chips) 
Mahu2021: posts small blind 15
Peusanto: posts big blind 30
*** HOLE CARDS ***
Dealt to Mahu2021 [4s 4c]
Mahu2021: raises 720 to 750 and is all-in
Peusanto: calls 720 and is all-in
*** FLOP *** [Kd Ad 8h]
*** TURN *** [Kd Ad 8h] [Ah]
*** RIVER *** [Kd Ad 8h Ah] [5d]
*** SHOW DOWN ***
Peusanto: shows [9d 7c] (a pair of Aces)
Mahu2021: shows [4s 4c] (two pair, Aces and Fours)
Mahu2021 collected 1500 from pot
Peusanto finished the tournament in 2nd place
Mahu2021 wins the tournament and receives $15.00 - congratulations!
*** SUMMARY ***
Total pot 1500 | Rake 0 
Board [Kd Ad 8h Ah 5d]
Seat 2: Peusanto (big blind) showed [9d 7c] and lost with a pair of Aces
Seat 3: Mahu2021 (button) (small blind) showed [4s 4c] and won (1500) with two pair, Aces and Fours



