PokerStars Hand #247786624809: Tournament #3689497947, $1.84+$0.16 USD Hold'em No Limit - Level I (10/20) - 2023/12/21 17:50:50 CET [2023/12/21 11:50:50 ET]
Table '3689497947 1' 3-max Seat #1 is the button
Seat 1: Mahu2021 (500 in chips) 
Seat 2: csabadeak (500 in chips) 
Seat 3: KruLito (500 in chips) 
csabadeak: posts small blind 10
KruLito: posts big blind 20
*** HOLE CARDS ***
Dealt to Mahu2021 [5c Ac]
Mahu2021: calls 20
csabadeak: calls 10
KruLito: checks 
*** FLOP *** [3d Jd Qh]
csabadeak: checks 
KruLito: checks 
Mahu2021: checks 
*** TURN *** [3d Jd Qh] [5s]
csabadeak: bets 30
KruLito: folds 
Mahu2021: folds 
Uncalled bet (30) returned to csabadeak
csabadeak collected 60 from pot
csabadeak: doesn't show hand 
*** SUMMARY ***
Total pot 60 | Rake 0 
Board [3d Jd Qh 5s]
Seat 1: Mahu2021 (button) folded on the Turn
Seat 2: csabadeak (small blind) collected (60)
Seat 3: KruLito (big blind) folded on the Turn



PokerStars Hand #247786629674: Tournament #3689497947, $1.84+$0.16 USD Hold'em No Limit - Level I (10/20) - 2023/12/21 17:51:08 CET [2023/12/21 11:51:08 ET]
Table '3689497947 1' 3-max Seat #2 is the button
Seat 1: Mahu2021 (480 in chips) 
Seat 2: csabadeak (540 in chips) 
Seat 3: KruLito (480 in chips) 
KruLito: posts small blind 10
Mahu2021: posts big blind 20
*** HOLE CARDS ***
Dealt to Mahu2021 [7c 4c]
csabadeak: folds 
KruLito: folds 
Uncalled bet (10) returned to Mahu2021
Mahu2021 collected 20 from pot
Mahu2021: doesn't show hand 
*** SUMMARY ***
Total pot 20 | Rake 0 
Seat 1: Mahu2021 (big blind) collected (20)
Seat 2: csabadeak (button) folded before Flop (didn't bet)
Seat 3: KruLito (small blind) folded before Flop



PokerStars Hand #247786631320: Tournament #3689497947, $1.84+$0.16 USD Hold'em No Limit - Level I (10/20) - 2023/12/21 17:51:14 CET [2023/12/21 11:51:14 ET]
Table '3689497947 1' 3-max Seat #3 is the button
Seat 1: Mahu2021 (490 in chips) 
Seat 2: csabadeak (540 in chips) 
Seat 3: KruLito (470 in chips) 
Mahu2021: posts small blind 10
csabadeak: posts big blind 20
*** HOLE CARDS ***
Dealt to Mahu2021 [Qd 4d]
KruLito: raises 20 to 40
Mahu2021: calls 30
csabadeak: folds 
*** FLOP *** [Ac 8d Qs]
Mahu2021: checks 
KruLito: bets 50
Mahu2021: calls 50
*** TURN *** [Ac 8d Qs] [Ts]
Mahu2021: checks 
KruLito: checks 
*** RIVER *** [Ac 8d Qs Ts] [6c]
Mahu2021: checks 
KruLito: checks 
*** SHOW DOWN ***
Mahu2021: shows [Qd 4d] (a pair of Queens)
KruLito: mucks hand 
Mahu2021 collected 200 from pot
*** SUMMARY ***
Total pot 200 | Rake 0 
Board [Ac 8d Qs Ts 6c]
Seat 1: Mahu2021 (small blind) showed [Qd 4d] and won (200) with a pair of Queens
Seat 2: csabadeak (big blind) folded before Flop
Seat 3: KruLito (button) mucked [5h 5c]



PokerStars Hand #247786639326: Tournament #3689497947, $1.84+$0.16 USD Hold'em No Limit - Level I (10/20) - 2023/12/21 17:51:45 CET [2023/12/21 11:51:45 ET]
Table '3689497947 1' 3-max Seat #1 is the button
Seat 1: Mahu2021 (600 in chips) 
Seat 2: csabadeak (520 in chips) 
Seat 3: KruLito (380 in chips) 
csabadeak: posts small blind 10
KruLito: posts big blind 20
*** HOLE CARDS ***
Dealt to Mahu2021 [8d 2d]
Mahu2021: folds 
csabadeak: raises 20 to 40
KruLito: calls 20
*** FLOP *** [9s Jd 9d]
csabadeak: bets 20
KruLito: folds 
Uncalled bet (20) returned to csabadeak
csabadeak collected 80 from pot
csabadeak: doesn't show hand 
*** SUMMARY ***
Total pot 80 | Rake 0 
Board [9s Jd 9d]
Seat 1: Mahu2021 (button) folded before Flop (didn't bet)
Seat 2: csabadeak (small blind) collected (80)
Seat 3: KruLito (big blind) folded on the Flop



PokerStars Hand #247786643368: Tournament #3689497947, $1.84+$0.16 USD Hold'em No Limit - Level I (10/20) - 2023/12/21 17:52:00 CET [2023/12/21 11:52:00 ET]
Table '3689497947 1' 3-max Seat #2 is the button
Seat 1: Mahu2021 (600 in chips) 
Seat 2: csabadeak (560 in chips) 
Seat 3: KruLito (340 in chips) 
KruLito: posts small blind 10
Mahu2021: posts big blind 20
*** HOLE CARDS ***
Dealt to Mahu2021 [6h Ac]
csabadeak: raises 20 to 40
KruLito: folds 
Mahu2021: calls 20
*** FLOP *** [Kd Qh As]
Mahu2021: checks 
csabadeak: bets 30
Mahu2021: calls 30
*** TURN *** [Kd Qh As] [8h]
Mahu2021: checks 
csabadeak: checks 
*** RIVER *** [Kd Qh As 8h] [4s]
Mahu2021: checks 
csabadeak: checks 
*** SHOW DOWN ***
Mahu2021: shows [6h Ac] (a pair of Aces)
csabadeak: mucks hand 
Mahu2021 collected 150 from pot
*** SUMMARY ***
Total pot 150 | Rake 0 
Board [Kd Qh As 8h 4s]
Seat 1: Mahu2021 (big blind) showed [6h Ac] and won (150) with a pair of Aces
Seat 2: csabadeak (button) mucked [Tc Kh]
Seat 3: KruLito (small blind) folded before Flop



PokerStars Hand #247786651040: Tournament #3689497947, $1.84+$0.16 USD Hold'em No Limit - Level I (10/20) - 2023/12/21 17:52:28 CET [2023/12/21 11:52:28 ET]
Table '3689497947 1' 3-max Seat #3 is the button
Seat 1: Mahu2021 (680 in chips) 
Seat 2: csabadeak (490 in chips) 
Seat 3: KruLito (330 in chips) 
Mahu2021: posts small blind 10
csabadeak: posts big blind 20
*** HOLE CARDS ***
Dealt to Mahu2021 [Kd Td]
KruLito: raises 20 to 40
Mahu2021: calls 30
csabadeak: folds 
*** FLOP *** [6c 6s 7d]
Mahu2021: checks 
KruLito: bets 40
Mahu2021: folds 
Uncalled bet (40) returned to KruLito
KruLito collected 100 from pot
KruLito: doesn't show hand 
*** SUMMARY ***
Total pot 100 | Rake 0 
Board [6c 6s 7d]
Seat 1: Mahu2021 (small blind) folded on the Flop
Seat 2: csabadeak (big blind) folded before Flop
Seat 3: KruLito (button) collected (100)



PokerStars Hand #247786658561: Tournament #3689497947, $1.84+$0.16 USD Hold'em No Limit - Level II (15/30) - 2023/12/21 17:52:57 CET [2023/12/21 11:52:57 ET]
Table '3689497947 1' 3-max Seat #1 is the button
Seat 1: Mahu2021 (640 in chips) 
Seat 2: csabadeak (470 in chips) 
Seat 3: KruLito (390 in chips) 
csabadeak: posts small blind 15
KruLito: posts big blind 30
*** HOLE CARDS ***
Dealt to Mahu2021 [6d 8s]
Mahu2021: folds 
csabadeak: raises 30 to 60
KruLito: calls 30
*** FLOP *** [9d As 9s]
csabadeak: bets 30
KruLito: calls 30
*** TURN *** [9d As 9s] [4h]
csabadeak: checks 
KruLito: bets 60
csabadeak: folds 
Uncalled bet (60) returned to KruLito
KruLito collected 180 from pot
KruLito: doesn't show hand 
*** SUMMARY ***
Total pot 180 | Rake 0 
Board [9d As 9s 4h]
Seat 1: Mahu2021 (button) folded before Flop (didn't bet)
Seat 2: csabadeak (small blind) folded on the Turn
Seat 3: KruLito (big blind) collected (180)



PokerStars Hand #247786664517: Tournament #3689497947, $1.84+$0.16 USD Hold'em No Limit - Level II (15/30) - 2023/12/21 17:53:19 CET [2023/12/21 11:53:19 ET]
Table '3689497947 1' 3-max Seat #2 is the button
Seat 1: Mahu2021 (640 in chips) 
Seat 2: csabadeak (380 in chips) 
Seat 3: KruLito (480 in chips) 
KruLito: posts small blind 15
Mahu2021: posts big blind 30
*** HOLE CARDS ***
Dealt to Mahu2021 [5h Ah]
csabadeak: folds 
KruLito: folds 
Uncalled bet (15) returned to Mahu2021
Mahu2021 collected 30 from pot
Mahu2021: doesn't show hand 
*** SUMMARY ***
Total pot 30 | Rake 0 
Seat 1: Mahu2021 (big blind) collected (30)
Seat 2: csabadeak (button) folded before Flop (didn't bet)
Seat 3: KruLito (small blind) folded before Flop



PokerStars Hand #247786665884: Tournament #3689497947, $1.84+$0.16 USD Hold'em No Limit - Level II (15/30) - 2023/12/21 17:53:24 CET [2023/12/21 11:53:24 ET]
Table '3689497947 1' 3-max Seat #3 is the button
Seat 1: Mahu2021 (655 in chips) 
Seat 2: csabadeak (380 in chips) 
Seat 3: KruLito (465 in chips) 
Mahu2021: posts small blind 15
csabadeak: posts big blind 30
*** HOLE CARDS ***
Dealt to Mahu2021 [Qs 8c]
KruLito: folds 
Mahu2021: calls 15
csabadeak: checks 
*** FLOP *** [8s 6c Qc]
Mahu2021: checks 
csabadeak: checks 
*** TURN *** [8s 6c Qc] [Td]
Mahu2021: checks 
csabadeak: checks 
*** RIVER *** [8s 6c Qc Td] [5s]
Mahu2021: bets 60
csabadeak: calls 60
*** SHOW DOWN ***
Mahu2021: shows [Qs 8c] (two pair, Queens and Eights)
csabadeak: mucks hand 
Mahu2021 collected 180 from pot
*** SUMMARY ***
Total pot 180 | Rake 0 
Board [8s 6c Qc Td 5s]
Seat 1: Mahu2021 (small blind) showed [Qs 8c] and won (180) with two pair, Queens and Eights
Seat 2: csabadeak (big blind) mucked [4s 5d]
Seat 3: KruLito (button) folded before Flop (didn't bet)



PokerStars Hand #247786672542: Tournament #3689497947, $1.84+$0.16 USD Hold'em No Limit - Level II (15/30) - 2023/12/21 17:53:49 CET [2023/12/21 11:53:49 ET]
Table '3689497947 1' 3-max Seat #1 is the button
Seat 1: Mahu2021 (745 in chips) 
Seat 2: csabadeak (290 in chips) 
Seat 3: KruLito (465 in chips) 
csabadeak: posts small blind 15
KruLito: posts big blind 30
*** HOLE CARDS ***
Dealt to Mahu2021 [Kh Ah]
Mahu2021: raises 30 to 60
csabadeak: folds 
KruLito: calls 30
*** FLOP *** [5s 4d 8d]
KruLito: checks 
Mahu2021: checks 
*** TURN *** [5s 4d 8d] [As]
KruLito: checks 
Mahu2021: checks 
*** RIVER *** [5s 4d 8d As] [4s]
KruLito: checks 
Mahu2021: bets 30
KruLito: folds 
Uncalled bet (30) returned to Mahu2021
Mahu2021 collected 135 from pot
Mahu2021: doesn't show hand 
*** SUMMARY ***
Total pot 135 | Rake 0 
Board [5s 4d 8d As 4s]
Seat 1: Mahu2021 (button) collected (135)
Seat 2: csabadeak (small blind) folded before Flop
Seat 3: KruLito (big blind) folded on the River



PokerStars Hand #247786681147: Tournament #3689497947, $1.84+$0.16 USD Hold'em No Limit - Level II (15/30) - 2023/12/21 17:54:22 CET [2023/12/21 11:54:22 ET]
Table '3689497947 1' 3-max Seat #2 is the button
Seat 1: Mahu2021 (820 in chips) 
Seat 2: csabadeak (275 in chips) 
Seat 3: KruLito (405 in chips) 
KruLito: posts small blind 15
Mahu2021: posts big blind 30
*** HOLE CARDS ***
Dealt to Mahu2021 [3h 9s]
csabadeak: raises 245 to 275 and is all-in
KruLito: raises 130 to 405 and is all-in
Mahu2021: folds 
Uncalled bet (130) returned to KruLito
*** FLOP *** [2c Js Ks]
*** TURN *** [2c Js Ks] [Jd]
*** RIVER *** [2c Js Ks Jd] [8d]
*** SHOW DOWN ***
KruLito: shows [As Qs] (a pair of Jacks)
csabadeak: shows [Ah Td] (a pair of Jacks - lower kicker)
KruLito collected 580 from pot
csabadeak finished the tournament in 3rd place
*** SUMMARY ***
Total pot 580 | Rake 0 
Board [2c Js Ks Jd 8d]
Seat 1: Mahu2021 (big blind) folded before Flop
Seat 2: csabadeak (button) showed [Ah Td] and lost with a pair of Jacks
Seat 3: KruLito (small blind) showed [As Qs] and won (580) with a pair of Jacks



PokerStars Hand #247786687622: Tournament #3689497947, $1.84+$0.16 USD Hold'em No Limit - Level II (15/30) - 2023/12/21 17:54:46 CET [2023/12/21 11:54:46 ET]
Table '3689497947 1' 3-max Seat #1 is the button
Seat 1: Mahu2021 (790 in chips) 
Seat 3: KruLito (710 in chips) 
Mahu2021: posts small blind 15
KruLito: posts big blind 30
*** HOLE CARDS ***
Dealt to Mahu2021 [6h 6d]
Mahu2021: calls 15
KruLito: checks 
*** FLOP *** [2d 9d 8s]
KruLito: checks 
Mahu2021: bets 30
KruLito: folds 
Uncalled bet (30) returned to Mahu2021
Mahu2021 collected 60 from pot
Mahu2021: doesn't show hand 
*** SUMMARY ***
Total pot 60 | Rake 0 
Board [2d 9d 8s]
Seat 1: Mahu2021 (button) (small blind) collected (60)
Seat 3: KruLito (big blind) folded on the Flop



PokerStars Hand #247786692343: Tournament #3689497947, $1.84+$0.16 USD Hold'em No Limit - Level III (20/40) - 2023/12/21 17:55:04 CET [2023/12/21 11:55:04 ET]
Table '3689497947 1' 3-max Seat #3 is the button
Seat 1: Mahu2021 (820 in chips) 
Seat 3: KruLito (680 in chips) 
KruLito: posts small blind 20
Mahu2021: posts big blind 40
*** HOLE CARDS ***
Dealt to Mahu2021 [5c 6d]
KruLito: raises 40 to 80
Mahu2021: calls 40
*** FLOP *** [6h 5d Kc]
Mahu2021: checks 
KruLito: bets 40
Mahu2021: raises 40 to 80
KruLito: calls 40
*** TURN *** [6h 5d Kc] [Qh]
Mahu2021: checks 
KruLito: bets 40
Mahu2021: raises 40 to 80
KruLito: calls 40
*** RIVER *** [6h 5d Kc Qh] [9h]
Mahu2021: checks 
KruLito: checks 
*** SHOW DOWN ***
Mahu2021: shows [5c 6d] (two pair, Sixes and Fives)
KruLito: mucks hand 
Mahu2021 collected 480 from pot
*** SUMMARY ***
Total pot 480 | Rake 0 
Board [6h 5d Kc Qh 9h]
Seat 1: Mahu2021 (big blind) showed [5c 6d] and won (480) with two pair, Sixes and Fives
Seat 3: KruLito (button) (small blind) mucked [Kd 4h]



PokerStars Hand #247786698810: Tournament #3689497947, $1.84+$0.16 USD Hold'em No Limit - Level III (20/40) - 2023/12/21 17:55:34 CET [2023/12/21 11:55:34 ET]
Table '3689497947 1' 3-max Seat #1 is the button
Seat 1: Mahu2021 (1060 in chips) 
Seat 3: KruLito (440 in chips) 
Mahu2021: posts small blind 20
KruLito: posts big blind 40
*** HOLE CARDS ***
Dealt to Mahu2021 [Kc 7c]
Mahu2021: raises 40 to 80
KruLito: raises 360 to 440 and is all-in
Mahu2021: calls 360
*** FLOP *** [5c 7d 3s]
*** TURN *** [5c 7d 3s] [Ks]
*** RIVER *** [5c 7d 3s Ks] [Qd]
*** SHOW DOWN ***
KruLito: shows [3h 3c] (three of a kind, Threes)
Mahu2021: shows [Kc 7c] (two pair, Kings and Sevens)
KruLito collected 880 from pot
*** SUMMARY ***
Total pot 880 | Rake 0 
Board [5c 7d 3s Ks Qd]
Seat 1: Mahu2021 (button) (small blind) showed [Kc 7c] and lost with two pair, Kings and Sevens
Seat 3: KruLito (big blind) showed [3h 3c] and won (880) with three of a kind, Threes



PokerStars Hand #247786702074: Tournament #3689497947, $1.84+$0.16 USD Hold'em No Limit - Level III (20/40) - 2023/12/21 17:55:49 CET [2023/12/21 11:55:49 ET]
Table '3689497947 1' 3-max Seat #3 is the button
Seat 1: Mahu2021 (620 in chips) 
Seat 3: KruLito (880 in chips) 
KruLito: posts small blind 20
Mahu2021: posts big blind 40
*** HOLE CARDS ***
Dealt to Mahu2021 [8c Kd]
KruLito: calls 20
Mahu2021: checks 
*** FLOP *** [9c Qh 5c]
Mahu2021: checks 
KruLito: checks 
*** TURN *** [9c Qh 5c] [9s]
Mahu2021: checks 
KruLito: bets 40
Mahu2021: calls 40
*** RIVER *** [9c Qh 5c 9s] [Ks]
Mahu2021: checks 
KruLito: bets 80
Mahu2021: calls 80
*** SHOW DOWN ***
KruLito: shows [4h 8s] (a pair of Nines)
Mahu2021: shows [8c Kd] (two pair, Kings and Nines)
Mahu2021 collected 320 from pot
*** SUMMARY ***
Total pot 320 | Rake 0 
Board [9c Qh 5c 9s Ks]
Seat 1: Mahu2021 (big blind) showed [8c Kd] and won (320) with two pair, Kings and Nines
Seat 3: KruLito (button) (small blind) showed [4h 8s] and lost with a pair of Nines



PokerStars Hand #247786707649: Tournament #3689497947, $1.84+$0.16 USD Hold'em No Limit - Level III (20/40) - 2023/12/21 17:56:16 CET [2023/12/21 11:56:16 ET]
Table '3689497947 1' 3-max Seat #1 is the button
Seat 1: Mahu2021 (780 in chips) 
Seat 3: KruLito (720 in chips) 
Mahu2021: posts small blind 20
KruLito: posts big blind 40
*** HOLE CARDS ***
Dealt to Mahu2021 [4h 8h]
Mahu2021: calls 20
KruLito: checks 
*** FLOP *** [2d 7d Js]
KruLito: checks 
Mahu2021: checks 
*** TURN *** [2d 7d Js] [5h]
KruLito: checks 
Mahu2021: checks 
*** RIVER *** [2d 7d Js 5h] [Kh]
KruLito: checks 
Mahu2021: bets 80
KruLito: folds 
Uncalled bet (80) returned to Mahu2021
Mahu2021 collected 80 from pot
Mahu2021: doesn't show hand 
*** SUMMARY ***
Total pot 80 | Rake 0 
Board [2d 7d Js 5h Kh]
Seat 1: Mahu2021 (button) (small blind) collected (80)
Seat 3: KruLito (big blind) folded on the River



PokerStars Hand #247786712964: Tournament #3689497947, $1.84+$0.16 USD Hold'em No Limit - Level III (20/40) - 2023/12/21 17:56:41 CET [2023/12/21 11:56:41 ET]
Table '3689497947 1' 3-max Seat #3 is the button
Seat 1: Mahu2021 (820 in chips) 
Seat 3: KruLito (680 in chips) 
KruLito: posts small blind 20
Mahu2021: posts big blind 40
*** HOLE CARDS ***
Dealt to Mahu2021 [Ac Js]
KruLito: raises 40 to 80
Mahu2021: raises 740 to 820 and is all-in
KruLito: folds 
Uncalled bet (740) returned to Mahu2021
Mahu2021 collected 160 from pot
Mahu2021: doesn't show hand 
*** SUMMARY ***
Total pot 160 | Rake 0 
Seat 1: Mahu2021 (big blind) collected (160)
Seat 3: KruLito (button) (small blind) folded before Flop



PokerStars Hand #247786714860: Tournament #3689497947, $1.84+$0.16 USD Hold'em No Limit - Level III (20/40) - 2023/12/21 17:56:50 CET [2023/12/21 11:56:50 ET]
Table '3689497947 1' 3-max Seat #1 is the button
Seat 1: Mahu2021 (900 in chips) 
Seat 3: KruLito (600 in chips) 
Mahu2021: posts small blind 20
KruLito: posts big blind 40
*** HOLE CARDS ***
Dealt to Mahu2021 [6h 6s]
Mahu2021: calls 20
KruLito: checks 
*** FLOP *** [Kh Ks Jd]
KruLito: checks 
Mahu2021: bets 40
KruLito: folds 
Uncalled bet (40) returned to Mahu2021
Mahu2021 collected 80 from pot
Mahu2021: doesn't show hand 
*** SUMMARY ***
Total pot 80 | Rake 0 
Board [Kh Ks Jd]
Seat 1: Mahu2021 (button) (small blind) collected (80)
Seat 3: KruLito (big blind) folded on the Flop



PokerStars Hand #247786719118: Tournament #3689497947, $1.84+$0.16 USD Hold'em No Limit - Level IV (30/60) - 2023/12/21 17:57:10 CET [2023/12/21 11:57:10 ET]
Table '3689497947 1' 3-max Seat #3 is the button
Seat 1: Mahu2021 (940 in chips) 
Seat 3: KruLito (560 in chips) 
KruLito: posts small blind 30
Mahu2021: posts big blind 60
*** HOLE CARDS ***
Dealt to Mahu2021 [As 5c]
KruLito: calls 30
Mahu2021: checks 
*** FLOP *** [Ks 6h 3h]
Mahu2021: checks 
KruLito: bets 60
Mahu2021: folds 
Uncalled bet (60) returned to KruLito
KruLito collected 120 from pot
KruLito: doesn't show hand 
*** SUMMARY ***
Total pot 120 | Rake 0 
Board [Ks 6h 3h]
Seat 1: Mahu2021 (big blind) folded on the Flop
Seat 3: KruLito (button) (small blind) collected (120)



PokerStars Hand #247786722079: Tournament #3689497947, $1.84+$0.16 USD Hold'em No Limit - Level IV (30/60) - 2023/12/21 17:57:24 CET [2023/12/21 11:57:24 ET]
Table '3689497947 1' 3-max Seat #1 is the button
Seat 1: Mahu2021 (880 in chips) 
Seat 3: KruLito (620 in chips) 
Mahu2021: posts small blind 30
KruLito: posts big blind 60
*** HOLE CARDS ***
Dealt to Mahu2021 [9s Qc]
Mahu2021: calls 30
KruLito: checks 
*** FLOP *** [Kc Jc Qd]
KruLito: checks 
Mahu2021: bets 60
KruLito: folds 
Uncalled bet (60) returned to Mahu2021
Mahu2021 collected 120 from pot
Mahu2021: doesn't show hand 
*** SUMMARY ***
Total pot 120 | Rake 0 
Board [Kc Jc Qd]
Seat 1: Mahu2021 (button) (small blind) collected (120)
Seat 3: KruLito (big blind) folded on the Flop



PokerStars Hand #247786725192: Tournament #3689497947, $1.84+$0.16 USD Hold'em No Limit - Level IV (30/60) - 2023/12/21 17:57:38 CET [2023/12/21 11:57:38 ET]
Table '3689497947 1' 3-max Seat #3 is the button
Seat 1: Mahu2021 (940 in chips) 
Seat 3: KruLito (560 in chips) 
KruLito: posts small blind 30
Mahu2021: posts big blind 60
*** HOLE CARDS ***
Dealt to Mahu2021 [Th Qh]
KruLito: calls 30
Mahu2021: checks 
*** FLOP *** [As 4h 9h]
Mahu2021: checks 
KruLito: bets 60
Mahu2021: calls 60
*** TURN *** [As 4h 9h] [7s]
Mahu2021: checks 
KruLito: bets 60
Mahu2021: raises 760 to 820 and is all-in
KruLito: folds 
Uncalled bet (760) returned to Mahu2021
Mahu2021 collected 360 from pot
Mahu2021: doesn't show hand 
*** SUMMARY ***
Total pot 360 | Rake 0 
Board [As 4h 9h 7s]
Seat 1: Mahu2021 (big blind) collected (360)
Seat 3: KruLito (button) (small blind) folded on the Turn



PokerStars Hand #247786730422: Tournament #3689497947, $1.84+$0.16 USD Hold'em No Limit - Level IV (30/60) - 2023/12/21 17:58:03 CET [2023/12/21 11:58:03 ET]
Table '3689497947 1' 3-max Seat #1 is the button
Seat 1: Mahu2021 (1120 in chips) 
Seat 3: KruLito (380 in chips) 
Mahu2021: posts small blind 30
KruLito: posts big blind 60
*** HOLE CARDS ***
Dealt to Mahu2021 [Qh 6c]
Mahu2021: calls 30
KruLito: raises 320 to 380 and is all-in
Mahu2021: folds 
Uncalled bet (320) returned to KruLito
KruLito collected 120 from pot
KruLito: doesn't show hand 
*** SUMMARY ***
Total pot 120 | Rake 0 
Seat 1: Mahu2021 (button) (small blind) folded before Flop
Seat 3: KruLito (big blind) collected (120)



PokerStars Hand #247786732538: Tournament #3689497947, $1.84+$0.16 USD Hold'em No Limit - Level IV (30/60) - 2023/12/21 17:58:13 CET [2023/12/21 11:58:13 ET]
Table '3689497947 1' 3-max Seat #3 is the button
Seat 1: Mahu2021 (1060 in chips) 
Seat 3: KruLito (440 in chips) 
KruLito: posts small blind 30
Mahu2021: posts big blind 60
*** HOLE CARDS ***
Dealt to Mahu2021 [5s 4d]
KruLito: calls 30
Mahu2021: checks 
*** FLOP *** [Ac Qh 4s]
Mahu2021: checks 
KruLito: checks 
*** TURN *** [Ac Qh 4s] [3h]
Mahu2021: checks 
KruLito: checks 
*** RIVER *** [Ac Qh 4s 3h] [As]
Mahu2021: checks 
KruLito: checks 
*** SHOW DOWN ***
Mahu2021: shows [5s 4d] (two pair, Aces and Fours)
KruLito: mucks hand 
Mahu2021 collected 120 from pot
*** SUMMARY ***
Total pot 120 | Rake 0 
Board [Ac Qh 4s 3h As]
Seat 1: Mahu2021 (big blind) showed [5s 4d] and won (120) with two pair, Aces and Fours
Seat 3: KruLito (button) (small blind) mucked [Js 6c]



PokerStars Hand #247786736965: Tournament #3689497947, $1.84+$0.16 USD Hold'em No Limit - Level IV (30/60) - 2023/12/21 17:58:34 CET [2023/12/21 11:58:34 ET]
Table '3689497947 1' 3-max Seat #1 is the button
Seat 1: Mahu2021 (1120 in chips) 
Seat 3: KruLito (380 in chips) 
Mahu2021: posts small blind 30
KruLito: posts big blind 60
*** HOLE CARDS ***
Dealt to Mahu2021 [Ah Kd]
Mahu2021: calls 30
KruLito: checks 
*** FLOP *** [5s 6c Kc]
KruLito: checks 
Mahu2021: checks 
*** TURN *** [5s 6c Kc] [5h]
KruLito: checks 
Mahu2021: checks 
*** RIVER *** [5s 6c Kc 5h] [5d]
KruLito: checks 
Mahu2021: bets 60
KruLito: calls 60
*** SHOW DOWN ***
Mahu2021: shows [Ah Kd] (a full house, Fives full of Kings)
KruLito: mucks hand 
Mahu2021 collected 240 from pot
*** SUMMARY ***
Total pot 240 | Rake 0 
Board [5s 6c Kc 5h 5d]
Seat 1: Mahu2021 (button) (small blind) showed [Ah Kd] and won (240) with a full house, Fives full of Kings
Seat 3: KruLito (big blind) mucked [7h Js]



PokerStars Hand #247786745164: Tournament #3689497947, $1.84+$0.16 USD Hold'em No Limit - Level V (40/80) - 2023/12/21 17:59:12 CET [2023/12/21 11:59:12 ET]
Table '3689497947 1' 3-max Seat #3 is the button
Seat 1: Mahu2021 (1240 in chips) 
Seat 3: KruLito (260 in chips) 
KruLito: posts small blind 40
Mahu2021: posts big blind 80
*** HOLE CARDS ***
Dealt to Mahu2021 [7d Kd]
KruLito: raises 180 to 260 and is all-in
Mahu2021: calls 180
*** FLOP *** [Qs 5s 8c]
*** TURN *** [Qs 5s 8c] [6h]
*** RIVER *** [Qs 5s 8c 6h] [6d]
*** SHOW DOWN ***
Mahu2021: shows [7d Kd] (a pair of Sixes)
KruLito: shows [Jh 5h] (two pair, Sixes and Fives)
KruLito collected 520 from pot
*** SUMMARY ***
Total pot 520 | Rake 0 
Board [Qs 5s 8c 6h 6d]
Seat 1: Mahu2021 (big blind) showed [7d Kd] and lost with a pair of Sixes
Seat 3: KruLito (button) (small blind) showed [Jh 5h] and won (520) with two pair, Sixes and Fives



PokerStars Hand #247786747862: Tournament #3689497947, $1.84+$0.16 USD Hold'em No Limit - Level V (40/80) - 2023/12/21 17:59:25 CET [2023/12/21 11:59:25 ET]
Table '3689497947 1' 3-max Seat #1 is the button
Seat 1: Mahu2021 (980 in chips) 
Seat 3: KruLito (520 in chips) 
Mahu2021: posts small blind 40
KruLito: posts big blind 80
*** HOLE CARDS ***
Dealt to Mahu2021 [4h 2c]
Mahu2021: folds 
Uncalled bet (40) returned to KruLito
KruLito collected 80 from pot
KruLito: doesn't show hand 
*** SUMMARY ***
Total pot 80 | Rake 0 
Seat 1: Mahu2021 (button) (small blind) folded before Flop
Seat 3: KruLito (big blind) collected (80)



PokerStars Hand #247786748729: Tournament #3689497947, $1.84+$0.16 USD Hold'em No Limit - Level V (40/80) - 2023/12/21 17:59:29 CET [2023/12/21 11:59:29 ET]
Table '3689497947 1' 3-max Seat #3 is the button
Seat 1: Mahu2021 (940 in chips) 
Seat 3: KruLito (560 in chips) 
KruLito: posts small blind 40
Mahu2021: posts big blind 80
*** HOLE CARDS ***
Dealt to Mahu2021 [Ts Td]
KruLito: raises 480 to 560 and is all-in
Mahu2021: calls 480
*** FLOP *** [Kc Ks Ah]
*** TURN *** [Kc Ks Ah] [9s]
*** RIVER *** [Kc Ks Ah 9s] [7s]
*** SHOW DOWN ***
Mahu2021: shows [Ts Td] (two pair, Kings and Tens)
KruLito: shows [As 6h] (two pair, Aces and Kings)
KruLito collected 1120 from pot
*** SUMMARY ***
Total pot 1120 | Rake 0 
Board [Kc Ks Ah 9s 7s]
Seat 1: Mahu2021 (big blind) showed [Ts Td] and lost with two pair, Kings and Tens
Seat 3: KruLito (button) (small blind) showed [As 6h] and won (1120) with two pair, Aces and Kings



PokerStars Hand #247786751561: Tournament #3689497947, $1.84+$0.16 USD Hold'em No Limit - Level V (40/80) - 2023/12/21 17:59:43 CET [2023/12/21 11:59:43 ET]
Table '3689497947 1' 3-max Seat #1 is the button
Seat 1: Mahu2021 (380 in chips) 
Seat 3: KruLito (1120 in chips) 
Mahu2021: posts small blind 40
KruLito: posts big blind 80
*** HOLE CARDS ***
Dealt to Mahu2021 [As 4d]
Mahu2021: raises 300 to 380 and is all-in
KruLito: folds 
Uncalled bet (300) returned to Mahu2021
Mahu2021 collected 160 from pot
Mahu2021: doesn't show hand 
*** SUMMARY ***
Total pot 160 | Rake 0 
Seat 1: Mahu2021 (button) (small blind) collected (160)
Seat 3: KruLito (big blind) folded before Flop



PokerStars Hand #247786753261: Tournament #3689497947, $1.84+$0.16 USD Hold'em No Limit - Level V (40/80) - 2023/12/21 17:59:50 CET [2023/12/21 11:59:50 ET]
Table '3689497947 1' 3-max Seat #3 is the button
Seat 1: Mahu2021 (460 in chips) 
Seat 3: KruLito (1040 in chips) 
KruLito: posts small blind 40
Mahu2021: posts big blind 80
*** HOLE CARDS ***
Dealt to Mahu2021 [7s Tc]
KruLito: calls 40
Mahu2021: checks 
*** FLOP *** [Ah Jd 5c]
Mahu2021: checks 
KruLito: bets 80
Mahu2021: folds 
Uncalled bet (80) returned to KruLito
KruLito collected 160 from pot
KruLito: doesn't show hand 
*** SUMMARY ***
Total pot 160 | Rake 0 
Board [Ah Jd 5c]
Seat 1: Mahu2021 (big blind) folded on the Flop
Seat 3: KruLito (button) (small blind) collected (160)



PokerStars Hand #247786756411: Tournament #3689497947, $1.84+$0.16 USD Hold'em No Limit - Level V (40/80) - 2023/12/21 18:00:05 CET [2023/12/21 12:00:05 ET]
Table '3689497947 1' 3-max Seat #1 is the button
Seat 1: Mahu2021 (380 in chips) 
Seat 3: KruLito (1120 in chips) 
Mahu2021: posts small blind 40
KruLito: posts big blind 80
*** HOLE CARDS ***
Dealt to Mahu2021 [3d Ac]
Mahu2021: raises 300 to 380 and is all-in
KruLito: folds 
Uncalled bet (300) returned to Mahu2021
Mahu2021 collected 160 from pot
Mahu2021: doesn't show hand 
*** SUMMARY ***
Total pot 160 | Rake 0 
Seat 1: Mahu2021 (button) (small blind) collected (160)
Seat 3: KruLito (big blind) folded before Flop



PokerStars Hand #247786757778: Tournament #3689497947, $1.84+$0.16 USD Hold'em No Limit - Level V (40/80) - 2023/12/21 18:00:11 CET [2023/12/21 12:00:11 ET]
Table '3689497947 1' 3-max Seat #3 is the button
Seat 1: Mahu2021 (460 in chips) 
Seat 3: KruLito (1040 in chips) 
KruLito: posts small blind 40
Mahu2021: posts big blind 80
*** HOLE CARDS ***
Dealt to Mahu2021 [Kd 7c]
KruLito: calls 40
Mahu2021: raises 380 to 460 and is all-in
KruLito: folds 
Uncalled bet (380) returned to Mahu2021
Mahu2021 collected 160 from pot
Mahu2021: doesn't show hand 
*** SUMMARY ***
Total pot 160 | Rake 0 
Seat 1: Mahu2021 (big blind) collected (160)
Seat 3: KruLito (button) (small blind) folded before Flop



PokerStars Hand #247786760090: Tournament #3689497947, $1.84+$0.16 USD Hold'em No Limit - Level V (40/80) - 2023/12/21 18:00:22 CET [2023/12/21 12:00:22 ET]
Table '3689497947 1' 3-max Seat #1 is the button
Seat 1: Mahu2021 (540 in chips) 
Seat 3: KruLito (960 in chips) 
Mahu2021: posts small blind 40
KruLito: posts big blind 80
*** HOLE CARDS ***
Dealt to Mahu2021 [5s 2h]
Mahu2021: folds 
Uncalled bet (40) returned to KruLito
KruLito collected 80 from pot
KruLito: doesn't show hand 
*** SUMMARY ***
Total pot 80 | Rake 0 
Seat 1: Mahu2021 (button) (small blind) folded before Flop
Seat 3: KruLito (big blind) collected (80)



PokerStars Hand #247786760999: Tournament #3689497947, $1.84+$0.16 USD Hold'em No Limit - Level V (40/80) - 2023/12/21 18:00:26 CET [2023/12/21 12:00:26 ET]
Table '3689497947 1' 3-max Seat #3 is the button
Seat 1: Mahu2021 (500 in chips) 
Seat 3: KruLito (1000 in chips) 
KruLito: posts small blind 40
Mahu2021: posts big blind 80
*** HOLE CARDS ***
Dealt to Mahu2021 [Qh 9c]
KruLito: raises 920 to 1000 and is all-in
Mahu2021: calls 420 and is all-in
Uncalled bet (500) returned to KruLito
*** FLOP *** [2c Th 4h]
*** TURN *** [2c Th 4h] [Jh]
*** RIVER *** [2c Th 4h Jh] [5c]
*** SHOW DOWN ***
Mahu2021: shows [Qh 9c] (high card Queen)
KruLito: shows [3h 3c] (a pair of Threes)
KruLito collected 1000 from pot
Mahu2021 finished the tournament in 2nd place
KruLito wins the tournament and receives $4.00 - congratulations!
*** SUMMARY ***
Total pot 1000 | Rake 0 
Board [2c Th 4h Jh 5c]
Seat 1: Mahu2021 (big blind) showed [Qh 9c] and lost with high card Queen
Seat 3: KruLito (button) (small blind) showed [3h 3c] and won (1000) with a pair of Threes



