PokerStars Hand #242993550820: Tournament #3575239116, $0.92+$0.08 USD Hold'em No Limit - Level I (10/20) - 2023/04/09 23:43:41 CET [2023/04/09 17:43:41 ET]
Table '3575239116 1' 3-max Seat #1 is the button
Seat 1: Mahu2021 (500 in chips) 
Seat 2: xkaikax (500 in chips) 
Seat 3: kastoria 1 (500 in chips) 
xkaikax: posts small blind 10
kastoria 1: posts big blind 20
*** HOLE CARDS ***
Dealt to Mahu2021 [Qc 6s]
Mahu2021: folds 
xkaikax: folds 
Uncalled bet (10) returned to kastoria 1
kastoria 1 collected 20 from pot
*** SUMMARY ***
Total pot 20 | Rake 0 
Seat 1: Mahu2021 (button) folded before Flop (didn't bet)
Seat 2: xkaikax (small blind) folded before Flop
Seat 3: kastoria 1 (big blind) collected (20)



PokerStars Hand #242993553080: Tournament #3575239116, $0.92+$0.08 USD Hold'em No Limit - Level I (10/20) - 2023/04/09 23:43:47 CET [2023/04/09 17:43:47 ET]
Table '3575239116 1' 3-max Seat #2 is the button
Seat 1: Mahu2021 (500 in chips) 
Seat 2: xkaikax (490 in chips) 
Seat 3: kastoria 1 (510 in chips) 
kastoria 1: posts small blind 10
Mahu2021: posts big blind 20
*** HOLE CARDS ***
Dealt to Mahu2021 [9d Kh]
xkaikax has timed out
xkaikax: folds 
xkaikax is sitting out
xkaikax has returned
kastoria 1: calls 10
Mahu2021: checks 
*** FLOP *** [4d Qc As]
kastoria 1: checks 
Mahu2021: checks 
*** TURN *** [4d Qc As] [Qd]
kastoria 1: checks 
Mahu2021: bets 40
kastoria 1: calls 40
*** RIVER *** [4d Qc As Qd] [5d]
kastoria 1: checks 
Mahu2021: checks 
*** SHOW DOWN ***
kastoria 1: shows [4c Kc] (two pair, Queens and Fours)
Mahu2021: mucks hand 
kastoria 1 collected 120 from pot
*** SUMMARY ***
Total pot 120 | Rake 0 
Board [4d Qc As Qd 5d]
Seat 1: Mahu2021 (big blind) mucked [9d Kh]
Seat 2: xkaikax (button) folded before Flop (didn't bet)
Seat 3: kastoria 1 (small blind) showed [4c Kc] and won (120) with two pair, Queens and Fours



PokerStars Hand #242993578798: Tournament #3575239116, $0.92+$0.08 USD Hold'em No Limit - Level I (10/20) - 2023/04/09 23:44:50 CET [2023/04/09 17:44:50 ET]
Table '3575239116 1' 3-max Seat #3 is the button
Seat 1: Mahu2021 (440 in chips) 
Seat 2: xkaikax (490 in chips) 
Seat 3: kastoria 1 (570 in chips) 
Mahu2021: posts small blind 10
xkaikax: posts big blind 20
*** HOLE CARDS ***
Dealt to Mahu2021 [As Js]
kastoria 1: calls 20
Mahu2021: calls 10
xkaikax: raises 20 to 40
kastoria 1: calls 20
Mahu2021: raises 400 to 440 and is all-in
xkaikax: folds 
kastoria 1: folds 
Uncalled bet (400) returned to Mahu2021
Mahu2021 collected 120 from pot
Mahu2021: doesn't show hand 
*** SUMMARY ***
Total pot 120 | Rake 0 
Seat 1: Mahu2021 (small blind) collected (120)
Seat 2: xkaikax (big blind) folded before Flop
Seat 3: kastoria 1 (button) folded before Flop



PokerStars Hand #242993593262: Tournament #3575239116, $0.92+$0.08 USD Hold'em No Limit - Level I (10/20) - 2023/04/09 23:45:25 CET [2023/04/09 17:45:25 ET]
Table '3575239116 1' 3-max Seat #1 is the button
Seat 1: Mahu2021 (520 in chips) 
Seat 2: xkaikax (450 in chips) 
Seat 3: kastoria 1 (530 in chips) 
xkaikax: posts small blind 10
kastoria 1: posts big blind 20
*** HOLE CARDS ***
Dealt to Mahu2021 [8h Ts]
Mahu2021: folds 
xkaikax: raises 20 to 40
kastoria 1: calls 20
*** FLOP *** [Kd 9s Jd]
xkaikax: checks 
kastoria 1: bets 20
xkaikax: folds 
Uncalled bet (20) returned to kastoria 1
kastoria 1 collected 80 from pot
*** SUMMARY ***
Total pot 80 | Rake 0 
Board [Kd 9s Jd]
Seat 1: Mahu2021 (button) folded before Flop (didn't bet)
Seat 2: xkaikax (small blind) folded on the Flop
Seat 3: kastoria 1 (big blind) collected (80)



PokerStars Hand #242993605657: Tournament #3575239116, $0.92+$0.08 USD Hold'em No Limit - Level II (15/30) - 2023/04/09 23:45:56 CET [2023/04/09 17:45:56 ET]
Table '3575239116 1' 3-max Seat #2 is the button
Seat 1: Mahu2021 (520 in chips) 
Seat 2: xkaikax (410 in chips) 
Seat 3: kastoria 1 (570 in chips) 
kastoria 1: posts small blind 15
Mahu2021: posts big blind 30
*** HOLE CARDS ***
Dealt to Mahu2021 [4c 2d]
xkaikax: raises 30 to 60
kastoria 1: calls 45
Mahu2021: folds 
*** FLOP *** [Tc 9h Ks]
kastoria 1: bets 30
xkaikax: raises 30 to 60
kastoria 1: calls 30
*** TURN *** [Tc 9h Ks] [8h]
kastoria 1: checks 
xkaikax: bets 90
kastoria 1: calls 90
*** RIVER *** [Tc 9h Ks 8h] [5c]
kastoria 1: checks 
xkaikax: bets 200 and is all-in
kastoria 1: folds 
Uncalled bet (200) returned to xkaikax
xkaikax collected 450 from pot
xkaikax: doesn't show hand 
*** SUMMARY ***
Total pot 450 | Rake 0 
Board [Tc 9h Ks 8h 5c]
Seat 1: Mahu2021 (big blind) folded before Flop
Seat 2: xkaikax (button) collected (450)
Seat 3: kastoria 1 (small blind) folded on the River



PokerStars Hand #242993637259: Tournament #3575239116, $0.92+$0.08 USD Hold'em No Limit - Level II (15/30) - 2023/04/09 23:47:15 CET [2023/04/09 17:47:15 ET]
Table '3575239116 1' 3-max Seat #3 is the button
Seat 1: Mahu2021 (490 in chips) 
Seat 2: xkaikax (650 in chips) 
Seat 3: kastoria 1 (360 in chips) 
Mahu2021: posts small blind 15
xkaikax: posts big blind 30
*** HOLE CARDS ***
Dealt to Mahu2021 [Ks Qd]
kastoria 1: folds 
Mahu2021: raises 30 to 60
xkaikax: calls 30
*** FLOP *** [Tc As Qh]
Mahu2021: checks 
xkaikax: checks 
*** TURN *** [Tc As Qh] [Jd]
Mahu2021: checks 
xkaikax: checks 
*** RIVER *** [Tc As Qh Jd] [3s]
Mahu2021: bets 120
xkaikax: folds 
Uncalled bet (120) returned to Mahu2021
Mahu2021 collected 120 from pot
Mahu2021: doesn't show hand 
*** SUMMARY ***
Total pot 120 | Rake 0 
Board [Tc As Qh Jd 3s]
Seat 1: Mahu2021 (small blind) collected (120)
Seat 2: xkaikax (big blind) folded on the River
Seat 3: kastoria 1 (button) folded before Flop (didn't bet)



PokerStars Hand #242993649846: Tournament #3575239116, $0.92+$0.08 USD Hold'em No Limit - Level III (20/40) - 2023/04/09 23:47:46 CET [2023/04/09 17:47:46 ET]
Table '3575239116 1' 3-max Seat #1 is the button
Seat 1: Mahu2021 (550 in chips) 
Seat 2: xkaikax (590 in chips) 
Seat 3: kastoria 1 (360 in chips) 
xkaikax: posts small blind 20
kastoria 1: posts big blind 40
*** HOLE CARDS ***
Dealt to Mahu2021 [4s 5d]
Mahu2021: folds 
xkaikax: calls 20
kastoria 1: raises 40 to 80
xkaikax: calls 40
*** FLOP *** [6c Th Ad]
xkaikax: checks 
kastoria 1: checks 
*** TURN *** [6c Th Ad] [7s]
xkaikax: checks 
kastoria 1: bets 80
xkaikax: folds 
Uncalled bet (80) returned to kastoria 1
kastoria 1 collected 160 from pot
*** SUMMARY ***
Total pot 160 | Rake 0 
Board [6c Th Ad 7s]
Seat 1: Mahu2021 (button) folded before Flop (didn't bet)
Seat 2: xkaikax (small blind) folded on the Turn
Seat 3: kastoria 1 (big blind) collected (160)



PokerStars Hand #242993665960: Tournament #3575239116, $0.92+$0.08 USD Hold'em No Limit - Level III (20/40) - 2023/04/09 23:48:26 CET [2023/04/09 17:48:26 ET]
Table '3575239116 1' 3-max Seat #2 is the button
Seat 1: Mahu2021 (550 in chips) 
Seat 2: xkaikax (510 in chips) 
Seat 3: kastoria 1 (440 in chips) 
kastoria 1: posts small blind 20
Mahu2021: posts big blind 40
*** HOLE CARDS ***
Dealt to Mahu2021 [Ts Kh]
xkaikax: folds 
kastoria 1: calls 20
Mahu2021: checks 
*** FLOP *** [7c 6h 4s]
kastoria 1: bets 40
Mahu2021: calls 40
*** TURN *** [7c 6h 4s] [Ks]
kastoria 1: bets 40
Mahu2021: calls 40
*** RIVER *** [7c 6h 4s Ks] [8d]
kastoria 1: checks 
Mahu2021: checks 
*** SHOW DOWN ***
kastoria 1: shows [3h 7d] (a pair of Sevens)
Mahu2021: shows [Ts Kh] (a pair of Kings)
Mahu2021 collected 240 from pot
*** SUMMARY ***
Total pot 240 | Rake 0 
Board [7c 6h 4s Ks 8d]
Seat 1: Mahu2021 (big blind) showed [Ts Kh] and won (240) with a pair of Kings
Seat 2: xkaikax (button) folded before Flop (didn't bet)
Seat 3: kastoria 1 (small blind) showed [3h 7d] and lost with a pair of Sevens



PokerStars Hand #242993682457: Tournament #3575239116, $0.92+$0.08 USD Hold'em No Limit - Level III (20/40) - 2023/04/09 23:49:07 CET [2023/04/09 17:49:07 ET]
Table '3575239116 1' 3-max Seat #3 is the button
Seat 1: Mahu2021 (670 in chips) 
Seat 2: xkaikax (510 in chips) 
Seat 3: kastoria 1 (320 in chips) 
Mahu2021: posts small blind 20
xkaikax: posts big blind 40
*** HOLE CARDS ***
Dealt to Mahu2021 [Ts As]
kastoria 1: calls 40
Mahu2021: raises 630 to 670 and is all-in
xkaikax: folds 
kastoria 1: folds 
Uncalled bet (630) returned to Mahu2021
Mahu2021 collected 120 from pot
Mahu2021: doesn't show hand 
*** SUMMARY ***
Total pot 120 | Rake 0 
Seat 1: Mahu2021 (small blind) collected (120)
Seat 2: xkaikax (big blind) folded before Flop
Seat 3: kastoria 1 (button) folded before Flop



PokerStars Hand #242993692462: Tournament #3575239116, $0.92+$0.08 USD Hold'em No Limit - Level III (20/40) - 2023/04/09 23:49:32 CET [2023/04/09 17:49:32 ET]
Table '3575239116 1' 3-max Seat #1 is the button
Seat 1: Mahu2021 (750 in chips) 
Seat 2: xkaikax (470 in chips) 
Seat 3: kastoria 1 (280 in chips) 
xkaikax: posts small blind 20
kastoria 1: posts big blind 40
*** HOLE CARDS ***
Dealt to Mahu2021 [Qd 7d]
Mahu2021: folds 
xkaikax: calls 20
kastoria 1: checks 
*** FLOP *** [Jd 6s 4s]
xkaikax: checks 
kastoria 1: bets 40
xkaikax: folds 
Uncalled bet (40) returned to kastoria 1
kastoria 1 collected 80 from pot
*** SUMMARY ***
Total pot 80 | Rake 0 
Board [Jd 6s 4s]
Seat 1: Mahu2021 (button) folded before Flop (didn't bet)
Seat 2: xkaikax (small blind) folded on the Flop
Seat 3: kastoria 1 (big blind) collected (80)



PokerStars Hand #242993704502: Tournament #3575239116, $0.92+$0.08 USD Hold'em No Limit - Level IV (30/60) - 2023/04/09 23:50:03 CET [2023/04/09 17:50:03 ET]
Table '3575239116 1' 3-max Seat #2 is the button
Seat 1: Mahu2021 (750 in chips) 
Seat 2: xkaikax (430 in chips) 
Seat 3: kastoria 1 (320 in chips) 
kastoria 1: posts small blind 30
Mahu2021: posts big blind 60
*** HOLE CARDS ***
Dealt to Mahu2021 [7h Qs]
xkaikax: folds 
kastoria 1: calls 30
Mahu2021: checks 
*** FLOP *** [9h 7d 7c]
kastoria 1: checks 
Mahu2021: bets 60
kastoria 1: calls 60
*** TURN *** [9h 7d 7c] [4s]
kastoria 1: checks 
Mahu2021: bets 60
kastoria 1: folds 
Uncalled bet (60) returned to Mahu2021
Mahu2021 collected 240 from pot
Mahu2021: doesn't show hand 
*** SUMMARY ***
Total pot 240 | Rake 0 
Board [9h 7d 7c 4s]
Seat 1: Mahu2021 (big blind) collected (240)
Seat 2: xkaikax (button) folded before Flop (didn't bet)
Seat 3: kastoria 1 (small blind) folded on the Turn



PokerStars Hand #242993724585: Tournament #3575239116, $0.92+$0.08 USD Hold'em No Limit - Level IV (30/60) - 2023/04/09 23:50:54 CET [2023/04/09 17:50:54 ET]
Table '3575239116 1' 3-max Seat #3 is the button
Seat 1: Mahu2021 (870 in chips) 
Seat 2: xkaikax (430 in chips) 
Seat 3: kastoria 1 (200 in chips) 
Mahu2021: posts small blind 30
xkaikax: posts big blind 60
*** HOLE CARDS ***
Dealt to Mahu2021 [Th 5s]
kastoria 1: raises 60 to 120
Mahu2021: folds 
xkaikax: folds 
Uncalled bet (60) returned to kastoria 1
kastoria 1 collected 150 from pot
*** SUMMARY ***
Total pot 150 | Rake 0 
Seat 1: Mahu2021 (small blind) folded before Flop
Seat 2: xkaikax (big blind) folded before Flop
Seat 3: kastoria 1 (button) collected (150)



PokerStars Hand #242993728465: Tournament #3575239116, $0.92+$0.08 USD Hold'em No Limit - Level IV (30/60) - 2023/04/09 23:51:04 CET [2023/04/09 17:51:04 ET]
Table '3575239116 1' 3-max Seat #1 is the button
Seat 1: Mahu2021 (840 in chips) 
Seat 2: xkaikax (370 in chips) 
Seat 3: kastoria 1 (290 in chips) 
xkaikax: posts small blind 30
kastoria 1: posts big blind 60
*** HOLE CARDS ***
Dealt to Mahu2021 [Jh 2c]
Mahu2021: folds 
xkaikax: raises 310 to 370 and is all-in
kastoria 1: folds 
Uncalled bet (310) returned to xkaikax
xkaikax collected 120 from pot
xkaikax: doesn't show hand 
*** SUMMARY ***
Total pot 120 | Rake 0 
Seat 1: Mahu2021 (button) folded before Flop (didn't bet)
Seat 2: xkaikax (small blind) collected (120)
Seat 3: kastoria 1 (big blind) folded before Flop



PokerStars Hand #242993733728: Tournament #3575239116, $0.92+$0.08 USD Hold'em No Limit - Level IV (30/60) - 2023/04/09 23:51:18 CET [2023/04/09 17:51:18 ET]
Table '3575239116 1' 3-max Seat #2 is the button
Seat 1: Mahu2021 (840 in chips) 
Seat 2: xkaikax (430 in chips) 
Seat 3: kastoria 1 (230 in chips) 
kastoria 1: posts small blind 30
Mahu2021: posts big blind 60
*** HOLE CARDS ***
Dealt to Mahu2021 [2c Ts]
xkaikax: folds 
kastoria 1: calls 30
Mahu2021: checks 
*** FLOP *** [Kh 8h Js]
kastoria 1: bets 60
Mahu2021: folds 
Uncalled bet (60) returned to kastoria 1
kastoria 1 collected 120 from pot
*** SUMMARY ***
Total pot 120 | Rake 0 
Board [Kh 8h Js]
Seat 1: Mahu2021 (big blind) folded on the Flop
Seat 2: xkaikax (button) folded before Flop (didn't bet)
Seat 3: kastoria 1 (small blind) collected (120)



PokerStars Hand #242993743025: Tournament #3575239116, $0.92+$0.08 USD Hold'em No Limit - Level IV (30/60) - 2023/04/09 23:51:41 CET [2023/04/09 17:51:41 ET]
Table '3575239116 1' 3-max Seat #3 is the button
Seat 1: Mahu2021 (780 in chips) 
Seat 2: xkaikax (430 in chips) 
Seat 3: kastoria 1 (290 in chips) 
Mahu2021: posts small blind 30
xkaikax: posts big blind 60
*** HOLE CARDS ***
Dealt to Mahu2021 [9s Kd]
kastoria 1: folds 
Mahu2021: raises 60 to 120
xkaikax: raises 310 to 430 and is all-in
Mahu2021: calls 310
*** FLOP *** [As Th 7c]
*** TURN *** [As Th 7c] [8s]
*** RIVER *** [As Th 7c 8s] [Jh]
*** SHOW DOWN ***
Mahu2021: shows [9s Kd] (a straight, Seven to Jack)
xkaikax: shows [Qd Ad] (a pair of Aces)
Mahu2021 collected 860 from pot
xkaikax finished the tournament in 3rd place
*** SUMMARY ***
Total pot 860 | Rake 0 
Board [As Th 7c 8s Jh]
Seat 1: Mahu2021 (small blind) showed [9s Kd] and won (860) with a straight, Seven to Jack
Seat 2: xkaikax (big blind) showed [Qd Ad] and lost with a pair of Aces
Seat 3: kastoria 1 (button) folded before Flop (didn't bet)



PokerStars Hand #242993752518: Tournament #3575239116, $0.92+$0.08 USD Hold'em No Limit - Level V (40/80) - 2023/04/09 23:52:05 CET [2023/04/09 17:52:05 ET]
Table '3575239116 1' 3-max Seat #1 is the button
Seat 1: Mahu2021 (1210 in chips) 
Seat 3: kastoria 1 (290 in chips) 
Mahu2021: posts small blind 40
kastoria 1: posts big blind 80
*** HOLE CARDS ***
Dealt to Mahu2021 [Td 8s]
Mahu2021: calls 40
kastoria 1: checks 
*** FLOP *** [5c 3c 7s]
kastoria 1: checks 
Mahu2021: checks 
*** TURN *** [5c 3c 7s] [2h]
kastoria 1: checks 
Mahu2021: checks 
*** RIVER *** [5c 3c 7s 2h] [3d]
kastoria 1: checks 
Mahu2021: bets 80
kastoria 1: calls 80
*** SHOW DOWN ***
Mahu2021: shows [Td 8s] (a pair of Threes)
kastoria 1: shows [Qc Jd] (a pair of Threes - Queen kicker)
kastoria 1 collected 320 from pot
*** SUMMARY ***
Total pot 320 | Rake 0 
Board [5c 3c 7s 2h 3d]
Seat 1: Mahu2021 (button) (small blind) showed [Td 8s] and lost with a pair of Threes
Seat 3: kastoria 1 (big blind) showed [Qc Jd] and won (320) with a pair of Threes



PokerStars Hand #242993772087: Tournament #3575239116, $0.92+$0.08 USD Hold'em No Limit - Level V (40/80) - 2023/04/09 23:52:55 CET [2023/04/09 17:52:55 ET]
Table '3575239116 1' 3-max Seat #3 is the button
Seat 1: Mahu2021 (1050 in chips) 
Seat 3: kastoria 1 (450 in chips) 
kastoria 1: posts small blind 40
Mahu2021: posts big blind 80
*** HOLE CARDS ***
Dealt to Mahu2021 [2h Jd]
kastoria 1: calls 40
Mahu2021: checks 
*** FLOP *** [5c Tc Qd]
Mahu2021: checks 
kastoria 1: checks 
*** TURN *** [5c Tc Qd] [Qs]
Mahu2021: bets 80
kastoria 1: folds 
Uncalled bet (80) returned to Mahu2021
Mahu2021 collected 160 from pot
Mahu2021: doesn't show hand 
*** SUMMARY ***
Total pot 160 | Rake 0 
Board [5c Tc Qd Qs]
Seat 1: Mahu2021 (big blind) collected (160)
Seat 3: kastoria 1 (button) (small blind) folded on the Turn



PokerStars Hand #242993783131: Tournament #3575239116, $0.92+$0.08 USD Hold'em No Limit - Level V (40/80) - 2023/04/09 23:53:23 CET [2023/04/09 17:53:23 ET]
Table '3575239116 1' 3-max Seat #1 is the button
Seat 1: Mahu2021 (1130 in chips) 
Seat 3: kastoria 1 (370 in chips) 
Mahu2021: posts small blind 40
kastoria 1: posts big blind 80
*** HOLE CARDS ***
Dealt to Mahu2021 [Ah 6s]
Mahu2021: raises 1050 to 1130 and is all-in
kastoria 1: folds 
Uncalled bet (1050) returned to Mahu2021
Mahu2021 collected 160 from pot
Mahu2021: doesn't show hand 
*** SUMMARY ***
Total pot 160 | Rake 0 
Seat 1: Mahu2021 (button) (small blind) collected (160)
Seat 3: kastoria 1 (big blind) folded before Flop



PokerStars Hand #242993787595: Tournament #3575239116, $0.92+$0.08 USD Hold'em No Limit - Level V (40/80) - 2023/04/09 23:53:35 CET [2023/04/09 17:53:35 ET]
Table '3575239116 1' 3-max Seat #3 is the button
Seat 1: Mahu2021 (1210 in chips) 
Seat 3: kastoria 1 (290 in chips) 
kastoria 1: posts small blind 40
Mahu2021: posts big blind 80
*** HOLE CARDS ***
Dealt to Mahu2021 [Ah Kc]
kastoria 1: calls 40
Mahu2021: raises 1130 to 1210 and is all-in
kastoria 1: folds 
Uncalled bet (1130) returned to Mahu2021
Mahu2021 collected 160 from pot
Mahu2021: doesn't show hand 
*** SUMMARY ***
Total pot 160 | Rake 0 
Seat 1: Mahu2021 (big blind) collected (160)
Seat 3: kastoria 1 (button) (small blind) folded before Flop



PokerStars Hand #242993796720: Tournament #3575239116, $0.92+$0.08 USD Hold'em No Limit - Level VI (50/100) - 2023/04/09 23:53:58 CET [2023/04/09 17:53:58 ET]
Table '3575239116 1' 3-max Seat #1 is the button
Seat 1: Mahu2021 (1290 in chips) 
Seat 3: kastoria 1 (210 in chips) 
Mahu2021: posts small blind 50
kastoria 1: posts big blind 100
*** HOLE CARDS ***
Dealt to Mahu2021 [2s Qd]
Mahu2021: raises 200 to 300
kastoria 1: calls 110 and is all-in
Uncalled bet (90) returned to Mahu2021
*** FLOP *** [8h As 7h]
*** TURN *** [8h As 7h] [3h]
*** RIVER *** [8h As 7h 3h] [Tc]
*** SHOW DOWN ***
kastoria 1: shows [6d 7d] (a pair of Sevens)
Mahu2021: shows [2s Qd] (high card Ace)
kastoria 1 collected 420 from pot
*** SUMMARY ***
Total pot 420 | Rake 0 
Board [8h As 7h 3h Tc]
Seat 1: Mahu2021 (button) (small blind) showed [2s Qd] and lost with high card Ace
Seat 3: kastoria 1 (big blind) showed [6d 7d] and won (420) with a pair of Sevens



PokerStars Hand #242993802489: Tournament #3575239116, $0.92+$0.08 USD Hold'em No Limit - Level VI (50/100) - 2023/04/09 23:54:13 CET [2023/04/09 17:54:13 ET]
Table '3575239116 1' 3-max Seat #3 is the button
Seat 1: Mahu2021 (1080 in chips) 
Seat 3: kastoria 1 (420 in chips) 
kastoria 1: posts small blind 50
Mahu2021: posts big blind 100
*** HOLE CARDS ***
Dealt to Mahu2021 [Ks Qh]
kastoria 1: calls 50
Mahu2021: checks 
*** FLOP *** [7s 3s Ad]
Mahu2021: checks 
kastoria 1: checks 
*** TURN *** [7s 3s Ad] [Ac]
Mahu2021: bets 100
kastoria 1: calls 100
*** RIVER *** [7s 3s Ad Ac] [7d]
Mahu2021: checks 
kastoria 1: checks 
*** SHOW DOWN ***
Mahu2021: shows [Ks Qh] (two pair, Aces and Sevens)
kastoria 1: shows [Kd 8h] (two pair, Aces and Sevens)
Mahu2021 collected 200 from pot
kastoria 1 collected 200 from pot
*** SUMMARY ***
Total pot 400 | Rake 0 
Board [7s 3s Ad Ac 7d]
Seat 1: Mahu2021 (big blind) showed [Ks Qh] and won (200) with two pair, Aces and Sevens
Seat 3: kastoria 1 (button) (small blind) showed [Kd 8h] and won (200) with two pair, Aces and Sevens



PokerStars Hand #242993816709: Tournament #3575239116, $0.92+$0.08 USD Hold'em No Limit - Level VI (50/100) - 2023/04/09 23:54:49 CET [2023/04/09 17:54:49 ET]
Table '3575239116 1' 3-max Seat #1 is the button
Seat 1: Mahu2021 (1080 in chips) 
Seat 3: kastoria 1 (420 in chips) 
Mahu2021: posts small blind 50
kastoria 1: posts big blind 100
*** HOLE CARDS ***
Dealt to Mahu2021 [Ks 8d]
Mahu2021: raises 980 to 1080 and is all-in
kastoria 1: folds 
Uncalled bet (980) returned to Mahu2021
Mahu2021 collected 200 from pot
Mahu2021: doesn't show hand 
*** SUMMARY ***
Total pot 200 | Rake 0 
Seat 1: Mahu2021 (button) (small blind) collected (200)
Seat 3: kastoria 1 (big blind) folded before Flop



PokerStars Hand #242993820697: Tournament #3575239116, $0.92+$0.08 USD Hold'em No Limit - Level VI (50/100) - 2023/04/09 23:54:59 CET [2023/04/09 17:54:59 ET]
Table '3575239116 1' 3-max Seat #3 is the button
Seat 1: Mahu2021 (1180 in chips) 
Seat 3: kastoria 1 (320 in chips) 
kastoria 1: posts small blind 50
Mahu2021: posts big blind 100
*** HOLE CARDS ***
Dealt to Mahu2021 [8c 8s]
kastoria 1: raises 100 to 200
Mahu2021: raises 980 to 1180 and is all-in
kastoria 1: calls 120 and is all-in
Uncalled bet (860) returned to Mahu2021
*** FLOP *** [2c 4s Qc]
*** TURN *** [2c 4s Qc] [2s]
*** RIVER *** [2c 4s Qc 2s] [7s]
*** SHOW DOWN ***
Mahu2021: shows [8c 8s] (two pair, Eights and Deuces)
kastoria 1: shows [Tc Td] (two pair, Tens and Deuces)
kastoria 1 collected 640 from pot
*** SUMMARY ***
Total pot 640 | Rake 0 
Board [2c 4s Qc 2s 7s]
Seat 1: Mahu2021 (big blind) showed [8c 8s] and lost with two pair, Eights and Deuces
Seat 3: kastoria 1 (button) (small blind) showed [Tc Td] and won (640) with two pair, Tens and Deuces



PokerStars Hand #242993828702: Tournament #3575239116, $0.92+$0.08 USD Hold'em No Limit - Level VI (50/100) - 2023/04/09 23:55:25 CET [2023/04/09 17:55:25 ET]
Table '3575239116 1' 3-max Seat #1 is the button
Seat 1: Mahu2021 (860 in chips) 
Seat 3: kastoria 1 (640 in chips) 
Mahu2021: posts small blind 50
kastoria 1: posts big blind 100
*** HOLE CARDS ***
Dealt to Mahu2021 [Kc Ks]
Mahu2021: raises 760 to 860 and is all-in
kastoria 1: folds 
Uncalled bet (760) returned to Mahu2021
Mahu2021 collected 200 from pot
Mahu2021: doesn't show hand 
*** SUMMARY ***
Total pot 200 | Rake 0 
Seat 1: Mahu2021 (button) (small blind) collected (200)
Seat 3: kastoria 1 (big blind) folded before Flop



PokerStars Hand #242993831155: Tournament #3575239116, $0.92+$0.08 USD Hold'em No Limit - Level VI (50/100) - 2023/04/09 23:55:34 CET [2023/04/09 17:55:34 ET]
Table '3575239116 1' 3-max Seat #3 is the button
Seat 1: Mahu2021 (960 in chips) 
Seat 3: kastoria 1 (540 in chips) 
kastoria 1: posts small blind 50
Mahu2021: posts big blind 100
*** HOLE CARDS ***
Dealt to Mahu2021 [2c Jh]
kastoria 1: calls 50
Mahu2021: checks 
*** FLOP *** [7d 2s 5s]
Mahu2021: checks 
kastoria 1: checks 
*** TURN *** [7d 2s 5s] [Kh]
Mahu2021: checks 
kastoria 1: checks 
*** RIVER *** [7d 2s 5s Kh] [Tc]
Mahu2021: checks 
kastoria 1: checks 
*** SHOW DOWN ***
Mahu2021: shows [2c Jh] (a pair of Deuces)
kastoria 1: mucks hand 
Mahu2021 collected 200 from pot
*** SUMMARY ***
Total pot 200 | Rake 0 
Board [7d 2s 5s Kh Tc]
Seat 1: Mahu2021 (big blind) showed [2c Jh] and won (200) with a pair of Deuces
Seat 3: kastoria 1 (button) (small blind) mucked [Ad 3h]



PokerStars Hand #242993842089: Tournament #3575239116, $0.92+$0.08 USD Hold'em No Limit - Level VII (60/120) - 2023/04/09 23:56:15 CET [2023/04/09 17:56:15 ET]
Table '3575239116 1' 3-max Seat #1 is the button
Seat 1: Mahu2021 (1060 in chips) 
Seat 3: kastoria 1 (440 in chips) 
Mahu2021: posts small blind 60
kastoria 1: posts big blind 120
*** HOLE CARDS ***
Dealt to Mahu2021 [9h Ah]
Mahu2021: raises 940 to 1060 and is all-in
kastoria 1: calls 320 and is all-in
Uncalled bet (620) returned to Mahu2021
*** FLOP *** [9d Qc 8d]
*** TURN *** [9d Qc 8d] [4c]
*** RIVER *** [9d Qc 8d 4c] [Ac]
*** SHOW DOWN ***
kastoria 1: shows [Kh Qs] (a pair of Queens)
Mahu2021: shows [9h Ah] (two pair, Aces and Nines)
Mahu2021 collected 880 from pot
kastoria 1 finished the tournament in 2nd place
Mahu2021 wins the tournament and receives $2.00 - congratulations!
*** SUMMARY ***
Total pot 880 | Rake 0 
Board [9d Qc 8d 4c Ac]
Seat 1: Mahu2021 (button) (small blind) showed [9h Ah] and won (880) with two pair, Aces and Nines
Seat 3: kastoria 1 (big blind) showed [Kh Qs] and lost with a pair of Queens



