PokerStars Hand #253702278222: Tournament #3830413852, $0.96+$0.04 USD Hold'em No Limit - Match Round I, Level I (25/50) - 2024/12/04 20:13:23 CET [2024/12/04 14:13:23 ET]
Table '3830413852 3' 4-max Seat #1 is the button
Seat 1: Mahu2021 (500 in chips) 
Seat 2: Riesa82 (500 in chips) 
Seat 3: Lupo0303 (500 in chips) 
Seat 4: bochisR (500 in chips) 
Mahu2021: posts the ante 10
Riesa82: posts the ante 10
Lupo0303: posts the ante 10
bochisR: posts the ante 10
Riesa82: posts small blind 25
Lupo0303: posts big blind 50
*** HOLE CARDS ***
Dealt to Mahu2021 [2s 9h]
bochisR: calls 50
Mahu2021: folds 
Riesa82: calls 25
Lupo0303: checks 
*** FLOP *** [Qs Js 4d]
Riesa82: checks 
Lupo0303: checks 
bochisR: checks 
*** TURN *** [Qs Js 4d] [6d]
Riesa82: bets 76
Lupo0303: folds 
bochisR: folds 
Uncalled bet (76) returned to Riesa82
Riesa82 collected 190 from pot
Riesa82: doesn't show hand 
*** SUMMARY ***
Total pot 190 | Rake 0 
Board [Qs Js 4d 6d]
Seat 1: Mahu2021 (button) folded before Flop (didn't bet)
Seat 2: Riesa82 (small blind) collected (190)
Seat 3: Lupo0303 (big blind) folded on the Turn
Seat 4: bochisR folded on the Turn



PokerStars Hand #253702283944: Tournament #3830413852, $0.96+$0.04 USD Hold'em No Limit - Match Round I, Level I (25/50) - 2024/12/04 20:13:44 CET [2024/12/04 14:13:44 ET]
Table '3830413852 3' 4-max Seat #2 is the button
Seat 1: Mahu2021 (490 in chips) 
Seat 2: Riesa82 (630 in chips) 
Seat 3: Lupo0303 (440 in chips) 
Seat 4: bochisR (440 in chips) 
Mahu2021: posts the ante 10
Riesa82: posts the ante 10
Lupo0303: posts the ante 10
bochisR: posts the ante 10
Lupo0303: posts small blind 25
bochisR: posts big blind 50
*** HOLE CARDS ***
Dealt to Mahu2021 [Td 8c]
Mahu2021: folds 
Riesa82: raises 570 to 620 and is all-in
Lupo0303: folds 
bochisR: calls 380 and is all-in
Uncalled bet (190) returned to Riesa82
*** FLOP *** [7h 9d 8s]
*** TURN *** [7h 9d 8s] [5h]
*** RIVER *** [7h 9d 8s 5h] [Jc]
*** SHOW DOWN ***
bochisR: shows [Ks 5s] (a pair of Fives)
Riesa82: shows [Qs Qc] (a pair of Queens)
Riesa82 collected 925 from pot
bochisR finished the tournament in 15th place
*** SUMMARY ***
Total pot 925 | Rake 0 
Board [7h 9d 8s 5h Jc]
Seat 1: Mahu2021 folded before Flop (didn't bet)
Seat 2: Riesa82 (button) showed [Qs Qc] and won (925) with a pair of Queens
Seat 3: Lupo0303 (small blind) folded before Flop
Seat 4: bochisR (big blind) showed [Ks 5s] and lost with a pair of Fives



PokerStars Hand #253702288950: Tournament #3830413852, $0.96+$0.04 USD Hold'em No Limit - Match Round I, Level I (25/50) - 2024/12/04 20:14:04 CET [2024/12/04 14:14:04 ET]
Table '3830413852 3' 4-max Seat #3 is the button
Seat 1: Mahu2021 (480 in chips) 
Seat 2: Riesa82 (1115 in chips) 
Seat 3: Lupo0303 (405 in chips) 
Mahu2021: posts the ante 10
Riesa82: posts the ante 10
Lupo0303: posts the ante 10
Mahu2021: posts small blind 25
Riesa82: posts big blind 50
*** HOLE CARDS ***
Dealt to Mahu2021 [Tc Qc]
Lupo0303: raises 50 to 100
Mahu2021: calls 75
Riesa82: calls 50
*** FLOP *** [Kh Jc 2c]
Mahu2021: bets 370 and is all-in
Riesa82: calls 370
Lupo0303: calls 295 and is all-in
*** TURN *** [Kh Jc 2c] [8h]
*** RIVER *** [Kh Jc 2c 8h] [3c]
*** SHOW DOWN ***
Mahu2021: shows [Tc Qc] (a flush, Queen high)
Riesa82: shows [Kd 6d] (a pair of Kings)
Mahu2021 collected 150 from side pot
Lupo0303: shows [Ac Qd] (high card Ace)
Mahu2021 collected 1215 from main pot
Lupo0303 finished the tournament in 14th place
*** SUMMARY ***
Total pot 1365 Main pot 1215. Side pot 150. | Rake 0 
Board [Kh Jc 2c 8h 3c]
Seat 1: Mahu2021 (small blind) showed [Tc Qc] and won (1365) with a flush, Queen high
Seat 2: Riesa82 (big blind) showed [Kd 6d] and lost with a pair of Kings
Seat 3: Lupo0303 (button) showed [Ac Qd] and lost with high card Ace



PokerStars Hand #253702295618: Tournament #3830413852, $0.96+$0.04 USD Hold'em No Limit - Match Round I, Level I (25/50) - 2024/12/04 20:14:29 CET [2024/12/04 14:14:29 ET]
Table '3830413852 3' 4-max Seat #2 is the button
Seat 1: Mahu2021 (1365 in chips) 
Seat 2: Riesa82 (635 in chips) 
Mahu2021: posts the ante 10
Riesa82: posts the ante 10
Riesa82: posts small blind 25
Mahu2021: posts big blind 50
*** HOLE CARDS ***
Dealt to Mahu2021 [9s 7d]
Riesa82: raises 575 to 625 and is all-in
Mahu2021: folds 
Uncalled bet (575) returned to Riesa82
Riesa82 collected 120 from pot
Riesa82: doesn't show hand 
*** SUMMARY ***
Total pot 120 | Rake 0 
Seat 1: Mahu2021 (big blind) folded before Flop
Seat 2: Riesa82 (button) (small blind) collected (120)



PokerStars Hand #253702297735: Tournament #3830413852, $0.96+$0.04 USD Hold'em No Limit - Match Round I, Level I (25/50) - 2024/12/04 20:14:37 CET [2024/12/04 14:14:37 ET]
Table '3830413852 3' 4-max Seat #1 is the button
Seat 1: Mahu2021 (1305 in chips) 
Seat 2: Riesa82 (695 in chips) 
Mahu2021: posts the ante 10
Riesa82: posts the ante 10
Mahu2021: posts small blind 25
Riesa82: posts big blind 50
*** HOLE CARDS ***
Dealt to Mahu2021 [6d 3d]
Mahu2021: folds 
Uncalled bet (25) returned to Riesa82
Riesa82 collected 70 from pot
Riesa82: doesn't show hand 
*** SUMMARY ***
Total pot 70 | Rake 0 
Seat 1: Mahu2021 (button) (small blind) folded before Flop
Seat 2: Riesa82 (big blind) collected (70)



PokerStars Hand #253702299002: Tournament #3830413852, $0.96+$0.04 USD Hold'em No Limit - Match Round I, Level I (25/50) - 2024/12/04 20:14:42 CET [2024/12/04 14:14:42 ET]
Table '3830413852 3' 4-max Seat #2 is the button
Seat 1: Mahu2021 (1270 in chips) 
Seat 2: Riesa82 (730 in chips) 
Mahu2021: posts the ante 10
Riesa82: posts the ante 10
Riesa82: posts small blind 25
Mahu2021: posts big blind 50
*** HOLE CARDS ***
Dealt to Mahu2021 [Kc 2d]
Riesa82: calls 25
Mahu2021: raises 1210 to 1260 and is all-in
Riesa82: folds 
Uncalled bet (1210) returned to Mahu2021
Mahu2021 collected 120 from pot
Mahu2021: doesn't show hand 
*** SUMMARY ***
Total pot 120 | Rake 0 
Seat 1: Mahu2021 (big blind) collected (120)
Seat 2: Riesa82 (button) (small blind) folded before Flop



PokerStars Hand #253702301182: Tournament #3830413852, $0.96+$0.04 USD Hold'em No Limit - Match Round I, Level I (25/50) - 2024/12/04 20:14:50 CET [2024/12/04 14:14:50 ET]
Table '3830413852 3' 4-max Seat #1 is the button
Seat 1: Mahu2021 (1330 in chips) 
Seat 2: Riesa82 (670 in chips) 
Mahu2021: posts the ante 10
Riesa82: posts the ante 10
Mahu2021: posts small blind 25
Riesa82: posts big blind 50
*** HOLE CARDS ***
Dealt to Mahu2021 [Ac Ks]
Mahu2021: raises 50 to 100
Riesa82: folds 
Uncalled bet (50) returned to Mahu2021
Mahu2021 collected 120 from pot
Mahu2021: doesn't show hand 
*** SUMMARY ***
Total pot 120 | Rake 0 
Seat 1: Mahu2021 (button) (small blind) collected (120)
Seat 2: Riesa82 (big blind) folded before Flop



PokerStars Hand #253702304823: Tournament #3830413852, $0.96+$0.04 USD Hold'em No Limit - Match Round I, Level I (25/50) - 2024/12/04 20:15:03 CET [2024/12/04 14:15:03 ET]
Table '3830413852 3' 4-max Seat #2 is the button
Seat 1: Mahu2021 (1390 in chips) 
Seat 2: Riesa82 (610 in chips) 
Mahu2021: posts the ante 10
Riesa82: posts the ante 10
Riesa82: posts small blind 25
Mahu2021: posts big blind 50
*** HOLE CARDS ***
Dealt to Mahu2021 [6s 2c]
Riesa82: raises 550 to 600 and is all-in
Mahu2021: folds 
Uncalled bet (550) returned to Riesa82
Riesa82 collected 120 from pot
Riesa82: doesn't show hand 
*** SUMMARY ***
Total pot 120 | Rake 0 
Seat 1: Mahu2021 (big blind) folded before Flop
Seat 2: Riesa82 (button) (small blind) collected (120)



PokerStars Hand #253702306294: Tournament #3830413852, $0.96+$0.04 USD Hold'em No Limit - Match Round I, Level I (25/50) - 2024/12/04 20:15:09 CET [2024/12/04 14:15:09 ET]
Table '3830413852 3' 4-max Seat #1 is the button
Seat 1: Mahu2021 (1330 in chips) 
Seat 2: Riesa82 (670 in chips) 
Mahu2021: posts the ante 10
Riesa82: posts the ante 10
Mahu2021: posts small blind 25
Riesa82: posts big blind 50
*** HOLE CARDS ***
Dealt to Mahu2021 [6d Kh]
Mahu2021: raises 50 to 100
Riesa82: calls 50
*** FLOP *** [9s 6c Kc]
Riesa82: checks 
Mahu2021: bets 100
Riesa82: folds 
Uncalled bet (100) returned to Mahu2021
Mahu2021 collected 220 from pot
Mahu2021: doesn't show hand 
*** SUMMARY ***
Total pot 220 | Rake 0 
Board [9s 6c Kc]
Seat 1: Mahu2021 (button) (small blind) collected (220)
Seat 2: Riesa82 (big blind) folded on the Flop



PokerStars Hand #253702311544: Tournament #3830413852, $0.96+$0.04 USD Hold'em No Limit - Match Round I, Level I (25/50) - 2024/12/04 20:15:29 CET [2024/12/04 14:15:29 ET]
Table '3830413852 3' 4-max Seat #2 is the button
Seat 1: Mahu2021 (1440 in chips) 
Seat 2: Riesa82 (560 in chips) 
Mahu2021: posts the ante 10
Riesa82: posts the ante 10
Riesa82: posts small blind 25
Mahu2021: posts big blind 50
*** HOLE CARDS ***
Dealt to Mahu2021 [8c 6d]
Riesa82: raises 500 to 550 and is all-in
Mahu2021: folds 
Uncalled bet (500) returned to Riesa82
Riesa82 collected 120 from pot
Riesa82: doesn't show hand 
*** SUMMARY ***
Total pot 120 | Rake 0 
Seat 1: Mahu2021 (big blind) folded before Flop
Seat 2: Riesa82 (button) (small blind) collected (120)



PokerStars Hand #253702312933: Tournament #3830413852, $0.96+$0.04 USD Hold'em No Limit - Match Round I, Level I (25/50) - 2024/12/04 20:15:34 CET [2024/12/04 14:15:34 ET]
Table '3830413852 3' 4-max Seat #1 is the button
Seat 1: Mahu2021 (1380 in chips) 
Seat 2: Riesa82 (620 in chips) 
Mahu2021: posts the ante 10
Riesa82: posts the ante 10
Mahu2021: posts small blind 25
Riesa82: posts big blind 50
*** HOLE CARDS ***
Dealt to Mahu2021 [8s Ah]
Mahu2021: raises 50 to 100
Riesa82: raises 510 to 610 and is all-in
Mahu2021: calls 510
*** FLOP *** [Jc 6s 5c]
*** TURN *** [Jc 6s 5c] [Js]
*** RIVER *** [Jc 6s 5c Js] [Qs]
*** SHOW DOWN ***
Riesa82: shows [Ks 8c] (a pair of Jacks)
Mahu2021: shows [8s Ah] (a pair of Jacks - Ace kicker)
Mahu2021 collected 1240 from pot
Riesa82 finished the tournament in 11th place
*** SUMMARY ***
Total pot 1240 | Rake 0 
Board [Jc 6s 5c Js Qs]
Seat 1: Mahu2021 (button) (small blind) showed [8s Ah] and won (1240) with a pair of Jacks
Seat 2: Riesa82 (big blind) showed [Ks 8c] and lost with a pair of Jacks



PokerStars Hand #253702367792: Tournament #3830413852, $0.96+$0.04 USD Hold'em No Limit - Match Round II, Level I (25/50) - 2024/12/04 20:19:01 CET [2024/12/04 14:19:01 ET]
Table '3830413852 1' 4-max Seat #2 is the button
Seat 1: ULISON3 (500 in chips) 
Seat 2: vojti1996 (500 in chips) 
Seat 3: Mahu2021 (500 in chips) 
Seat 4: sicknickb21 (500 in chips) 
ULISON3: posts the ante 10
vojti1996: posts the ante 10
Mahu2021: posts the ante 10
sicknickb21: posts the ante 10
Mahu2021: posts small blind 25
sicknickb21: posts big blind 50
*** HOLE CARDS ***
Dealt to Mahu2021 [Kh 5h]
ULISON3: raises 440 to 490 and is all-in
vojti1996: folds 
Mahu2021: calls 465 and is all-in
sicknickb21: calls 440 and is all-in
*** FLOP *** [Kd Qh Ad]
*** TURN *** [Kd Qh Ad] [5c]
*** RIVER *** [Kd Qh Ad 5c] [Jh]
*** SHOW DOWN ***
Mahu2021: shows [Kh 5h] (two pair, Kings and Fives)
sicknickb21: shows [6h 6c] (a pair of Sixes)
ULISON3: shows [Ah Qd] (two pair, Aces and Queens)
ULISON3 collected 1510 from pot
Mahu2021 finished the tournament in 3rd place and received $1.43.
sicknickb21 finished the tournament in 3rd place and received $1.43.
*** SUMMARY ***
Total pot 1510 | Rake 0 
Board [Kd Qh Ad 5c Jh]
Seat 1: ULISON3 showed [Ah Qd] and won (1510) with two pair, Aces and Queens
Seat 2: vojti1996 (button) folded before Flop (didn't bet)
Seat 3: Mahu2021 (small blind) showed [Kh 5h] and lost with two pair, Kings and Fives
Seat 4: sicknickb21 (big blind) showed [6h 6c] and lost with a pair of Sixes



