PokerStars Hand #244641952516: Tournament #3612994743, $9.30+$0.70 USD Hold'em No Limit - Level I (10/20) - 2023/07/05 18:43:17 CET [2023/07/05 12:43:17 ET]
Table '3612994743 1' 3-max Seat #1 is the button
Seat 1: Havoc322 (500 in chips) 
Seat 2: roni396 (500 in chips) 
Seat 3: Mahu2021 (500 in chips) 
roni396: posts small blind 10
Mahu2021: posts big blind 20
*** HOLE CARDS ***
Dealt to Mahu2021 [8d 9h]
Havoc322: raises 20 to 40
roni396: calls 30
Mahu2021: calls 20
*** FLOP *** [9d 8s 4h]
roni396: checks 
Mahu2021: checks 
Havoc322: bets 60
roni396: calls 60
Mahu2021: raises 400 to 460 and is all-in
Havoc322: calls 400 and is all-in
roni396: folds 
*** TURN *** [9d 8s 4h] [7s]
*** RIVER *** [9d 8s 4h 7s] [Qc]
*** SHOW DOWN ***
Mahu2021: shows [8d 9h] (two pair, Nines and Eights)
Havoc322: shows [Kd 9c] (a pair of Nines)
Mahu2021 collected 1100 from pot
Havoc322 finished the tournament in 3rd place
*** SUMMARY ***
Total pot 1100 | Rake 0 
Board [9d 8s 4h 7s Qc]
Seat 1: Havoc322 (button) showed [Kd 9c] and lost with a pair of Nines
Seat 2: roni396 (small blind) folded on the Flop
Seat 3: Mahu2021 (big blind) showed [8d 9h] and won (1100) with two pair, Nines and Eights



PokerStars Hand #244641961482: Tournament #3612994743, $9.30+$0.70 USD Hold'em No Limit - Level I (10/20) - 2023/07/05 18:43:48 CET [2023/07/05 12:43:48 ET]
Table '3612994743 1' 3-max Seat #3 is the button
Seat 2: roni396 (400 in chips) 
Seat 3: Mahu2021 (1100 in chips) 
Mahu2021: posts small blind 10
roni396: posts big blind 20
*** HOLE CARDS ***
Dealt to Mahu2021 [5h 7s]
Mahu2021: calls 10
roni396: checks 
*** FLOP *** [7h Tc Qd]
roni396: bets 40
Mahu2021: folds 
Uncalled bet (40) returned to roni396
roni396 collected 40 from pot
*** SUMMARY ***
Total pot 40 | Rake 0 
Board [7h Tc Qd]
Seat 2: roni396 (big blind) collected (40)
Seat 3: Mahu2021 (button) (small blind) folded on the Flop



PokerStars Hand #244641964805: Tournament #3612994743, $9.30+$0.70 USD Hold'em No Limit - Level I (10/20) - 2023/07/05 18:44:00 CET [2023/07/05 12:44:00 ET]
Table '3612994743 1' 3-max Seat #2 is the button
Seat 2: roni396 (420 in chips) 
Seat 3: Mahu2021 (1080 in chips) 
roni396: posts small blind 10
Mahu2021: posts big blind 20
*** HOLE CARDS ***
Dealt to Mahu2021 [Kh Jc]
roni396: raises 20 to 40
Mahu2021: calls 20
*** FLOP *** [5d 3c Js]
Mahu2021: checks 
roni396: bets 40
Mahu2021: raises 1000 to 1040 and is all-in
roni396: folds 
Uncalled bet (1000) returned to Mahu2021
Mahu2021 collected 160 from pot
Mahu2021: doesn't show hand 
*** SUMMARY ***
Total pot 160 | Rake 0 
Board [5d 3c Js]
Seat 2: roni396 (button) (small blind) folded on the Flop
Seat 3: Mahu2021 (big blind) collected (160)



PokerStars Hand #244641967945: Tournament #3612994743, $9.30+$0.70 USD Hold'em No Limit - Level I (10/20) - 2023/07/05 18:44:11 CET [2023/07/05 12:44:11 ET]
Table '3612994743 1' 3-max Seat #3 is the button
Seat 2: roni396 (340 in chips) 
Seat 3: Mahu2021 (1160 in chips) 
Mahu2021: posts small blind 10
roni396: posts big blind 20
*** HOLE CARDS ***
Dealt to Mahu2021 [5h 6c]
Mahu2021: calls 10
roni396: checks 
*** FLOP *** [3s 4d 3h]
roni396: bets 20
Mahu2021: calls 20
*** TURN *** [3s 4d 3h] [Js]
roni396: checks 
Mahu2021: bets 40
roni396: folds 
Uncalled bet (40) returned to Mahu2021
Mahu2021 collected 80 from pot
Mahu2021: doesn't show hand 
*** SUMMARY ***
Total pot 80 | Rake 0 
Board [3s 4d 3h Js]
Seat 2: roni396 (big blind) folded on the Turn
Seat 3: Mahu2021 (button) (small blind) collected (80)



PokerStars Hand #244641971568: Tournament #3612994743, $9.30+$0.70 USD Hold'em No Limit - Level I (10/20) - 2023/07/05 18:44:23 CET [2023/07/05 12:44:23 ET]
Table '3612994743 1' 3-max Seat #2 is the button
Seat 2: roni396 (300 in chips) 
Seat 3: Mahu2021 (1200 in chips) 
roni396: posts small blind 10
Mahu2021: posts big blind 20
*** HOLE CARDS ***
Dealt to Mahu2021 [2h 4h]
roni396: calls 10
Mahu2021: checks 
*** FLOP *** [2d Tc 6d]
Mahu2021: checks 
roni396: checks 
*** TURN *** [2d Tc 6d] [3h]
Mahu2021: checks 
roni396: bets 40
Mahu2021: calls 40
*** RIVER *** [2d Tc 6d 3h] [Qh]
Mahu2021: checks 
roni396: checks 
*** SHOW DOWN ***
Mahu2021: shows [2h 4h] (a pair of Deuces)
roni396: shows [3d 7s] (a pair of Threes)
roni396 collected 120 from pot
*** SUMMARY ***
Total pot 120 | Rake 0 
Board [2d Tc 6d 3h Qh]
Seat 2: roni396 (button) (small blind) showed [3d 7s] and won (120) with a pair of Threes
Seat 3: Mahu2021 (big blind) showed [2h 4h] and lost with a pair of Deuces



PokerStars Hand #244641975168: Tournament #3612994743, $9.30+$0.70 USD Hold'em No Limit - Level I (10/20) - 2023/07/05 18:44:36 CET [2023/07/05 12:44:36 ET]
Table '3612994743 1' 3-max Seat #3 is the button
Seat 2: roni396 (360 in chips) 
Seat 3: Mahu2021 (1140 in chips) 
Mahu2021: posts small blind 10
roni396: posts big blind 20
*** HOLE CARDS ***
Dealt to Mahu2021 [Jh Ac]
Mahu2021: raises 40 to 60
roni396: folds 
Uncalled bet (40) returned to Mahu2021
Mahu2021 collected 40 from pot
Mahu2021: doesn't show hand 
*** SUMMARY ***
Total pot 40 | Rake 0 
Seat 2: roni396 (big blind) folded before Flop
Seat 3: Mahu2021 (button) (small blind) collected (40)



PokerStars Hand #244641976869: Tournament #3612994743, $9.30+$0.70 USD Hold'em No Limit - Level I (10/20) - 2023/07/05 18:44:42 CET [2023/07/05 12:44:42 ET]
Table '3612994743 1' 3-max Seat #2 is the button
Seat 2: roni396 (340 in chips) 
Seat 3: Mahu2021 (1160 in chips) 
roni396: posts small blind 10
Mahu2021: posts big blind 20
*** HOLE CARDS ***
Dealt to Mahu2021 [3s Qs]
roni396: raises 20 to 40
Mahu2021: calls 20
*** FLOP *** [Jc Ac 2s]
Mahu2021: checks 
roni396: bets 40
Mahu2021: folds 
Uncalled bet (40) returned to roni396
roni396 collected 80 from pot
*** SUMMARY ***
Total pot 80 | Rake 0 
Board [Jc Ac 2s]
Seat 2: roni396 (button) (small blind) collected (80)
Seat 3: Mahu2021 (big blind) folded on the Flop



PokerStars Hand #244641979882: Tournament #3612994743, $9.30+$0.70 USD Hold'em No Limit - Level I (10/20) - 2023/07/05 18:44:53 CET [2023/07/05 12:44:53 ET]
Table '3612994743 1' 3-max Seat #3 is the button
Seat 2: roni396 (380 in chips) 
Seat 3: Mahu2021 (1120 in chips) 
Mahu2021: posts small blind 10
roni396: posts big blind 20
*** HOLE CARDS ***
Dealt to Mahu2021 [3c Ad]
Mahu2021: raises 20 to 40
roni396: calls 20
*** FLOP *** [6d 3d 2d]
roni396: checks 
Mahu2021: bets 80
roni396: calls 80
*** TURN *** [6d 3d 2d] [Js]
roni396: checks 
Mahu2021: bets 1000 and is all-in
roni396: folds 
Uncalled bet (1000) returned to Mahu2021
Mahu2021 collected 240 from pot
Mahu2021: doesn't show hand 
*** SUMMARY ***
Total pot 240 | Rake 0 
Board [6d 3d 2d Js]
Seat 2: roni396 (big blind) folded on the Turn
Seat 3: Mahu2021 (button) (small blind) collected (240)



PokerStars Hand #244641983672: Tournament #3612994743, $9.30+$0.70 USD Hold'em No Limit - Level I (10/20) - 2023/07/05 18:45:06 CET [2023/07/05 12:45:06 ET]
Table '3612994743 1' 3-max Seat #2 is the button
Seat 2: roni396 (260 in chips) 
Seat 3: Mahu2021 (1240 in chips) 
roni396: posts small blind 10
Mahu2021: posts big blind 20
*** HOLE CARDS ***
Dealt to Mahu2021 [6c 9c]
roni396: folds 
Uncalled bet (10) returned to Mahu2021
Mahu2021 collected 20 from pot
Mahu2021: doesn't show hand 
*** SUMMARY ***
Total pot 20 | Rake 0 
Seat 2: roni396 (button) (small blind) folded before Flop
Seat 3: Mahu2021 (big blind) collected (20)



PokerStars Hand #244641985102: Tournament #3612994743, $9.30+$0.70 USD Hold'em No Limit - Level I (10/20) - 2023/07/05 18:45:11 CET [2023/07/05 12:45:11 ET]
Table '3612994743 1' 3-max Seat #3 is the button
Seat 2: roni396 (250 in chips) 
Seat 3: Mahu2021 (1250 in chips) 
Mahu2021: posts small blind 10
roni396: posts big blind 20
*** HOLE CARDS ***
Dealt to Mahu2021 [Kh Ac]
Mahu2021: calls 10
roni396: raises 230 to 250 and is all-in
Mahu2021: calls 230
*** FLOP *** [Kc 3s 8h]
*** TURN *** [Kc 3s 8h] [8d]
*** RIVER *** [Kc 3s 8h 8d] [9h]
*** SHOW DOWN ***
roni396: shows [4h 5h] (a pair of Eights)
Mahu2021: shows [Kh Ac] (two pair, Kings and Eights)
Mahu2021 collected 500 from pot
roni396 finished the tournament in 2nd place
Mahu2021 wins the tournament and receives $30.00 - congratulations!
*** SUMMARY ***
Total pot 500 | Rake 0 
Board [Kc 3s 8h 8d 9h]
Seat 2: roni396 (big blind) showed [4h 5h] and lost with a pair of Eights
Seat 3: Mahu2021 (button) (small blind) showed [Kh Ac] and won (500) with two pair, Kings and Eights



