PokerStars Hand #248269778407: Tournament #3700991421, $1.84+$0.16 USD Hold'em No Limit - Level I (10/20) - 2024/01/14 17:14:48 CET [2024/01/14 11:14:48 ET]
Table '3700991421 1' 3-max Seat #1 is the button
Seat 1: Mahu2021 (500 in chips) 
Seat 2: fabioprrfilho (500 in chips) 
Seat 3: Hoobler12 (500 in chips) 
fabioprrfilho: posts small blind 10
Hoobler12: posts big blind 20
*** HOLE CARDS ***
Dealt to Mahu2021 [9d 2d]
Mahu2021: folds 
fabioprrfilho: folds 
Uncalled bet (10) returned to Hoobler12
Hoobler12 collected 20 from pot
*** SUMMARY ***
Total pot 20 | Rake 0 
Seat 1: Mahu2021 (button) folded before Flop (didn't bet)
Seat 2: fabioprrfilho (small blind) folded before Flop
Seat 3: Hoobler12 (big blind) collected (20)



PokerStars Hand #248269781751: Tournament #3700991421, $1.84+$0.16 USD Hold'em No Limit - Level I (10/20) - 2024/01/14 17:14:58 CET [2024/01/14 11:14:58 ET]
Table '3700991421 1' 3-max Seat #2 is the button
Seat 1: Mahu2021 (500 in chips) 
Seat 2: fabioprrfilho (490 in chips) 
Seat 3: Hoobler12 (510 in chips) 
Hoobler12: posts small blind 10
Mahu2021: posts big blind 20
*** HOLE CARDS ***
Dealt to Mahu2021 [Ah 9h]
fabioprrfilho: folds 
Hoobler12: raises 20 to 40
Mahu2021: calls 20
*** FLOP *** [8s 9c 2s]
Hoobler12: checks 
Mahu2021: checks 
*** TURN *** [8s 9c 2s] [4s]
Hoobler12: bets 40
Mahu2021: calls 40
*** RIVER *** [8s 9c 2s 4s] [7c]
Hoobler12: checks 
Mahu2021: checks 
*** SHOW DOWN ***
Hoobler12: shows [3c As] (high card Ace)
Mahu2021: shows [Ah 9h] (a pair of Nines)
Mahu2021 collected 160 from pot
*** SUMMARY ***
Total pot 160 | Rake 0 
Board [8s 9c 2s 4s 7c]
Seat 1: Mahu2021 (big blind) showed [Ah 9h] and won (160) with a pair of Nines
Seat 2: fabioprrfilho (button) folded before Flop (didn't bet)
Seat 3: Hoobler12 (small blind) showed [3c As] and lost with high card Ace



PokerStars Hand #248269789495: Tournament #3700991421, $1.84+$0.16 USD Hold'em No Limit - Level I (10/20) - 2024/01/14 17:15:19 CET [2024/01/14 11:15:19 ET]
Table '3700991421 1' 3-max Seat #3 is the button
Seat 1: Mahu2021 (580 in chips) 
Seat 2: fabioprrfilho (490 in chips) 
Seat 3: Hoobler12 (430 in chips) 
Mahu2021: posts small blind 10
fabioprrfilho: posts big blind 20
*** HOLE CARDS ***
Dealt to Mahu2021 [Kh 7d]
Hoobler12: folds 
Mahu2021: raises 20 to 40
fabioprrfilho: folds 
Uncalled bet (20) returned to Mahu2021
Mahu2021 collected 40 from pot
Mahu2021: doesn't show hand 
*** SUMMARY ***
Total pot 40 | Rake 0 
Seat 1: Mahu2021 (small blind) collected (40)
Seat 2: fabioprrfilho (big blind) folded before Flop
Seat 3: Hoobler12 (button) folded before Flop (didn't bet)



PokerStars Hand #248269793565: Tournament #3700991421, $1.84+$0.16 USD Hold'em No Limit - Level I (10/20) - 2024/01/14 17:15:30 CET [2024/01/14 11:15:30 ET]
Table '3700991421 1' 3-max Seat #1 is the button
Seat 1: Mahu2021 (600 in chips) 
Seat 2: fabioprrfilho (470 in chips) 
Seat 3: Hoobler12 (430 in chips) 
fabioprrfilho: posts small blind 10
Hoobler12: posts big blind 20
*** HOLE CARDS ***
Dealt to Mahu2021 [8d 9s]
Mahu2021: folds 
fabioprrfilho: raises 20 to 40
Hoobler12: calls 20
*** FLOP *** [6d 5h Td]
fabioprrfilho: bets 26
Hoobler12: calls 26
*** TURN *** [6d 5h Td] [9h]
fabioprrfilho: bets 66
Hoobler12: calls 66
*** RIVER *** [6d 5h Td 9h] [8c]
fabioprrfilho: checks 
Hoobler12: bets 298 and is all-in
fabioprrfilho: calls 298
*** SHOW DOWN ***
Hoobler12: shows [4c 7c] (a straight, Six to Ten)
fabioprrfilho: shows [Th Kc] (a pair of Tens)
Hoobler12 collected 860 from pot
*** SUMMARY ***
Total pot 860 | Rake 0 
Board [6d 5h Td 9h 8c]
Seat 1: Mahu2021 (button) folded before Flop (didn't bet)
Seat 2: fabioprrfilho (small blind) showed [Th Kc] and lost with a pair of Tens
Seat 3: Hoobler12 (big blind) showed [4c 7c] and won (860) with a straight, Six to Ten



PokerStars Hand #248269808822: Tournament #3700991421, $1.84+$0.16 USD Hold'em No Limit - Level I (10/20) - 2024/01/14 17:16:12 CET [2024/01/14 11:16:12 ET]
Table '3700991421 1' 3-max Seat #2 is the button
Seat 1: Mahu2021 (600 in chips) 
Seat 2: fabioprrfilho (40 in chips) 
Seat 3: Hoobler12 (860 in chips) 
Hoobler12: posts small blind 10
Mahu2021: posts big blind 20
*** HOLE CARDS ***
Dealt to Mahu2021 [Ts Qc]
fabioprrfilho: raises 20 to 40 and is all-in
Hoobler12: raises 20 to 60
Mahu2021: calls 40
*** FLOP *** [5d 9s Jc]
Hoobler12: bets 800 and is all-in
Mahu2021: calls 540 and is all-in
Uncalled bet (260) returned to Hoobler12
*** TURN *** [5d 9s Jc] [5c]
*** RIVER *** [5d 9s Jc 5c] [Th]
*** SHOW DOWN ***
Hoobler12: shows [Jd 8d] (two pair, Jacks and Fives)
Mahu2021: shows [Ts Qc] (two pair, Tens and Fives)
Hoobler12 collected 1120 from side pot
fabioprrfilho: shows [9c 7d] (two pair, Nines and Fives)
Hoobler12 collected 120 from main pot
Mahu2021 finished the tournament in 2nd place
fabioprrfilho finished the tournament in 3rd place
Hoobler12 wins the tournament and receives $4.00 - congratulations!
*** SUMMARY ***
Total pot 1240 Main pot 120. Side pot 1120. | Rake 0 
Board [5d 9s Jc 5c Th]
Seat 1: Mahu2021 (big blind) showed [Ts Qc] and lost with two pair, Tens and Fives
Seat 2: fabioprrfilho (button) showed [9c 7d] and lost with two pair, Nines and Fives
Seat 3: Hoobler12 (small blind) showed [Jd 8d] and won (1240) with two pair, Jacks and Fives



