PokerStars Hand #249087281832: Tournament #3721085289, $1.84+$0.16 USD Hold'em No Limit - Level I (10/20) - 2024/02/25 18:06:11 CET [2024/02/25 12:06:11 ET]
Table '3721085289 1' 3-max Seat #1 is the button
Seat 1: Mahu2021 (500 in chips) 
Seat 2: Humphries81 (500 in chips) 
Seat 3: deuxiles (500 in chips) 
Humphries81: posts small blind 10
deuxiles: posts big blind 20
*** HOLE CARDS ***
Dealt to Mahu2021 [Qc 5d]
Mahu2021: folds 
Humphries81: calls 10
deuxiles: checks 
*** FLOP *** [Jh 9s Td]
Humphries81: checks 
deuxiles: checks 
*** TURN *** [Jh 9s Td] [4h]
Humphries81: checks 
deuxiles: checks 
*** RIVER *** [Jh 9s Td 4h] [9c]
Humphries81: bets 40
deuxiles: folds 
Uncalled bet (40) returned to Humphries81
Humphries81 collected 40 from pot
*** SUMMARY ***
Total pot 40 | Rake 0 
Board [Jh 9s Td 4h 9c]
Seat 1: Mahu2021 (button) folded before Flop (didn't bet)
Seat 2: Humphries81 (small blind) collected (40)
Seat 3: deuxiles (big blind) folded on the River



PokerStars Hand #249087289649: Tournament #3721085289, $1.84+$0.16 USD Hold'em No Limit - Level I (10/20) - 2024/02/25 18:06:33 CET [2024/02/25 12:06:33 ET]
Table '3721085289 1' 3-max Seat #2 is the button
Seat 1: Mahu2021 (500 in chips) 
Seat 2: Humphries81 (520 in chips) 
Seat 3: deuxiles (480 in chips) 
deuxiles: posts small blind 10
Mahu2021: posts big blind 20
*** HOLE CARDS ***
Dealt to Mahu2021 [Jh Jc]
Humphries81: folds 
deuxiles: raises 40 to 60
Mahu2021: raises 440 to 500 and is all-in
deuxiles: calls 420 and is all-in
Uncalled bet (20) returned to Mahu2021
*** FLOP *** [Ah Qc 4h]
*** TURN *** [Ah Qc 4h] [4s]
*** RIVER *** [Ah Qc 4h 4s] [6h]
*** SHOW DOWN ***
deuxiles: shows [9d Ks] (a pair of Fours)
Mahu2021: shows [Jh Jc] (two pair, Jacks and Fours)
Mahu2021 collected 960 from pot
deuxiles finished the tournament in 3rd place
*** SUMMARY ***
Total pot 960 | Rake 0 
Board [Ah Qc 4h 4s 6h]
Seat 1: Mahu2021 (big blind) showed [Jh Jc] and won (960) with two pair, Jacks and Fours
Seat 2: Humphries81 (button) folded before Flop (didn't bet)
Seat 3: deuxiles (small blind) showed [9d Ks] and lost with a pair of Fours



PokerStars Hand #249087297227: Tournament #3721085289, $1.84+$0.16 USD Hold'em No Limit - Level I (10/20) - 2024/02/25 18:06:55 CET [2024/02/25 12:06:55 ET]
Table '3721085289 1' 3-max Seat #1 is the button
Seat 1: Mahu2021 (980 in chips) 
Seat 2: Humphries81 (520 in chips) 
Mahu2021: posts small blind 10
Humphries81: posts big blind 20
*** HOLE CARDS ***
Dealt to Mahu2021 [6c 5c]
Mahu2021: raises 20 to 40
Humphries81: calls 20
*** FLOP *** [Ad 9c Ac]
Humphries81: checks 
Mahu2021: bets 40
Humphries81: folds 
Uncalled bet (40) returned to Mahu2021
Mahu2021 collected 80 from pot
Mahu2021: doesn't show hand 
*** SUMMARY ***
Total pot 80 | Rake 0 
Board [Ad 9c Ac]
Seat 1: Mahu2021 (button) (small blind) collected (80)
Seat 2: Humphries81 (big blind) folded on the Flop



PokerStars Hand #249087301792: Tournament #3721085289, $1.84+$0.16 USD Hold'em No Limit - Level I (10/20) - 2024/02/25 18:07:09 CET [2024/02/25 12:07:09 ET]
Table '3721085289 1' 3-max Seat #2 is the button
Seat 1: Mahu2021 (1020 in chips) 
Seat 2: Humphries81 (480 in chips) 
Humphries81: posts small blind 10
Mahu2021: posts big blind 20
*** HOLE CARDS ***
Dealt to Mahu2021 [3c 6s]
Humphries81: calls 10
Mahu2021: checks 
*** FLOP *** [3d Kd Qd]
Mahu2021: checks 
Humphries81: checks 
*** TURN *** [3d Kd Qd] [8h]
Mahu2021: checks 
Humphries81: checks 
*** RIVER *** [3d Kd Qd 8h] [Kh]
Mahu2021: checks 
Humphries81: checks 
*** SHOW DOWN ***
Mahu2021: shows [3c 6s] (two pair, Kings and Threes)
Humphries81: mucks hand 
Mahu2021 collected 40 from pot
*** SUMMARY ***
Total pot 40 | Rake 0 
Board [3d Kd Qd 8h Kh]
Seat 1: Mahu2021 (big blind) showed [3c 6s] and won (40) with two pair, Kings and Threes
Seat 2: Humphries81 (button) (small blind) mucked [4h Ah]



PokerStars Hand #249087307050: Tournament #3721085289, $1.84+$0.16 USD Hold'em No Limit - Level I (10/20) - 2024/02/25 18:07:24 CET [2024/02/25 12:07:24 ET]
Table '3721085289 1' 3-max Seat #1 is the button
Seat 1: Mahu2021 (1040 in chips) 
Seat 2: Humphries81 (460 in chips) 
Mahu2021: posts small blind 10
Humphries81: posts big blind 20
*** HOLE CARDS ***
Dealt to Mahu2021 [7c 6c]
Mahu2021: raises 20 to 40
Humphries81: calls 20
*** FLOP *** [As 4c Qh]
Humphries81: checks 
Mahu2021: bets 40
Humphries81: folds 
Uncalled bet (40) returned to Mahu2021
Mahu2021 collected 80 from pot
Mahu2021: doesn't show hand 
*** SUMMARY ***
Total pot 80 | Rake 0 
Board [As 4c Qh]
Seat 1: Mahu2021 (button) (small blind) collected (80)
Seat 2: Humphries81 (big blind) folded on the Flop



PokerStars Hand #249087311266: Tournament #3721085289, $1.84+$0.16 USD Hold'em No Limit - Level I (10/20) - 2024/02/25 18:07:36 CET [2024/02/25 12:07:36 ET]
Table '3721085289 1' 3-max Seat #2 is the button
Seat 1: Mahu2021 (1080 in chips) 
Seat 2: Humphries81 (420 in chips) 
Humphries81: posts small blind 10
Mahu2021: posts big blind 20
*** HOLE CARDS ***
Dealt to Mahu2021 [Qh 5d]
Humphries81: calls 10
Mahu2021: checks 
*** FLOP *** [6h 2h 3s]
Mahu2021: checks 
Humphries81: checks 
*** TURN *** [6h 2h 3s] [Jh]
Mahu2021: checks 
Humphries81: checks 
*** RIVER *** [6h 2h 3s Jh] [7d]
Mahu2021: checks 
Humphries81: checks 
*** SHOW DOWN ***
Mahu2021: shows [Qh 5d] (high card Queen)
Humphries81: shows [2s Ts] (a pair of Deuces)
Humphries81 collected 40 from pot
*** SUMMARY ***
Total pot 40 | Rake 0 
Board [6h 2h 3s Jh 7d]
Seat 1: Mahu2021 (big blind) showed [Qh 5d] and lost with high card Queen
Seat 2: Humphries81 (button) (small blind) showed [2s Ts] and won (40) with a pair of Deuces



PokerStars Hand #249087316357: Tournament #3721085289, $1.84+$0.16 USD Hold'em No Limit - Level I (10/20) - 2024/02/25 18:07:51 CET [2024/02/25 12:07:51 ET]
Table '3721085289 1' 3-max Seat #1 is the button
Seat 1: Mahu2021 (1060 in chips) 
Seat 2: Humphries81 (440 in chips) 
Mahu2021: posts small blind 10
Humphries81: posts big blind 20
*** HOLE CARDS ***
Dealt to Mahu2021 [9d Ks]
Mahu2021: raises 20 to 40
Humphries81: folds 
Uncalled bet (20) returned to Mahu2021
Mahu2021 collected 40 from pot
Mahu2021: doesn't show hand 
*** SUMMARY ***
Total pot 40 | Rake 0 
Seat 1: Mahu2021 (button) (small blind) collected (40)
Seat 2: Humphries81 (big blind) folded before Flop



PokerStars Hand #249087318367: Tournament #3721085289, $1.84+$0.16 USD Hold'em No Limit - Level I (10/20) - 2024/02/25 18:07:56 CET [2024/02/25 12:07:56 ET]
Table '3721085289 1' 3-max Seat #2 is the button
Seat 1: Mahu2021 (1080 in chips) 
Seat 2: Humphries81 (420 in chips) 
Humphries81: posts small blind 10
Mahu2021: posts big blind 20
*** HOLE CARDS ***
Dealt to Mahu2021 [5d Ts]
Humphries81: calls 10
Mahu2021: checks 
*** FLOP *** [7c Kh 5s]
Mahu2021: checks 
Humphries81: checks 
*** TURN *** [7c Kh 5s] [3h]
Mahu2021: bets 20
Humphries81: folds 
Uncalled bet (20) returned to Mahu2021
Mahu2021 collected 40 from pot
Mahu2021: doesn't show hand 
*** SUMMARY ***
Total pot 40 | Rake 0 
Board [7c Kh 5s 3h]
Seat 1: Mahu2021 (big blind) collected (40)
Seat 2: Humphries81 (button) (small blind) folded on the Turn



PokerStars Hand #249087322202: Tournament #3721085289, $1.84+$0.16 USD Hold'em No Limit - Level I (10/20) - 2024/02/25 18:08:08 CET [2024/02/25 12:08:08 ET]
Table '3721085289 1' 3-max Seat #1 is the button
Seat 1: Mahu2021 (1100 in chips) 
Seat 2: Humphries81 (400 in chips) 
Mahu2021: posts small blind 10
Humphries81: posts big blind 20
*** HOLE CARDS ***
Dealt to Mahu2021 [5s 4d]
Mahu2021: raises 20 to 40
Humphries81: calls 20
*** FLOP *** [Ts Kc Jc]
Humphries81: checks 
Mahu2021: bets 40
Humphries81: calls 40
*** TURN *** [Ts Kc Jc] [6h]
Humphries81: checks 
Mahu2021: checks 
*** RIVER *** [Ts Kc Jc 6h] [7c]
Humphries81: checks 
Mahu2021: checks 
*** SHOW DOWN ***
Humphries81: shows [7d Th] (two pair, Tens and Sevens)
Mahu2021: mucks hand 
Humphries81 collected 160 from pot
*** SUMMARY ***
Total pot 160 | Rake 0 
Board [Ts Kc Jc 6h 7c]
Seat 1: Mahu2021 (button) (small blind) mucked [5s 4d]
Seat 2: Humphries81 (big blind) showed [7d Th] and won (160) with two pair, Tens and Sevens



PokerStars Hand #249087331003: Tournament #3721085289, $1.84+$0.16 USD Hold'em No Limit - Level II (15/30) - 2024/02/25 18:08:33 CET [2024/02/25 12:08:33 ET]
Table '3721085289 1' 3-max Seat #2 is the button
Seat 1: Mahu2021 (1020 in chips) 
Seat 2: Humphries81 (480 in chips) 
Humphries81: posts small blind 15
Mahu2021: posts big blind 30
*** HOLE CARDS ***
Dealt to Mahu2021 [2c 6s]
Humphries81: calls 15
Mahu2021: checks 
*** FLOP *** [6c 5s 9d]
Mahu2021: bets 30
Humphries81: raises 30 to 60
Mahu2021: calls 30
*** TURN *** [6c 5s 9d] [7c]
Mahu2021: checks 
Humphries81: bets 180
Mahu2021: folds 
Uncalled bet (180) returned to Humphries81
Humphries81 collected 180 from pot
*** SUMMARY ***
Total pot 180 | Rake 0 
Board [6c 5s 9d 7c]
Seat 1: Mahu2021 (big blind) folded on the Turn
Seat 2: Humphries81 (button) (small blind) collected (180)



PokerStars Hand #249087337398: Tournament #3721085289, $1.84+$0.16 USD Hold'em No Limit - Level II (15/30) - 2024/02/25 18:08:52 CET [2024/02/25 12:08:52 ET]
Table '3721085289 1' 3-max Seat #1 is the button
Seat 1: Mahu2021 (930 in chips) 
Seat 2: Humphries81 (570 in chips) 
Mahu2021: posts small blind 15
Humphries81: posts big blind 30
*** HOLE CARDS ***
Dealt to Mahu2021 [Th 9c]
Mahu2021: raises 30 to 60
Humphries81: raises 510 to 570 and is all-in
Mahu2021: folds 
Uncalled bet (510) returned to Humphries81
Humphries81 collected 120 from pot
*** SUMMARY ***
Total pot 120 | Rake 0 
Seat 1: Mahu2021 (button) (small blind) folded before Flop
Seat 2: Humphries81 (big blind) collected (120)



PokerStars Hand #249087340289: Tournament #3721085289, $1.84+$0.16 USD Hold'em No Limit - Level II (15/30) - 2024/02/25 18:09:00 CET [2024/02/25 12:09:00 ET]
Table '3721085289 1' 3-max Seat #2 is the button
Seat 1: Mahu2021 (870 in chips) 
Seat 2: Humphries81 (630 in chips) 
Humphries81: posts small blind 15
Mahu2021: posts big blind 30
*** HOLE CARDS ***
Dealt to Mahu2021 [5c Kd]
Humphries81: calls 15
Mahu2021: checks 
*** FLOP *** [8h 3d 2c]
Mahu2021: checks 
Humphries81: checks 
*** TURN *** [8h 3d 2c] [Qc]
Mahu2021: checks 
Humphries81: checks 
*** RIVER *** [8h 3d 2c Qc] [Ks]
Mahu2021: bets 30
Humphries81: folds 
Uncalled bet (30) returned to Mahu2021
Mahu2021 collected 60 from pot
Mahu2021: doesn't show hand 
*** SUMMARY ***
Total pot 60 | Rake 0 
Board [8h 3d 2c Qc Ks]
Seat 1: Mahu2021 (big blind) collected (60)
Seat 2: Humphries81 (button) (small blind) folded on the River



PokerStars Hand #249087345237: Tournament #3721085289, $1.84+$0.16 USD Hold'em No Limit - Level II (15/30) - 2024/02/25 18:09:14 CET [2024/02/25 12:09:14 ET]
Table '3721085289 1' 3-max Seat #1 is the button
Seat 1: Mahu2021 (900 in chips) 
Seat 2: Humphries81 (600 in chips) 
Mahu2021: posts small blind 15
Humphries81: posts big blind 30
*** HOLE CARDS ***
Dealt to Mahu2021 [9c Kc]
Mahu2021: raises 30 to 60
Humphries81: folds 
Uncalled bet (30) returned to Mahu2021
Mahu2021 collected 60 from pot
Mahu2021: doesn't show hand 
*** SUMMARY ***
Total pot 60 | Rake 0 
Seat 1: Mahu2021 (button) (small blind) collected (60)
Seat 2: Humphries81 (big blind) folded before Flop



PokerStars Hand #249087347350: Tournament #3721085289, $1.84+$0.16 USD Hold'em No Limit - Level II (15/30) - 2024/02/25 18:09:20 CET [2024/02/25 12:09:20 ET]
Table '3721085289 1' 3-max Seat #2 is the button
Seat 1: Mahu2021 (930 in chips) 
Seat 2: Humphries81 (570 in chips) 
Humphries81: posts small blind 15
Mahu2021: posts big blind 30
*** HOLE CARDS ***
Dealt to Mahu2021 [Ks Ah]
Humphries81: calls 15
Mahu2021: raises 90 to 120
Humphries81: folds 
Uncalled bet (90) returned to Mahu2021
Mahu2021 collected 60 from pot
Mahu2021: doesn't show hand 
*** SUMMARY ***
Total pot 60 | Rake 0 
Seat 1: Mahu2021 (big blind) collected (60)
Seat 2: Humphries81 (button) (small blind) folded before Flop



PokerStars Hand #249087350696: Tournament #3721085289, $1.84+$0.16 USD Hold'em No Limit - Level II (15/30) - 2024/02/25 18:09:30 CET [2024/02/25 12:09:30 ET]
Table '3721085289 1' 3-max Seat #1 is the button
Seat 1: Mahu2021 (960 in chips) 
Seat 2: Humphries81 (540 in chips) 
Mahu2021: posts small blind 15
Humphries81: posts big blind 30
*** HOLE CARDS ***
Dealt to Mahu2021 [8h Tc]
Mahu2021: folds 
Uncalled bet (15) returned to Humphries81
Humphries81 collected 30 from pot
*** SUMMARY ***
Total pot 30 | Rake 0 
Seat 1: Mahu2021 (button) (small blind) folded before Flop
Seat 2: Humphries81 (big blind) collected (30)



PokerStars Hand #249087352414: Tournament #3721085289, $1.84+$0.16 USD Hold'em No Limit - Level II (15/30) - 2024/02/25 18:09:35 CET [2024/02/25 12:09:35 ET]
Table '3721085289 1' 3-max Seat #2 is the button
Seat 1: Mahu2021 (945 in chips) 
Seat 2: Humphries81 (555 in chips) 
Humphries81: posts small blind 15
Mahu2021: posts big blind 30
*** HOLE CARDS ***
Dealt to Mahu2021 [3c Qc]
Humphries81: calls 15
Mahu2021: checks 
*** FLOP *** [As Kd 4s]
Mahu2021: checks 
Humphries81: checks 
*** TURN *** [As Kd 4s] [Jd]
Mahu2021: checks 
Humphries81: checks 
*** RIVER *** [As Kd 4s Jd] [Tc]
Mahu2021: bets 915 and is all-in
Humphries81: folds 
Uncalled bet (915) returned to Mahu2021
Mahu2021 collected 60 from pot
Mahu2021: doesn't show hand 
*** SUMMARY ***
Total pot 60 | Rake 0 
Board [As Kd 4s Jd Tc]
Seat 1: Mahu2021 (big blind) collected (60)
Seat 2: Humphries81 (button) (small blind) folded on the River



PokerStars Hand #249087359030: Tournament #3721085289, $1.84+$0.16 USD Hold'em No Limit - Level II (15/30) - 2024/02/25 18:09:54 CET [2024/02/25 12:09:54 ET]
Table '3721085289 1' 3-max Seat #1 is the button
Seat 1: Mahu2021 (975 in chips) 
Seat 2: Humphries81 (525 in chips) 
Mahu2021: posts small blind 15
Humphries81: posts big blind 30
*** HOLE CARDS ***
Dealt to Mahu2021 [9c Qc]
Mahu2021: raises 30 to 60
Humphries81: calls 30
*** FLOP *** [9d 4c 7s]
Humphries81: checks 
Mahu2021: bets 120
Humphries81: folds 
Uncalled bet (120) returned to Mahu2021
Mahu2021 collected 120 from pot
Mahu2021: doesn't show hand 
*** SUMMARY ***
Total pot 120 | Rake 0 
Board [9d 4c 7s]
Seat 1: Mahu2021 (button) (small blind) collected (120)
Seat 2: Humphries81 (big blind) folded on the Flop



PokerStars Hand #249087363149: Tournament #3721085289, $1.84+$0.16 USD Hold'em No Limit - Level II (15/30) - 2024/02/25 18:10:06 CET [2024/02/25 12:10:06 ET]
Table '3721085289 1' 3-max Seat #2 is the button
Seat 1: Mahu2021 (1035 in chips) 
Seat 2: Humphries81 (465 in chips) 
Humphries81: posts small blind 15
Mahu2021: posts big blind 30
*** HOLE CARDS ***
Dealt to Mahu2021 [3h 7c]
Humphries81: calls 15
Mahu2021: checks 
*** FLOP *** [2s 7h Jc]
Mahu2021: checks 
Humphries81: checks 
*** TURN *** [2s 7h Jc] [Qs]
Mahu2021: checks 
Humphries81: checks 
*** RIVER *** [2s 7h Jc Qs] [Td]
Mahu2021: checks 
Humphries81: checks 
*** SHOW DOWN ***
Mahu2021: shows [3h 7c] (a pair of Sevens)
Humphries81: shows [Tc 4h] (a pair of Tens)
Humphries81 collected 60 from pot
*** SUMMARY ***
Total pot 60 | Rake 0 
Board [2s 7h Jc Qs Td]
Seat 1: Mahu2021 (big blind) showed [3h 7c] and lost with a pair of Sevens
Seat 2: Humphries81 (button) (small blind) showed [Tc 4h] and won (60) with a pair of Tens



PokerStars Hand #249087369167: Tournament #3721085289, $1.84+$0.16 USD Hold'em No Limit - Level III (20/40) - 2024/02/25 18:10:23 CET [2024/02/25 12:10:23 ET]
Table '3721085289 1' 3-max Seat #1 is the button
Seat 1: Mahu2021 (1005 in chips) 
Seat 2: Humphries81 (495 in chips) 
Mahu2021: posts small blind 20
Humphries81: posts big blind 40
*** HOLE CARDS ***
Dealt to Mahu2021 [3s 2h]
Mahu2021: folds 
Uncalled bet (20) returned to Humphries81
Humphries81 collected 40 from pot
*** SUMMARY ***
Total pot 40 | Rake 0 
Seat 1: Mahu2021 (button) (small blind) folded before Flop
Seat 2: Humphries81 (big blind) collected (40)



PokerStars Hand #249087370913: Tournament #3721085289, $1.84+$0.16 USD Hold'em No Limit - Level III (20/40) - 2024/02/25 18:10:28 CET [2024/02/25 12:10:28 ET]
Table '3721085289 1' 3-max Seat #2 is the button
Seat 1: Mahu2021 (985 in chips) 
Seat 2: Humphries81 (515 in chips) 
Humphries81: posts small blind 20
Mahu2021: posts big blind 40
*** HOLE CARDS ***
Dealt to Mahu2021 [6c 6d]
Humphries81: calls 20
Mahu2021: raises 945 to 985 and is all-in
Humphries81: folds 
Uncalled bet (945) returned to Mahu2021
Mahu2021 collected 80 from pot
Mahu2021: doesn't show hand 
*** SUMMARY ***
Total pot 80 | Rake 0 
Seat 1: Mahu2021 (big blind) collected (80)
Seat 2: Humphries81 (button) (small blind) folded before Flop



PokerStars Hand #249087375745: Tournament #3721085289, $1.84+$0.16 USD Hold'em No Limit - Level III (20/40) - 2024/02/25 18:10:41 CET [2024/02/25 12:10:41 ET]
Table '3721085289 1' 3-max Seat #1 is the button
Seat 1: Mahu2021 (1025 in chips) 
Seat 2: Humphries81 (475 in chips) 
Mahu2021: posts small blind 20
Humphries81: posts big blind 40
*** HOLE CARDS ***
Dealt to Mahu2021 [5c 9s]
Mahu2021: folds 
Uncalled bet (20) returned to Humphries81
Humphries81 collected 40 from pot
*** SUMMARY ***
Total pot 40 | Rake 0 
Seat 1: Mahu2021 (button) (small blind) folded before Flop
Seat 2: Humphries81 (big blind) collected (40)



PokerStars Hand #249087377440: Tournament #3721085289, $1.84+$0.16 USD Hold'em No Limit - Level III (20/40) - 2024/02/25 18:10:46 CET [2024/02/25 12:10:46 ET]
Table '3721085289 1' 3-max Seat #2 is the button
Seat 1: Mahu2021 (1005 in chips) 
Seat 2: Humphries81 (495 in chips) 
Humphries81: posts small blind 20
Mahu2021: posts big blind 40
*** HOLE CARDS ***
Dealt to Mahu2021 [5d 9c]
Humphries81: raises 40 to 80
Mahu2021: folds 
Uncalled bet (40) returned to Humphries81
Humphries81 collected 80 from pot
*** SUMMARY ***
Total pot 80 | Rake 0 
Seat 1: Mahu2021 (big blind) folded before Flop
Seat 2: Humphries81 (button) (small blind) collected (80)



PokerStars Hand #249087379646: Tournament #3721085289, $1.84+$0.16 USD Hold'em No Limit - Level III (20/40) - 2024/02/25 18:10:52 CET [2024/02/25 12:10:52 ET]
Table '3721085289 1' 3-max Seat #1 is the button
Seat 1: Mahu2021 (965 in chips) 
Seat 2: Humphries81 (535 in chips) 
Mahu2021: posts small blind 20
Humphries81: posts big blind 40
*** HOLE CARDS ***
Dealt to Mahu2021 [4c 7c]
Mahu2021: calls 20
Humphries81: checks 
*** FLOP *** [Jd 3h Ad]
Humphries81: checks 
Mahu2021: checks 
*** TURN *** [Jd 3h Ad] [8h]
Humphries81: checks 
Mahu2021: checks 
*** RIVER *** [Jd 3h Ad 8h] [6d]
Humphries81: checks 
Mahu2021: checks 
*** SHOW DOWN ***
Humphries81: shows [9s Td] (high card Ace)
Mahu2021: mucks hand 
Humphries81 collected 80 from pot
*** SUMMARY ***
Total pot 80 | Rake 0 
Board [Jd 3h Ad 8h 6d]
Seat 1: Mahu2021 (button) (small blind) mucked [4c 7c]
Seat 2: Humphries81 (big blind) showed [9s Td] and won (80) with high card Ace



PokerStars Hand #249087385269: Tournament #3721085289, $1.84+$0.16 USD Hold'em No Limit - Level III (20/40) - 2024/02/25 18:11:08 CET [2024/02/25 12:11:08 ET]
Table '3721085289 1' 3-max Seat #2 is the button
Seat 1: Mahu2021 (925 in chips) 
Seat 2: Humphries81 (575 in chips) 
Humphries81: posts small blind 20
Mahu2021: posts big blind 40
*** HOLE CARDS ***
Dealt to Mahu2021 [5d 5h]
Humphries81: raises 40 to 80
Mahu2021: calls 40
*** FLOP *** [2h 6c 8c]
Mahu2021: checks 
Humphries81: checks 
*** TURN *** [2h 6c 8c] [As]
Mahu2021: checks 
Humphries81: checks 
*** RIVER *** [2h 6c 8c As] [5c]
Mahu2021: bets 160
Humphries81: calls 160
*** SHOW DOWN ***
Mahu2021: shows [5d 5h] (three of a kind, Fives)
Humphries81: mucks hand 
Mahu2021 collected 480 from pot
*** SUMMARY ***
Total pot 480 | Rake 0 
Board [2h 6c 8c As 5c]
Seat 1: Mahu2021 (big blind) showed [5d 5h] and won (480) with three of a kind, Fives
Seat 2: Humphries81 (button) (small blind) mucked [Qh Qs]



PokerStars Hand #249087391353: Tournament #3721085289, $1.84+$0.16 USD Hold'em No Limit - Level III (20/40) - 2024/02/25 18:11:25 CET [2024/02/25 12:11:25 ET]
Table '3721085289 1' 3-max Seat #1 is the button
Seat 1: Mahu2021 (1165 in chips) 
Seat 2: Humphries81 (335 in chips) 
Mahu2021: posts small blind 20
Humphries81: posts big blind 40
*** HOLE CARDS ***
Dealt to Mahu2021 [Kc Jd]
Mahu2021: raises 80 to 120
Humphries81: folds 
Uncalled bet (80) returned to Mahu2021
Mahu2021 collected 80 from pot
Mahu2021: doesn't show hand 
*** SUMMARY ***
Total pot 80 | Rake 0 
Seat 1: Mahu2021 (button) (small blind) collected (80)
Seat 2: Humphries81 (big blind) folded before Flop



PokerStars Hand #249087394270: Tournament #3721085289, $1.84+$0.16 USD Hold'em No Limit - Level III (20/40) - 2024/02/25 18:11:33 CET [2024/02/25 12:11:33 ET]
Table '3721085289 1' 3-max Seat #2 is the button
Seat 1: Mahu2021 (1205 in chips) 
Seat 2: Humphries81 (295 in chips) 
Humphries81: posts small blind 20
Mahu2021: posts big blind 40
*** HOLE CARDS ***
Dealt to Mahu2021 [6h 5s]
Humphries81: calls 20
Mahu2021: checks 
*** FLOP *** [6d 2c Ks]
Mahu2021: bets 40
Humphries81: folds 
Uncalled bet (40) returned to Mahu2021
Mahu2021 collected 80 from pot
Mahu2021: doesn't show hand 
*** SUMMARY ***
Total pot 80 | Rake 0 
Board [6d 2c Ks]
Seat 1: Mahu2021 (big blind) collected (80)
Seat 2: Humphries81 (button) (small blind) folded on the Flop



PokerStars Hand #249087397705: Tournament #3721085289, $1.84+$0.16 USD Hold'em No Limit - Level III (20/40) - 2024/02/25 18:11:43 CET [2024/02/25 12:11:43 ET]
Table '3721085289 1' 3-max Seat #1 is the button
Seat 1: Mahu2021 (1245 in chips) 
Seat 2: Humphries81 (255 in chips) 
Mahu2021: posts small blind 20
Humphries81: posts big blind 40
*** HOLE CARDS ***
Dealt to Mahu2021 [Js 4h]
Mahu2021: calls 20
Humphries81: raises 215 to 255 and is all-in
Mahu2021: folds 
Uncalled bet (215) returned to Humphries81
Humphries81 collected 80 from pot
*** SUMMARY ***
Total pot 80 | Rake 0 
Seat 1: Mahu2021 (button) (small blind) folded before Flop
Seat 2: Humphries81 (big blind) collected (80)



PokerStars Hand #249087400790: Tournament #3721085289, $1.84+$0.16 USD Hold'em No Limit - Level III (20/40) - 2024/02/25 18:11:52 CET [2024/02/25 12:11:52 ET]
Table '3721085289 1' 3-max Seat #2 is the button
Seat 1: Mahu2021 (1205 in chips) 
Seat 2: Humphries81 (295 in chips) 
Humphries81: posts small blind 20
Mahu2021: posts big blind 40
*** HOLE CARDS ***
Dealt to Mahu2021 [Jh Js]
Humphries81: folds 
Uncalled bet (20) returned to Mahu2021
Mahu2021 collected 40 from pot
Mahu2021: doesn't show hand 
*** SUMMARY ***
Total pot 40 | Rake 0 
Seat 1: Mahu2021 (big blind) collected (40)
Seat 2: Humphries81 (button) (small blind) folded before Flop



PokerStars Hand #249087402566: Tournament #3721085289, $1.84+$0.16 USD Hold'em No Limit - Level III (20/40) - 2024/02/25 18:11:57 CET [2024/02/25 12:11:57 ET]
Table '3721085289 1' 3-max Seat #1 is the button
Seat 1: Mahu2021 (1225 in chips) 
Seat 2: Humphries81 (275 in chips) 
Mahu2021: posts small blind 20
Humphries81: posts big blind 40
*** HOLE CARDS ***
Dealt to Mahu2021 [Kc Th]
Mahu2021: raises 40 to 80
Humphries81: raises 195 to 275 and is all-in
Mahu2021: calls 195
*** FLOP *** [9d 9h 4d]
*** TURN *** [9d 9h 4d] [4h]
*** RIVER *** [9d 9h 4d 4h] [5h]
*** SHOW DOWN ***
Humphries81: shows [9c 8c] (a full house, Nines full of Fours)
Mahu2021: shows [Kc Th] (two pair, Nines and Fours)
Humphries81 collected 550 from pot
*** SUMMARY ***
Total pot 550 | Rake 0 
Board [9d 9h 4d 4h 5h]
Seat 1: Mahu2021 (button) (small blind) showed [Kc Th] and lost with two pair, Nines and Fours
Seat 2: Humphries81 (big blind) showed [9c 8c] and won (550) with a full house, Nines full of Fours



PokerStars Hand #249087408089: Tournament #3721085289, $1.84+$0.16 USD Hold'em No Limit - Level III (20/40) - 2024/02/25 18:12:12 CET [2024/02/25 12:12:12 ET]
Table '3721085289 1' 3-max Seat #2 is the button
Seat 1: Mahu2021 (950 in chips) 
Seat 2: Humphries81 (550 in chips) 
Humphries81: posts small blind 20
Mahu2021: posts big blind 40
*** HOLE CARDS ***
Dealt to Mahu2021 [Kc Ac]
Humphries81: folds 
Uncalled bet (20) returned to Mahu2021
Mahu2021 collected 40 from pot
Mahu2021: doesn't show hand 
*** SUMMARY ***
Total pot 40 | Rake 0 
Seat 1: Mahu2021 (big blind) collected (40)
Seat 2: Humphries81 (button) (small blind) folded before Flop



PokerStars Hand #249087411000: Tournament #3721085289, $1.84+$0.16 USD Hold'em No Limit - Level IV (30/60) - 2024/02/25 18:12:21 CET [2024/02/25 12:12:21 ET]
Table '3721085289 1' 3-max Seat #1 is the button
Seat 1: Mahu2021 (970 in chips) 
Seat 2: Humphries81 (530 in chips) 
Mahu2021: posts small blind 30
Humphries81: posts big blind 60
*** HOLE CARDS ***
Dealt to Mahu2021 [4h Ad]
Mahu2021: raises 60 to 120
Humphries81: folds 
Uncalled bet (60) returned to Mahu2021
Mahu2021 collected 120 from pot
Mahu2021: doesn't show hand 
*** SUMMARY ***
Total pot 120 | Rake 0 
Seat 1: Mahu2021 (button) (small blind) collected (120)
Seat 2: Humphries81 (big blind) folded before Flop



PokerStars Hand #249087414208: Tournament #3721085289, $1.84+$0.16 USD Hold'em No Limit - Level IV (30/60) - 2024/02/25 18:12:29 CET [2024/02/25 12:12:29 ET]
Table '3721085289 1' 3-max Seat #2 is the button
Seat 1: Mahu2021 (1030 in chips) 
Seat 2: Humphries81 (470 in chips) 
Humphries81: posts small blind 30
Mahu2021: posts big blind 60
*** HOLE CARDS ***
Dealt to Mahu2021 [6d 3d]
Humphries81: calls 30
Mahu2021: checks 
*** FLOP *** [8h Qd 2h]
Mahu2021: checks 
Humphries81: checks 
*** TURN *** [8h Qd 2h] [As]
Mahu2021: checks 
Humphries81: checks 
*** RIVER *** [8h Qd 2h As] [4s]
Mahu2021: bets 60
Humphries81: folds 
Uncalled bet (60) returned to Mahu2021
Mahu2021 collected 120 from pot
Mahu2021: doesn't show hand 
*** SUMMARY ***
Total pot 120 | Rake 0 
Board [8h Qd 2h As 4s]
Seat 1: Mahu2021 (big blind) collected (120)
Seat 2: Humphries81 (button) (small blind) folded on the River



PokerStars Hand #249087419917: Tournament #3721085289, $1.84+$0.16 USD Hold'em No Limit - Level IV (30/60) - 2024/02/25 18:12:45 CET [2024/02/25 12:12:45 ET]
Table '3721085289 1' 3-max Seat #1 is the button
Seat 1: Mahu2021 (1090 in chips) 
Seat 2: Humphries81 (410 in chips) 
Mahu2021: posts small blind 30
Humphries81: posts big blind 60
*** HOLE CARDS ***
Dealt to Mahu2021 [Kh As]
Mahu2021: raises 120 to 180
Humphries81: folds 
Uncalled bet (120) returned to Mahu2021
Mahu2021 collected 120 from pot
Mahu2021: doesn't show hand 
*** SUMMARY ***
Total pot 120 | Rake 0 
Seat 1: Mahu2021 (button) (small blind) collected (120)
Seat 2: Humphries81 (big blind) folded before Flop



PokerStars Hand #249087423150: Tournament #3721085289, $1.84+$0.16 USD Hold'em No Limit - Level IV (30/60) - 2024/02/25 18:12:54 CET [2024/02/25 12:12:54 ET]
Table '3721085289 1' 3-max Seat #2 is the button
Seat 1: Mahu2021 (1150 in chips) 
Seat 2: Humphries81 (350 in chips) 
Humphries81: posts small blind 30
Mahu2021: posts big blind 60
*** HOLE CARDS ***
Dealt to Mahu2021 [4s Jh]
Humphries81: calls 30
Mahu2021: checks 
*** FLOP *** [5s Tc 8c]
Mahu2021: checks 
Humphries81: checks 
*** TURN *** [5s Tc 8c] [3d]
Mahu2021: checks 
Humphries81: checks 
*** RIVER *** [5s Tc 8c 3d] [3c]
Mahu2021: checks 
Humphries81: checks 
*** SHOW DOWN ***
Mahu2021: shows [4s Jh] (a pair of Threes)
Humphries81: shows [7c As] (a pair of Threes - Ace kicker)
Humphries81 collected 120 from pot
*** SUMMARY ***
Total pot 120 | Rake 0 
Board [5s Tc 8c 3d 3c]
Seat 1: Mahu2021 (big blind) showed [4s Jh] and lost with a pair of Threes
Seat 2: Humphries81 (button) (small blind) showed [7c As] and won (120) with a pair of Threes



PokerStars Hand #249087428265: Tournament #3721085289, $1.84+$0.16 USD Hold'em No Limit - Level IV (30/60) - 2024/02/25 18:13:08 CET [2024/02/25 12:13:08 ET]
Table '3721085289 1' 3-max Seat #1 is the button
Seat 1: Mahu2021 (1090 in chips) 
Seat 2: Humphries81 (410 in chips) 
Mahu2021: posts small blind 30
Humphries81: posts big blind 60
*** HOLE CARDS ***
Dealt to Mahu2021 [6d As]
Mahu2021: raises 60 to 120
Humphries81: folds 
Uncalled bet (60) returned to Mahu2021
Mahu2021 collected 120 from pot
Mahu2021: doesn't show hand 
*** SUMMARY ***
Total pot 120 | Rake 0 
Seat 1: Mahu2021 (button) (small blind) collected (120)
Seat 2: Humphries81 (big blind) folded before Flop



PokerStars Hand #249087430584: Tournament #3721085289, $1.84+$0.16 USD Hold'em No Limit - Level IV (30/60) - 2024/02/25 18:13:15 CET [2024/02/25 12:13:15 ET]
Table '3721085289 1' 3-max Seat #2 is the button
Seat 1: Mahu2021 (1150 in chips) 
Seat 2: Humphries81 (350 in chips) 
Humphries81: posts small blind 30
Mahu2021: posts big blind 60
*** HOLE CARDS ***
Dealt to Mahu2021 [5d Ad]
Humphries81: calls 30
Mahu2021: raises 1090 to 1150 and is all-in
Humphries81: folds 
Uncalled bet (1090) returned to Mahu2021
Mahu2021 collected 120 from pot
Mahu2021: doesn't show hand 
*** SUMMARY ***
Total pot 120 | Rake 0 
Seat 1: Mahu2021 (big blind) collected (120)
Seat 2: Humphries81 (button) (small blind) folded before Flop



PokerStars Hand #249087435056: Tournament #3721085289, $1.84+$0.16 USD Hold'em No Limit - Level IV (30/60) - 2024/02/25 18:13:28 CET [2024/02/25 12:13:28 ET]
Table '3721085289 1' 3-max Seat #1 is the button
Seat 1: Mahu2021 (1210 in chips) 
Seat 2: Humphries81 (290 in chips) 
Mahu2021: posts small blind 30
Humphries81: posts big blind 60
*** HOLE CARDS ***
Dealt to Mahu2021 [8s Qd]
Mahu2021: calls 30
Humphries81: raises 230 to 290 and is all-in
Mahu2021: calls 230
*** FLOP *** [9h 9d 5c]
*** TURN *** [9h 9d 5c] [3h]
*** RIVER *** [9h 9d 5c 3h] [3d]
*** SHOW DOWN ***
Humphries81: shows [6s 6d] (two pair, Nines and Sixes)
Mahu2021: shows [8s Qd] (two pair, Nines and Threes)
Humphries81 collected 580 from pot
*** SUMMARY ***
Total pot 580 | Rake 0 
Board [9h 9d 5c 3h 3d]
Seat 1: Mahu2021 (button) (small blind) showed [8s Qd] and lost with two pair, Nines and Threes
Seat 2: Humphries81 (big blind) showed [6s 6d] and won (580) with two pair, Nines and Sixes



PokerStars Hand #249087440442: Tournament #3721085289, $1.84+$0.16 USD Hold'em No Limit - Level IV (30/60) - 2024/02/25 18:13:43 CET [2024/02/25 12:13:43 ET]
Table '3721085289 1' 3-max Seat #2 is the button
Seat 1: Mahu2021 (920 in chips) 
Seat 2: Humphries81 (580 in chips) 
Humphries81: posts small blind 30
Mahu2021: posts big blind 60
*** HOLE CARDS ***
Dealt to Mahu2021 [2h Jc]
Humphries81: calls 30
Mahu2021: checks 
*** FLOP *** [5c 7s 5d]
Mahu2021: checks 
Humphries81: checks 
*** TURN *** [5c 7s 5d] [Jd]
Mahu2021: bets 60
Humphries81: folds 
Uncalled bet (60) returned to Mahu2021
Mahu2021 collected 120 from pot
Mahu2021: doesn't show hand 
*** SUMMARY ***
Total pot 120 | Rake 0 
Board [5c 7s 5d Jd]
Seat 1: Mahu2021 (big blind) collected (120)
Seat 2: Humphries81 (button) (small blind) folded on the Turn



PokerStars Hand #249087446503: Tournament #3721085289, $1.84+$0.16 USD Hold'em No Limit - Level IV (30/60) - 2024/02/25 18:14:00 CET [2024/02/25 12:14:00 ET]
Table '3721085289 1' 3-max Seat #1 is the button
Seat 1: Mahu2021 (980 in chips) 
Seat 2: Humphries81 (520 in chips) 
Mahu2021: posts small blind 30
Humphries81: posts big blind 60
*** HOLE CARDS ***
Dealt to Mahu2021 [Jh 5h]
Mahu2021: calls 30
Humphries81: checks 
*** FLOP *** [5s 7d Ac]
Humphries81: checks 
Mahu2021: bets 60
Humphries81: folds 
Uncalled bet (60) returned to Mahu2021
Mahu2021 collected 120 from pot
Mahu2021: doesn't show hand 
*** SUMMARY ***
Total pot 120 | Rake 0 
Board [5s 7d Ac]
Seat 1: Mahu2021 (button) (small blind) collected (120)
Seat 2: Humphries81 (big blind) folded on the Flop



PokerStars Hand #249087452481: Tournament #3721085289, $1.84+$0.16 USD Hold'em No Limit - Level V (40/80) - 2024/02/25 18:14:16 CET [2024/02/25 12:14:16 ET]
Table '3721085289 1' 3-max Seat #2 is the button
Seat 1: Mahu2021 (1040 in chips) 
Seat 2: Humphries81 (460 in chips) 
Humphries81: posts small blind 40
Mahu2021: posts big blind 80
*** HOLE CARDS ***
Dealt to Mahu2021 [Qd 7h]
Humphries81: folds 
Uncalled bet (40) returned to Mahu2021
Mahu2021 collected 80 from pot
Mahu2021: doesn't show hand 
*** SUMMARY ***
Total pot 80 | Rake 0 
Seat 1: Mahu2021 (big blind) collected (80)
Seat 2: Humphries81 (button) (small blind) folded before Flop



PokerStars Hand #249087454606: Tournament #3721085289, $1.84+$0.16 USD Hold'em No Limit - Level V (40/80) - 2024/02/25 18:14:22 CET [2024/02/25 12:14:22 ET]
Table '3721085289 1' 3-max Seat #1 is the button
Seat 1: Mahu2021 (1080 in chips) 
Seat 2: Humphries81 (420 in chips) 
Mahu2021: posts small blind 40
Humphries81: posts big blind 80
*** HOLE CARDS ***
Dealt to Mahu2021 [Kd Ah]
Mahu2021: raises 160 to 240
Humphries81: folds 
Uncalled bet (160) returned to Mahu2021
Mahu2021 collected 160 from pot
Mahu2021: doesn't show hand 
*** SUMMARY ***
Total pot 160 | Rake 0 
Seat 1: Mahu2021 (button) (small blind) collected (160)
Seat 2: Humphries81 (big blind) folded before Flop



PokerStars Hand #249087457084: Tournament #3721085289, $1.84+$0.16 USD Hold'em No Limit - Level V (40/80) - 2024/02/25 18:14:29 CET [2024/02/25 12:14:29 ET]
Table '3721085289 1' 3-max Seat #2 is the button
Seat 1: Mahu2021 (1160 in chips) 
Seat 2: Humphries81 (340 in chips) 
Humphries81: posts small blind 40
Mahu2021: posts big blind 80
*** HOLE CARDS ***
Dealt to Mahu2021 [Qc Ad]
Humphries81: folds 
Uncalled bet (40) returned to Mahu2021
Mahu2021 collected 80 from pot
Mahu2021: doesn't show hand 
*** SUMMARY ***
Total pot 80 | Rake 0 
Seat 1: Mahu2021 (big blind) collected (80)
Seat 2: Humphries81 (button) (small blind) folded before Flop



PokerStars Hand #249087458838: Tournament #3721085289, $1.84+$0.16 USD Hold'em No Limit - Level V (40/80) - 2024/02/25 18:14:34 CET [2024/02/25 12:14:34 ET]
Table '3721085289 1' 3-max Seat #1 is the button
Seat 1: Mahu2021 (1200 in chips) 
Seat 2: Humphries81 (300 in chips) 
Mahu2021: posts small blind 40
Humphries81: posts big blind 80
*** HOLE CARDS ***
Dealt to Mahu2021 [Kc 5d]
Mahu2021: raises 80 to 160
Humphries81: raises 140 to 300 and is all-in
Mahu2021: calls 140
*** FLOP *** [Ac Qs As]
*** TURN *** [Ac Qs As] [7d]
*** RIVER *** [Ac Qs As 7d] [8s]
*** SHOW DOWN ***
Humphries81: shows [6c 4d] (a pair of Aces)
Mahu2021: shows [Kc 5d] (a pair of Aces - King kicker)
Mahu2021 collected 600 from pot
Humphries81 finished the tournament in 2nd place
Mahu2021 wins the tournament and receives $4.00 - congratulations!
*** SUMMARY ***
Total pot 600 | Rake 0 
Board [Ac Qs As 7d 8s]
Seat 1: Mahu2021 (button) (small blind) showed [Kc 5d] and won (600) with a pair of Aces
Seat 2: Humphries81 (big blind) showed [6c 4d] and lost with a pair of Aces



