PokerStars Hand #249594258642: Tournament #3732940759, $1.84+$0.16 USD Hold'em No Limit - Level I (10/20) - 2024/03/24 13:49:05 CET [2024/03/24 8:49:05 ET]
Table '3732940759 1' 3-max Seat #1 is the button
Seat 1: Rasa9612 (500 in chips) 
Seat 2: Runkralf (500 in chips) 
Seat 3: Mahu2021 (500 in chips) 
Runkralf: posts small blind 10
Mahu2021: posts big blind 20
*** HOLE CARDS ***
Dealt to Mahu2021 [3d 8c]
Rasa9612: calls 20
Runkralf: calls 10
Mahu2021: checks 
*** FLOP *** [Ad 5s Kd]
Runkralf: checks 
Mahu2021: checks 
Rasa9612: bets 40
Runkralf: folds 
Mahu2021: folds 
Uncalled bet (40) returned to Rasa9612
Rasa9612 collected 60 from pot
*** SUMMARY ***
Total pot 60 | Rake 0 
Board [Ad 5s Kd]
Seat 1: Rasa9612 (button) collected (60)
Seat 2: Runkralf (small blind) folded on the Flop
Seat 3: Mahu2021 (big blind) folded on the Flop



PokerStars Hand #249594261695: Tournament #3732940759, $1.84+$0.16 USD Hold'em No Limit - Level I (10/20) - 2024/03/24 13:49:20 CET [2024/03/24 8:49:20 ET]
Table '3732940759 1' 3-max Seat #2 is the button
Seat 1: Rasa9612 (540 in chips) 
Seat 2: Runkralf (480 in chips) 
Seat 3: Mahu2021 (480 in chips) 
Mahu2021: posts small blind 10
Rasa9612: posts big blind 20
*** HOLE CARDS ***
Dealt to Mahu2021 [9c 7s]
Runkralf: folds 
Mahu2021: calls 10
Rasa9612: raises 20 to 40
Mahu2021: calls 20
*** FLOP *** [9d Ac Qd]
Mahu2021: checks 
Rasa9612: bets 20
Mahu2021: calls 20
*** TURN *** [9d Ac Qd] [3c]
Mahu2021: checks 
Rasa9612: bets 40
Mahu2021: folds 
Uncalled bet (40) returned to Rasa9612
Rasa9612 collected 120 from pot
*** SUMMARY ***
Total pot 120 | Rake 0 
Board [9d Ac Qd 3c]
Seat 1: Rasa9612 (big blind) collected (120)
Seat 2: Runkralf (button) folded before Flop (didn't bet)
Seat 3: Mahu2021 (small blind) folded on the Turn



PokerStars Hand #249594265202: Tournament #3732940759, $1.84+$0.16 USD Hold'em No Limit - Level I (10/20) - 2024/03/24 13:49:39 CET [2024/03/24 8:49:39 ET]
Table '3732940759 1' 3-max Seat #3 is the button
Seat 1: Rasa9612 (600 in chips) 
Seat 2: Runkralf (480 in chips) 
Seat 3: Mahu2021 (420 in chips) 
Rasa9612: posts small blind 10
Runkralf: posts big blind 20
*** HOLE CARDS ***
Dealt to Mahu2021 [3c 6d]
Mahu2021: folds 
Rasa9612: calls 10
Runkralf: checks 
*** FLOP *** [Th 5h Ts]
Rasa9612: bets 20
Runkralf: folds 
Uncalled bet (20) returned to Rasa9612
Rasa9612 collected 40 from pot
*** SUMMARY ***
Total pot 40 | Rake 0 
Board [Th 5h Ts]
Seat 1: Rasa9612 (small blind) collected (40)
Seat 2: Runkralf (big blind) folded on the Flop
Seat 3: Mahu2021 (button) folded before Flop (didn't bet)



PokerStars Hand #249594267582: Tournament #3732940759, $1.84+$0.16 USD Hold'em No Limit - Level I (10/20) - 2024/03/24 13:49:51 CET [2024/03/24 8:49:51 ET]
Table '3732940759 1' 3-max Seat #1 is the button
Seat 1: Rasa9612 (620 in chips) 
Seat 2: Runkralf (460 in chips) 
Seat 3: Mahu2021 (420 in chips) 
Runkralf: posts small blind 10
Mahu2021: posts big blind 20
*** HOLE CARDS ***
Dealt to Mahu2021 [Qs 9c]
Rasa9612: calls 20
Runkralf: raises 60 to 80
Mahu2021: folds 
Rasa9612: calls 60
*** FLOP *** [3s Jc Th]
Runkralf: bets 45
Rasa9612: calls 45
*** TURN *** [3s Jc Th] [2s]
Runkralf: bets 100
Rasa9612: raises 100 to 200
Runkralf: folds 
Uncalled bet (100) returned to Rasa9612
Rasa9612 collected 470 from pot
*** SUMMARY ***
Total pot 470 | Rake 0 
Board [3s Jc Th 2s]
Seat 1: Rasa9612 (button) collected (470)
Seat 2: Runkralf (small blind) folded on the Turn
Seat 3: Mahu2021 (big blind) folded before Flop



PokerStars Hand #249594273041: Tournament #3732940759, $1.84+$0.16 USD Hold'em No Limit - Level I (10/20) - 2024/03/24 13:50:19 CET [2024/03/24 8:50:19 ET]
Table '3732940759 1' 3-max Seat #2 is the button
Seat 1: Rasa9612 (865 in chips) 
Seat 2: Runkralf (235 in chips) 
Seat 3: Mahu2021 (400 in chips) 
Mahu2021: posts small blind 10
Rasa9612: posts big blind 20
*** HOLE CARDS ***
Dealt to Mahu2021 [6c 5s]
Runkralf: raises 215 to 235 and is all-in
Mahu2021: folds 
Rasa9612: calls 215
*** FLOP *** [Kd 4s 7c]
*** TURN *** [Kd 4s 7c] [9s]
*** RIVER *** [Kd 4s 7c 9s] [Jc]
*** SHOW DOWN ***
Rasa9612: shows [Js 5d] (a pair of Jacks)
Runkralf: shows [6h As] (high card Ace)
Rasa9612 collected 480 from pot
Runkralf finished the tournament in 3rd place
*** SUMMARY ***
Total pot 480 | Rake 0 
Board [Kd 4s 7c 9s Jc]
Seat 1: Rasa9612 (big blind) showed [Js 5d] and won (480) with a pair of Jacks
Seat 2: Runkralf (button) showed [6h As] and lost with high card Ace
Seat 3: Mahu2021 (small blind) folded before Flop



PokerStars Hand #249594276507: Tournament #3732940759, $1.84+$0.16 USD Hold'em No Limit - Level I (10/20) - 2024/03/24 13:50:36 CET [2024/03/24 8:50:36 ET]
Table '3732940759 1' 3-max Seat #1 is the button
Seat 1: Rasa9612 (1110 in chips) 
Seat 3: Mahu2021 (390 in chips) 
Rasa9612: posts small blind 10
Mahu2021: posts big blind 20
*** HOLE CARDS ***
Dealt to Mahu2021 [7c Ah]
Rasa9612: calls 10
Mahu2021: checks 
*** FLOP *** [4c Qc Kc]
Mahu2021: checks 
Rasa9612: checks 
*** TURN *** [4c Qc Kc] [7d]
Mahu2021: bets 20
Rasa9612: calls 20
*** RIVER *** [4c Qc Kc 7d] [Ac]
Mahu2021: bets 80
Rasa9612: calls 80
*** SHOW DOWN ***
Mahu2021: shows [7c Ah] (a flush, Ace high)
Rasa9612: mucks hand 
Mahu2021 collected 240 from pot
*** SUMMARY ***
Total pot 240 | Rake 0 
Board [4c Qc Kc 7d Ac]
Seat 1: Rasa9612 (button) (small blind) mucked [5c 8s]
Seat 3: Mahu2021 (big blind) showed [7c Ah] and won (240) with a flush, Ace high



PokerStars Hand #249594280033: Tournament #3732940759, $1.84+$0.16 USD Hold'em No Limit - Level I (10/20) - 2024/03/24 13:50:54 CET [2024/03/24 8:50:54 ET]
Table '3732940759 1' 3-max Seat #3 is the button
Seat 1: Rasa9612 (990 in chips) 
Seat 3: Mahu2021 (510 in chips) 
Mahu2021: posts small blind 10
Rasa9612: posts big blind 20
*** HOLE CARDS ***
Dealt to Mahu2021 [8h 3d]
Mahu2021: folds 
Uncalled bet (10) returned to Rasa9612
Rasa9612 collected 20 from pot
*** SUMMARY ***
Total pot 20 | Rake 0 
Seat 1: Rasa9612 (big blind) collected (20)
Seat 3: Mahu2021 (button) (small blind) folded before Flop



PokerStars Hand #249594280883: Tournament #3732940759, $1.84+$0.16 USD Hold'em No Limit - Level I (10/20) - 2024/03/24 13:50:58 CET [2024/03/24 8:50:58 ET]
Table '3732940759 1' 3-max Seat #1 is the button
Seat 1: Rasa9612 (1000 in chips) 
Seat 3: Mahu2021 (500 in chips) 
Rasa9612: posts small blind 10
Mahu2021: posts big blind 20
*** HOLE CARDS ***
Dealt to Mahu2021 [Th Ac]
Rasa9612: calls 10
Mahu2021: raises 60 to 80
Rasa9612: folds 
Uncalled bet (60) returned to Mahu2021
Mahu2021 collected 40 from pot
Mahu2021: doesn't show hand 
*** SUMMARY ***
Total pot 40 | Rake 0 
Seat 1: Rasa9612 (button) (small blind) folded before Flop
Seat 3: Mahu2021 (big blind) collected (40)



PokerStars Hand #249594282579: Tournament #3732940759, $1.84+$0.16 USD Hold'em No Limit - Level I (10/20) - 2024/03/24 13:51:07 CET [2024/03/24 8:51:07 ET]
Table '3732940759 1' 3-max Seat #3 is the button
Seat 1: Rasa9612 (980 in chips) 
Seat 3: Mahu2021 (520 in chips) 
Mahu2021: posts small blind 10
Rasa9612: posts big blind 20
*** HOLE CARDS ***
Dealt to Mahu2021 [4c 5c]
Mahu2021: calls 10
Rasa9612: raises 20 to 40
Mahu2021: calls 20
*** FLOP *** [Qh Td 6d]
Rasa9612: bets 40
Mahu2021: folds 
Uncalled bet (40) returned to Rasa9612
Rasa9612 collected 80 from pot
*** SUMMARY ***
Total pot 80 | Rake 0 
Board [Qh Td 6d]
Seat 1: Rasa9612 (big blind) collected (80)
Seat 3: Mahu2021 (button) (small blind) folded on the Flop



PokerStars Hand #249594284733: Tournament #3732940759, $1.84+$0.16 USD Hold'em No Limit - Level I (10/20) - 2024/03/24 13:51:18 CET [2024/03/24 8:51:18 ET]
Table '3732940759 1' 3-max Seat #1 is the button
Seat 1: Rasa9612 (1020 in chips) 
Seat 3: Mahu2021 (480 in chips) 
Rasa9612: posts small blind 10
Mahu2021: posts big blind 20
*** HOLE CARDS ***
Dealt to Mahu2021 [Qs Kc]
Rasa9612: calls 10
Mahu2021: checks 
*** FLOP *** [8c Tc 7s]
Mahu2021: checks 
Rasa9612: bets 40
Mahu2021: calls 40
*** TURN *** [8c Tc 7s] [5c]
Mahu2021: checks 
Rasa9612: bets 100
Mahu2021: calls 100
*** RIVER *** [8c Tc 7s 5c] [5d]
Mahu2021: checks 
Rasa9612: bets 860 and is all-in
Mahu2021: folds 
Uncalled bet (860) returned to Rasa9612
Rasa9612 collected 320 from pot
*** SUMMARY ***
Total pot 320 | Rake 0 
Board [8c Tc 7s 5c 5d]
Seat 1: Rasa9612 (button) (small blind) collected (320)
Seat 3: Mahu2021 (big blind) folded on the River



PokerStars Hand #249594288885: Tournament #3732940759, $1.84+$0.16 USD Hold'em No Limit - Level I (10/20) - 2024/03/24 13:51:38 CET [2024/03/24 8:51:38 ET]
Table '3732940759 1' 3-max Seat #3 is the button
Seat 1: Rasa9612 (1180 in chips) 
Seat 3: Mahu2021 (320 in chips) 
Mahu2021: posts small blind 10
Rasa9612: posts big blind 20
*** HOLE CARDS ***
Dealt to Mahu2021 [2d Kc]
Mahu2021: folds 
Uncalled bet (10) returned to Rasa9612
Rasa9612 collected 20 from pot
*** SUMMARY ***
Total pot 20 | Rake 0 
Seat 1: Rasa9612 (big blind) collected (20)
Seat 3: Mahu2021 (button) (small blind) folded before Flop



PokerStars Hand #249594289765: Tournament #3732940759, $1.84+$0.16 USD Hold'em No Limit - Level I (10/20) - 2024/03/24 13:51:43 CET [2024/03/24 8:51:43 ET]
Table '3732940759 1' 3-max Seat #1 is the button
Seat 1: Rasa9612 (1190 in chips) 
Seat 3: Mahu2021 (310 in chips) 
Rasa9612: posts small blind 10
Mahu2021: posts big blind 20
*** HOLE CARDS ***
Dealt to Mahu2021 [3s Qd]
Rasa9612: calls 10
Mahu2021: checks 
*** FLOP *** [2s 5d Ac]
Mahu2021: checks 
Rasa9612: bets 20
Mahu2021: calls 20
*** TURN *** [2s 5d Ac] [Js]
Mahu2021: checks 
Rasa9612: checks 
*** RIVER *** [2s 5d Ac Js] [Tc]
Mahu2021: checks 
Rasa9612: checks 
*** SHOW DOWN ***
Mahu2021: shows [3s Qd] (high card Ace)
Rasa9612: shows [4c Kd] (high card Ace - King kicker)
Rasa9612 collected 80 from pot
*** SUMMARY ***
Total pot 80 | Rake 0 
Board [2s 5d Ac Js Tc]
Seat 1: Rasa9612 (button) (small blind) showed [4c Kd] and won (80) with high card Ace
Seat 3: Mahu2021 (big blind) showed [3s Qd] and lost with high card Ace



PokerStars Hand #249594292317: Tournament #3732940759, $1.84+$0.16 USD Hold'em No Limit - Level I (10/20) - 2024/03/24 13:51:56 CET [2024/03/24 8:51:56 ET]
Table '3732940759 1' 3-max Seat #3 is the button
Seat 1: Rasa9612 (1230 in chips) 
Seat 3: Mahu2021 (270 in chips) 
Mahu2021: posts small blind 10
Rasa9612: posts big blind 20
*** HOLE CARDS ***
Dealt to Mahu2021 [Ad 8s]
Mahu2021: calls 10
Rasa9612: checks 
*** FLOP *** [Kh 6h 5h]
Rasa9612: checks 
Mahu2021: bets 20
Rasa9612: calls 20
*** TURN *** [Kh 6h 5h] [7h]
Rasa9612: checks 
Mahu2021: checks 
*** RIVER *** [Kh 6h 5h 7h] [5c]
Rasa9612: bets 100
Mahu2021: folds 
Uncalled bet (100) returned to Rasa9612
Rasa9612 collected 80 from pot
*** SUMMARY ***
Total pot 80 | Rake 0 
Board [Kh 6h 5h 7h 5c]
Seat 1: Rasa9612 (big blind) collected (80)
Seat 3: Mahu2021 (button) (small blind) folded on the River



PokerStars Hand #249594296172: Tournament #3732940759, $1.84+$0.16 USD Hold'em No Limit - Level II (15/30) - 2024/03/24 13:52:15 CET [2024/03/24 8:52:15 ET]
Table '3732940759 1' 3-max Seat #1 is the button
Seat 1: Rasa9612 (1270 in chips) 
Seat 3: Mahu2021 (230 in chips) 
Rasa9612: posts small blind 15
Mahu2021: posts big blind 30
*** HOLE CARDS ***
Dealt to Mahu2021 [7c 8h]
Rasa9612: calls 15
Mahu2021: checks 
*** FLOP *** [Kh Ah 9d]
Mahu2021: checks 
Rasa9612: bets 30
Mahu2021: folds 
Uncalled bet (30) returned to Rasa9612
Rasa9612 collected 60 from pot
*** SUMMARY ***
Total pot 60 | Rake 0 
Board [Kh Ah 9d]
Seat 1: Rasa9612 (button) (small blind) collected (60)
Seat 3: Mahu2021 (big blind) folded on the Flop



PokerStars Hand #249594298387: Tournament #3732940759, $1.84+$0.16 USD Hold'em No Limit - Level II (15/30) - 2024/03/24 13:52:26 CET [2024/03/24 8:52:26 ET]
Table '3732940759 1' 3-max Seat #3 is the button
Seat 1: Rasa9612 (1300 in chips) 
Seat 3: Mahu2021 (200 in chips) 
Mahu2021: posts small blind 15
Rasa9612: posts big blind 30
*** HOLE CARDS ***
Dealt to Mahu2021 [Jd Jh]
Mahu2021: calls 15
Rasa9612: checks 
*** FLOP *** [5d 9h 6h]
Rasa9612: checks 
Mahu2021: bets 30
Rasa9612: calls 30
*** TURN *** [5d 9h 6h] [Js]
Rasa9612: checks 
Mahu2021: bets 30
Rasa9612: calls 30
*** RIVER *** [5d 9h 6h Js] [5h]
Rasa9612: checks 
Mahu2021: bets 60
Rasa9612: folds 
Uncalled bet (60) returned to Mahu2021
Mahu2021 collected 180 from pot
Mahu2021: doesn't show hand 
*** SUMMARY ***
Total pot 180 | Rake 0 
Board [5d 9h 6h Js 5h]
Seat 1: Rasa9612 (big blind) folded on the River
Seat 3: Mahu2021 (button) (small blind) collected (180)



PokerStars Hand #249594304218: Tournament #3732940759, $1.84+$0.16 USD Hold'em No Limit - Level II (15/30) - 2024/03/24 13:52:55 CET [2024/03/24 8:52:55 ET]
Table '3732940759 1' 3-max Seat #1 is the button
Seat 1: Rasa9612 (1210 in chips) 
Seat 3: Mahu2021 (290 in chips) 
Rasa9612: posts small blind 15
Mahu2021: posts big blind 30
*** HOLE CARDS ***
Dealt to Mahu2021 [Ad Qc]
Rasa9612: raises 30 to 60
Mahu2021: raises 230 to 290 and is all-in
Rasa9612: calls 230
*** FLOP *** [3s 8h 8c]
*** TURN *** [3s 8h 8c] [6d]
*** RIVER *** [3s 8h 8c 6d] [4h]
*** SHOW DOWN ***
Mahu2021: shows [Ad Qc] (a pair of Eights)
Rasa9612: shows [Qh Ts] (a pair of Eights - lower kicker)
Mahu2021 collected 580 from pot
*** SUMMARY ***
Total pot 580 | Rake 0 
Board [3s 8h 8c 6d 4h]
Seat 1: Rasa9612 (button) (small blind) showed [Qh Ts] and lost with a pair of Eights
Seat 3: Mahu2021 (big blind) showed [Ad Qc] and won (580) with a pair of Eights



PokerStars Hand #249594306949: Tournament #3732940759, $1.84+$0.16 USD Hold'em No Limit - Level II (15/30) - 2024/03/24 13:53:09 CET [2024/03/24 8:53:09 ET]
Table '3732940759 1' 3-max Seat #3 is the button
Seat 1: Rasa9612 (920 in chips) 
Seat 3: Mahu2021 (580 in chips) 
Mahu2021: posts small blind 15
Rasa9612: posts big blind 30
*** HOLE CARDS ***
Dealt to Mahu2021 [Ah Tc]
Mahu2021: raises 30 to 60
Rasa9612: calls 30
*** FLOP *** [Qh 5d 7d]
Rasa9612: bets 30
Mahu2021: calls 30
*** TURN *** [Qh 5d 7d] [Kh]
Rasa9612: checks 
Mahu2021: checks 
*** RIVER *** [Qh 5d 7d Kh] [9s]
Rasa9612: checks 
Mahu2021: bets 180
Rasa9612: folds 
Uncalled bet (180) returned to Mahu2021
Mahu2021 collected 180 from pot
Mahu2021: doesn't show hand 
*** SUMMARY ***
Total pot 180 | Rake 0 
Board [Qh 5d 7d Kh 9s]
Seat 1: Rasa9612 (big blind) folded on the River
Seat 3: Mahu2021 (button) (small blind) collected (180)



PokerStars Hand #249594310998: Tournament #3732940759, $1.84+$0.16 USD Hold'em No Limit - Level II (15/30) - 2024/03/24 13:53:30 CET [2024/03/24 8:53:30 ET]
Table '3732940759 1' 3-max Seat #1 is the button
Seat 1: Rasa9612 (830 in chips) 
Seat 3: Mahu2021 (670 in chips) 
Rasa9612: posts small blind 15
Mahu2021: posts big blind 30
*** HOLE CARDS ***
Dealt to Mahu2021 [2h 6c]
Rasa9612: raises 30 to 60
Mahu2021: folds 
Uncalled bet (30) returned to Rasa9612
Rasa9612 collected 60 from pot
*** SUMMARY ***
Total pot 60 | Rake 0 
Seat 1: Rasa9612 (button) (small blind) collected (60)
Seat 3: Mahu2021 (big blind) folded before Flop



PokerStars Hand #249594311933: Tournament #3732940759, $1.84+$0.16 USD Hold'em No Limit - Level II (15/30) - 2024/03/24 13:53:35 CET [2024/03/24 8:53:35 ET]
Table '3732940759 1' 3-max Seat #3 is the button
Seat 1: Rasa9612 (860 in chips) 
Seat 3: Mahu2021 (640 in chips) 
Mahu2021: posts small blind 15
Rasa9612: posts big blind 30
*** HOLE CARDS ***
Dealt to Mahu2021 [7h 2c]
Mahu2021: folds 
Uncalled bet (15) returned to Rasa9612
Rasa9612 collected 30 from pot
*** SUMMARY ***
Total pot 30 | Rake 0 
Seat 1: Rasa9612 (big blind) collected (30)
Seat 3: Mahu2021 (button) (small blind) folded before Flop



PokerStars Hand #249594312804: Tournament #3732940759, $1.84+$0.16 USD Hold'em No Limit - Level II (15/30) - 2024/03/24 13:53:39 CET [2024/03/24 8:53:39 ET]
Table '3732940759 1' 3-max Seat #1 is the button
Seat 1: Rasa9612 (875 in chips) 
Seat 3: Mahu2021 (625 in chips) 
Rasa9612: posts small blind 15
Mahu2021: posts big blind 30
*** HOLE CARDS ***
Dealt to Mahu2021 [Qh Ad]
Rasa9612: raises 30 to 60
Mahu2021: raises 565 to 625 and is all-in
Rasa9612: calls 565
*** FLOP *** [Qd Js Th]
*** TURN *** [Qd Js Th] [3c]
*** RIVER *** [Qd Js Th 3c] [4c]
*** SHOW DOWN ***
Mahu2021: shows [Qh Ad] (a pair of Queens)
Rasa9612: shows [8c 8s] (a pair of Eights)
Mahu2021 collected 1250 from pot
*** SUMMARY ***
Total pot 1250 | Rake 0 
Board [Qd Js Th 3c 4c]
Seat 1: Rasa9612 (button) (small blind) showed [8c 8s] and lost with a pair of Eights
Seat 3: Mahu2021 (big blind) showed [Qh Ad] and won (1250) with a pair of Queens



PokerStars Hand #249594315612: Tournament #3732940759, $1.84+$0.16 USD Hold'em No Limit - Level II (15/30) - 2024/03/24 13:53:54 CET [2024/03/24 8:53:54 ET]
Table '3732940759 1' 3-max Seat #3 is the button
Seat 1: Rasa9612 (250 in chips) 
Seat 3: Mahu2021 (1250 in chips) 
Mahu2021: posts small blind 15
Rasa9612: posts big blind 30
*** HOLE CARDS ***
Dealt to Mahu2021 [2h 9s]
Mahu2021: folds 
Uncalled bet (15) returned to Rasa9612
Rasa9612 collected 30 from pot
*** SUMMARY ***
Total pot 30 | Rake 0 
Seat 1: Rasa9612 (big blind) collected (30)
Seat 3: Mahu2021 (button) (small blind) folded before Flop



PokerStars Hand #249594316427: Tournament #3732940759, $1.84+$0.16 USD Hold'em No Limit - Level II (15/30) - 2024/03/24 13:53:58 CET [2024/03/24 8:53:58 ET]
Table '3732940759 1' 3-max Seat #1 is the button
Seat 1: Rasa9612 (265 in chips) 
Seat 3: Mahu2021 (1235 in chips) 
Rasa9612: posts small blind 15
Mahu2021: posts big blind 30
*** HOLE CARDS ***
Dealt to Mahu2021 [8s 5h]
Rasa9612: calls 15
Mahu2021: checks 
*** FLOP *** [Kh Qs 4h]
Mahu2021: checks 
Rasa9612: checks 
*** TURN *** [Kh Qs 4h] [Tc]
Mahu2021: checks 
Rasa9612: checks 
*** RIVER *** [Kh Qs 4h Tc] [Ad]
Mahu2021: bets 30
Rasa9612: folds 
Uncalled bet (30) returned to Mahu2021
Mahu2021 collected 60 from pot
Mahu2021: doesn't show hand 
*** SUMMARY ***
Total pot 60 | Rake 0 
Board [Kh Qs 4h Tc Ad]
Seat 1: Rasa9612 (button) (small blind) folded on the River
Seat 3: Mahu2021 (big blind) collected (60)



PokerStars Hand #249594319755: Tournament #3732940759, $1.84+$0.16 USD Hold'em No Limit - Level II (15/30) - 2024/03/24 13:54:15 CET [2024/03/24 8:54:15 ET]
Table '3732940759 1' 3-max Seat #3 is the button
Seat 1: Rasa9612 (235 in chips) 
Seat 3: Mahu2021 (1265 in chips) 
Mahu2021: posts small blind 15
Rasa9612: posts big blind 30
*** HOLE CARDS ***
Dealt to Mahu2021 [Td Kd]
Mahu2021: raises 30 to 60
Rasa9612: calls 30
*** FLOP *** [Jd 8h Th]
Rasa9612: bets 175 and is all-in
Mahu2021: calls 175
*** TURN *** [Jd 8h Th] [8d]
*** RIVER *** [Jd 8h Th 8d] [2s]
*** SHOW DOWN ***
Rasa9612: shows [Jc 7d] (two pair, Jacks and Eights)
Mahu2021: shows [Td Kd] (two pair, Tens and Eights)
Rasa9612 collected 470 from pot
*** SUMMARY ***
Total pot 470 | Rake 0 
Board [Jd 8h Th 8d 2s]
Seat 1: Rasa9612 (big blind) showed [Jc 7d] and won (470) with two pair, Jacks and Eights
Seat 3: Mahu2021 (button) (small blind) showed [Td Kd] and lost with two pair, Tens and Eights



PokerStars Hand #249594322587: Tournament #3732940759, $1.84+$0.16 USD Hold'em No Limit - Level II (15/30) - 2024/03/24 13:54:29 CET [2024/03/24 8:54:29 ET]
Table '3732940759 1' 3-max Seat #1 is the button
Seat 1: Rasa9612 (470 in chips) 
Seat 3: Mahu2021 (1030 in chips) 
Rasa9612: posts small blind 15
Mahu2021: posts big blind 30
*** HOLE CARDS ***
Dealt to Mahu2021 [5d Jh]
Rasa9612: calls 15
Mahu2021: checks 
*** FLOP *** [2c 4h Qd]
Mahu2021: checks 
Rasa9612: bets 30
Mahu2021: folds 
Uncalled bet (30) returned to Rasa9612
Rasa9612 collected 60 from pot
*** SUMMARY ***
Total pot 60 | Rake 0 
Board [2c 4h Qd]
Seat 1: Rasa9612 (button) (small blind) collected (60)
Seat 3: Mahu2021 (big blind) folded on the Flop



PokerStars Hand #249594324410: Tournament #3732940759, $1.84+$0.16 USD Hold'em No Limit - Level II (15/30) - 2024/03/24 13:54:38 CET [2024/03/24 8:54:38 ET]
Table '3732940759 1' 3-max Seat #3 is the button
Seat 1: Rasa9612 (500 in chips) 
Seat 3: Mahu2021 (1000 in chips) 
Mahu2021: posts small blind 15
Rasa9612: posts big blind 30
*** HOLE CARDS ***
Dealt to Mahu2021 [4h Ah]
Mahu2021: raises 30 to 60
Rasa9612: calls 30
*** FLOP *** [Qh 2d 7c]
Rasa9612: checks 
Mahu2021: checks 
*** TURN *** [Qh 2d 7c] [Kd]
Rasa9612: bets 30
Mahu2021: calls 30
*** RIVER *** [Qh 2d 7c Kd] [Jd]
Rasa9612: bets 120
Mahu2021: folds 
Uncalled bet (120) returned to Rasa9612
Rasa9612 collected 180 from pot
*** SUMMARY ***
Total pot 180 | Rake 0 
Board [Qh 2d 7c Kd Jd]
Seat 1: Rasa9612 (big blind) collected (180)
Seat 3: Mahu2021 (button) (small blind) folded on the River



PokerStars Hand #249594327683: Tournament #3732940759, $1.84+$0.16 USD Hold'em No Limit - Level II (15/30) - 2024/03/24 13:54:55 CET [2024/03/24 8:54:55 ET]
Table '3732940759 1' 3-max Seat #1 is the button
Seat 1: Rasa9612 (590 in chips) 
Seat 3: Mahu2021 (910 in chips) 
Rasa9612: posts small blind 15
Mahu2021: posts big blind 30
*** HOLE CARDS ***
Dealt to Mahu2021 [5h 6h]
Rasa9612: calls 15
Mahu2021: checks 
*** FLOP *** [6d 3s 4c]
Mahu2021: bets 60
Rasa9612: calls 60
*** TURN *** [6d 3s 4c] [Ts]
Mahu2021: bets 60
Rasa9612: raises 60 to 120
Mahu2021: raises 700 to 820 and is all-in
Rasa9612: calls 380 and is all-in
Uncalled bet (320) returned to Mahu2021
*** RIVER *** [6d 3s 4c Ts] [7h]
*** SHOW DOWN ***
Mahu2021: shows [5h 6h] (a straight, Three to Seven)
Rasa9612: shows [Ks 7d] (a pair of Sevens)
Mahu2021 collected 1180 from pot
Rasa9612 finished the tournament in 2nd place
Mahu2021 wins the tournament and receives $6.00 - congratulations!
*** SUMMARY ***
Total pot 1180 | Rake 0 
Board [6d 3s 4c Ts 7h]
Seat 1: Rasa9612 (button) (small blind) showed [Ks 7d] and lost with a pair of Sevens
Seat 3: Mahu2021 (big blind) showed [5h 6h] and won (1180) with a straight, Three to Seven



