PokerStars Hand #242833994610: Tournament #3571063257, $0.92+$0.08 USD Hold'em No Limit - Level I (10/20) - 2023/04/02 11:00:01 CET [2023/04/02 5:00:01 ET]
Table '3571063257 1' 3-max Seat #1 is the button
Seat 1: Mahu2021 (500 in chips) 
Seat 2: Brairabbit (500 in chips) 
Seat 3: Kalli41 (500 in chips) 
Brairabbit: posts small blind 10
Kalli41: posts big blind 20
*** HOLE CARDS ***
Dealt to Mahu2021 [7d Js]
Mahu2021: folds 
Brairabbit: raises 480 to 500 and is all-in
Kalli41: folds 
Uncalled bet (480) returned to Brairabbit
Brairabbit collected 40 from pot
*** SUMMARY ***
Total pot 40 | Rake 0 
Seat 1: Mahu2021 (button) folded before Flop (didn't bet)
Seat 2: Brairabbit (small blind) collected (40)
Seat 3: Kalli41 (big blind) folded before Flop



PokerStars Hand #242833995934: Tournament #3571063257, $0.92+$0.08 USD Hold'em No Limit - Level I (10/20) - 2023/04/02 11:00:10 CET [2023/04/02 5:00:10 ET]
Table '3571063257 1' 3-max Seat #2 is the button
Seat 1: Mahu2021 (500 in chips) 
Seat 2: Brairabbit (520 in chips) 
Seat 3: Kalli41 (480 in chips) 
Kalli41: posts small blind 10
Mahu2021: posts big blind 20
*** HOLE CARDS ***
Dealt to Mahu2021 [3s 9h]
Brairabbit: raises 500 to 520 and is all-in
Kalli41: calls 470 and is all-in
Mahu2021: folds 
Uncalled bet (40) returned to Brairabbit
*** FLOP *** [7h 3d Jh]
*** TURN *** [7h 3d Jh] [Th]
*** RIVER *** [7h 3d Jh Th] [2d]
*** SHOW DOWN ***
Kalli41: shows [As 4h] (high card Ace)
Brairabbit: shows [Ac 4s] (high card Ace)
Kalli41 collected 490 from pot
Brairabbit collected 490 from pot
*** SUMMARY ***
Total pot 980 | Rake 0 
Board [7h 3d Jh Th 2d]
Seat 1: Mahu2021 (big blind) folded before Flop
Seat 2: Brairabbit (button) showed [Ac 4s] and won (490) with high card Ace
Seat 3: Kalli41 (small blind) showed [As 4h] and won (490) with high card Ace



PokerStars Hand #242833998142: Tournament #3571063257, $0.92+$0.08 USD Hold'em No Limit - Level I (10/20) - 2023/04/02 11:00:26 CET [2023/04/02 5:00:26 ET]
Table '3571063257 1' 3-max Seat #3 is the button
Seat 1: Mahu2021 (480 in chips) 
Seat 2: Brairabbit (530 in chips) 
Seat 3: Kalli41 (490 in chips) 
Mahu2021: posts small blind 10
Brairabbit: posts big blind 20
*** HOLE CARDS ***
Dealt to Mahu2021 [Qc 9h]
Kalli41: folds 
Mahu2021: folds 
Uncalled bet (10) returned to Brairabbit
Brairabbit collected 20 from pot
*** SUMMARY ***
Total pot 20 | Rake 0 
Seat 1: Mahu2021 (small blind) folded before Flop
Seat 2: Brairabbit (big blind) collected (20)
Seat 3: Kalli41 (button) folded before Flop (didn't bet)



PokerStars Hand #242833999183: Tournament #3571063257, $0.92+$0.08 USD Hold'em No Limit - Level I (10/20) - 2023/04/02 11:00:33 CET [2023/04/02 5:00:33 ET]
Table '3571063257 1' 3-max Seat #1 is the button
Seat 1: Mahu2021 (470 in chips) 
Seat 2: Brairabbit (540 in chips) 
Seat 3: Kalli41 (490 in chips) 
Brairabbit: posts small blind 10
Kalli41: posts big blind 20
*** HOLE CARDS ***
Dealt to Mahu2021 [Tc Ts]
Mahu2021: raises 450 to 470 and is all-in
Brairabbit: folds 
Kalli41: folds 
Uncalled bet (450) returned to Mahu2021
Mahu2021 collected 50 from pot
Mahu2021: doesn't show hand 
*** SUMMARY ***
Total pot 50 | Rake 0 
Seat 1: Mahu2021 (button) collected (50)
Seat 2: Brairabbit (small blind) folded before Flop
Seat 3: Kalli41 (big blind) folded before Flop



PokerStars Hand #242834000500: Tournament #3571063257, $0.92+$0.08 USD Hold'em No Limit - Level I (10/20) - 2023/04/02 11:00:43 CET [2023/04/02 5:00:43 ET]
Table '3571063257 1' 3-max Seat #2 is the button
Seat 1: Mahu2021 (500 in chips) 
Seat 2: Brairabbit (530 in chips) 
Seat 3: Kalli41 (470 in chips) 
Kalli41: posts small blind 10
Mahu2021: posts big blind 20
*** HOLE CARDS ***
Dealt to Mahu2021 [Kd 7s]
Brairabbit: calls 20
Kalli41: folds 
Mahu2021: checks 
*** FLOP *** [4s Ad 8d]
Mahu2021: checks 
Brairabbit: bets 50
Mahu2021: folds 
Uncalled bet (50) returned to Brairabbit
Brairabbit collected 50 from pot
*** SUMMARY ***
Total pot 50 | Rake 0 
Board [4s Ad 8d]
Seat 1: Mahu2021 (big blind) folded on the Flop
Seat 2: Brairabbit (button) collected (50)
Seat 3: Kalli41 (small blind) folded before Flop



PokerStars Hand #242834002621: Tournament #3571063257, $0.92+$0.08 USD Hold'em No Limit - Level I (10/20) - 2023/04/02 11:00:57 CET [2023/04/02 5:00:57 ET]
Table '3571063257 1' 3-max Seat #3 is the button
Seat 1: Mahu2021 (480 in chips) 
Seat 2: Brairabbit (560 in chips) 
Seat 3: Kalli41 (460 in chips) 
Mahu2021: posts small blind 10
Brairabbit: posts big blind 20
*** HOLE CARDS ***
Dealt to Mahu2021 [8h 3d]
Kalli41: calls 20
Mahu2021: folds 
Brairabbit: raises 50 to 70
Kalli41: calls 50
*** FLOP *** [2d 6d 2s]
Brairabbit: bets 210
Kalli41: folds 
Uncalled bet (210) returned to Brairabbit
Brairabbit collected 150 from pot
*** SUMMARY ***
Total pot 150 | Rake 0 
Board [2d 6d 2s]
Seat 1: Mahu2021 (small blind) folded before Flop
Seat 2: Brairabbit (big blind) collected (150)
Seat 3: Kalli41 (button) folded on the Flop



PokerStars Hand #242834005836: Tournament #3571063257, $0.92+$0.08 USD Hold'em No Limit - Level I (10/20) - 2023/04/02 11:01:17 CET [2023/04/02 5:01:17 ET]
Table '3571063257 1' 3-max Seat #1 is the button
Seat 1: Mahu2021 (470 in chips) 
Seat 2: Brairabbit (640 in chips) 
Seat 3: Kalli41 (390 in chips) 
Brairabbit: posts small blind 10
Kalli41: posts big blind 20
*** HOLE CARDS ***
Dealt to Mahu2021 [8h 9c]
Mahu2021: folds 
Brairabbit: folds 
Uncalled bet (10) returned to Kalli41
Kalli41 collected 20 from pot
Kalli41: doesn't show hand 
*** SUMMARY ***
Total pot 20 | Rake 0 
Seat 1: Mahu2021 (button) folded before Flop (didn't bet)
Seat 2: Brairabbit (small blind) folded before Flop
Seat 3: Kalli41 (big blind) collected (20)



PokerStars Hand #242834006601: Tournament #3571063257, $0.92+$0.08 USD Hold'em No Limit - Level I (10/20) - 2023/04/02 11:01:22 CET [2023/04/02 5:01:22 ET]
Table '3571063257 1' 3-max Seat #2 is the button
Seat 1: Mahu2021 (470 in chips) 
Seat 2: Brairabbit (630 in chips) 
Seat 3: Kalli41 (400 in chips) 
Kalli41: posts small blind 10
Mahu2021: posts big blind 20
*** HOLE CARDS ***
Dealt to Mahu2021 [2d 2h]
Brairabbit: calls 20
Kalli41: calls 10
Mahu2021: checks 
*** FLOP *** [5h 8h 9c]
Kalli41: bets 100
Mahu2021: folds 
Brairabbit: calls 100
*** TURN *** [5h 8h 9c] [6d]
Kalli41: bets 100
Brairabbit: calls 100
*** RIVER *** [5h 8h 9c 6d] [2c]
Kalli41: bets 180 and is all-in
Brairabbit: calls 180
*** SHOW DOWN ***
Kalli41: shows [7s Kh] (a straight, Five to Nine)
Brairabbit: shows [8c Jd] (a pair of Eights)
Kalli41 collected 820 from pot
*** SUMMARY ***
Total pot 820 | Rake 0 
Board [5h 8h 9c 6d 2c]
Seat 1: Mahu2021 (big blind) folded on the Flop
Seat 2: Brairabbit (button) showed [8c Jd] and lost with a pair of Eights
Seat 3: Kalli41 (small blind) showed [7s Kh] and won (820) with a straight, Five to Nine



PokerStars Hand #242834011613: Tournament #3571063257, $0.92+$0.08 USD Hold'em No Limit - Level I (10/20) - 2023/04/02 11:01:56 CET [2023/04/02 5:01:56 ET]
Table '3571063257 1' 3-max Seat #3 is the button
Seat 1: Mahu2021 (450 in chips) 
Seat 2: Brairabbit (230 in chips) 
Seat 3: Kalli41 (820 in chips) 
Mahu2021: posts small blind 10
Brairabbit: posts big blind 20
*** HOLE CARDS ***
Dealt to Mahu2021 [8c 5d]
Kalli41: calls 20
Mahu2021: folds 
Brairabbit: checks 
*** FLOP *** [8h 8s Qc]
Brairabbit: bets 210 and is all-in
Kalli41: calls 210
*** TURN *** [8h 8s Qc] [Qs]
*** RIVER *** [8h 8s Qc Qs] [4c]
*** SHOW DOWN ***
Brairabbit: shows [Tc 6d] (two pair, Queens and Eights)
Kalli41: shows [3d Qd] (a full house, Queens full of Eights)
Kalli41 collected 470 from pot
Brairabbit finished the tournament in 3rd place
*** SUMMARY ***
Total pot 470 | Rake 0 
Board [8h 8s Qc Qs 4c]
Seat 1: Mahu2021 (small blind) folded before Flop
Seat 2: Brairabbit (big blind) showed [Tc 6d] and lost with two pair, Queens and Eights
Seat 3: Kalli41 (button) showed [3d Qd] and won (470) with a full house, Queens full of Eights



PokerStars Hand #242834014888: Tournament #3571063257, $0.92+$0.08 USD Hold'em No Limit - Level I (10/20) - 2023/04/02 11:02:16 CET [2023/04/02 5:02:16 ET]
Table '3571063257 1' 3-max Seat #1 is the button
Seat 1: Mahu2021 (440 in chips) 
Seat 3: Kalli41 (1060 in chips) 
Mahu2021: posts small blind 10
Kalli41: posts big blind 20
*** HOLE CARDS ***
Dealt to Mahu2021 [3c 5d]
Mahu2021: folds 
Uncalled bet (10) returned to Kalli41
Kalli41 collected 20 from pot
Kalli41: doesn't show hand 
*** SUMMARY ***
Total pot 20 | Rake 0 
Seat 1: Mahu2021 (button) (small blind) folded before Flop
Seat 3: Kalli41 (big blind) collected (20)



PokerStars Hand #242834015535: Tournament #3571063257, $0.92+$0.08 USD Hold'em No Limit - Level I (10/20) - 2023/04/02 11:02:20 CET [2023/04/02 5:02:20 ET]
Table '3571063257 1' 3-max Seat #3 is the button
Seat 1: Mahu2021 (430 in chips) 
Seat 3: Kalli41 (1070 in chips) 
Kalli41: posts small blind 10
Mahu2021: posts big blind 20
*** HOLE CARDS ***
Dealt to Mahu2021 [Jh 2s]
Kalli41: calls 10
Mahu2021: checks 
*** FLOP *** [5s 8s Kd]
Mahu2021: checks 
Kalli41: bets 20
Mahu2021: folds 
Uncalled bet (20) returned to Kalli41
Kalli41 collected 40 from pot
Kalli41: doesn't show hand 
*** SUMMARY ***
Total pot 40 | Rake 0 
Board [5s 8s Kd]
Seat 1: Mahu2021 (big blind) folded on the Flop
Seat 3: Kalli41 (button) (small blind) collected (40)



PokerStars Hand #242834018088: Tournament #3571063257, $0.92+$0.08 USD Hold'em No Limit - Level I (10/20) - 2023/04/02 11:02:36 CET [2023/04/02 5:02:36 ET]
Table '3571063257 1' 3-max Seat #1 is the button
Seat 1: Mahu2021 (410 in chips) 
Seat 3: Kalli41 (1090 in chips) 
Mahu2021: posts small blind 10
Kalli41: posts big blind 20
*** HOLE CARDS ***
Dealt to Mahu2021 [7c 7s]
Mahu2021: raises 390 to 410 and is all-in
Kalli41: folds 
Uncalled bet (390) returned to Mahu2021
Mahu2021 collected 40 from pot
Mahu2021: doesn't show hand 
*** SUMMARY ***
Total pot 40 | Rake 0 
Seat 1: Mahu2021 (button) (small blind) collected (40)
Seat 3: Kalli41 (big blind) folded before Flop



PokerStars Hand #242834019396: Tournament #3571063257, $0.92+$0.08 USD Hold'em No Limit - Level I (10/20) - 2023/04/02 11:02:45 CET [2023/04/02 5:02:45 ET]
Table '3571063257 1' 3-max Seat #3 is the button
Seat 1: Mahu2021 (430 in chips) 
Seat 3: Kalli41 (1070 in chips) 
Kalli41: posts small blind 10
Mahu2021: posts big blind 20
*** HOLE CARDS ***
Dealt to Mahu2021 [6s Th]
Kalli41: calls 10
Mahu2021: checks 
*** FLOP *** [5h Ah 8s]
Mahu2021: checks 
Kalli41: checks 
*** TURN *** [5h Ah 8s] [Qd]
Mahu2021: checks 
Kalli41: checks 
*** RIVER *** [5h Ah 8s Qd] [4s]
Mahu2021: checks 
Kalli41: checks 
*** SHOW DOWN ***
Mahu2021: shows [6s Th] (high card Ace)
Kalli41: shows [Td Kh] (high card Ace - King kicker)
Kalli41 collected 40 from pot
*** SUMMARY ***
Total pot 40 | Rake 0 
Board [5h Ah 8s Qd 4s]
Seat 1: Mahu2021 (big blind) showed [6s Th] and lost with high card Ace
Seat 3: Kalli41 (button) (small blind) showed [Td Kh] and won (40) with high card Ace



PokerStars Hand #242834021840: Tournament #3571063257, $0.92+$0.08 USD Hold'em No Limit - Level I (10/20) - 2023/04/02 11:03:00 CET [2023/04/02 5:03:00 ET]
Table '3571063257 1' 3-max Seat #1 is the button
Seat 1: Mahu2021 (410 in chips) 
Seat 3: Kalli41 (1090 in chips) 
Mahu2021: posts small blind 10
Kalli41: posts big blind 20
*** HOLE CARDS ***
Dealt to Mahu2021 [8d 6d]
Mahu2021: calls 10
Kalli41: checks 
*** FLOP *** [7s 4h 2c]
Kalli41: bets 20
Mahu2021: calls 20
*** TURN *** [7s 4h 2c] [Jd]
Kalli41: bets 20
Mahu2021: calls 20
*** RIVER *** [7s 4h 2c Jd] [Ac]
Kalli41: bets 20
Mahu2021: folds 
Uncalled bet (20) returned to Kalli41
Kalli41 collected 120 from pot
Kalli41: doesn't show hand 
*** SUMMARY ***
Total pot 120 | Rake 0 
Board [7s 4h 2c Jd Ac]
Seat 1: Mahu2021 (button) (small blind) folded on the River
Seat 3: Kalli41 (big blind) collected (120)



PokerStars Hand #242834026469: Tournament #3571063257, $0.92+$0.08 USD Hold'em No Limit - Level II (15/30) - 2023/04/02 11:03:29 CET [2023/04/02 5:03:29 ET]
Table '3571063257 1' 3-max Seat #3 is the button
Seat 1: Mahu2021 (350 in chips) 
Seat 3: Kalli41 (1150 in chips) 
Kalli41: posts small blind 15
Mahu2021: posts big blind 30
*** HOLE CARDS ***
Dealt to Mahu2021 [Th 7s]
Kalli41: calls 15
Mahu2021: checks 
*** FLOP *** [4s 8c Ah]
Mahu2021: checks 
Kalli41: bets 30
Mahu2021: folds 
Uncalled bet (30) returned to Kalli41
Kalli41 collected 60 from pot
Kalli41: doesn't show hand 
*** SUMMARY ***
Total pot 60 | Rake 0 
Board [4s 8c Ah]
Seat 1: Mahu2021 (big blind) folded on the Flop
Seat 3: Kalli41 (button) (small blind) collected (60)



PokerStars Hand #242834028726: Tournament #3571063257, $0.92+$0.08 USD Hold'em No Limit - Level II (15/30) - 2023/04/02 11:03:43 CET [2023/04/02 5:03:43 ET]
Table '3571063257 1' 3-max Seat #1 is the button
Seat 1: Mahu2021 (320 in chips) 
Seat 3: Kalli41 (1180 in chips) 
Mahu2021: posts small blind 15
Kalli41: posts big blind 30
*** HOLE CARDS ***
Dealt to Mahu2021 [Jc Qd]
Mahu2021: calls 15
Kalli41: raises 30 to 60
Mahu2021: raises 260 to 320 and is all-in
Kalli41: calls 260
*** FLOP *** [Ts 4c 9d]
*** TURN *** [Ts 4c 9d] [Td]
*** RIVER *** [Ts 4c 9d Td] [7d]
*** SHOW DOWN ***
Kalli41: shows [Ks 2d] (a pair of Tens)
Mahu2021: shows [Jc Qd] (a pair of Tens - lower kicker)
Kalli41 collected 640 from pot
Mahu2021 finished the tournament in 2nd place
Kalli41 wins the tournament and receives $3.00 - congratulations!
*** SUMMARY ***
Total pot 640 | Rake 0 
Board [Ts 4c 9d Td 7d]
Seat 1: Mahu2021 (button) (small blind) showed [Jc Qd] and lost with a pair of Tens
Seat 3: Kalli41 (big blind) showed [Ks 2d] and won (640) with a pair of Tens



