PokerStars Hand #244072751329: Tournament #3599838866, $1.38+$0.12 USD Hold'em No Limit - Level I (10/20) - 2023/06/03 21:51:27 CET [2023/06/03 15:51:27 ET]
Table '3599838866 1' 3-max Seat #1 is the button
Seat 1: Mahu2021 (500 in chips) 
Seat 2: pash7710 (500 in chips) 
Seat 3: karazdza (500 in chips) 
pash7710: posts small blind 10
karazdza: posts big blind 20
*** HOLE CARDS ***
Dealt to Mahu2021 [2c As]
Mahu2021: folds 
pash7710: folds 
Uncalled bet (10) returned to karazdza
karazdza collected 20 from pot
*** SUMMARY ***
Total pot 20 | Rake 0 
Seat 1: Mahu2021 (button) folded before Flop (didn't bet)
Seat 2: pash7710 (small blind) folded before Flop
Seat 3: karazdza (big blind) collected (20)



PokerStars Hand #244072753564: Tournament #3599838866, $1.38+$0.12 USD Hold'em No Limit - Level I (10/20) - 2023/06/03 21:51:33 CET [2023/06/03 15:51:33 ET]
Table '3599838866 1' 3-max Seat #2 is the button
Seat 1: Mahu2021 (500 in chips) 
Seat 2: pash7710 (490 in chips) 
Seat 3: karazdza (510 in chips) 
karazdza: posts small blind 10
Mahu2021: posts big blind 20
*** HOLE CARDS ***
Dealt to Mahu2021 [5h 5s]
pash7710: folds 
karazdza: calls 10
Mahu2021: checks 
*** FLOP *** [Js Qs 3d]
karazdza: bets 20
Mahu2021: calls 20
*** TURN *** [Js Qs 3d] [2h]
karazdza: bets 20
Mahu2021: calls 20
*** RIVER *** [Js Qs 3d 2h] [Qd]
karazdza: bets 20
Mahu2021: calls 20
*** SHOW DOWN ***
karazdza: shows [As 3s] (two pair, Queens and Threes)
Mahu2021: shows [5h 5s] (two pair, Queens and Fives)
Mahu2021 collected 160 from pot
*** SUMMARY ***
Total pot 160 | Rake 0 
Board [Js Qs 3d 2h Qd]
Seat 1: Mahu2021 (big blind) showed [5h 5s] and won (160) with two pair, Queens and Fives
Seat 2: pash7710 (button) folded before Flop (didn't bet)
Seat 3: karazdza (small blind) showed [As 3s] and lost with two pair, Queens and Threes



PokerStars Hand #244072758909: Tournament #3599838866, $1.38+$0.12 USD Hold'em No Limit - Level I (10/20) - 2023/06/03 21:51:49 CET [2023/06/03 15:51:49 ET]
Table '3599838866 1' 3-max Seat #3 is the button
Seat 1: Mahu2021 (580 in chips) 
Seat 2: pash7710 (490 in chips) 
Seat 3: karazdza (430 in chips) 
Mahu2021: posts small blind 10
pash7710: posts big blind 20
*** HOLE CARDS ***
Dealt to Mahu2021 [8c 5d]
karazdza: calls 20
Mahu2021: folds 
pash7710: checks 
*** FLOP *** [Ah 4s Ac]
pash7710: bets 20
karazdza: calls 20
*** TURN *** [Ah 4s Ac] [9d]
pash7710: bets 20
karazdza: calls 20
*** RIVER *** [Ah 4s Ac 9d] [6h]
pash7710: bets 20
karazdza: raises 80 to 100
pash7710: calls 80
*** SHOW DOWN ***
karazdza: shows [Qh 4c] (two pair, Aces and Fours)
pash7710: mucks hand 
karazdza collected 330 from pot
*** SUMMARY ***
Total pot 330 | Rake 0 
Board [Ah 4s Ac 9d 6h]
Seat 1: Mahu2021 (small blind) folded before Flop
Seat 2: pash7710 (big blind) mucked [4h 5c]
Seat 3: karazdza (button) showed [Qh 4c] and won (330) with two pair, Aces and Fours



PokerStars Hand #244072766931: Tournament #3599838866, $1.38+$0.12 USD Hold'em No Limit - Level I (10/20) - 2023/06/03 21:52:13 CET [2023/06/03 15:52:13 ET]
Table '3599838866 1' 3-max Seat #1 is the button
Seat 1: Mahu2021 (570 in chips) 
Seat 2: pash7710 (330 in chips) 
Seat 3: karazdza (600 in chips) 
pash7710: posts small blind 10
karazdza: posts big blind 20
*** HOLE CARDS ***
Dealt to Mahu2021 [8c 6h]
Mahu2021: folds 
pash7710: calls 10
karazdza: raises 280 to 300
pash7710: folds 
Uncalled bet (280) returned to karazdza
karazdza collected 40 from pot
*** SUMMARY ***
Total pot 40 | Rake 0 
Seat 1: Mahu2021 (button) folded before Flop (didn't bet)
Seat 2: pash7710 (small blind) folded before Flop
Seat 3: karazdza (big blind) collected (40)



PokerStars Hand #244072775486: Tournament #3599838866, $1.38+$0.12 USD Hold'em No Limit - Level I (10/20) - 2023/06/03 21:52:38 CET [2023/06/03 15:52:38 ET]
Table '3599838866 1' 3-max Seat #2 is the button
Seat 1: Mahu2021 (570 in chips) 
Seat 2: pash7710 (310 in chips) 
Seat 3: karazdza (620 in chips) 
karazdza: posts small blind 10
Mahu2021: posts big blind 20
*** HOLE CARDS ***
Dealt to Mahu2021 [Td Tc]
pash7710: folds 
karazdza: calls 10
Mahu2021: raises 40 to 60
karazdza: folds 
Uncalled bet (40) returned to Mahu2021
Mahu2021 collected 40 from pot
Mahu2021: doesn't show hand 
*** SUMMARY ***
Total pot 40 | Rake 0 
Seat 1: Mahu2021 (big blind) collected (40)
Seat 2: pash7710 (button) folded before Flop (didn't bet)
Seat 3: karazdza (small blind) folded before Flop



PokerStars Hand #244072778773: Tournament #3599838866, $1.38+$0.12 USD Hold'em No Limit - Level I (10/20) - 2023/06/03 21:52:48 CET [2023/06/03 15:52:48 ET]
Table '3599838866 1' 3-max Seat #3 is the button
Seat 1: Mahu2021 (590 in chips) 
Seat 2: pash7710 (310 in chips) 
Seat 3: karazdza (600 in chips) 
Mahu2021: posts small blind 10
pash7710: posts big blind 20
*** HOLE CARDS ***
Dealt to Mahu2021 [Jd Kh]
karazdza: folds 
Mahu2021: calls 10
pash7710: checks 
*** FLOP *** [Qs Qh 5s]
Mahu2021: checks 
pash7710: checks 
*** TURN *** [Qs Qh 5s] [8s]
Mahu2021: checks 
pash7710: bets 20
Mahu2021: folds 
Uncalled bet (20) returned to pash7710
pash7710 collected 40 from pot
pash7710: doesn't show hand 
*** SUMMARY ***
Total pot 40 | Rake 0 
Board [Qs Qh 5s 8s]
Seat 1: Mahu2021 (small blind) folded on the Turn
Seat 2: pash7710 (big blind) collected (40)
Seat 3: karazdza (button) folded before Flop (didn't bet)



PokerStars Hand #244072782893: Tournament #3599838866, $1.38+$0.12 USD Hold'em No Limit - Level I (10/20) - 2023/06/03 21:53:01 CET [2023/06/03 15:53:01 ET]
Table '3599838866 1' 3-max Seat #1 is the button
Seat 1: Mahu2021 (570 in chips) 
Seat 2: pash7710 (330 in chips) 
Seat 3: karazdza (600 in chips) 
pash7710: posts small blind 10
karazdza: posts big blind 20
*** HOLE CARDS ***
Dealt to Mahu2021 [3d 5s]
Mahu2021: folds 
pash7710: raises 310 to 330 and is all-in
karazdza: calls 310
*** FLOP *** [Ts 3h As]
*** TURN *** [Ts 3h As] [Tc]
*** RIVER *** [Ts 3h As Tc] [2h]
*** SHOW DOWN ***
pash7710: shows [4c Ah] (two pair, Aces and Tens)
karazdza: shows [3c Ac] (two pair, Aces and Tens - lower kicker)
pash7710 collected 660 from pot
*** SUMMARY ***
Total pot 660 | Rake 0 
Board [Ts 3h As Tc 2h]
Seat 1: Mahu2021 (button) folded before Flop (didn't bet)
Seat 2: pash7710 (small blind) showed [4c Ah] and won (660) with two pair, Aces and Tens
Seat 3: karazdza (big blind) showed [3c Ac] and lost with two pair, Aces and Tens



PokerStars Hand #244072788176: Tournament #3599838866, $1.38+$0.12 USD Hold'em No Limit - Level I (10/20) - 2023/06/03 21:53:16 CET [2023/06/03 15:53:16 ET]
Table '3599838866 1' 3-max Seat #2 is the button
Seat 1: Mahu2021 (570 in chips) 
Seat 2: pash7710 (660 in chips) 
Seat 3: karazdza (270 in chips) 
karazdza: posts small blind 10
Mahu2021: posts big blind 20
*** HOLE CARDS ***
Dealt to Mahu2021 [9d 9c]
pash7710: raises 40 to 60
karazdza: raises 40 to 100
Mahu2021: raises 470 to 570 and is all-in
pash7710: raises 90 to 660 and is all-in
karazdza: calls 170 and is all-in
Uncalled bet (90) returned to pash7710
*** FLOP *** [Kh 5s 7c]
*** TURN *** [Kh 5s 7c] [2s]
*** RIVER *** [Kh 5s 7c 2s] [Qh]
*** SHOW DOWN ***
Mahu2021: shows [9d 9c] (a pair of Nines)
pash7710: shows [Js Jh] (a pair of Jacks)
pash7710 collected 600 from side pot
karazdza: shows [6d As] (high card Ace)
pash7710 collected 810 from main pot
Mahu2021 finished the tournament in 2nd place
karazdza finished the tournament in 3rd place
pash7710 wins the tournament and receives $3.00 - congratulations!
*** SUMMARY ***
Total pot 1410 Main pot 810. Side pot 600. | Rake 0 
Board [Kh 5s 7c 2s Qh]
Seat 1: Mahu2021 (big blind) showed [9d 9c] and lost with a pair of Nines
Seat 2: pash7710 (button) showed [Js Jh] and won (1410) with a pair of Jacks
Seat 3: karazdza (small blind) showed [6d As] and lost with high card Ace



