PokerStars Hand #251252081674: Tournament #3772394986, $1.84+$0.16 USD Hold'em No Limit - Level I (10/20) - 2024/06/29 20:48:41 CET [2024/06/29 14:48:41 ET]
Table '3772394986 1' 3-max Seat #1 is the button
Seat 1: Mahu2021 (500 in chips) 
Seat 2: kierandrea (500 in chips) 
Seat 3: brucee860 (500 in chips) 
kierandrea: posts small blind 10
brucee860: posts big blind 20
*** HOLE CARDS ***
Dealt to Mahu2021 [Qh Kc]
Mahu2021: raises 20 to 40
kierandrea: calls 30
brucee860: calls 20
*** FLOP *** [Tc Jd 8h]
kierandrea: checks 
brucee860: checks 
Mahu2021: checks 
*** TURN *** [Tc Jd 8h] [7c]
kierandrea: bets 20
brucee860: folds 
Mahu2021: calls 20
*** RIVER *** [Tc Jd 8h 7c] [Ac]
kierandrea: bets 80
Mahu2021: raises 100 to 180
kierandrea: calls 100
*** SHOW DOWN ***
Mahu2021: shows [Qh Kc] (a straight, Ten to Ace)
kierandrea: mucks hand 
Mahu2021 collected 520 from pot
*** SUMMARY ***
Total pot 520 | Rake 0 
Board [Tc Jd 8h 7c Ac]
Seat 1: Mahu2021 (button) showed [Qh Kc] and won (520) with a straight, Ten to Ace
Seat 2: kierandrea (small blind) mucked [7h Ad]
Seat 3: brucee860 (big blind) folded on the Turn



PokerStars Hand #251252091939: Tournament #3772394986, $1.84+$0.16 USD Hold'em No Limit - Level I (10/20) - 2024/06/29 20:49:22 CET [2024/06/29 14:49:22 ET]
Table '3772394986 1' 3-max Seat #2 is the button
Seat 1: Mahu2021 (780 in chips) 
Seat 2: kierandrea (260 in chips) 
Seat 3: brucee860 (460 in chips) 
brucee860: posts small blind 10
Mahu2021: posts big blind 20
*** HOLE CARDS ***
Dealt to Mahu2021 [Qc 5s]
kierandrea: calls 20
brucee860: calls 10
Mahu2021: checks 
*** FLOP *** [7d 8c 2d]
brucee860: checks 
Mahu2021: checks 
kierandrea: bets 40
brucee860: folds 
Mahu2021: folds 
Uncalled bet (40) returned to kierandrea
kierandrea collected 60 from pot
*** SUMMARY ***
Total pot 60 | Rake 0 
Board [7d 8c 2d]
Seat 1: Mahu2021 (big blind) folded on the Flop
Seat 2: kierandrea (button) collected (60)
Seat 3: brucee860 (small blind) folded on the Flop



PokerStars Hand #251252097001: Tournament #3772394986, $1.84+$0.16 USD Hold'em No Limit - Level I (10/20) - 2024/06/29 20:49:43 CET [2024/06/29 14:49:43 ET]
Table '3772394986 1' 3-max Seat #3 is the button
Seat 1: Mahu2021 (760 in chips) 
Seat 2: kierandrea (300 in chips) 
Seat 3: brucee860 (440 in chips) 
Mahu2021: posts small blind 10
kierandrea: posts big blind 20
*** HOLE CARDS ***
Dealt to Mahu2021 [2d 7h]
brucee860: raises 40 to 60
Mahu2021: folds 
kierandrea: folds 
Uncalled bet (40) returned to brucee860
brucee860 collected 50 from pot
*** SUMMARY ***
Total pot 50 | Rake 0 
Seat 1: Mahu2021 (small blind) folded before Flop
Seat 2: kierandrea (big blind) folded before Flop
Seat 3: brucee860 (button) collected (50)



PokerStars Hand #251252099224: Tournament #3772394986, $1.84+$0.16 USD Hold'em No Limit - Level I (10/20) - 2024/06/29 20:49:52 CET [2024/06/29 14:49:52 ET]
Table '3772394986 1' 3-max Seat #1 is the button
Seat 1: Mahu2021 (750 in chips) 
Seat 2: kierandrea (280 in chips) 
Seat 3: brucee860 (470 in chips) 
kierandrea: posts small blind 10
brucee860: posts big blind 20
*** HOLE CARDS ***
Dealt to Mahu2021 [Qd 9h]
Mahu2021: folds 
kierandrea: raises 20 to 40
brucee860: raises 20 to 60
kierandrea: calls 20
*** FLOP *** [4d 5c Ac]
kierandrea: bets 60
brucee860: folds 
Uncalled bet (60) returned to kierandrea
kierandrea collected 120 from pot
*** SUMMARY ***
Total pot 120 | Rake 0 
Board [4d 5c Ac]
Seat 1: Mahu2021 (button) folded before Flop (didn't bet)
Seat 2: kierandrea (small blind) collected (120)
Seat 3: brucee860 (big blind) folded on the Flop



PokerStars Hand #251252106235: Tournament #3772394986, $1.84+$0.16 USD Hold'em No Limit - Level I (10/20) - 2024/06/29 20:50:20 CET [2024/06/29 14:50:20 ET]
Table '3772394986 1' 3-max Seat #2 is the button
Seat 1: Mahu2021 (750 in chips) 
Seat 2: kierandrea (340 in chips) 
Seat 3: brucee860 (410 in chips) 
brucee860: posts small blind 10
Mahu2021: posts big blind 20
*** HOLE CARDS ***
Dealt to Mahu2021 [9d 7s]
kierandrea: calls 20
brucee860: calls 10
Mahu2021: checks 
*** FLOP *** [Js Kh Ad]
brucee860: checks 
Mahu2021: checks 
kierandrea: checks 
*** TURN *** [Js Kh Ad] [Ac]
brucee860: checks 
Mahu2021: checks 
kierandrea: checks 
*** RIVER *** [Js Kh Ad Ac] [Qd]
brucee860: checks 
Mahu2021: checks 
kierandrea: bets 20
brucee860: folds 
Mahu2021: folds 
Uncalled bet (20) returned to kierandrea
kierandrea collected 60 from pot
*** SUMMARY ***
Total pot 60 | Rake 0 
Board [Js Kh Ad Ac Qd]
Seat 1: Mahu2021 (big blind) folded on the River
Seat 2: kierandrea (button) collected (60)
Seat 3: brucee860 (small blind) folded on the River



PokerStars Hand #251252115239: Tournament #3772394986, $1.84+$0.16 USD Hold'em No Limit - Level II (15/30) - 2024/06/29 20:50:56 CET [2024/06/29 14:50:56 ET]
Table '3772394986 1' 3-max Seat #3 is the button
Seat 1: Mahu2021 (730 in chips) 
Seat 2: kierandrea (380 in chips) 
Seat 3: brucee860 (390 in chips) 
Mahu2021: posts small blind 15
kierandrea: posts big blind 30
*** HOLE CARDS ***
Dealt to Mahu2021 [6c Td]
brucee860: calls 30
Mahu2021: folds 
kierandrea: checks 
*** FLOP *** [6s 6h 3s]
kierandrea: checks 
brucee860: checks 
*** TURN *** [6s 6h 3s] [Ad]
kierandrea: checks 
brucee860: checks 
*** RIVER *** [6s 6h 3s Ad] [8h]
kierandrea: checks 
brucee860: checks 
*** SHOW DOWN ***
kierandrea: shows [4s 7d] (a pair of Sixes)
brucee860: shows [Jc 4c] (a pair of Sixes - Ace+Jack kicker)
brucee860 collected 75 from pot
*** SUMMARY ***
Total pot 75 | Rake 0 
Board [6s 6h 3s Ad 8h]
Seat 1: Mahu2021 (small blind) folded before Flop
Seat 2: kierandrea (big blind) showed [4s 7d] and lost with a pair of Sixes
Seat 3: brucee860 (button) showed [Jc 4c] and won (75) with a pair of Sixes



PokerStars Hand #251252128373: Tournament #3772394986, $1.84+$0.16 USD Hold'em No Limit - Level II (15/30) - 2024/06/29 20:51:50 CET [2024/06/29 14:51:50 ET]
Table '3772394986 1' 3-max Seat #1 is the button
Seat 1: Mahu2021 (715 in chips) 
Seat 2: kierandrea (350 in chips) 
Seat 3: brucee860 (435 in chips) 
kierandrea: posts small blind 15
brucee860: posts big blind 30
*** HOLE CARDS ***
Dealt to Mahu2021 [6h 9s]
Mahu2021: folds 
kierandrea: calls 15
brucee860: checks 
*** FLOP *** [5h Ts Ad]
kierandrea: checks 
brucee860: checks 
*** TURN *** [5h Ts Ad] [3d]
kierandrea: bets 30
brucee860: folds 
Uncalled bet (30) returned to kierandrea
kierandrea collected 60 from pot
*** SUMMARY ***
Total pot 60 | Rake 0 
Board [5h Ts Ad 3d]
Seat 1: Mahu2021 (button) folded before Flop (didn't bet)
Seat 2: kierandrea (small blind) collected (60)
Seat 3: brucee860 (big blind) folded on the Turn



PokerStars Hand #251252132850: Tournament #3772394986, $1.84+$0.16 USD Hold'em No Limit - Level II (15/30) - 2024/06/29 20:52:08 CET [2024/06/29 14:52:08 ET]
Table '3772394986 1' 3-max Seat #2 is the button
Seat 1: Mahu2021 (715 in chips) 
Seat 2: kierandrea (380 in chips) 
Seat 3: brucee860 (405 in chips) 
brucee860: posts small blind 15
Mahu2021: posts big blind 30
*** HOLE CARDS ***
Dealt to Mahu2021 [3d Kh]
kierandrea: raises 30 to 60
brucee860: raises 60 to 120
Mahu2021: folds 
kierandrea: folds 
Uncalled bet (60) returned to brucee860
brucee860 collected 150 from pot
*** SUMMARY ***
Total pot 150 | Rake 0 
Seat 1: Mahu2021 (big blind) folded before Flop
Seat 2: kierandrea (button) folded before Flop
Seat 3: brucee860 (small blind) collected (150)



PokerStars Hand #251252135882: Tournament #3772394986, $1.84+$0.16 USD Hold'em No Limit - Level II (15/30) - 2024/06/29 20:52:20 CET [2024/06/29 14:52:20 ET]
Table '3772394986 1' 3-max Seat #3 is the button
Seat 1: Mahu2021 (685 in chips) 
Seat 2: kierandrea (320 in chips) 
Seat 3: brucee860 (495 in chips) 
Mahu2021: posts small blind 15
kierandrea: posts big blind 30
*** HOLE CARDS ***
Dealt to Mahu2021 [6c 3h]
brucee860: calls 30
Mahu2021: folds 
kierandrea: checks 
*** FLOP *** [2d 5c 9h]
kierandrea: checks 
brucee860: checks 
*** TURN *** [2d 5c 9h] [2s]
kierandrea: checks 
brucee860: checks 
*** RIVER *** [2d 5c 9h 2s] [9s]
kierandrea: bets 30
brucee860: calls 30
*** SHOW DOWN ***
kierandrea: shows [Qh 4s] (two pair, Nines and Deuces)
brucee860: shows [7d Kc] (two pair, Nines and Deuces - King kicker)
brucee860 collected 135 from pot
*** SUMMARY ***
Total pot 135 | Rake 0 
Board [2d 5c 9h 2s 9s]
Seat 1: Mahu2021 (small blind) folded before Flop
Seat 2: kierandrea (big blind) showed [Qh 4s] and lost with two pair, Nines and Deuces
Seat 3: brucee860 (button) showed [7d Kc] and won (135) with two pair, Nines and Deuces



PokerStars Hand #251252143150: Tournament #3772394986, $1.84+$0.16 USD Hold'em No Limit - Level III (20/40) - 2024/06/29 20:52:49 CET [2024/06/29 14:52:49 ET]
Table '3772394986 1' 3-max Seat #1 is the button
Seat 1: Mahu2021 (670 in chips) 
Seat 2: kierandrea (260 in chips) 
Seat 3: brucee860 (570 in chips) 
kierandrea: posts small blind 20
brucee860: posts big blind 40
*** HOLE CARDS ***
Dealt to Mahu2021 [Jd 8d]
Mahu2021: raises 40 to 80
kierandrea: calls 60
brucee860: folds 
*** FLOP *** [4d 2s Ac]
kierandrea: checks 
Mahu2021: bets 120
kierandrea: raises 60 to 180 and is all-in
Mahu2021: folds 
Uncalled bet (60) returned to kierandrea
kierandrea collected 440 from pot
*** SUMMARY ***
Total pot 440 | Rake 0 
Board [4d 2s Ac]
Seat 1: Mahu2021 (button) folded on the Flop
Seat 2: kierandrea (small blind) collected (440)
Seat 3: brucee860 (big blind) folded before Flop



PokerStars Hand #251252147428: Tournament #3772394986, $1.84+$0.16 USD Hold'em No Limit - Level III (20/40) - 2024/06/29 20:53:06 CET [2024/06/29 14:53:06 ET]
Table '3772394986 1' 3-max Seat #2 is the button
Seat 1: Mahu2021 (470 in chips) 
Seat 2: kierandrea (500 in chips) 
Seat 3: brucee860 (530 in chips) 
brucee860: posts small blind 20
Mahu2021: posts big blind 40
*** HOLE CARDS ***
Dealt to Mahu2021 [Th Jc]
kierandrea: calls 40
brucee860: raises 40 to 80
Mahu2021: calls 40
kierandrea: calls 40
*** FLOP *** [6c 5c 8h]
brucee860: bets 40
Mahu2021: folds 
kierandrea: calls 40
*** TURN *** [6c 5c 8h] [9s]
brucee860: checks 
kierandrea: bets 80
brucee860: calls 80
*** RIVER *** [6c 5c 8h 9s] [Qd]
brucee860: checks 
kierandrea: bets 120
brucee860: calls 120
*** SHOW DOWN ***
kierandrea: shows [Qh Ts] (a pair of Queens)
brucee860: mucks hand 
kierandrea collected 720 from pot
*** SUMMARY ***
Total pot 720 | Rake 0 
Board [6c 5c 8h 9s Qd]
Seat 1: Mahu2021 (big blind) folded on the Flop
Seat 2: kierandrea (button) showed [Qh Ts] and won (720) with a pair of Queens
Seat 3: brucee860 (small blind) mucked [Ah 2h]



PokerStars Hand #251252155608: Tournament #3772394986, $1.84+$0.16 USD Hold'em No Limit - Level III (20/40) - 2024/06/29 20:53:39 CET [2024/06/29 14:53:39 ET]
Table '3772394986 1' 3-max Seat #3 is the button
Seat 1: Mahu2021 (390 in chips) 
Seat 2: kierandrea (900 in chips) 
Seat 3: brucee860 (210 in chips) 
Mahu2021: posts small blind 20
kierandrea: posts big blind 40
*** HOLE CARDS ***
Dealt to Mahu2021 [Th Td]
brucee860: raises 40 to 80
Mahu2021: raises 310 to 390 and is all-in
kierandrea: folds 
brucee860: calls 130 and is all-in
Uncalled bet (180) returned to Mahu2021
*** FLOP *** [2s 4c 4d]
*** TURN *** [2s 4c 4d] [2h]
*** RIVER *** [2s 4c 4d 2h] [8d]
*** SHOW DOWN ***
Mahu2021: shows [Th Td] (two pair, Tens and Fours)
brucee860: shows [3c Kc] (two pair, Fours and Deuces)
Mahu2021 collected 460 from pot
brucee860 finished the tournament in 3rd place
*** SUMMARY ***
Total pot 460 | Rake 0 
Board [2s 4c 4d 2h 8d]
Seat 1: Mahu2021 (small blind) showed [Th Td] and won (460) with two pair, Tens and Fours
Seat 2: kierandrea (big blind) folded before Flop
Seat 3: brucee860 (button) showed [3c Kc] and lost with two pair, Fours and Deuces



PokerStars Hand #251252160699: Tournament #3772394986, $1.84+$0.16 USD Hold'em No Limit - Level III (20/40) - 2024/06/29 20:54:00 CET [2024/06/29 14:54:00 ET]
Table '3772394986 1' 3-max Seat #2 is the button
Seat 1: Mahu2021 (640 in chips) 
Seat 2: kierandrea (860 in chips) 
kierandrea: posts small blind 20
Mahu2021: posts big blind 40
*** HOLE CARDS ***
Dealt to Mahu2021 [9s 3d]
kierandrea: folds 
Uncalled bet (20) returned to Mahu2021
Mahu2021 collected 40 from pot
Mahu2021: doesn't show hand 
*** SUMMARY ***
Total pot 40 | Rake 0 
Seat 1: Mahu2021 (big blind) collected (40)
Seat 2: kierandrea (button) (small blind) folded before Flop



PokerStars Hand #251252161880: Tournament #3772394986, $1.84+$0.16 USD Hold'em No Limit - Level III (20/40) - 2024/06/29 20:54:05 CET [2024/06/29 14:54:05 ET]
Table '3772394986 1' 3-max Seat #1 is the button
Seat 1: Mahu2021 (660 in chips) 
Seat 2: kierandrea (840 in chips) 
Mahu2021: posts small blind 20
kierandrea: posts big blind 40
*** HOLE CARDS ***
Dealt to Mahu2021 [Ac Ks]
Mahu2021: raises 40 to 80
kierandrea: calls 40
*** FLOP *** [8c Ts 8d]
kierandrea: checks 
Mahu2021: bets 80
kierandrea: calls 80
*** TURN *** [8c Ts 8d] [5c]
kierandrea: checks 
Mahu2021: bets 80
kierandrea: folds 
Uncalled bet (80) returned to Mahu2021
Mahu2021 collected 320 from pot
Mahu2021: doesn't show hand 
*** SUMMARY ***
Total pot 320 | Rake 0 
Board [8c Ts 8d 5c]
Seat 1: Mahu2021 (button) (small blind) collected (320)
Seat 2: kierandrea (big blind) folded on the Turn



PokerStars Hand #251252166905: Tournament #3772394986, $1.84+$0.16 USD Hold'em No Limit - Level III (20/40) - 2024/06/29 20:54:25 CET [2024/06/29 14:54:25 ET]
Table '3772394986 1' 3-max Seat #2 is the button
Seat 1: Mahu2021 (820 in chips) 
Seat 2: kierandrea (680 in chips) 
kierandrea: posts small blind 20
Mahu2021: posts big blind 40
*** HOLE CARDS ***
Dealt to Mahu2021 [7d 5s]
kierandrea: raises 40 to 80
Mahu2021: folds 
Uncalled bet (40) returned to kierandrea
kierandrea collected 80 from pot
*** SUMMARY ***
Total pot 80 | Rake 0 
Seat 1: Mahu2021 (big blind) folded before Flop
Seat 2: kierandrea (button) (small blind) collected (80)



PokerStars Hand #251252168485: Tournament #3772394986, $1.84+$0.16 USD Hold'em No Limit - Level III (20/40) - 2024/06/29 20:54:32 CET [2024/06/29 14:54:32 ET]
Table '3772394986 1' 3-max Seat #1 is the button
Seat 1: Mahu2021 (780 in chips) 
Seat 2: kierandrea (720 in chips) 
Mahu2021: posts small blind 20
kierandrea: posts big blind 40
*** HOLE CARDS ***
Dealt to Mahu2021 [Td 3d]
Mahu2021: calls 20
kierandrea: checks 
*** FLOP *** [3h 9c Ah]
kierandrea: bets 40
Mahu2021: calls 40
*** TURN *** [3h 9c Ah] [Th]
kierandrea: bets 40
Mahu2021: raises 40 to 80
kierandrea: calls 40
*** RIVER *** [3h 9c Ah Th] [Kc]
kierandrea: bets 120
Mahu2021: raises 500 to 620 and is all-in
kierandrea: folds 
Uncalled bet (500) returned to Mahu2021
Mahu2021 collected 560 from pot
Mahu2021: doesn't show hand 
*** SUMMARY ***
Total pot 560 | Rake 0 
Board [3h 9c Ah Th Kc]
Seat 1: Mahu2021 (button) (small blind) collected (560)
Seat 2: kierandrea (big blind) folded on the River



PokerStars Hand #251252174574: Tournament #3772394986, $1.84+$0.16 USD Hold'em No Limit - Level IV (30/60) - 2024/06/29 20:54:56 CET [2024/06/29 14:54:56 ET]
Table '3772394986 1' 3-max Seat #2 is the button
Seat 1: Mahu2021 (1060 in chips) 
Seat 2: kierandrea (440 in chips) 
kierandrea: posts small blind 30
Mahu2021: posts big blind 60
*** HOLE CARDS ***
Dealt to Mahu2021 [7c 5h]
kierandrea: folds 
Uncalled bet (30) returned to Mahu2021
Mahu2021 collected 60 from pot
Mahu2021: doesn't show hand 
*** SUMMARY ***
Total pot 60 | Rake 0 
Seat 1: Mahu2021 (big blind) collected (60)
Seat 2: kierandrea (button) (small blind) folded before Flop



PokerStars Hand #251252175759: Tournament #3772394986, $1.84+$0.16 USD Hold'em No Limit - Level IV (30/60) - 2024/06/29 20:55:01 CET [2024/06/29 14:55:01 ET]
Table '3772394986 1' 3-max Seat #1 is the button
Seat 1: Mahu2021 (1090 in chips) 
Seat 2: kierandrea (410 in chips) 
Mahu2021: posts small blind 30
kierandrea: posts big blind 60
*** HOLE CARDS ***
Dealt to Mahu2021 [Jd 9d]
Mahu2021: raises 60 to 120
kierandrea: raises 290 to 410 and is all-in
Mahu2021: calls 290
*** FLOP *** [Qs 2c 7d]
*** TURN *** [Qs 2c 7d] [Jh]
*** RIVER *** [Qs 2c 7d Jh] [2h]
*** SHOW DOWN ***
kierandrea: shows [Td Ad] (a pair of Deuces)
Mahu2021: shows [Jd 9d] (two pair, Jacks and Deuces)
Mahu2021 collected 820 from pot
kierandrea finished the tournament in 2nd place
Mahu2021 wins the tournament and receives $4.00 - congratulations!
*** SUMMARY ***
Total pot 820 | Rake 0 
Board [Qs 2c 7d Jh 2h]
Seat 1: Mahu2021 (button) (small blind) showed [Jd 9d] and won (820) with two pair, Jacks and Deuces
Seat 2: kierandrea (big blind) showed [Td Ad] and lost with a pair of Deuces



