PokerStars Hand #243193191235: Tournament #3579843415, $0.92+$0.08 USD Hold'em No Limit - Level I (10/20) - 2023/04/19 21:07:47 CET [2023/04/19 15:07:47 ET]
Table '3579843415 1' 3-max Seat #1 is the button
Seat 1: Mahu2021 (500 in chips) 
Seat 2: Cosi2023 (500 in chips) 
Seat 3: graleks80 (500 in chips) 
Cosi2023: posts small blind 10
graleks80: posts big blind 20
*** HOLE CARDS ***
Dealt to Mahu2021 [8h Tc]
Mahu2021: folds 
Cosi2023: calls 10
graleks80: checks 
*** FLOP *** [Jh Qd 7d]
Cosi2023: checks 
graleks80: checks 
*** TURN *** [Jh Qd 7d] [3h]
Cosi2023: checks 
graleks80: checks 
*** RIVER *** [Jh Qd 7d 3h] [4c]
Cosi2023: checks 
graleks80: checks 
*** SHOW DOWN ***
Cosi2023: shows [4h As] (a pair of Fours)
graleks80: mucks hand 
Cosi2023 collected 40 from pot
*** SUMMARY ***
Total pot 40 | Rake 0 
Board [Jh Qd 7d 3h 4c]
Seat 1: Mahu2021 (button) folded before Flop (didn't bet)
Seat 2: Cosi2023 (small blind) showed [4h As] and won (40) with a pair of Fours
Seat 3: graleks80 (big blind) mucked [Ts 2d]



PokerStars Hand #243193207618: Tournament #3579843415, $0.92+$0.08 USD Hold'em No Limit - Level I (10/20) - 2023/04/19 21:08:30 CET [2023/04/19 15:08:30 ET]
Table '3579843415 1' 3-max Seat #2 is the button
Seat 1: Mahu2021 (500 in chips) 
Seat 2: Cosi2023 (520 in chips) 
Seat 3: graleks80 (480 in chips) 
graleks80: posts small blind 10
Mahu2021: posts big blind 20
*** HOLE CARDS ***
Dealt to Mahu2021 [Qc Ac]
Cosi2023: folds 
graleks80: raises 30 to 50
Mahu2021: calls 30
*** FLOP *** [5d Qh 3c]
graleks80: bets 30
Mahu2021: raises 90 to 120
graleks80: folds 
Uncalled bet (90) returned to Mahu2021
Mahu2021 collected 160 from pot
Mahu2021: doesn't show hand 
*** SUMMARY ***
Total pot 160 | Rake 0 
Board [5d Qh 3c]
Seat 1: Mahu2021 (big blind) collected (160)
Seat 2: Cosi2023 (button) folded before Flop (didn't bet)
Seat 3: graleks80 (small blind) folded on the Flop



PokerStars Hand #243193217927: Tournament #3579843415, $0.92+$0.08 USD Hold'em No Limit - Level I (10/20) - 2023/04/19 21:08:57 CET [2023/04/19 15:08:57 ET]
Table '3579843415 1' 3-max Seat #3 is the button
Seat 1: Mahu2021 (580 in chips) 
Seat 2: Cosi2023 (520 in chips) 
Seat 3: graleks80 (400 in chips) 
Mahu2021: posts small blind 10
Cosi2023: posts big blind 20
*** HOLE CARDS ***
Dealt to Mahu2021 [9s Kc]
graleks80: folds 
Mahu2021: raises 40 to 60
Cosi2023: calls 40
*** FLOP *** [Jc Kh 5h]
Mahu2021: bets 120
Cosi2023: folds 
Uncalled bet (120) returned to Mahu2021
Mahu2021 collected 120 from pot
Mahu2021: doesn't show hand 
*** SUMMARY ***
Total pot 120 | Rake 0 
Board [Jc Kh 5h]
Seat 1: Mahu2021 (small blind) collected (120)
Seat 2: Cosi2023 (big blind) folded on the Flop
Seat 3: graleks80 (button) folded before Flop (didn't bet)



PokerStars Hand #243193228155: Tournament #3579843415, $0.92+$0.08 USD Hold'em No Limit - Level I (10/20) - 2023/04/19 21:09:25 CET [2023/04/19 15:09:25 ET]
Table '3579843415 1' 3-max Seat #1 is the button
Seat 1: Mahu2021 (640 in chips) 
Seat 2: Cosi2023 (460 in chips) 
Seat 3: graleks80 (400 in chips) 
Cosi2023: posts small blind 10
graleks80: posts big blind 20
*** HOLE CARDS ***
Dealt to Mahu2021 [Kh 6s]
Mahu2021: folds 
Cosi2023: calls 10
graleks80: checks 
*** FLOP *** [3c 9h Ad]
Cosi2023: checks 
graleks80: bets 30
Cosi2023: calls 30
*** TURN *** [3c 9h Ad] [Jd]
Cosi2023: checks 
graleks80: bets 60
Cosi2023: raises 80 to 140
graleks80: raises 210 to 350 and is all-in
Cosi2023: calls 210
*** RIVER *** [3c 9h Ad Jd] [8d]
*** SHOW DOWN ***
Cosi2023: shows [4d Ac] (a pair of Aces)
graleks80: shows [Js 9c] (two pair, Jacks and Nines)
graleks80 collected 800 from pot
*** SUMMARY ***
Total pot 800 | Rake 0 
Board [3c 9h Ad Jd 8d]
Seat 1: Mahu2021 (button) folded before Flop (didn't bet)
Seat 2: Cosi2023 (small blind) showed [4d Ac] and lost with a pair of Aces
Seat 3: graleks80 (big blind) showed [Js 9c] and won (800) with two pair, Jacks and Nines



PokerStars Hand #243193244061: Tournament #3579843415, $0.92+$0.08 USD Hold'em No Limit - Level I (10/20) - 2023/04/19 21:10:08 CET [2023/04/19 15:10:08 ET]
Table '3579843415 1' 3-max Seat #2 is the button
Seat 1: Mahu2021 (640 in chips) 
Seat 2: Cosi2023 (60 in chips) 
Seat 3: graleks80 (800 in chips) 
graleks80: posts small blind 10
Mahu2021: posts big blind 20
*** HOLE CARDS ***
Dealt to Mahu2021 [Qs Ah]
Cosi2023: raises 40 to 60 and is all-in
graleks80: folds 
Mahu2021: calls 40
*** FLOP *** [2s 9d 4h]
*** TURN *** [2s 9d 4h] [Th]
*** RIVER *** [2s 9d 4h Th] [8s]
*** SHOW DOWN ***
Mahu2021: shows [Qs Ah] (high card Ace)
Cosi2023: shows [Qh Jd] (a straight, Eight to Queen)
Cosi2023 collected 130 from pot
*** SUMMARY ***
Total pot 130 | Rake 0 
Board [2s 9d 4h Th 8s]
Seat 1: Mahu2021 (big blind) showed [Qs Ah] and lost with high card Ace
Seat 2: Cosi2023 (button) showed [Qh Jd] and won (130) with a straight, Eight to Queen
Seat 3: graleks80 (small blind) folded before Flop



PokerStars Hand #243193251299: Tournament #3579843415, $0.92+$0.08 USD Hold'em No Limit - Level I (10/20) - 2023/04/19 21:10:27 CET [2023/04/19 15:10:27 ET]
Table '3579843415 1' 3-max Seat #3 is the button
Seat 1: Mahu2021 (580 in chips) 
Seat 2: Cosi2023 (130 in chips) 
Seat 3: graleks80 (790 in chips) 
Mahu2021: posts small blind 10
Cosi2023: posts big blind 20
*** HOLE CARDS ***
Dealt to Mahu2021 [8c 9c]
graleks80: folds 
Mahu2021: calls 10
Cosi2023: checks 
*** FLOP *** [4h 9s 4s]
Mahu2021: bets 20
Cosi2023: calls 20
*** TURN *** [4h 9s 4s] [Kd]
Mahu2021: bets 20
Cosi2023: calls 20
*** RIVER *** [4h 9s 4s Kd] [7s]
Mahu2021: checks 
Cosi2023: bets 60
Mahu2021: calls 60
*** SHOW DOWN ***
Cosi2023: shows [3c Qc] (a pair of Fours)
Mahu2021: shows [8c 9c] (two pair, Nines and Fours)
Mahu2021 collected 240 from pot
*** SUMMARY ***
Total pot 240 | Rake 0 
Board [4h 9s 4s Kd 7s]
Seat 1: Mahu2021 (small blind) showed [8c 9c] and won (240) with two pair, Nines and Fours
Seat 2: Cosi2023 (big blind) showed [3c Qc] and lost with a pair of Fours
Seat 3: graleks80 (button) folded before Flop (didn't bet)



PokerStars Hand #243193263353: Tournament #3579843415, $0.92+$0.08 USD Hold'em No Limit - Level II (15/30) - 2023/04/19 21:10:59 CET [2023/04/19 15:10:59 ET]
Table '3579843415 1' 3-max Seat #1 is the button
Seat 1: Mahu2021 (700 in chips) 
Seat 2: Cosi2023 (10 in chips) 
Seat 3: graleks80 (790 in chips) 
Cosi2023: posts small blind 10 and is all-in
graleks80: posts big blind 30
*** HOLE CARDS ***
Dealt to Mahu2021 [Qc 9s]
Mahu2021: calls 30
graleks80: checks 
*** FLOP *** [4d 4c 6h]
graleks80: checks 
Mahu2021: checks 
*** TURN *** [4d 4c 6h] [9d]
graleks80: checks 
Mahu2021: bets 30
graleks80: folds 
Uncalled bet (30) returned to Mahu2021
*** RIVER *** [4d 4c 6h 9d] [Js]
*** SHOW DOWN ***
Mahu2021: shows [Qc 9s] (two pair, Nines and Fours)
Mahu2021 collected 40 from side pot
Cosi2023: shows [Qs 2c] (a pair of Fours)
Mahu2021 collected 30 from main pot
Cosi2023 finished the tournament in 3rd place
*** SUMMARY ***
Total pot 70 Main pot 30. Side pot 40. | Rake 0 
Board [4d 4c 6h 9d Js]
Seat 1: Mahu2021 (button) showed [Qc 9s] and won (70) with two pair, Nines and Fours
Seat 2: Cosi2023 (small blind) showed [Qs 2c] and lost with a pair of Fours
Seat 3: graleks80 (big blind) folded on the Turn



PokerStars Hand #243193272125: Tournament #3579843415, $0.92+$0.08 USD Hold'em No Limit - Level II (15/30) - 2023/04/19 21:11:22 CET [2023/04/19 15:11:22 ET]
Table '3579843415 1' 3-max Seat #3 is the button
Seat 1: Mahu2021 (740 in chips) 
Seat 3: graleks80 (760 in chips) 
graleks80: posts small blind 15
Mahu2021: posts big blind 30
*** HOLE CARDS ***
Dealt to Mahu2021 [4h 8d]
graleks80: raises 30 to 60
Mahu2021: folds 
Uncalled bet (30) returned to graleks80
graleks80 collected 60 from pot
graleks80: doesn't show hand 
*** SUMMARY ***
Total pot 60 | Rake 0 
Seat 1: Mahu2021 (big blind) folded before Flop
Seat 3: graleks80 (button) (small blind) collected (60)



PokerStars Hand #243193274627: Tournament #3579843415, $0.92+$0.08 USD Hold'em No Limit - Level II (15/30) - 2023/04/19 21:11:29 CET [2023/04/19 15:11:29 ET]
Table '3579843415 1' 3-max Seat #1 is the button
Seat 1: Mahu2021 (710 in chips) 
Seat 3: graleks80 (790 in chips) 
Mahu2021: posts small blind 15
graleks80: posts big blind 30
*** HOLE CARDS ***
Dealt to Mahu2021 [3s 8c]
Mahu2021: folds 
Uncalled bet (15) returned to graleks80
graleks80 collected 30 from pot
graleks80: doesn't show hand 
*** SUMMARY ***
Total pot 30 | Rake 0 
Seat 1: Mahu2021 (button) (small blind) folded before Flop
Seat 3: graleks80 (big blind) collected (30)



PokerStars Hand #243193276226: Tournament #3579843415, $0.92+$0.08 USD Hold'em No Limit - Level II (15/30) - 2023/04/19 21:11:33 CET [2023/04/19 15:11:33 ET]
Table '3579843415 1' 3-max Seat #3 is the button
Seat 1: Mahu2021 (695 in chips) 
Seat 3: graleks80 (805 in chips) 
graleks80: posts small blind 15
Mahu2021: posts big blind 30
*** HOLE CARDS ***
Dealt to Mahu2021 [5d Jc]
graleks80: calls 15
Mahu2021: checks 
*** FLOP *** [Ts Td Jd]
Mahu2021: bets 30
graleks80: folds 
Uncalled bet (30) returned to Mahu2021
Mahu2021 collected 60 from pot
Mahu2021: doesn't show hand 
*** SUMMARY ***
Total pot 60 | Rake 0 
Board [Ts Td Jd]
Seat 1: Mahu2021 (big blind) collected (60)
Seat 3: graleks80 (button) (small blind) folded on the Flop



PokerStars Hand #243193281294: Tournament #3579843415, $0.92+$0.08 USD Hold'em No Limit - Level II (15/30) - 2023/04/19 21:11:46 CET [2023/04/19 15:11:46 ET]
Table '3579843415 1' 3-max Seat #1 is the button
Seat 1: Mahu2021 (725 in chips) 
Seat 3: graleks80 (775 in chips) 
Mahu2021: posts small blind 15
graleks80: posts big blind 30
*** HOLE CARDS ***
Dealt to Mahu2021 [4d Js]
Mahu2021: calls 15
graleks80: checks 
*** FLOP *** [3d 2d 6s]
graleks80: checks 
Mahu2021: bets 30
graleks80: calls 30
*** TURN *** [3d 2d 6s] [4c]
graleks80: checks 
Mahu2021: bets 30
graleks80: raises 60 to 90
Mahu2021: folds 
Uncalled bet (60) returned to graleks80
graleks80 collected 180 from pot
graleks80: doesn't show hand 
*** SUMMARY ***
Total pot 180 | Rake 0 
Board [3d 2d 6s 4c]
Seat 1: Mahu2021 (button) (small blind) folded on the Turn
Seat 3: graleks80 (big blind) collected (180)



PokerStars Hand #243193288541: Tournament #3579843415, $0.92+$0.08 USD Hold'em No Limit - Level II (15/30) - 2023/04/19 21:12:06 CET [2023/04/19 15:12:06 ET]
Table '3579843415 1' 3-max Seat #3 is the button
Seat 1: Mahu2021 (635 in chips) 
Seat 3: graleks80 (865 in chips) 
graleks80: posts small blind 15
Mahu2021: posts big blind 30
*** HOLE CARDS ***
Dealt to Mahu2021 [Ac As]
graleks80: calls 15
Mahu2021: raises 90 to 120
graleks80: folds 
Uncalled bet (90) returned to Mahu2021
Mahu2021 collected 60 from pot
Mahu2021: doesn't show hand 
*** SUMMARY ***
Total pot 60 | Rake 0 
Seat 1: Mahu2021 (big blind) collected (60)
Seat 3: graleks80 (button) (small blind) folded before Flop



PokerStars Hand #243193291628: Tournament #3579843415, $0.92+$0.08 USD Hold'em No Limit - Level II (15/30) - 2023/04/19 21:12:14 CET [2023/04/19 15:12:14 ET]
Table '3579843415 1' 3-max Seat #1 is the button
Seat 1: Mahu2021 (665 in chips) 
Seat 3: graleks80 (835 in chips) 
Mahu2021: posts small blind 15
graleks80: posts big blind 30
*** HOLE CARDS ***
Dealt to Mahu2021 [7c 6h]
Mahu2021: raises 30 to 60
graleks80: raises 775 to 835 and is all-in
Mahu2021: folds 
Uncalled bet (775) returned to graleks80
graleks80 collected 120 from pot
graleks80: doesn't show hand 
*** SUMMARY ***
Total pot 120 | Rake 0 
Seat 1: Mahu2021 (button) (small blind) folded before Flop
Seat 3: graleks80 (big blind) collected (120)



PokerStars Hand #243193294701: Tournament #3579843415, $0.92+$0.08 USD Hold'em No Limit - Level II (15/30) - 2023/04/19 21:12:22 CET [2023/04/19 15:12:22 ET]
Table '3579843415 1' 3-max Seat #3 is the button
Seat 1: Mahu2021 (605 in chips) 
Seat 3: graleks80 (895 in chips) 
graleks80: posts small blind 15
Mahu2021: posts big blind 30
*** HOLE CARDS ***
Dealt to Mahu2021 [8c As]
graleks80: calls 15
Mahu2021: checks 
*** FLOP *** [6s 2c 9h]
Mahu2021: checks 
graleks80: bets 45
Mahu2021: calls 45
*** TURN *** [6s 2c 9h] [Qh]
Mahu2021: checks 
graleks80: bets 150
Mahu2021: folds 
Uncalled bet (150) returned to graleks80
graleks80 collected 150 from pot
graleks80: doesn't show hand 
*** SUMMARY ***
Total pot 150 | Rake 0 
Board [6s 2c 9h Qh]
Seat 1: Mahu2021 (big blind) folded on the Turn
Seat 3: graleks80 (button) (small blind) collected (150)



PokerStars Hand #243193300702: Tournament #3579843415, $0.92+$0.08 USD Hold'em No Limit - Level II (15/30) - 2023/04/19 21:12:38 CET [2023/04/19 15:12:38 ET]
Table '3579843415 1' 3-max Seat #1 is the button
Seat 1: Mahu2021 (530 in chips) 
Seat 3: graleks80 (970 in chips) 
Mahu2021: posts small blind 15
graleks80: posts big blind 30
*** HOLE CARDS ***
Dealt to Mahu2021 [Ts 7d]
Mahu2021: folds 
Uncalled bet (15) returned to graleks80
graleks80 collected 30 from pot
graleks80: doesn't show hand 
*** SUMMARY ***
Total pot 30 | Rake 0 
Seat 1: Mahu2021 (button) (small blind) folded before Flop
Seat 3: graleks80 (big blind) collected (30)



PokerStars Hand #243193302325: Tournament #3579843415, $0.92+$0.08 USD Hold'em No Limit - Level II (15/30) - 2023/04/19 21:12:43 CET [2023/04/19 15:12:43 ET]
Table '3579843415 1' 3-max Seat #3 is the button
Seat 1: Mahu2021 (515 in chips) 
Seat 3: graleks80 (985 in chips) 
graleks80: posts small blind 15
Mahu2021: posts big blind 30
*** HOLE CARDS ***
Dealt to Mahu2021 [5h 8h]
graleks80: raises 30 to 60
Mahu2021: calls 30
*** FLOP *** [Ks 5s Qd]
Mahu2021: bets 455 and is all-in
graleks80: calls 455
*** TURN *** [Ks 5s Qd] [Kh]
*** RIVER *** [Ks 5s Qd Kh] [Kc]
*** SHOW DOWN ***
Mahu2021: shows [5h 8h] (a full house, Kings full of Fives)
graleks80: shows [Js Qh] (a full house, Kings full of Queens)
graleks80 collected 1030 from pot
Mahu2021 finished the tournament in 2nd place
graleks80 wins the tournament and receives $3.00 - congratulations!
*** SUMMARY ***
Total pot 1030 | Rake 0 
Board [Ks 5s Qd Kh Kc]
Seat 1: Mahu2021 (big blind) showed [5h 8h] and lost with a full house, Kings full of Fives
Seat 3: graleks80 (button) (small blind) showed [Js Qh] and won (1030) with a full house, Kings full of Queens



