PokerStars Hand #245925234004: Tournament #3644103123, $0.92+$0.08 USD Hold'em No Limit - Level I (10/20) - 2023/09/12 22:20:53 CET [2023/09/12 16:20:53 ET]
Table '3644103123 1' 3-max Seat #1 is the button
Seat 1: zeci73 (500 in chips) 
Seat 2: pavida10 (500 in chips) 
Seat 3: Mahu2021 (500 in chips) 
pavida10: posts small blind 10
Mahu2021: posts big blind 20
*** HOLE CARDS ***
Dealt to Mahu2021 [4s Ts]
zeci73: folds 
pavida10: folds 
Uncalled bet (10) returned to Mahu2021
Mahu2021 collected 20 from pot
Mahu2021: doesn't show hand 
*** SUMMARY ***
Total pot 20 | Rake 0 
Seat 1: zeci73 (button) folded before Flop (didn't bet)
Seat 2: pavida10 (small blind) folded before Flop
Seat 3: Mahu2021 (big blind) collected (20)



PokerStars Hand #245925237021: Tournament #3644103123, $0.92+$0.08 USD Hold'em No Limit - Level I (10/20) - 2023/09/12 22:21:00 CET [2023/09/12 16:21:00 ET]
Table '3644103123 1' 3-max Seat #2 is the button
Seat 1: zeci73 (500 in chips) 
Seat 2: pavida10 (490 in chips) 
Seat 3: Mahu2021 (510 in chips) 
Mahu2021: posts small blind 10
zeci73: posts big blind 20
*** HOLE CARDS ***
Dealt to Mahu2021 [4s Ah]
pavida10: folds 
Mahu2021: raises 20 to 40
zeci73: calls 20
*** FLOP *** [2s 9d 4d]
Mahu2021: checks 
zeci73: checks 
*** TURN *** [2s 9d 4d] [8c]
Mahu2021: bets 40
zeci73: folds 
Uncalled bet (40) returned to Mahu2021
Mahu2021 collected 80 from pot
Mahu2021: doesn't show hand 
*** SUMMARY ***
Total pot 80 | Rake 0 
Board [2s 9d 4d 8c]
Seat 1: zeci73 (big blind) folded on the Turn
Seat 2: pavida10 (button) folded before Flop (didn't bet)
Seat 3: Mahu2021 (small blind) collected (80)



PokerStars Hand #245925247452: Tournament #3644103123, $0.92+$0.08 USD Hold'em No Limit - Level I (10/20) - 2023/09/12 22:21:27 CET [2023/09/12 16:21:27 ET]
Table '3644103123 1' 3-max Seat #3 is the button
Seat 1: zeci73 (460 in chips) 
Seat 2: pavida10 (490 in chips) 
Seat 3: Mahu2021 (550 in chips) 
zeci73: posts small blind 10
pavida10: posts big blind 20
*** HOLE CARDS ***
Dealt to Mahu2021 [Jd 8s]
Mahu2021: folds 
zeci73: folds 
Uncalled bet (10) returned to pavida10
pavida10 collected 20 from pot
pavida10: doesn't show hand 
*** SUMMARY ***
Total pot 20 | Rake 0 
Seat 1: zeci73 (small blind) folded before Flop
Seat 2: pavida10 (big blind) collected (20)
Seat 3: Mahu2021 (button) folded before Flop (didn't bet)



PokerStars Hand #245925249368: Tournament #3644103123, $0.92+$0.08 USD Hold'em No Limit - Level I (10/20) - 2023/09/12 22:21:32 CET [2023/09/12 16:21:32 ET]
Table '3644103123 1' 3-max Seat #1 is the button
Seat 1: zeci73 (450 in chips) 
Seat 2: pavida10 (500 in chips) 
Seat 3: Mahu2021 (550 in chips) 
pavida10: posts small blind 10
Mahu2021: posts big blind 20
*** HOLE CARDS ***
Dealt to Mahu2021 [Qd 8c]
zeci73: folds 
pavida10: raises 40 to 60
Mahu2021: folds 
Uncalled bet (40) returned to pavida10
pavida10 collected 40 from pot
pavida10: doesn't show hand 
*** SUMMARY ***
Total pot 40 | Rake 0 
Seat 1: zeci73 (button) folded before Flop (didn't bet)
Seat 2: pavida10 (small blind) collected (40)
Seat 3: Mahu2021 (big blind) folded before Flop



PokerStars Hand #245925255216: Tournament #3644103123, $0.92+$0.08 USD Hold'em No Limit - Level I (10/20) - 2023/09/12 22:21:47 CET [2023/09/12 16:21:47 ET]
Table '3644103123 1' 3-max Seat #2 is the button
Seat 1: zeci73 (450 in chips) 
Seat 2: pavida10 (520 in chips) 
Seat 3: Mahu2021 (530 in chips) 
Mahu2021: posts small blind 10
zeci73: posts big blind 20
*** HOLE CARDS ***
Dealt to Mahu2021 [Kh Jd]
pavida10: raises 20 to 40
Mahu2021: calls 30
zeci73: folds 
*** FLOP *** [5s Qd 4d]
Mahu2021: checks 
pavida10: bets 30
Mahu2021: folds 
Uncalled bet (30) returned to pavida10
pavida10 collected 100 from pot
pavida10: doesn't show hand 
*** SUMMARY ***
Total pot 100 | Rake 0 
Board [5s Qd 4d]
Seat 1: zeci73 (big blind) folded before Flop
Seat 2: pavida10 (button) collected (100)
Seat 3: Mahu2021 (small blind) folded on the Flop



PokerStars Hand #245925262369: Tournament #3644103123, $0.92+$0.08 USD Hold'em No Limit - Level I (10/20) - 2023/09/12 22:22:06 CET [2023/09/12 16:22:06 ET]
Table '3644103123 1' 3-max Seat #3 is the button
Seat 1: zeci73 (430 in chips) 
Seat 2: pavida10 (580 in chips) 
Seat 3: Mahu2021 (490 in chips) 
zeci73: posts small blind 10
pavida10: posts big blind 20
*** HOLE CARDS ***
Dealt to Mahu2021 [9c 2h]
Mahu2021: folds 
zeci73: folds 
Uncalled bet (10) returned to pavida10
pavida10 collected 20 from pot
pavida10: doesn't show hand 
*** SUMMARY ***
Total pot 20 | Rake 0 
Seat 1: zeci73 (small blind) folded before Flop
Seat 2: pavida10 (big blind) collected (20)
Seat 3: Mahu2021 (button) folded before Flop (didn't bet)



PokerStars Hand #245925264121: Tournament #3644103123, $0.92+$0.08 USD Hold'em No Limit - Level I (10/20) - 2023/09/12 22:22:10 CET [2023/09/12 16:22:10 ET]
Table '3644103123 1' 3-max Seat #1 is the button
Seat 1: zeci73 (420 in chips) 
Seat 2: pavida10 (590 in chips) 
Seat 3: Mahu2021 (490 in chips) 
pavida10: posts small blind 10
Mahu2021: posts big blind 20
*** HOLE CARDS ***
Dealt to Mahu2021 [6c 5d]
zeci73: folds 
pavida10: raises 40 to 60
Mahu2021: calls 40
*** FLOP *** [Ah Qh Tc]
pavida10: checks 
Mahu2021: checks 
*** TURN *** [Ah Qh Tc] [Ts]
pavida10: checks 
Mahu2021: checks 
*** RIVER *** [Ah Qh Tc Ts] [Kc]
pavida10: checks 
Mahu2021: bets 120
pavida10: folds 
Uncalled bet (120) returned to Mahu2021
Mahu2021 collected 120 from pot
Mahu2021: doesn't show hand 
*** SUMMARY ***
Total pot 120 | Rake 0 
Board [Ah Qh Tc Ts Kc]
Seat 1: zeci73 (button) folded before Flop (didn't bet)
Seat 2: pavida10 (small blind) folded on the River
Seat 3: Mahu2021 (big blind) collected (120)



PokerStars Hand #245925278974: Tournament #3644103123, $0.92+$0.08 USD Hold'em No Limit - Level I (10/20) - 2023/09/12 22:22:48 CET [2023/09/12 16:22:48 ET]
Table '3644103123 1' 3-max Seat #2 is the button
Seat 1: zeci73 (420 in chips) 
Seat 2: pavida10 (530 in chips) 
Seat 3: Mahu2021 (550 in chips) 
Mahu2021: posts small blind 10
zeci73: posts big blind 20
*** HOLE CARDS ***
Dealt to Mahu2021 [8h 6d]
pavida10: folds 
Mahu2021: folds 
Uncalled bet (10) returned to zeci73
zeci73 collected 20 from pot
zeci73: doesn't show hand 
*** SUMMARY ***
Total pot 20 | Rake 0 
Seat 1: zeci73 (big blind) collected (20)
Seat 2: pavida10 (button) folded before Flop (didn't bet)
Seat 3: Mahu2021 (small blind) folded before Flop



PokerStars Hand #245925280984: Tournament #3644103123, $0.92+$0.08 USD Hold'em No Limit - Level I (10/20) - 2023/09/12 22:22:53 CET [2023/09/12 16:22:53 ET]
Table '3644103123 1' 3-max Seat #3 is the button
Seat 1: zeci73 (430 in chips) 
Seat 2: pavida10 (530 in chips) 
Seat 3: Mahu2021 (540 in chips) 
zeci73: posts small blind 10
pavida10: posts big blind 20
*** HOLE CARDS ***
Dealt to Mahu2021 [Kd Jc]
Mahu2021: raises 20 to 40
zeci73: folds 
pavida10: calls 20
*** FLOP *** [5c Ah 7s]
pavida10: checks 
Mahu2021: bets 40
pavida10: calls 40
*** TURN *** [5c Ah 7s] [Qc]
pavida10: checks 
Mahu2021: checks 
*** RIVER *** [5c Ah 7s Qc] [Tc]
pavida10: bets 85
Mahu2021: raises 375 to 460 and is all-in
pavida10: folds 
Uncalled bet (375) returned to Mahu2021
Mahu2021 collected 340 from pot
Mahu2021: doesn't show hand 
*** SUMMARY ***
Total pot 340 | Rake 0 
Board [5c Ah 7s Qc Tc]
Seat 1: zeci73 (small blind) folded before Flop
Seat 2: pavida10 (big blind) folded on the River
Seat 3: Mahu2021 (button) collected (340)



PokerStars Hand #245925301716: Tournament #3644103123, $0.92+$0.08 USD Hold'em No Limit - Level II (15/30) - 2023/09/12 22:23:46 CET [2023/09/12 16:23:46 ET]
Table '3644103123 1' 3-max Seat #1 is the button
Seat 1: zeci73 (420 in chips) 
Seat 2: pavida10 (365 in chips) 
Seat 3: Mahu2021 (715 in chips) 
pavida10: posts small blind 15
Mahu2021: posts big blind 30
*** HOLE CARDS ***
Dealt to Mahu2021 [8d 2d]
zeci73: folds 
pavida10: raises 335 to 365 and is all-in
Mahu2021: folds 
Uncalled bet (335) returned to pavida10
pavida10 collected 60 from pot
pavida10: doesn't show hand 
*** SUMMARY ***
Total pot 60 | Rake 0 
Seat 1: zeci73 (button) folded before Flop (didn't bet)
Seat 2: pavida10 (small blind) collected (60)
Seat 3: Mahu2021 (big blind) folded before Flop



PokerStars Hand #245925305935: Tournament #3644103123, $0.92+$0.08 USD Hold'em No Limit - Level II (15/30) - 2023/09/12 22:23:57 CET [2023/09/12 16:23:57 ET]
Table '3644103123 1' 3-max Seat #2 is the button
Seat 1: zeci73 (420 in chips) 
Seat 2: pavida10 (395 in chips) 
Seat 3: Mahu2021 (685 in chips) 
Mahu2021: posts small blind 15
zeci73: posts big blind 30
*** HOLE CARDS ***
Dealt to Mahu2021 [5d Kd]
pavida10: folds 
Mahu2021: calls 15
zeci73: checks 
*** FLOP *** [4h As Ac]
Mahu2021: checks 
zeci73: checks 
*** TURN *** [4h As Ac] [6s]
Mahu2021: bets 30
zeci73: folds 
Uncalled bet (30) returned to Mahu2021
Mahu2021 collected 60 from pot
Mahu2021: doesn't show hand 
*** SUMMARY ***
Total pot 60 | Rake 0 
Board [4h As Ac 6s]
Seat 1: zeci73 (big blind) folded on the Turn
Seat 2: pavida10 (button) folded before Flop (didn't bet)
Seat 3: Mahu2021 (small blind) collected (60)



PokerStars Hand #245925314836: Tournament #3644103123, $0.92+$0.08 USD Hold'em No Limit - Level II (15/30) - 2023/09/12 22:24:20 CET [2023/09/12 16:24:20 ET]
Table '3644103123 1' 3-max Seat #3 is the button
Seat 1: zeci73 (390 in chips) 
Seat 2: pavida10 (395 in chips) 
Seat 3: Mahu2021 (715 in chips) 
zeci73: posts small blind 15
pavida10: posts big blind 30
*** HOLE CARDS ***
Dealt to Mahu2021 [4h 2c]
Mahu2021: folds 
zeci73: folds 
Uncalled bet (15) returned to pavida10
pavida10 collected 30 from pot
pavida10: doesn't show hand 
*** SUMMARY ***
Total pot 30 | Rake 0 
Seat 1: zeci73 (small blind) folded before Flop
Seat 2: pavida10 (big blind) collected (30)
Seat 3: Mahu2021 (button) folded before Flop (didn't bet)



PokerStars Hand #245925319430: Tournament #3644103123, $0.92+$0.08 USD Hold'em No Limit - Level II (15/30) - 2023/09/12 22:24:32 CET [2023/09/12 16:24:32 ET]
Table '3644103123 1' 3-max Seat #1 is the button
Seat 1: zeci73 (375 in chips) 
Seat 2: pavida10 (410 in chips) 
Seat 3: Mahu2021 (715 in chips) 
pavida10: posts small blind 15
Mahu2021: posts big blind 30
*** HOLE CARDS ***
Dealt to Mahu2021 [2c As]
zeci73: folds 
pavida10: folds 
Uncalled bet (15) returned to Mahu2021
Mahu2021 collected 30 from pot
Mahu2021: doesn't show hand 
*** SUMMARY ***
Total pot 30 | Rake 0 
Seat 1: zeci73 (button) folded before Flop (didn't bet)
Seat 2: pavida10 (small blind) folded before Flop
Seat 3: Mahu2021 (big blind) collected (30)



PokerStars Hand #245925322705: Tournament #3644103123, $0.92+$0.08 USD Hold'em No Limit - Level II (15/30) - 2023/09/12 22:24:40 CET [2023/09/12 16:24:40 ET]
Table '3644103123 1' 3-max Seat #2 is the button
Seat 1: zeci73 (375 in chips) 
Seat 2: pavida10 (395 in chips) 
Seat 3: Mahu2021 (730 in chips) 
Mahu2021: posts small blind 15
zeci73: posts big blind 30
*** HOLE CARDS ***
Dealt to Mahu2021 [6h 7h]
pavida10: raises 30 to 60
Mahu2021: calls 45
zeci73: calls 30
*** FLOP *** [Qh 3d 4s]
Mahu2021: checks 
zeci73: checks 
pavida10: bets 45
Mahu2021: folds 
zeci73: calls 45
*** TURN *** [Qh 3d 4s] [Kh]
zeci73: checks 
pavida10: bets 290 and is all-in
zeci73: folds 
Uncalled bet (290) returned to pavida10
pavida10 collected 270 from pot
pavida10: doesn't show hand 
*** SUMMARY ***
Total pot 270 | Rake 0 
Board [Qh 3d 4s Kh]
Seat 1: zeci73 (big blind) folded on the Turn
Seat 2: pavida10 (button) collected (270)
Seat 3: Mahu2021 (small blind) folded on the Flop



PokerStars Hand #245925343230: Tournament #3644103123, $0.92+$0.08 USD Hold'em No Limit - Level III (20/40) - 2023/09/12 22:25:34 CET [2023/09/12 16:25:34 ET]
Table '3644103123 1' 3-max Seat #3 is the button
Seat 1: zeci73 (270 in chips) 
Seat 2: pavida10 (560 in chips) 
Seat 3: Mahu2021 (670 in chips) 
zeci73: posts small blind 20
pavida10: posts big blind 40
*** HOLE CARDS ***
Dealt to Mahu2021 [Qc Ts]
Mahu2021: raises 40 to 80
zeci73: folds 
pavida10: folds 
Uncalled bet (40) returned to Mahu2021
Mahu2021 collected 100 from pot
Mahu2021: doesn't show hand 
*** SUMMARY ***
Total pot 100 | Rake 0 
Seat 1: zeci73 (small blind) folded before Flop
Seat 2: pavida10 (big blind) folded before Flop
Seat 3: Mahu2021 (button) collected (100)



PokerStars Hand #245925347817: Tournament #3644103123, $0.92+$0.08 USD Hold'em No Limit - Level III (20/40) - 2023/09/12 22:25:46 CET [2023/09/12 16:25:46 ET]
Table '3644103123 1' 3-max Seat #1 is the button
Seat 1: zeci73 (250 in chips) 
Seat 2: pavida10 (520 in chips) 
Seat 3: Mahu2021 (730 in chips) 
pavida10: posts small blind 20
Mahu2021: posts big blind 40
*** HOLE CARDS ***
Dealt to Mahu2021 [2d 9s]
zeci73: raises 210 to 250 and is all-in
pavida10: folds 
Mahu2021: folds 
Uncalled bet (210) returned to zeci73
zeci73 collected 100 from pot
zeci73: doesn't show hand 
*** SUMMARY ***
Total pot 100 | Rake 0 
Seat 1: zeci73 (button) collected (100)
Seat 2: pavida10 (small blind) folded before Flop
Seat 3: Mahu2021 (big blind) folded before Flop



PokerStars Hand #245925352099: Tournament #3644103123, $0.92+$0.08 USD Hold'em No Limit - Level III (20/40) - 2023/09/12 22:25:57 CET [2023/09/12 16:25:57 ET]
Table '3644103123 1' 3-max Seat #2 is the button
Seat 1: zeci73 (310 in chips) 
Seat 2: pavida10 (500 in chips) 
Seat 3: Mahu2021 (690 in chips) 
Mahu2021: posts small blind 20
zeci73: posts big blind 40
*** HOLE CARDS ***
Dealt to Mahu2021 [8c 8h]
pavida10: folds 
Mahu2021: raises 650 to 690 and is all-in
zeci73: folds 
Uncalled bet (650) returned to Mahu2021
Mahu2021 collected 80 from pot
Mahu2021: doesn't show hand 
*** SUMMARY ***
Total pot 80 | Rake 0 
Seat 1: zeci73 (big blind) folded before Flop
Seat 2: pavida10 (button) folded before Flop (didn't bet)
Seat 3: Mahu2021 (small blind) collected (80)



PokerStars Hand #245925357046: Tournament #3644103123, $0.92+$0.08 USD Hold'em No Limit - Level III (20/40) - 2023/09/12 22:26:10 CET [2023/09/12 16:26:10 ET]
Table '3644103123 1' 3-max Seat #3 is the button
Seat 1: zeci73 (270 in chips) 
Seat 2: pavida10 (500 in chips) 
Seat 3: Mahu2021 (730 in chips) 
zeci73: posts small blind 20
pavida10: posts big blind 40
*** HOLE CARDS ***
Dealt to Mahu2021 [Jd Jh]
Mahu2021: raises 690 to 730 and is all-in
zeci73: folds 
pavida10: calls 460 and is all-in
Uncalled bet (230) returned to Mahu2021
*** FLOP *** [7s 4d 6d]
*** TURN *** [7s 4d 6d] [3d]
*** RIVER *** [7s 4d 6d 3d] [2c]
*** SHOW DOWN ***
pavida10: shows [Qd As] (high card Ace)
Mahu2021: shows [Jd Jh] (a pair of Jacks)
Mahu2021 collected 1020 from pot
pavida10 finished the tournament in 3rd place
*** SUMMARY ***
Total pot 1020 | Rake 0 
Board [7s 4d 6d 3d 2c]
Seat 1: zeci73 (small blind) folded before Flop
Seat 2: pavida10 (big blind) showed [Qd As] and lost with high card Ace
Seat 3: Mahu2021 (button) showed [Jd Jh] and won (1020) with a pair of Jacks



PokerStars Hand #245925365711: Tournament #3644103123, $0.92+$0.08 USD Hold'em No Limit - Level III (20/40) - 2023/09/12 22:26:32 CET [2023/09/12 16:26:32 ET]
Table '3644103123 1' 3-max Seat #1 is the button
Seat 1: zeci73 (250 in chips) 
Seat 3: Mahu2021 (1250 in chips) 
zeci73: posts small blind 20
Mahu2021: posts big blind 40
*** HOLE CARDS ***
Dealt to Mahu2021 [Td 4s]
zeci73: folds 
Uncalled bet (20) returned to Mahu2021
Mahu2021 collected 40 from pot
Mahu2021: doesn't show hand 
*** SUMMARY ***
Total pot 40 | Rake 0 
Seat 1: zeci73 (button) (small blind) folded before Flop
Seat 3: Mahu2021 (big blind) collected (40)



PokerStars Hand #245925367953: Tournament #3644103123, $0.92+$0.08 USD Hold'em No Limit - Level III (20/40) - 2023/09/12 22:26:38 CET [2023/09/12 16:26:38 ET]
Table '3644103123 1' 3-max Seat #3 is the button
Seat 1: zeci73 (230 in chips) 
Seat 3: Mahu2021 (1270 in chips) 
Mahu2021: posts small blind 20
zeci73: posts big blind 40
*** HOLE CARDS ***
Dealt to Mahu2021 [Tc 3c]
Mahu2021: calls 20
zeci73: checks 
*** FLOP *** [Td Qs 2d]
zeci73: checks 
Mahu2021: bets 40
zeci73: folds 
Uncalled bet (40) returned to Mahu2021
Mahu2021 collected 80 from pot
Mahu2021: doesn't show hand 
*** SUMMARY ***
Total pot 80 | Rake 0 
Board [Td Qs 2d]
Seat 1: zeci73 (big blind) folded on the Flop
Seat 3: Mahu2021 (button) (small blind) collected (80)



PokerStars Hand #245925378555: Tournament #3644103123, $0.92+$0.08 USD Hold'em No Limit - Level IV (30/60) - 2023/09/12 22:27:06 CET [2023/09/12 16:27:06 ET]
Table '3644103123 1' 3-max Seat #1 is the button
Seat 1: zeci73 (190 in chips) 
Seat 3: Mahu2021 (1310 in chips) 
zeci73: posts small blind 30
Mahu2021: posts big blind 60
*** HOLE CARDS ***
Dealt to Mahu2021 [3d 4h]
zeci73: raises 130 to 190 and is all-in
Mahu2021: folds 
Uncalled bet (130) returned to zeci73
zeci73 collected 120 from pot
zeci73: doesn't show hand 
*** SUMMARY ***
Total pot 120 | Rake 0 
Seat 1: zeci73 (button) (small blind) collected (120)
Seat 3: Mahu2021 (big blind) folded before Flop



PokerStars Hand #245925381246: Tournament #3644103123, $0.92+$0.08 USD Hold'em No Limit - Level IV (30/60) - 2023/09/12 22:27:13 CET [2023/09/12 16:27:13 ET]
Table '3644103123 1' 3-max Seat #3 is the button
Seat 1: zeci73 (250 in chips) 
Seat 3: Mahu2021 (1250 in chips) 
Mahu2021: posts small blind 30
zeci73: posts big blind 60
*** HOLE CARDS ***
Dealt to Mahu2021 [As Ah]
Mahu2021: raises 60 to 120
zeci73: folds 
Uncalled bet (60) returned to Mahu2021
Mahu2021 collected 120 from pot
Mahu2021: doesn't show hand 
*** SUMMARY ***
Total pot 120 | Rake 0 
Seat 1: zeci73 (big blind) folded before Flop
Seat 3: Mahu2021 (button) (small blind) collected (120)



PokerStars Hand #245925384479: Tournament #3644103123, $0.92+$0.08 USD Hold'em No Limit - Level IV (30/60) - 2023/09/12 22:27:21 CET [2023/09/12 16:27:21 ET]
Table '3644103123 1' 3-max Seat #1 is the button
Seat 1: zeci73 (190 in chips) 
Seat 3: Mahu2021 (1310 in chips) 
zeci73: posts small blind 30
Mahu2021: posts big blind 60
*** HOLE CARDS ***
Dealt to Mahu2021 [Qs 7s]
zeci73: raises 130 to 190 and is all-in
Mahu2021: calls 130
*** FLOP *** [4c 4s Qh]
*** TURN *** [4c 4s Qh] [2s]
*** RIVER *** [4c 4s Qh 2s] [Jc]
*** SHOW DOWN ***
Mahu2021: shows [Qs 7s] (two pair, Queens and Fours)
zeci73: shows [3d Kh] (a pair of Fours)
Mahu2021 collected 380 from pot
zeci73 finished the tournament in 2nd place
Mahu2021 wins the tournament and receives $2.00 - congratulations!
*** SUMMARY ***
Total pot 380 | Rake 0 
Board [4c 4s Qh 2s Jc]
Seat 1: zeci73 (button) (small blind) showed [3d Kh] and lost with a pair of Fours
Seat 3: Mahu2021 (big blind) showed [Qs 7s] and won (380) with two pair, Queens and Fours



