PokerStars Hand #253637488410: Tournament #3828939640, $1.84+$0.16 USD Hold'em No Limit - Level I (10/20) - 2024/11/30 14:52:06 CET [2024/11/30 8:52:06 ET]
Table '3828939640 1' 3-max Seat #1 is the button
Seat 1: DiegoDuartetga (500 in chips) 
Seat 2: KingKronk (500 in chips) 
Seat 3: Mahu2021 (500 in chips) 
KingKronk: posts small blind 10
Mahu2021: posts big blind 20
*** HOLE CARDS ***
Dealt to Mahu2021 [6s Tc]
DiegoDuartetga: folds 
KingKronk: calls 10
Mahu2021: checks 
*** FLOP *** [2h 4s 7s]
KingKronk: checks 
Mahu2021: checks 
*** TURN *** [2h 4s 7s] [9d]
KingKronk: checks 
Mahu2021: checks 
*** RIVER *** [2h 4s 7s 9d] [8c]
KingKronk: checks 
Mahu2021: bets 40
KingKronk: folds 
Uncalled bet (40) returned to Mahu2021
Mahu2021 collected 40 from pot
Mahu2021: doesn't show hand 
*** SUMMARY ***
Total pot 40 | Rake 0 
Board [2h 4s 7s 9d 8c]
Seat 1: DiegoDuartetga (button) folded before Flop (didn't bet)
Seat 2: KingKronk (small blind) folded on the River
Seat 3: Mahu2021 (big blind) collected (40)



PokerStars Hand #253637491924: Tournament #3828939640, $1.84+$0.16 USD Hold'em No Limit - Level I (10/20) - 2024/11/30 14:52:27 CET [2024/11/30 8:52:27 ET]
Table '3828939640 1' 3-max Seat #2 is the button
Seat 1: DiegoDuartetga (500 in chips) 
Seat 2: KingKronk (480 in chips) 
Seat 3: Mahu2021 (520 in chips) 
Mahu2021: posts small blind 10
DiegoDuartetga: posts big blind 20
*** HOLE CARDS ***
Dealt to Mahu2021 [Qc Qh]
KingKronk: folds 
Mahu2021: raises 500 to 520 and is all-in
DiegoDuartetga: calls 480 and is all-in
Uncalled bet (20) returned to Mahu2021
*** FLOP *** [9h 8d Kh]
*** TURN *** [9h 8d Kh] [Td]
*** RIVER *** [9h 8d Kh Td] [3h]
*** SHOW DOWN ***
Mahu2021: shows [Qc Qh] (a pair of Queens)
DiegoDuartetga: shows [2h Ac] (high card Ace)
Mahu2021 collected 1000 from pot
DiegoDuartetga finished the tournament in 3rd place
*** SUMMARY ***
Total pot 1000 | Rake 0 
Board [9h 8d Kh Td 3h]
Seat 1: DiegoDuartetga (big blind) showed [2h Ac] and lost with high card Ace
Seat 2: KingKronk (button) folded before Flop (didn't bet)
Seat 3: Mahu2021 (small blind) showed [Qc Qh] and won (1000) with a pair of Queens



PokerStars Hand #253637495995: Tournament #3828939640, $1.84+$0.16 USD Hold'em No Limit - Level I (10/20) - 2024/11/30 14:52:52 CET [2024/11/30 8:52:52 ET]
Table '3828939640 1' 3-max Seat #3 is the button
Seat 2: KingKronk (480 in chips) 
Seat 3: Mahu2021 (1020 in chips) 
Mahu2021: posts small blind 10
KingKronk: posts big blind 20
*** HOLE CARDS ***
Dealt to Mahu2021 [Jc 2h]
Mahu2021: folds 
Uncalled bet (10) returned to KingKronk
KingKronk collected 20 from pot
*** SUMMARY ***
Total pot 20 | Rake 0 
Seat 2: KingKronk (big blind) collected (20)
Seat 3: Mahu2021 (button) (small blind) folded before Flop



PokerStars Hand #253637496907: Tournament #3828939640, $1.84+$0.16 USD Hold'em No Limit - Level I (10/20) - 2024/11/30 14:52:58 CET [2024/11/30 8:52:58 ET]
Table '3828939640 1' 3-max Seat #2 is the button
Seat 2: KingKronk (490 in chips) 
Seat 3: Mahu2021 (1010 in chips) 
KingKronk: posts small blind 10
Mahu2021: posts big blind 20
*** HOLE CARDS ***
Dealt to Mahu2021 [6s 4d]
KingKronk: calls 10
Mahu2021: checks 
*** FLOP *** [Ac Td 7s]
Mahu2021: checks 
KingKronk: bets 40
Mahu2021: folds 
Uncalled bet (40) returned to KingKronk
KingKronk collected 40 from pot
*** SUMMARY ***
Total pot 40 | Rake 0 
Board [Ac Td 7s]
Seat 2: KingKronk (button) (small blind) collected (40)
Seat 3: Mahu2021 (big blind) folded on the Flop



PokerStars Hand #253637498525: Tournament #3828939640, $1.84+$0.16 USD Hold'em No Limit - Level I (10/20) - 2024/11/30 14:53:08 CET [2024/11/30 8:53:08 ET]
Table '3828939640 1' 3-max Seat #3 is the button
Seat 2: KingKronk (510 in chips) 
Seat 3: Mahu2021 (990 in chips) 
Mahu2021: posts small blind 10
KingKronk: posts big blind 20
*** HOLE CARDS ***
Dealt to Mahu2021 [Ac Qc]
Mahu2021: raises 40 to 60
KingKronk: folds 
Uncalled bet (40) returned to Mahu2021
Mahu2021 collected 40 from pot
Mahu2021: doesn't show hand 
*** SUMMARY ***
Total pot 40 | Rake 0 
Seat 2: KingKronk (big blind) folded before Flop
Seat 3: Mahu2021 (button) (small blind) collected (40)



PokerStars Hand #253637499687: Tournament #3828939640, $1.84+$0.16 USD Hold'em No Limit - Level I (10/20) - 2024/11/30 14:53:15 CET [2024/11/30 8:53:15 ET]
Table '3828939640 1' 3-max Seat #2 is the button
Seat 2: KingKronk (490 in chips) 
Seat 3: Mahu2021 (1010 in chips) 
KingKronk: posts small blind 10
Mahu2021: posts big blind 20
*** HOLE CARDS ***
Dealt to Mahu2021 [5c 8c]
KingKronk: calls 10
Mahu2021: checks 
*** FLOP *** [9d 5h 8s]
Mahu2021: checks 
KingKronk: checks 
*** TURN *** [9d 5h 8s] [9h]
Mahu2021: bets 20
KingKronk: folds 
Uncalled bet (20) returned to Mahu2021
Mahu2021 collected 40 from pot
Mahu2021: doesn't show hand 
*** SUMMARY ***
Total pot 40 | Rake 0 
Board [9d 5h 8s 9h]
Seat 2: KingKronk (button) (small blind) folded on the Turn
Seat 3: Mahu2021 (big blind) collected (40)



PokerStars Hand #253637501473: Tournament #3828939640, $1.84+$0.16 USD Hold'em No Limit - Level I (10/20) - 2024/11/30 14:53:26 CET [2024/11/30 8:53:26 ET]
Table '3828939640 1' 3-max Seat #3 is the button
Seat 2: KingKronk (470 in chips) 
Seat 3: Mahu2021 (1030 in chips) 
Mahu2021: posts small blind 10
KingKronk: posts big blind 20
*** HOLE CARDS ***
Dealt to Mahu2021 [Ts Jh]
Mahu2021: raises 40 to 60
KingKronk: folds 
Uncalled bet (40) returned to Mahu2021
Mahu2021 collected 40 from pot
Mahu2021: doesn't show hand 
*** SUMMARY ***
Total pot 40 | Rake 0 
Seat 2: KingKronk (big blind) folded before Flop
Seat 3: Mahu2021 (button) (small blind) collected (40)



PokerStars Hand #253637502756: Tournament #3828939640, $1.84+$0.16 USD Hold'em No Limit - Level I (10/20) - 2024/11/30 14:53:33 CET [2024/11/30 8:53:33 ET]
Table '3828939640 1' 3-max Seat #2 is the button
Seat 2: KingKronk (450 in chips) 
Seat 3: Mahu2021 (1050 in chips) 
KingKronk: posts small blind 10
Mahu2021: posts big blind 20
*** HOLE CARDS ***
Dealt to Mahu2021 [Qc 4h]
KingKronk: calls 10
Mahu2021: checks 
*** FLOP *** [Qs 9h 3h]
Mahu2021: checks 
KingKronk: checks 
*** TURN *** [Qs 9h 3h] [2d]
Mahu2021: bets 20
KingKronk: folds 
Uncalled bet (20) returned to Mahu2021
Mahu2021 collected 40 from pot
Mahu2021: doesn't show hand 
*** SUMMARY ***
Total pot 40 | Rake 0 
Board [Qs 9h 3h 2d]
Seat 2: KingKronk (button) (small blind) folded on the Turn
Seat 3: Mahu2021 (big blind) collected (40)



PokerStars Hand #253637504728: Tournament #3828939640, $1.84+$0.16 USD Hold'em No Limit - Level I (10/20) - 2024/11/30 14:53:45 CET [2024/11/30 8:53:45 ET]
Table '3828939640 1' 3-max Seat #3 is the button
Seat 2: KingKronk (430 in chips) 
Seat 3: Mahu2021 (1070 in chips) 
Mahu2021: posts small blind 10
KingKronk: posts big blind 20
*** HOLE CARDS ***
Dealt to Mahu2021 [Ts As]
Mahu2021: raises 40 to 60
KingKronk: calls 40
*** FLOP *** [9h Qc 6h]
KingKronk: checks 
Mahu2021: checks 
*** TURN *** [9h Qc 6h] [9d]
KingKronk: checks 
Mahu2021: checks 
*** RIVER *** [9h Qc 6h 9d] [Th]
KingKronk: bets 120
Mahu2021: calls 120
*** SHOW DOWN ***
KingKronk: shows [8h 9s] (three of a kind, Nines)
Mahu2021: mucks hand 
KingKronk collected 360 from pot
*** SUMMARY ***
Total pot 360 | Rake 0 
Board [9h Qc 6h 9d Th]
Seat 2: KingKronk (big blind) showed [8h 9s] and won (360) with three of a kind, Nines
Seat 3: Mahu2021 (button) (small blind) mucked [Ts As]



PokerStars Hand #253637507231: Tournament #3828939640, $1.84+$0.16 USD Hold'em No Limit - Level I (10/20) - 2024/11/30 14:54:00 CET [2024/11/30 8:54:00 ET]
Table '3828939640 1' 3-max Seat #2 is the button
Seat 2: KingKronk (610 in chips) 
Seat 3: Mahu2021 (890 in chips) 
KingKronk: posts small blind 10
Mahu2021: posts big blind 20
*** HOLE CARDS ***
Dealt to Mahu2021 [8c Jc]
KingKronk: calls 10
Mahu2021: checks 
*** FLOP *** [6s Td Ac]
Mahu2021: checks 
KingKronk: checks 
*** TURN *** [6s Td Ac] [4d]
Mahu2021: checks 
KingKronk: checks 
*** RIVER *** [6s Td Ac 4d] [4h]
Mahu2021: bets 20
KingKronk: folds 
Uncalled bet (20) returned to Mahu2021
Mahu2021 collected 40 from pot
Mahu2021: doesn't show hand 
*** SUMMARY ***
Total pot 40 | Rake 0 
Board [6s Td Ac 4d 4h]
Seat 2: KingKronk (button) (small blind) folded on the River
Seat 3: Mahu2021 (big blind) collected (40)



PokerStars Hand #253637510376: Tournament #3828939640, $1.84+$0.16 USD Hold'em No Limit - Level II (15/30) - 2024/11/30 14:54:19 CET [2024/11/30 8:54:19 ET]
Table '3828939640 1' 3-max Seat #3 is the button
Seat 2: KingKronk (590 in chips) 
Seat 3: Mahu2021 (910 in chips) 
Mahu2021: posts small blind 15
KingKronk: posts big blind 30
*** HOLE CARDS ***
Dealt to Mahu2021 [3d Qs]
Mahu2021: raises 60 to 90
KingKronk: calls 60
*** FLOP *** [Jd 2d 7d]
KingKronk: checks 
Mahu2021: bets 90
KingKronk: calls 90
*** TURN *** [Jd 2d 7d] [8c]
KingKronk: checks 
Mahu2021: bets 90
KingKronk: calls 90
*** RIVER *** [Jd 2d 7d 8c] [5d]
KingKronk: bets 270
Mahu2021: calls 270
*** SHOW DOWN ***
KingKronk: shows [9s Kd] (a flush, King high)
Mahu2021: mucks hand 
KingKronk collected 1080 from pot
*** SUMMARY ***
Total pot 1080 | Rake 0 
Board [Jd 2d 7d 8c 5d]
Seat 2: KingKronk (big blind) showed [9s Kd] and won (1080) with a flush, King high
Seat 3: Mahu2021 (button) (small blind) mucked [3d Qs]



PokerStars Hand #253637513978: Tournament #3828939640, $1.84+$0.16 USD Hold'em No Limit - Level II (15/30) - 2024/11/30 14:54:41 CET [2024/11/30 8:54:41 ET]
Table '3828939640 1' 3-max Seat #2 is the button
Seat 2: KingKronk (1130 in chips) 
Seat 3: Mahu2021 (370 in chips) 
KingKronk: posts small blind 15
Mahu2021: posts big blind 30
*** HOLE CARDS ***
Dealt to Mahu2021 [Th Ac]
KingKronk: raises 30 to 60
Mahu2021: raises 310 to 370 and is all-in
KingKronk: calls 310
*** FLOP *** [8d 7h 4s]
*** TURN *** [8d 7h 4s] [Qs]
*** RIVER *** [8d 7h 4s Qs] [Kc]
*** SHOW DOWN ***
Mahu2021: shows [Th Ac] (high card Ace)
KingKronk: shows [Kd Td] (a pair of Kings)
KingKronk collected 740 from pot
Mahu2021 finished the tournament in 2nd place
KingKronk wins the tournament and receives $4.00 - congratulations!
*** SUMMARY ***
Total pot 740 | Rake 0 
Board [8d 7h 4s Qs Kc]
Seat 2: KingKronk (button) (small blind) showed [Kd Td] and won (740) with a pair of Kings
Seat 3: Mahu2021 (big blind) showed [Th Ac] and lost with high card Ace



