PokerStars Hand #249469759650: Tournament #3730019390, $1.84+$0.16 USD Hold'em No Limit - Level I (10/20) - 2024/03/17 15:15:35 CET [2024/03/17 10:15:35 ET]
Table '3730019390 1' 3-max Seat #1 is the button
Seat 1: Max Rage (500 in chips) 
Seat 2: Mahu2021 (500 in chips) 
Seat 3: Hasensuppe (500 in chips) 
Mahu2021: posts small blind 10
Hasensuppe: posts big blind 20
*** HOLE CARDS ***
Dealt to Mahu2021 [4d 3s]
Max Rage: raises 20 to 40
Mahu2021: folds 
Hasensuppe: folds 
Uncalled bet (20) returned to Max Rage
Max Rage collected 50 from pot
Max Rage: doesn't show hand 
*** SUMMARY ***
Total pot 50 | Rake 0 
Seat 1: Max Rage (button) collected (50)
Seat 2: Mahu2021 (small blind) folded before Flop
Seat 3: Hasensuppe (big blind) folded before Flop



PokerStars Hand #249469761777: Tournament #3730019390, $1.84+$0.16 USD Hold'em No Limit - Level I (10/20) - 2024/03/17 15:15:44 CET [2024/03/17 10:15:44 ET]
Table '3730019390 1' 3-max Seat #2 is the button
Seat 1: Max Rage (530 in chips) 
Seat 2: Mahu2021 (490 in chips) 
Seat 3: Hasensuppe (480 in chips) 
Hasensuppe: posts small blind 10
Max Rage: posts big blind 20
*** HOLE CARDS ***
Dealt to Mahu2021 [3s 5c]
Mahu2021: folds 
Hasensuppe: calls 10
Max Rage: raises 40 to 60
Hasensuppe: calls 40
*** FLOP *** [5d 2c Th]
Hasensuppe: checks 
Max Rage: checks 
*** TURN *** [5d 2c Th] [Jd]
Hasensuppe: bets 20
Max Rage: calls 20
*** RIVER *** [5d 2c Th Jd] [Kd]
Hasensuppe: bets 60
Max Rage: calls 60
*** SHOW DOWN ***
Hasensuppe: shows [Qh 9h] (a straight, Nine to King)
Max Rage: mucks hand 
Hasensuppe collected 280 from pot
*** SUMMARY ***
Total pot 280 | Rake 0 
Board [5d 2c Th Jd Kd]
Seat 1: Max Rage (big blind) mucked [Qc Kc]
Seat 2: Mahu2021 (button) folded before Flop (didn't bet)
Seat 3: Hasensuppe (small blind) showed [Qh 9h] and won (280) with a straight, Nine to King



PokerStars Hand #249469769052: Tournament #3730019390, $1.84+$0.16 USD Hold'em No Limit - Level I (10/20) - 2024/03/17 15:16:15 CET [2024/03/17 10:16:15 ET]
Table '3730019390 1' 3-max Seat #3 is the button
Seat 1: Max Rage (390 in chips) 
Seat 2: Mahu2021 (490 in chips) 
Seat 3: Hasensuppe (620 in chips) 
Max Rage: posts small blind 10
Mahu2021: posts big blind 20
*** HOLE CARDS ***
Dealt to Mahu2021 [Qs 3s]
Hasensuppe: folds 
Max Rage: calls 10
Mahu2021: checks 
*** FLOP *** [Kd Jd Th]
Max Rage: checks 
Mahu2021: bets 40
Max Rage: folds 
Uncalled bet (40) returned to Mahu2021
Mahu2021 collected 40 from pot
Mahu2021: doesn't show hand 
*** SUMMARY ***
Total pot 40 | Rake 0 
Board [Kd Jd Th]
Seat 1: Max Rage (small blind) folded on the Flop
Seat 2: Mahu2021 (big blind) collected (40)
Seat 3: Hasensuppe (button) folded before Flop (didn't bet)



PokerStars Hand #249469772486: Tournament #3730019390, $1.84+$0.16 USD Hold'em No Limit - Level I (10/20) - 2024/03/17 15:16:29 CET [2024/03/17 10:16:29 ET]
Table '3730019390 1' 3-max Seat #1 is the button
Seat 1: Max Rage (370 in chips) 
Seat 2: Mahu2021 (510 in chips) 
Seat 3: Hasensuppe (620 in chips) 
Mahu2021: posts small blind 10
Hasensuppe: posts big blind 20
*** HOLE CARDS ***
Dealt to Mahu2021 [3h 9c]
Max Rage: folds 
Mahu2021: folds 
Uncalled bet (10) returned to Hasensuppe
Hasensuppe collected 20 from pot
Hasensuppe: doesn't show hand 
*** SUMMARY ***
Total pot 20 | Rake 0 
Seat 1: Max Rage (button) folded before Flop (didn't bet)
Seat 2: Mahu2021 (small blind) folded before Flop
Seat 3: Hasensuppe (big blind) collected (20)



PokerStars Hand #249469773825: Tournament #3730019390, $1.84+$0.16 USD Hold'em No Limit - Level I (10/20) - 2024/03/17 15:16:34 CET [2024/03/17 10:16:34 ET]
Table '3730019390 1' 3-max Seat #2 is the button
Seat 1: Max Rage (370 in chips) 
Seat 2: Mahu2021 (500 in chips) 
Seat 3: Hasensuppe (630 in chips) 
Hasensuppe: posts small blind 10
Max Rage: posts big blind 20
*** HOLE CARDS ***
Dealt to Mahu2021 [7s Ts]
Mahu2021: calls 20
Hasensuppe: raises 20 to 40
Max Rage: folds 
Mahu2021: calls 20
*** FLOP *** [Jd 6s Jc]
Hasensuppe: checks 
Mahu2021: checks 
*** TURN *** [Jd 6s Jc] [6h]
Hasensuppe: bets 20
Mahu2021: folds 
Uncalled bet (20) returned to Hasensuppe
Hasensuppe collected 100 from pot
Hasensuppe: doesn't show hand 
*** SUMMARY ***
Total pot 100 | Rake 0 
Board [Jd 6s Jc 6h]
Seat 1: Max Rage (big blind) folded before Flop
Seat 2: Mahu2021 (button) folded on the Turn
Seat 3: Hasensuppe (small blind) collected (100)



PokerStars Hand #249469777441: Tournament #3730019390, $1.84+$0.16 USD Hold'em No Limit - Level I (10/20) - 2024/03/17 15:16:50 CET [2024/03/17 10:16:50 ET]
Table '3730019390 1' 3-max Seat #3 is the button
Seat 1: Max Rage (350 in chips) 
Seat 2: Mahu2021 (460 in chips) 
Seat 3: Hasensuppe (690 in chips) 
Max Rage: posts small blind 10
Mahu2021: posts big blind 20
*** HOLE CARDS ***
Dealt to Mahu2021 [Td Kc]
Hasensuppe: folds 
Max Rage: raises 20 to 40
Mahu2021: calls 20
*** FLOP *** [3c Jc Ad]
Max Rage: checks 
Mahu2021: checks 
*** TURN *** [3c Jc Ad] [Ts]
Max Rage: checks 
Mahu2021: bets 40
Max Rage: calls 40
*** RIVER *** [3c Jc Ad Ts] [5h]
Max Rage: checks 
Mahu2021: checks 
*** SHOW DOWN ***
Max Rage: shows [Ks 2h] (high card Ace)
Mahu2021: shows [Td Kc] (a pair of Tens)
Mahu2021 collected 160 from pot
*** SUMMARY ***
Total pot 160 | Rake 0 
Board [3c Jc Ad Ts 5h]
Seat 1: Max Rage (small blind) showed [Ks 2h] and lost with high card Ace
Seat 2: Mahu2021 (big blind) showed [Td Kc] and won (160) with a pair of Tens
Seat 3: Hasensuppe (button) folded before Flop (didn't bet)



PokerStars Hand #249469783524: Tournament #3730019390, $1.84+$0.16 USD Hold'em No Limit - Level I (10/20) - 2024/03/17 15:17:15 CET [2024/03/17 10:17:15 ET]
Table '3730019390 1' 3-max Seat #1 is the button
Seat 1: Max Rage (270 in chips) 
Seat 2: Mahu2021 (540 in chips) 
Seat 3: Hasensuppe (690 in chips) 
Mahu2021: posts small blind 10
Hasensuppe: posts big blind 20
*** HOLE CARDS ***
Dealt to Mahu2021 [As 8d]
Max Rage: raises 20 to 40
Mahu2021: calls 30
Hasensuppe: raises 40 to 80
Max Rage: calls 40
Mahu2021: folds 
*** FLOP *** [2s 7c Ts]
Hasensuppe: bets 100
Max Rage: raises 90 to 190 and is all-in
Hasensuppe: calls 90
*** TURN *** [2s 7c Ts] [Ac]
*** RIVER *** [2s 7c Ts Ac] [Ks]
*** SHOW DOWN ***
Hasensuppe: shows [Kc Kh] (three of a kind, Kings)
Max Rage: shows [7h 9c] (a pair of Sevens)
Hasensuppe collected 580 from pot
Max Rage finished the tournament in 3rd place
*** SUMMARY ***
Total pot 580 | Rake 0 
Board [2s 7c Ts Ac Ks]
Seat 1: Max Rage (button) showed [7h 9c] and lost with a pair of Sevens
Seat 2: Mahu2021 (small blind) folded before Flop
Seat 3: Hasensuppe (big blind) showed [Kc Kh] and won (580) with three of a kind, Kings



PokerStars Hand #249469794302: Tournament #3730019390, $1.84+$0.16 USD Hold'em No Limit - Level I (10/20) - 2024/03/17 15:18:00 CET [2024/03/17 10:18:00 ET]
Table '3730019390 1' 3-max Seat #3 is the button
Seat 2: Mahu2021 (500 in chips) 
Seat 3: Hasensuppe (1000 in chips) 
Hasensuppe: posts small blind 10
Mahu2021: posts big blind 20
*** HOLE CARDS ***
Dealt to Mahu2021 [Kd As]
Hasensuppe: calls 10
Mahu2021: raises 60 to 80
Hasensuppe: folds 
Uncalled bet (60) returned to Mahu2021
Mahu2021 collected 40 from pot
Mahu2021: doesn't show hand 
*** SUMMARY ***
Total pot 40 | Rake 0 
Seat 2: Mahu2021 (big blind) collected (40)
Seat 3: Hasensuppe (button) (small blind) folded before Flop



PokerStars Hand #249469796025: Tournament #3730019390, $1.84+$0.16 USD Hold'em No Limit - Level I (10/20) - 2024/03/17 15:18:07 CET [2024/03/17 10:18:07 ET]
Table '3730019390 1' 3-max Seat #2 is the button
Seat 2: Mahu2021 (520 in chips) 
Seat 3: Hasensuppe (980 in chips) 
Mahu2021: posts small blind 10
Hasensuppe: posts big blind 20
*** HOLE CARDS ***
Dealt to Mahu2021 [9c 5s]
Mahu2021: folds 
Uncalled bet (10) returned to Hasensuppe
Hasensuppe collected 20 from pot
Hasensuppe: doesn't show hand 
*** SUMMARY ***
Total pot 20 | Rake 0 
Seat 2: Mahu2021 (button) (small blind) folded before Flop
Seat 3: Hasensuppe (big blind) collected (20)



PokerStars Hand #249469797177: Tournament #3730019390, $1.84+$0.16 USD Hold'em No Limit - Level I (10/20) - 2024/03/17 15:18:12 CET [2024/03/17 10:18:12 ET]
Table '3730019390 1' 3-max Seat #3 is the button
Seat 2: Mahu2021 (510 in chips) 
Seat 3: Hasensuppe (990 in chips) 
Hasensuppe: posts small blind 10
Mahu2021: posts big blind 20
*** HOLE CARDS ***
Dealt to Mahu2021 [9h Qs]
Hasensuppe: raises 20 to 40
Mahu2021: calls 20
*** FLOP *** [5h 2s 5s]
Mahu2021: checks 
Hasensuppe: checks 
*** TURN *** [5h 2s 5s] [8d]
Mahu2021: checks 
Hasensuppe: checks 
*** RIVER *** [5h 2s 5s 8d] [3c]
Mahu2021: checks 
Hasensuppe: checks 
*** SHOW DOWN ***
Mahu2021: shows [9h Qs] (a pair of Fives)
Hasensuppe: shows [As 6c] (a pair of Fives - Ace kicker)
Hasensuppe collected 80 from pot
*** SUMMARY ***
Total pot 80 | Rake 0 
Board [5h 2s 5s 8d 3c]
Seat 2: Mahu2021 (big blind) showed [9h Qs] and lost with a pair of Fives
Seat 3: Hasensuppe (button) (small blind) showed [As 6c] and won (80) with a pair of Fives



PokerStars Hand #249469799998: Tournament #3730019390, $1.84+$0.16 USD Hold'em No Limit - Level I (10/20) - 2024/03/17 15:18:23 CET [2024/03/17 10:18:23 ET]
Table '3730019390 1' 3-max Seat #2 is the button
Seat 2: Mahu2021 (470 in chips) 
Seat 3: Hasensuppe (1030 in chips) 
Mahu2021: posts small blind 10
Hasensuppe: posts big blind 20
*** HOLE CARDS ***
Dealt to Mahu2021 [4c Ah]
Mahu2021: raises 20 to 40
Hasensuppe: folds 
Uncalled bet (20) returned to Mahu2021
Mahu2021 collected 40 from pot
Mahu2021: doesn't show hand 
*** SUMMARY ***
Total pot 40 | Rake 0 
Seat 2: Mahu2021 (button) (small blind) collected (40)
Seat 3: Hasensuppe (big blind) folded before Flop



PokerStars Hand #249469801309: Tournament #3730019390, $1.84+$0.16 USD Hold'em No Limit - Level I (10/20) - 2024/03/17 15:18:29 CET [2024/03/17 10:18:29 ET]
Table '3730019390 1' 3-max Seat #3 is the button
Seat 2: Mahu2021 (490 in chips) 
Seat 3: Hasensuppe (1010 in chips) 
Hasensuppe: posts small blind 10
Mahu2021: posts big blind 20
*** HOLE CARDS ***
Dealt to Mahu2021 [Qc 8h]
Hasensuppe: raises 20 to 40
Mahu2021: calls 20
*** FLOP *** [7s Jc 5s]
Mahu2021: checks 
Hasensuppe: checks 
*** TURN *** [7s Jc 5s] [8s]
Mahu2021: bets 40
Hasensuppe: folds 
Uncalled bet (40) returned to Mahu2021
Mahu2021 collected 80 from pot
Mahu2021: doesn't show hand 
*** SUMMARY ***
Total pot 80 | Rake 0 
Board [7s Jc 5s 8s]
Seat 2: Mahu2021 (big blind) collected (80)
Seat 3: Hasensuppe (button) (small blind) folded on the Turn



PokerStars Hand #249469805153: Tournament #3730019390, $1.84+$0.16 USD Hold'em No Limit - Level II (15/30) - 2024/03/17 15:18:45 CET [2024/03/17 10:18:45 ET]
Table '3730019390 1' 3-max Seat #2 is the button
Seat 2: Mahu2021 (530 in chips) 
Seat 3: Hasensuppe (970 in chips) 
Mahu2021: posts small blind 15
Hasensuppe: posts big blind 30
*** HOLE CARDS ***
Dealt to Mahu2021 [Jh Qh]
Mahu2021: raises 30 to 60
Hasensuppe: calls 30
*** FLOP *** [3h Js 5d]
Hasensuppe: bets 30
Mahu2021: calls 30
*** TURN *** [3h Js 5d] [4h]
Hasensuppe: bets 30
Mahu2021: raises 90 to 120
Hasensuppe: calls 90
*** RIVER *** [3h Js 5d 4h] [5c]
Hasensuppe: checks 
Mahu2021: checks 
*** SHOW DOWN ***
Hasensuppe: shows [6c 3c] (two pair, Fives and Threes)
Mahu2021: shows [Jh Qh] (two pair, Jacks and Fives)
Mahu2021 collected 420 from pot
*** SUMMARY ***
Total pot 420 | Rake 0 
Board [3h Js 5d 4h 5c]
Seat 2: Mahu2021 (button) (small blind) showed [Jh Qh] and won (420) with two pair, Jacks and Fives
Seat 3: Hasensuppe (big blind) showed [6c 3c] and lost with two pair, Fives and Threes



PokerStars Hand #249469811981: Tournament #3730019390, $1.84+$0.16 USD Hold'em No Limit - Level II (15/30) - 2024/03/17 15:19:13 CET [2024/03/17 10:19:13 ET]
Table '3730019390 1' 3-max Seat #3 is the button
Seat 2: Mahu2021 (740 in chips) 
Seat 3: Hasensuppe (760 in chips) 
Hasensuppe: posts small blind 15
Mahu2021: posts big blind 30
*** HOLE CARDS ***
Dealt to Mahu2021 [Qc 4d]
Hasensuppe: raises 30 to 60
Mahu2021: calls 30
*** FLOP *** [4c 6c Kd]
Mahu2021: checks 
Hasensuppe: bets 30
Mahu2021: calls 30
*** TURN *** [4c 6c Kd] [5h]
Mahu2021: checks 
Hasensuppe: bets 60
Mahu2021: folds 
Uncalled bet (60) returned to Hasensuppe
Hasensuppe collected 180 from pot
Hasensuppe: doesn't show hand 
*** SUMMARY ***
Total pot 180 | Rake 0 
Board [4c 6c Kd 5h]
Seat 2: Mahu2021 (big blind) folded on the Turn
Seat 3: Hasensuppe (button) (small blind) collected (180)



PokerStars Hand #249469815555: Tournament #3730019390, $1.84+$0.16 USD Hold'em No Limit - Level II (15/30) - 2024/03/17 15:19:28 CET [2024/03/17 10:19:28 ET]
Table '3730019390 1' 3-max Seat #2 is the button
Seat 2: Mahu2021 (650 in chips) 
Seat 3: Hasensuppe (850 in chips) 
Mahu2021: posts small blind 15
Hasensuppe: posts big blind 30
*** HOLE CARDS ***
Dealt to Mahu2021 [5c 5d]
Mahu2021: raises 30 to 60
Hasensuppe: calls 30
*** FLOP *** [Ah Jc Ac]
Hasensuppe: bets 30
Mahu2021: calls 30
*** TURN *** [Ah Jc Ac] [9d]
Hasensuppe: bets 30
Mahu2021: calls 30
*** RIVER *** [Ah Jc Ac 9d] [7h]
Hasensuppe: checks 
Mahu2021: checks 
*** SHOW DOWN ***
Hasensuppe: shows [6c Qc] (a pair of Aces)
Mahu2021: shows [5c 5d] (two pair, Aces and Fives)
Mahu2021 collected 240 from pot
*** SUMMARY ***
Total pot 240 | Rake 0 
Board [Ah Jc Ac 9d 7h]
Seat 2: Mahu2021 (button) (small blind) showed [5c 5d] and won (240) with two pair, Aces and Fives
Seat 3: Hasensuppe (big blind) showed [6c Qc] and lost with a pair of Aces



PokerStars Hand #249469818772: Tournament #3730019390, $1.84+$0.16 USD Hold'em No Limit - Level II (15/30) - 2024/03/17 15:19:41 CET [2024/03/17 10:19:41 ET]
Table '3730019390 1' 3-max Seat #3 is the button
Seat 2: Mahu2021 (770 in chips) 
Seat 3: Hasensuppe (730 in chips) 
Hasensuppe: posts small blind 15
Mahu2021: posts big blind 30
*** HOLE CARDS ***
Dealt to Mahu2021 [8c 5h]
Hasensuppe: folds 
Uncalled bet (15) returned to Mahu2021
Mahu2021 collected 30 from pot
Mahu2021: doesn't show hand 
*** SUMMARY ***
Total pot 30 | Rake 0 
Seat 2: Mahu2021 (big blind) collected (30)
Seat 3: Hasensuppe (button) (small blind) folded before Flop



PokerStars Hand #249469819792: Tournament #3730019390, $1.84+$0.16 USD Hold'em No Limit - Level II (15/30) - 2024/03/17 15:19:45 CET [2024/03/17 10:19:45 ET]
Table '3730019390 1' 3-max Seat #2 is the button
Seat 2: Mahu2021 (785 in chips) 
Seat 3: Hasensuppe (715 in chips) 
Mahu2021: posts small blind 15
Hasensuppe: posts big blind 30
*** HOLE CARDS ***
Dealt to Mahu2021 [3h Jd]
Mahu2021: calls 15
Hasensuppe: checks 
*** FLOP *** [6s 6c 4s]
Hasensuppe: checks 
Mahu2021: checks 
*** TURN *** [6s 6c 4s] [7h]
Hasensuppe: bets 30
Mahu2021: folds 
Uncalled bet (30) returned to Hasensuppe
Hasensuppe collected 60 from pot
Hasensuppe: doesn't show hand 
*** SUMMARY ***
Total pot 60 | Rake 0 
Board [6s 6c 4s 7h]
Seat 2: Mahu2021 (button) (small blind) folded on the Turn
Seat 3: Hasensuppe (big blind) collected (60)



PokerStars Hand #249469822366: Tournament #3730019390, $1.84+$0.16 USD Hold'em No Limit - Level II (15/30) - 2024/03/17 15:19:56 CET [2024/03/17 10:19:56 ET]
Table '3730019390 1' 3-max Seat #3 is the button
Seat 2: Mahu2021 (755 in chips) 
Seat 3: Hasensuppe (745 in chips) 
Hasensuppe: posts small blind 15
Mahu2021: posts big blind 30
*** HOLE CARDS ***
Dealt to Mahu2021 [Kd 6h]
Hasensuppe: calls 15
Mahu2021: checks 
*** FLOP *** [Tc 6d 7h]
Mahu2021: checks 
Hasensuppe: bets 30
Mahu2021: calls 30
*** TURN *** [Tc 6d 7h] [9c]
Mahu2021: checks 
Hasensuppe: bets 30
Mahu2021: calls 30
*** RIVER *** [Tc 6d 7h 9c] [4c]
Mahu2021: checks 
Hasensuppe: bets 60
Mahu2021: folds 
Uncalled bet (60) returned to Hasensuppe
Hasensuppe collected 180 from pot
Hasensuppe: doesn't show hand 
*** SUMMARY ***
Total pot 180 | Rake 0 
Board [Tc 6d 7h 9c 4c]
Seat 2: Mahu2021 (big blind) folded on the River
Seat 3: Hasensuppe (button) (small blind) collected (180)



PokerStars Hand #249469826506: Tournament #3730019390, $1.84+$0.16 USD Hold'em No Limit - Level II (15/30) - 2024/03/17 15:20:13 CET [2024/03/17 10:20:13 ET]
Table '3730019390 1' 3-max Seat #2 is the button
Seat 2: Mahu2021 (665 in chips) 
Seat 3: Hasensuppe (835 in chips) 
Mahu2021: posts small blind 15
Hasensuppe: posts big blind 30
*** HOLE CARDS ***
Dealt to Mahu2021 [Tc Jh]
Mahu2021: raises 30 to 60
Hasensuppe: folds 
Uncalled bet (30) returned to Mahu2021
Mahu2021 collected 60 from pot
Mahu2021: doesn't show hand 
*** SUMMARY ***
Total pot 60 | Rake 0 
Seat 2: Mahu2021 (button) (small blind) collected (60)
Seat 3: Hasensuppe (big blind) folded before Flop



PokerStars Hand #249469827946: Tournament #3730019390, $1.84+$0.16 USD Hold'em No Limit - Level II (15/30) - 2024/03/17 15:20:19 CET [2024/03/17 10:20:19 ET]
Table '3730019390 1' 3-max Seat #3 is the button
Seat 2: Mahu2021 (695 in chips) 
Seat 3: Hasensuppe (805 in chips) 
Hasensuppe: posts small blind 15
Mahu2021: posts big blind 30
*** HOLE CARDS ***
Dealt to Mahu2021 [Kh 9h]
Hasensuppe: raises 30 to 60
Mahu2021: calls 30
*** FLOP *** [3c 8c Jc]
Mahu2021: checks 
Hasensuppe: checks 
*** TURN *** [3c 8c Jc] [Ks]
Mahu2021: checks 
Hasensuppe: checks 
*** RIVER *** [3c 8c Jc Ks] [Jh]
Mahu2021: bets 60
Hasensuppe: folds 
Uncalled bet (60) returned to Mahu2021
Mahu2021 collected 120 from pot
Mahu2021: doesn't show hand 
*** SUMMARY ***
Total pot 120 | Rake 0 
Board [3c 8c Jc Ks Jh]
Seat 2: Mahu2021 (big blind) collected (120)
Seat 3: Hasensuppe (button) (small blind) folded on the River



PokerStars Hand #249469831015: Tournament #3730019390, $1.84+$0.16 USD Hold'em No Limit - Level II (15/30) - 2024/03/17 15:20:32 CET [2024/03/17 10:20:32 ET]
Table '3730019390 1' 3-max Seat #2 is the button
Seat 2: Mahu2021 (755 in chips) 
Seat 3: Hasensuppe (745 in chips) 
Mahu2021: posts small blind 15
Hasensuppe: posts big blind 30
*** HOLE CARDS ***
Dealt to Mahu2021 [Th 3h]
Mahu2021: calls 15
Hasensuppe: checks 
*** FLOP *** [Ah 6h 4d]
Hasensuppe: bets 30
Mahu2021: calls 30
*** TURN *** [Ah 6h 4d] [Ts]
Hasensuppe: checks 
Mahu2021: bets 30
Hasensuppe: calls 30
*** RIVER *** [Ah 6h 4d Ts] [8d]
Hasensuppe: checks 
Mahu2021: checks 
*** SHOW DOWN ***
Hasensuppe: shows [5h 6s] (a pair of Sixes)
Mahu2021: shows [Th 3h] (a pair of Tens)
Mahu2021 collected 180 from pot
*** SUMMARY ***
Total pot 180 | Rake 0 
Board [Ah 6h 4d Ts 8d]
Seat 2: Mahu2021 (button) (small blind) showed [Th 3h] and won (180) with a pair of Tens
Seat 3: Hasensuppe (big blind) showed [5h 6s] and lost with a pair of Sixes



PokerStars Hand #249469834382: Tournament #3730019390, $1.84+$0.16 USD Hold'em No Limit - Level II (15/30) - 2024/03/17 15:20:45 CET [2024/03/17 10:20:45 ET]
Table '3730019390 1' 3-max Seat #3 is the button
Seat 2: Mahu2021 (845 in chips) 
Seat 3: Hasensuppe (655 in chips) 
Hasensuppe: posts small blind 15
Mahu2021: posts big blind 30
*** HOLE CARDS ***
Dealt to Mahu2021 [8s 2c]
Hasensuppe: raises 30 to 60
Mahu2021: folds 
Uncalled bet (30) returned to Hasensuppe
Hasensuppe collected 60 from pot
Hasensuppe: doesn't show hand 
*** SUMMARY ***
Total pot 60 | Rake 0 
Seat 2: Mahu2021 (big blind) folded before Flop
Seat 3: Hasensuppe (button) (small blind) collected (60)



PokerStars Hand #249469835473: Tournament #3730019390, $1.84+$0.16 USD Hold'em No Limit - Level II (15/30) - 2024/03/17 15:20:50 CET [2024/03/17 10:20:50 ET]
Table '3730019390 1' 3-max Seat #2 is the button
Seat 2: Mahu2021 (815 in chips) 
Seat 3: Hasensuppe (685 in chips) 
Mahu2021: posts small blind 15
Hasensuppe: posts big blind 30
*** HOLE CARDS ***
Dealt to Mahu2021 [5d Jd]
Mahu2021: raises 30 to 60
Hasensuppe: calls 30
*** FLOP *** [As 6h 6d]
Hasensuppe: checks 
Mahu2021: checks 
*** TURN *** [As 6h 6d] [8c]
Hasensuppe: bets 30
Mahu2021: folds 
Uncalled bet (30) returned to Hasensuppe
Hasensuppe collected 120 from pot
Hasensuppe: doesn't show hand 
*** SUMMARY ***
Total pot 120 | Rake 0 
Board [As 6h 6d 8c]
Seat 2: Mahu2021 (button) (small blind) folded on the Turn
Seat 3: Hasensuppe (big blind) collected (120)



PokerStars Hand #249469838068: Tournament #3730019390, $1.84+$0.16 USD Hold'em No Limit - Level II (15/30) - 2024/03/17 15:21:00 CET [2024/03/17 10:21:00 ET]
Table '3730019390 1' 3-max Seat #3 is the button
Seat 2: Mahu2021 (755 in chips) 
Seat 3: Hasensuppe (745 in chips) 
Hasensuppe: posts small blind 15
Mahu2021: posts big blind 30
*** HOLE CARDS ***
Dealt to Mahu2021 [5s Jh]
Hasensuppe: raises 30 to 60
Mahu2021: calls 30
*** FLOP *** [Jd 2h Th]
Mahu2021: checks 
Hasensuppe: checks 
*** TURN *** [Jd 2h Th] [4c]
Mahu2021: bets 30
Hasensuppe: folds 
Uncalled bet (30) returned to Mahu2021
Mahu2021 collected 120 from pot
Mahu2021: doesn't show hand 
*** SUMMARY ***
Total pot 120 | Rake 0 
Board [Jd 2h Th 4c]
Seat 2: Mahu2021 (big blind) collected (120)
Seat 3: Hasensuppe (button) (small blind) folded on the Turn



PokerStars Hand #249469840658: Tournament #3730019390, $1.84+$0.16 USD Hold'em No Limit - Level II (15/30) - 2024/03/17 15:21:11 CET [2024/03/17 10:21:11 ET]
Table '3730019390 1' 3-max Seat #2 is the button
Seat 2: Mahu2021 (815 in chips) 
Seat 3: Hasensuppe (685 in chips) 
Mahu2021: posts small blind 15
Hasensuppe: posts big blind 30
*** HOLE CARDS ***
Dealt to Mahu2021 [Ad Jd]
Mahu2021: raises 30 to 60
Hasensuppe: folds 
Uncalled bet (30) returned to Mahu2021
Mahu2021 collected 60 from pot
Mahu2021: doesn't show hand 
*** SUMMARY ***
Total pot 60 | Rake 0 
Seat 2: Mahu2021 (button) (small blind) collected (60)
Seat 3: Hasensuppe (big blind) folded before Flop



PokerStars Hand #249469842127: Tournament #3730019390, $1.84+$0.16 USD Hold'em No Limit - Level II (15/30) - 2024/03/17 15:21:18 CET [2024/03/17 10:21:18 ET]
Table '3730019390 1' 3-max Seat #3 is the button
Seat 2: Mahu2021 (845 in chips) 
Seat 3: Hasensuppe (655 in chips) 
Hasensuppe: posts small blind 15
Mahu2021: posts big blind 30
*** HOLE CARDS ***
Dealt to Mahu2021 [3s Qc]
Hasensuppe: folds 
Uncalled bet (15) returned to Mahu2021
Mahu2021 collected 30 from pot
Mahu2021: doesn't show hand 
*** SUMMARY ***
Total pot 30 | Rake 0 
Seat 2: Mahu2021 (big blind) collected (30)
Seat 3: Hasensuppe (button) (small blind) folded before Flop



PokerStars Hand #249469843031: Tournament #3730019390, $1.84+$0.16 USD Hold'em No Limit - Level II (15/30) - 2024/03/17 15:21:21 CET [2024/03/17 10:21:21 ET]
Table '3730019390 1' 3-max Seat #2 is the button
Seat 2: Mahu2021 (860 in chips) 
Seat 3: Hasensuppe (640 in chips) 
Mahu2021: posts small blind 15
Hasensuppe: posts big blind 30
*** HOLE CARDS ***
Dealt to Mahu2021 [2h Qd]
Mahu2021: calls 15
Hasensuppe: checks 
*** FLOP *** [Tc Kd Ah]
Hasensuppe: bets 30
Mahu2021: calls 30
*** TURN *** [Tc Kd Ah] [2d]
Hasensuppe: checks 
Mahu2021: bets 30
Hasensuppe: folds 
Uncalled bet (30) returned to Mahu2021
Mahu2021 collected 120 from pot
Mahu2021: doesn't show hand 
*** SUMMARY ***
Total pot 120 | Rake 0 
Board [Tc Kd Ah 2d]
Seat 2: Mahu2021 (button) (small blind) collected (120)
Seat 3: Hasensuppe (big blind) folded on the Turn



PokerStars Hand #249469846160: Tournament #3730019390, $1.84+$0.16 USD Hold'em No Limit - Level II (15/30) - 2024/03/17 15:21:34 CET [2024/03/17 10:21:34 ET]
Table '3730019390 1' 3-max Seat #3 is the button
Seat 2: Mahu2021 (920 in chips) 
Seat 3: Hasensuppe (580 in chips) 
Hasensuppe: posts small blind 15
Mahu2021: posts big blind 30
*** HOLE CARDS ***
Dealt to Mahu2021 [Jd Tc]
Hasensuppe: folds 
Uncalled bet (15) returned to Mahu2021
Mahu2021 collected 30 from pot
Mahu2021: doesn't show hand 
*** SUMMARY ***
Total pot 30 | Rake 0 
Seat 2: Mahu2021 (big blind) collected (30)
Seat 3: Hasensuppe (button) (small blind) folded before Flop



PokerStars Hand #249469847782: Tournament #3730019390, $1.84+$0.16 USD Hold'em No Limit - Level III (20/40) - 2024/03/17 15:21:40 CET [2024/03/17 10:21:40 ET]
Table '3730019390 1' 3-max Seat #2 is the button
Seat 2: Mahu2021 (935 in chips) 
Seat 3: Hasensuppe (565 in chips) 
Mahu2021: posts small blind 20
Hasensuppe: posts big blind 40
*** HOLE CARDS ***
Dealt to Mahu2021 [Kh Kc]
Mahu2021: raises 895 to 935 and is all-in
Hasensuppe: folds 
Uncalled bet (895) returned to Mahu2021
Mahu2021 collected 80 from pot
Mahu2021: doesn't show hand 
*** SUMMARY ***
Total pot 80 | Rake 0 
Seat 2: Mahu2021 (button) (small blind) collected (80)
Seat 3: Hasensuppe (big blind) folded before Flop



PokerStars Hand #249469849429: Tournament #3730019390, $1.84+$0.16 USD Hold'em No Limit - Level III (20/40) - 2024/03/17 15:21:47 CET [2024/03/17 10:21:47 ET]
Table '3730019390 1' 3-max Seat #3 is the button
Seat 2: Mahu2021 (975 in chips) 
Seat 3: Hasensuppe (525 in chips) 
Hasensuppe: posts small blind 20
Mahu2021: posts big blind 40
*** HOLE CARDS ***
Dealt to Mahu2021 [9s Th]
Hasensuppe: folds 
Uncalled bet (20) returned to Mahu2021
Mahu2021 collected 40 from pot
Mahu2021: doesn't show hand 
*** SUMMARY ***
Total pot 40 | Rake 0 
Seat 2: Mahu2021 (big blind) collected (40)
Seat 3: Hasensuppe (button) (small blind) folded before Flop



PokerStars Hand #249469850359: Tournament #3730019390, $1.84+$0.16 USD Hold'em No Limit - Level III (20/40) - 2024/03/17 15:21:51 CET [2024/03/17 10:21:51 ET]
Table '3730019390 1' 3-max Seat #2 is the button
Seat 2: Mahu2021 (995 in chips) 
Seat 3: Hasensuppe (505 in chips) 
Mahu2021: posts small blind 20
Hasensuppe: posts big blind 40
*** HOLE CARDS ***
Dealt to Mahu2021 [Ks Ah]
Mahu2021: raises 40 to 80
Hasensuppe: calls 40
*** FLOP *** [3d Ac Qc]
Hasensuppe: checks 
Mahu2021: checks 
*** TURN *** [3d Ac Qc] [Js]
Hasensuppe: bets 40
Mahu2021: calls 40
*** RIVER *** [3d Ac Qc Js] [2c]
Hasensuppe: checks 
Mahu2021: bets 40
Hasensuppe: folds 
Uncalled bet (40) returned to Mahu2021
Mahu2021 collected 240 from pot
Mahu2021: doesn't show hand 
*** SUMMARY ***
Total pot 240 | Rake 0 
Board [3d Ac Qc Js 2c]
Seat 2: Mahu2021 (button) (small blind) collected (240)
Seat 3: Hasensuppe (big blind) folded on the River



PokerStars Hand #249469854109: Tournament #3730019390, $1.84+$0.16 USD Hold'em No Limit - Level III (20/40) - 2024/03/17 15:22:06 CET [2024/03/17 10:22:06 ET]
Table '3730019390 1' 3-max Seat #3 is the button
Seat 2: Mahu2021 (1115 in chips) 
Seat 3: Hasensuppe (385 in chips) 
Hasensuppe: posts small blind 20
Mahu2021: posts big blind 40
*** HOLE CARDS ***
Dealt to Mahu2021 [Js 6s]
Hasensuppe: folds 
Uncalled bet (20) returned to Mahu2021
Mahu2021 collected 40 from pot
Mahu2021: doesn't show hand 
*** SUMMARY ***
Total pot 40 | Rake 0 
Seat 2: Mahu2021 (big blind) collected (40)
Seat 3: Hasensuppe (button) (small blind) folded before Flop



PokerStars Hand #249469854958: Tournament #3730019390, $1.84+$0.16 USD Hold'em No Limit - Level III (20/40) - 2024/03/17 15:22:10 CET [2024/03/17 10:22:10 ET]
Table '3730019390 1' 3-max Seat #2 is the button
Seat 2: Mahu2021 (1135 in chips) 
Seat 3: Hasensuppe (365 in chips) 
Mahu2021: posts small blind 20
Hasensuppe: posts big blind 40
*** HOLE CARDS ***
Dealt to Mahu2021 [5s Js]
Mahu2021: calls 20
Hasensuppe: checks 
*** FLOP *** [Ad 7h 7d]
Hasensuppe: checks 
Mahu2021: bets 40
Hasensuppe: folds 
Uncalled bet (40) returned to Mahu2021
Mahu2021 collected 80 from pot
Mahu2021: doesn't show hand 
*** SUMMARY ***
Total pot 80 | Rake 0 
Board [Ad 7h 7d]
Seat 2: Mahu2021 (button) (small blind) collected (80)
Seat 3: Hasensuppe (big blind) folded on the Flop



PokerStars Hand #249469857587: Tournament #3730019390, $1.84+$0.16 USD Hold'em No Limit - Level III (20/40) - 2024/03/17 15:22:21 CET [2024/03/17 10:22:21 ET]
Table '3730019390 1' 3-max Seat #3 is the button
Seat 2: Mahu2021 (1175 in chips) 
Seat 3: Hasensuppe (325 in chips) 
Hasensuppe: posts small blind 20
Mahu2021: posts big blind 40
*** HOLE CARDS ***
Dealt to Mahu2021 [3c 9c]
Hasensuppe: raises 285 to 325 and is all-in
Mahu2021: folds 
Uncalled bet (285) returned to Hasensuppe
Hasensuppe collected 80 from pot
Hasensuppe: doesn't show hand 
*** SUMMARY ***
Total pot 80 | Rake 0 
Seat 2: Mahu2021 (big blind) folded before Flop
Seat 3: Hasensuppe (button) (small blind) collected (80)



PokerStars Hand #249469859188: Tournament #3730019390, $1.84+$0.16 USD Hold'em No Limit - Level III (20/40) - 2024/03/17 15:22:27 CET [2024/03/17 10:22:27 ET]
Table '3730019390 1' 3-max Seat #2 is the button
Seat 2: Mahu2021 (1135 in chips) 
Seat 3: Hasensuppe (365 in chips) 
Mahu2021: posts small blind 20
Hasensuppe: posts big blind 40
*** HOLE CARDS ***
Dealt to Mahu2021 [Js Qs]
Mahu2021: raises 40 to 80
Hasensuppe: raises 285 to 365 and is all-in
Mahu2021: calls 285
*** FLOP *** [6h Jc 2c]
*** TURN *** [6h Jc 2c] [Th]
*** RIVER *** [6h Jc 2c Th] [6c]
*** SHOW DOWN ***
Hasensuppe: shows [Ah 9s] (a pair of Sixes)
Mahu2021: shows [Js Qs] (two pair, Jacks and Sixes)
Mahu2021 collected 730 from pot
Hasensuppe finished the tournament in 2nd place
Mahu2021 wins the tournament and receives $6.00 - congratulations!
*** SUMMARY ***
Total pot 730 | Rake 0 
Board [6h Jc 2c Th 6c]
Seat 2: Mahu2021 (button) (small blind) showed [Js Qs] and won (730) with two pair, Jacks and Sixes
Seat 3: Hasensuppe (big blind) showed [Ah 9s] and lost with a pair of Sixes



