PokerStars Hand #243275858948: Tournament #3581693225, $0.92+$0.08 USD Hold'em No Limit - Level I (10/20) - 2023/04/23 21:41:09 CET [2023/04/23 15:41:09 ET]
Table '3581693225 1' 3-max Seat #1 is the button
Seat 1: al-sinus (500 in chips) 
Seat 2: Mahu2021 (500 in chips) 
Seat 3: bohumilspesk (500 in chips) is sitting out
Mahu2021: posts small blind 10
bohumilspesk: posts big blind 20
*** HOLE CARDS ***
Dealt to Mahu2021 [Qs Ts]
al-sinus: raises 20 to 40
Mahu2021: calls 30
bohumilspesk: folds 
*** FLOP *** [Td 8d 9s]
Mahu2021: bets 100
al-sinus: calls 100
*** TURN *** [Td 8d 9s] [As]
Mahu2021: bets 360 and is all-in
al-sinus: calls 360 and is all-in
*** RIVER *** [Td 8d 9s As] [Ah]
*** SHOW DOWN ***
Mahu2021: shows [Qs Ts] (two pair, Aces and Tens)
al-sinus: shows [7h 7s] (two pair, Aces and Sevens)
Mahu2021 collected 1020 from pot
al-sinus finished the tournament in 3rd place
*** SUMMARY ***
Total pot 1020 | Rake 0 
Board [Td 8d 9s As Ah]
Seat 1: al-sinus (button) showed [7h 7s] and lost with two pair, Aces and Sevens
Seat 2: Mahu2021 (small blind) showed [Qs Ts] and won (1020) with two pair, Aces and Tens
Seat 3: bohumilspesk (big blind) folded before Flop



PokerStars Hand #243275873633: Tournament #3581693225, $0.92+$0.08 USD Hold'em No Limit - Level I (10/20) - 2023/04/23 21:41:40 CET [2023/04/23 15:41:40 ET]
Table '3581693225 1' 3-max Seat #3 is the button
Seat 2: Mahu2021 (1020 in chips) 
Seat 3: bohumilspesk (480 in chips) is sitting out
bohumilspesk: posts small blind 10
Mahu2021: posts big blind 20
*** HOLE CARDS ***
Dealt to Mahu2021 [4h 3c]
bohumilspesk: folds 
Uncalled bet (10) returned to Mahu2021
Mahu2021 collected 20 from pot
Mahu2021: doesn't show hand 
*** SUMMARY ***
Total pot 20 | Rake 0 
Seat 2: Mahu2021 (big blind) collected (20)
Seat 3: bohumilspesk (button) (small blind) folded before Flop



PokerStars Hand #243275874502: Tournament #3581693225, $0.92+$0.08 USD Hold'em No Limit - Level I (10/20) - 2023/04/23 21:41:41 CET [2023/04/23 15:41:41 ET]
Table '3581693225 1' 3-max Seat #2 is the button
Seat 2: Mahu2021 (1030 in chips) 
Seat 3: bohumilspesk (470 in chips) is sitting out
Mahu2021: posts small blind 10
bohumilspesk: posts big blind 20
*** HOLE CARDS ***
Dealt to Mahu2021 [8d Kh]
Mahu2021: raises 20 to 40
bohumilspesk: folds 
Uncalled bet (20) returned to Mahu2021
Mahu2021 collected 40 from pot
Mahu2021: doesn't show hand 
*** SUMMARY ***
Total pot 40 | Rake 0 
Seat 2: Mahu2021 (button) (small blind) collected (40)
Seat 3: bohumilspesk (big blind) folded before Flop



PokerStars Hand #243275876779: Tournament #3581693225, $0.92+$0.08 USD Hold'em No Limit - Level I (10/20) - 2023/04/23 21:41:46 CET [2023/04/23 15:41:46 ET]
Table '3581693225 1' 3-max Seat #3 is the button
Seat 2: Mahu2021 (1050 in chips) 
Seat 3: bohumilspesk (450 in chips) is sitting out
bohumilspesk: posts small blind 10
Mahu2021: posts big blind 20
*** HOLE CARDS ***
Dealt to Mahu2021 [8h 3h]
bohumilspesk: folds 
Uncalled bet (10) returned to Mahu2021
Mahu2021 collected 20 from pot
Mahu2021: doesn't show hand 
*** SUMMARY ***
Total pot 20 | Rake 0 
Seat 2: Mahu2021 (big blind) collected (20)
Seat 3: bohumilspesk (button) (small blind) folded before Flop



PokerStars Hand #243275877668: Tournament #3581693225, $0.92+$0.08 USD Hold'em No Limit - Level I (10/20) - 2023/04/23 21:41:48 CET [2023/04/23 15:41:48 ET]
Table '3581693225 1' 3-max Seat #2 is the button
Seat 2: Mahu2021 (1060 in chips) 
Seat 3: bohumilspesk (440 in chips) is sitting out
Mahu2021: posts small blind 10
bohumilspesk: posts big blind 20
*** HOLE CARDS ***
Dealt to Mahu2021 [8d 4d]
Mahu2021: raises 20 to 40
bohumilspesk: folds 
Uncalled bet (20) returned to Mahu2021
Mahu2021 collected 40 from pot
Mahu2021: doesn't show hand 
*** SUMMARY ***
Total pot 40 | Rake 0 
Seat 2: Mahu2021 (button) (small blind) collected (40)
Seat 3: bohumilspesk (big blind) folded before Flop



PokerStars Hand #243275879863: Tournament #3581693225, $0.92+$0.08 USD Hold'em No Limit - Level I (10/20) - 2023/04/23 21:41:52 CET [2023/04/23 15:41:52 ET]
Table '3581693225 1' 3-max Seat #3 is the button
Seat 2: Mahu2021 (1080 in chips) 
Seat 3: bohumilspesk (420 in chips) is sitting out
bohumilspesk: posts small blind 10
Mahu2021: posts big blind 20
*** HOLE CARDS ***
Dealt to Mahu2021 [2s 2c]
bohumilspesk: folds 
Uncalled bet (10) returned to Mahu2021
Mahu2021 collected 20 from pot
Mahu2021: doesn't show hand 
*** SUMMARY ***
Total pot 20 | Rake 0 
Seat 2: Mahu2021 (big blind) collected (20)
Seat 3: bohumilspesk (button) (small blind) folded before Flop



PokerStars Hand #243275880740: Tournament #3581693225, $0.92+$0.08 USD Hold'em No Limit - Level I (10/20) - 2023/04/23 21:41:54 CET [2023/04/23 15:41:54 ET]
Table '3581693225 1' 3-max Seat #2 is the button
Seat 2: Mahu2021 (1090 in chips) 
Seat 3: bohumilspesk (410 in chips) is sitting out
Mahu2021: posts small blind 10
bohumilspesk: posts big blind 20
*** HOLE CARDS ***
Dealt to Mahu2021 [Ad 5d]
Mahu2021: raises 20 to 40
bohumilspesk: folds 
Uncalled bet (20) returned to Mahu2021
Mahu2021 collected 40 from pot
Mahu2021: doesn't show hand 
*** SUMMARY ***
Total pot 40 | Rake 0 
Seat 2: Mahu2021 (button) (small blind) collected (40)
Seat 3: bohumilspesk (big blind) folded before Flop



PokerStars Hand #243275882961: Tournament #3581693225, $0.92+$0.08 USD Hold'em No Limit - Level I (10/20) - 2023/04/23 21:41:59 CET [2023/04/23 15:41:59 ET]
Table '3581693225 1' 3-max Seat #3 is the button
Seat 2: Mahu2021 (1110 in chips) 
Seat 3: bohumilspesk (390 in chips) is sitting out
bohumilspesk: posts small blind 10
Mahu2021: posts big blind 20
*** HOLE CARDS ***
Dealt to Mahu2021 [Ks Ac]
bohumilspesk: folds 
Uncalled bet (10) returned to Mahu2021
Mahu2021 collected 20 from pot
Mahu2021: doesn't show hand 
*** SUMMARY ***
Total pot 20 | Rake 0 
Seat 2: Mahu2021 (big blind) collected (20)
Seat 3: bohumilspesk (button) (small blind) folded before Flop



PokerStars Hand #243275883863: Tournament #3581693225, $0.92+$0.08 USD Hold'em No Limit - Level I (10/20) - 2023/04/23 21:42:01 CET [2023/04/23 15:42:01 ET]
Table '3581693225 1' 3-max Seat #2 is the button
Seat 2: Mahu2021 (1120 in chips) 
Seat 3: bohumilspesk (380 in chips) is sitting out
Mahu2021: posts small blind 10
bohumilspesk: posts big blind 20
*** HOLE CARDS ***
Dealt to Mahu2021 [Ad 7h]
Mahu2021: raises 20 to 40
bohumilspesk: folds 
Uncalled bet (20) returned to Mahu2021
Mahu2021 collected 40 from pot
Mahu2021: doesn't show hand 
*** SUMMARY ***
Total pot 40 | Rake 0 
Seat 2: Mahu2021 (button) (small blind) collected (40)
Seat 3: bohumilspesk (big blind) folded before Flop



PokerStars Hand #243275885989: Tournament #3581693225, $0.92+$0.08 USD Hold'em No Limit - Level I (10/20) - 2023/04/23 21:42:05 CET [2023/04/23 15:42:05 ET]
Table '3581693225 1' 3-max Seat #3 is the button
Seat 2: Mahu2021 (1140 in chips) 
Seat 3: bohumilspesk (360 in chips) is sitting out
bohumilspesk: posts small blind 10
Mahu2021: posts big blind 20
*** HOLE CARDS ***
Dealt to Mahu2021 [2c Kd]
bohumilspesk: folds 
Uncalled bet (10) returned to Mahu2021
Mahu2021 collected 20 from pot
Mahu2021: doesn't show hand 
*** SUMMARY ***
Total pot 20 | Rake 0 
Seat 2: Mahu2021 (big blind) collected (20)
Seat 3: bohumilspesk (button) (small blind) folded before Flop



PokerStars Hand #243275886852: Tournament #3581693225, $0.92+$0.08 USD Hold'em No Limit - Level I (10/20) - 2023/04/23 21:42:07 CET [2023/04/23 15:42:07 ET]
Table '3581693225 1' 3-max Seat #2 is the button
Seat 2: Mahu2021 (1150 in chips) 
Seat 3: bohumilspesk (350 in chips) is sitting out
Mahu2021: posts small blind 10
bohumilspesk: posts big blind 20
*** HOLE CARDS ***
Dealt to Mahu2021 [3h 3c]
Mahu2021: raises 20 to 40
bohumilspesk: folds 
Uncalled bet (20) returned to Mahu2021
Mahu2021 collected 40 from pot
Mahu2021: doesn't show hand 
*** SUMMARY ***
Total pot 40 | Rake 0 
Seat 2: Mahu2021 (button) (small blind) collected (40)
Seat 3: bohumilspesk (big blind) folded before Flop



PokerStars Hand #243275889040: Tournament #3581693225, $0.92+$0.08 USD Hold'em No Limit - Level I (10/20) - 2023/04/23 21:42:11 CET [2023/04/23 15:42:11 ET]
Table '3581693225 1' 3-max Seat #3 is the button
Seat 2: Mahu2021 (1170 in chips) 
Seat 3: bohumilspesk (330 in chips) is sitting out
bohumilspesk: posts small blind 10
Mahu2021: posts big blind 20
*** HOLE CARDS ***
Dealt to Mahu2021 [As 9h]
bohumilspesk: folds 
Uncalled bet (10) returned to Mahu2021
Mahu2021 collected 20 from pot
Mahu2021: doesn't show hand 
*** SUMMARY ***
Total pot 20 | Rake 0 
Seat 2: Mahu2021 (big blind) collected (20)
Seat 3: bohumilspesk (button) (small blind) folded before Flop



PokerStars Hand #243275889885: Tournament #3581693225, $0.92+$0.08 USD Hold'em No Limit - Level I (10/20) - 2023/04/23 21:42:13 CET [2023/04/23 15:42:13 ET]
Table '3581693225 1' 3-max Seat #2 is the button
Seat 2: Mahu2021 (1180 in chips) 
Seat 3: bohumilspesk (320 in chips) is sitting out
Mahu2021: posts small blind 10
bohumilspesk: posts big blind 20
*** HOLE CARDS ***
Dealt to Mahu2021 [4c 3d]
Mahu2021: raises 20 to 40
bohumilspesk: folds 
Uncalled bet (20) returned to Mahu2021
Mahu2021 collected 40 from pot
Mahu2021: doesn't show hand 
*** SUMMARY ***
Total pot 40 | Rake 0 
Seat 2: Mahu2021 (button) (small blind) collected (40)
Seat 3: bohumilspesk (big blind) folded before Flop



PokerStars Hand #243275891997: Tournament #3581693225, $0.92+$0.08 USD Hold'em No Limit - Level I (10/20) - 2023/04/23 21:42:17 CET [2023/04/23 15:42:17 ET]
Table '3581693225 1' 3-max Seat #3 is the button
Seat 2: Mahu2021 (1200 in chips) 
Seat 3: bohumilspesk (300 in chips) is sitting out
bohumilspesk: posts small blind 10
Mahu2021: posts big blind 20
*** HOLE CARDS ***
Dealt to Mahu2021 [6d Qc]
bohumilspesk: folds 
Uncalled bet (10) returned to Mahu2021
Mahu2021 collected 20 from pot
Mahu2021: doesn't show hand 
*** SUMMARY ***
Total pot 20 | Rake 0 
Seat 2: Mahu2021 (big blind) collected (20)
Seat 3: bohumilspesk (button) (small blind) folded before Flop



PokerStars Hand #243275892981: Tournament #3581693225, $0.92+$0.08 USD Hold'em No Limit - Level I (10/20) - 2023/04/23 21:42:19 CET [2023/04/23 15:42:19 ET]
Table '3581693225 1' 3-max Seat #2 is the button
Seat 2: Mahu2021 (1210 in chips) 
Seat 3: bohumilspesk (290 in chips) is sitting out
Mahu2021: posts small blind 10
bohumilspesk: posts big blind 20
*** HOLE CARDS ***
Dealt to Mahu2021 [Qh 9c]
Mahu2021: raises 20 to 40
bohumilspesk: folds 
Uncalled bet (20) returned to Mahu2021
Mahu2021 collected 40 from pot
Mahu2021: doesn't show hand 
*** SUMMARY ***
Total pot 40 | Rake 0 
Seat 2: Mahu2021 (button) (small blind) collected (40)
Seat 3: bohumilspesk (big blind) folded before Flop



PokerStars Hand #243275895032: Tournament #3581693225, $0.92+$0.08 USD Hold'em No Limit - Level I (10/20) - 2023/04/23 21:42:24 CET [2023/04/23 15:42:24 ET]
Table '3581693225 1' 3-max Seat #3 is the button
Seat 2: Mahu2021 (1230 in chips) 
Seat 3: bohumilspesk (270 in chips) is sitting out
bohumilspesk: posts small blind 10
Mahu2021: posts big blind 20
*** HOLE CARDS ***
Dealt to Mahu2021 [4h 2c]
bohumilspesk: folds 
Uncalled bet (10) returned to Mahu2021
Mahu2021 collected 20 from pot
Mahu2021: doesn't show hand 
*** SUMMARY ***
Total pot 20 | Rake 0 
Seat 2: Mahu2021 (big blind) collected (20)
Seat 3: bohumilspesk (button) (small blind) folded before Flop



PokerStars Hand #243275895907: Tournament #3581693225, $0.92+$0.08 USD Hold'em No Limit - Level I (10/20) - 2023/04/23 21:42:26 CET [2023/04/23 15:42:26 ET]
Table '3581693225 1' 3-max Seat #2 is the button
Seat 2: Mahu2021 (1240 in chips) 
Seat 3: bohumilspesk (260 in chips) is sitting out
Mahu2021: posts small blind 10
bohumilspesk: posts big blind 20
*** HOLE CARDS ***
Dealt to Mahu2021 [6c 8h]
Mahu2021: raises 20 to 40
bohumilspesk: folds 
Uncalled bet (20) returned to Mahu2021
Mahu2021 collected 40 from pot
Mahu2021: doesn't show hand 
*** SUMMARY ***
Total pot 40 | Rake 0 
Seat 2: Mahu2021 (button) (small blind) collected (40)
Seat 3: bohumilspesk (big blind) folded before Flop



PokerStars Hand #243275898124: Tournament #3581693225, $0.92+$0.08 USD Hold'em No Limit - Level I (10/20) - 2023/04/23 21:42:30 CET [2023/04/23 15:42:30 ET]
Table '3581693225 1' 3-max Seat #3 is the button
Seat 2: Mahu2021 (1260 in chips) 
Seat 3: bohumilspesk (240 in chips) is sitting out
bohumilspesk: posts small blind 10
Mahu2021: posts big blind 20
*** HOLE CARDS ***
Dealt to Mahu2021 [9h 6s]
bohumilspesk: folds 
Uncalled bet (10) returned to Mahu2021
Mahu2021 collected 20 from pot
Mahu2021: doesn't show hand 
*** SUMMARY ***
Total pot 20 | Rake 0 
Seat 2: Mahu2021 (big blind) collected (20)
Seat 3: bohumilspesk (button) (small blind) folded before Flop



PokerStars Hand #243275899004: Tournament #3581693225, $0.92+$0.08 USD Hold'em No Limit - Level I (10/20) - 2023/04/23 21:42:32 CET [2023/04/23 15:42:32 ET]
Table '3581693225 1' 3-max Seat #2 is the button
Seat 2: Mahu2021 (1270 in chips) 
Seat 3: bohumilspesk (230 in chips) is sitting out
Mahu2021: posts small blind 10
bohumilspesk: posts big blind 20
*** HOLE CARDS ***
Dealt to Mahu2021 [Jh 9s]
Mahu2021: raises 20 to 40
bohumilspesk: folds 
Uncalled bet (20) returned to Mahu2021
Mahu2021 collected 40 from pot
Mahu2021: doesn't show hand 
*** SUMMARY ***
Total pot 40 | Rake 0 
Seat 2: Mahu2021 (button) (small blind) collected (40)
Seat 3: bohumilspesk (big blind) folded before Flop



PokerStars Hand #243275901213: Tournament #3581693225, $0.92+$0.08 USD Hold'em No Limit - Level I (10/20) - 2023/04/23 21:42:36 CET [2023/04/23 15:42:36 ET]
Table '3581693225 1' 3-max Seat #3 is the button
Seat 2: Mahu2021 (1290 in chips) 
Seat 3: bohumilspesk (210 in chips) is sitting out
bohumilspesk: posts small blind 10
Mahu2021: posts big blind 20
*** HOLE CARDS ***
Dealt to Mahu2021 [Ts 2s]
bohumilspesk: folds 
Uncalled bet (10) returned to Mahu2021
Mahu2021 collected 20 from pot
Mahu2021: doesn't show hand 
*** SUMMARY ***
Total pot 20 | Rake 0 
Seat 2: Mahu2021 (big blind) collected (20)
Seat 3: bohumilspesk (button) (small blind) folded before Flop



PokerStars Hand #243275902102: Tournament #3581693225, $0.92+$0.08 USD Hold'em No Limit - Level I (10/20) - 2023/04/23 21:42:38 CET [2023/04/23 15:42:38 ET]
Table '3581693225 1' 3-max Seat #2 is the button
Seat 2: Mahu2021 (1300 in chips) 
Seat 3: bohumilspesk (200 in chips) is sitting out
Mahu2021: posts small blind 10
bohumilspesk: posts big blind 20
*** HOLE CARDS ***
Dealt to Mahu2021 [3d Qd]
Mahu2021: raises 20 to 40
bohumilspesk: folds 
Uncalled bet (20) returned to Mahu2021
Mahu2021 collected 40 from pot
Mahu2021: doesn't show hand 
*** SUMMARY ***
Total pot 40 | Rake 0 
Seat 2: Mahu2021 (button) (small blind) collected (40)
Seat 3: bohumilspesk (big blind) folded before Flop



PokerStars Hand #243275904200: Tournament #3581693225, $0.92+$0.08 USD Hold'em No Limit - Level I (10/20) - 2023/04/23 21:42:43 CET [2023/04/23 15:42:43 ET]
Table '3581693225 1' 3-max Seat #3 is the button
Seat 2: Mahu2021 (1320 in chips) 
Seat 3: bohumilspesk (180 in chips) is sitting out
bohumilspesk: posts small blind 10
Mahu2021: posts big blind 20
*** HOLE CARDS ***
Dealt to Mahu2021 [Ah 6s]
bohumilspesk: folds 
Uncalled bet (10) returned to Mahu2021
Mahu2021 collected 20 from pot
Mahu2021: doesn't show hand 
*** SUMMARY ***
Total pot 20 | Rake 0 
Seat 2: Mahu2021 (big blind) collected (20)
Seat 3: bohumilspesk (button) (small blind) folded before Flop



PokerStars Hand #243275905072: Tournament #3581693225, $0.92+$0.08 USD Hold'em No Limit - Level I (10/20) - 2023/04/23 21:42:45 CET [2023/04/23 15:42:45 ET]
Table '3581693225 1' 3-max Seat #2 is the button
Seat 2: Mahu2021 (1330 in chips) 
Seat 3: bohumilspesk (170 in chips) is sitting out
Mahu2021: posts small blind 10
bohumilspesk: posts big blind 20
*** HOLE CARDS ***
Dealt to Mahu2021 [9s 3c]
Mahu2021: raises 20 to 40
bohumilspesk: folds 
Uncalled bet (20) returned to Mahu2021
Mahu2021 collected 40 from pot
Mahu2021: doesn't show hand 
*** SUMMARY ***
Total pot 40 | Rake 0 
Seat 2: Mahu2021 (button) (small blind) collected (40)
Seat 3: bohumilspesk (big blind) folded before Flop



PokerStars Hand #243275907150: Tournament #3581693225, $0.92+$0.08 USD Hold'em No Limit - Level I (10/20) - 2023/04/23 21:42:49 CET [2023/04/23 15:42:49 ET]
Table '3581693225 1' 3-max Seat #3 is the button
Seat 2: Mahu2021 (1350 in chips) 
Seat 3: bohumilspesk (150 in chips) is sitting out
bohumilspesk: posts small blind 10
Mahu2021: posts big blind 20
*** HOLE CARDS ***
Dealt to Mahu2021 [8s 6c]
bohumilspesk: folds 
Uncalled bet (10) returned to Mahu2021
Mahu2021 collected 20 from pot
Mahu2021: doesn't show hand 
*** SUMMARY ***
Total pot 20 | Rake 0 
Seat 2: Mahu2021 (big blind) collected (20)
Seat 3: bohumilspesk (button) (small blind) folded before Flop



PokerStars Hand #243275908049: Tournament #3581693225, $0.92+$0.08 USD Hold'em No Limit - Level I (10/20) - 2023/04/23 21:42:51 CET [2023/04/23 15:42:51 ET]
Table '3581693225 1' 3-max Seat #2 is the button
Seat 2: Mahu2021 (1360 in chips) 
Seat 3: bohumilspesk (140 in chips) is sitting out
Mahu2021: posts small blind 10
bohumilspesk: posts big blind 20
*** HOLE CARDS ***
Dealt to Mahu2021 [4h Jc]
Mahu2021: raises 20 to 40
bohumilspesk: folds 
Uncalled bet (20) returned to Mahu2021
Mahu2021 collected 40 from pot
Mahu2021: doesn't show hand 
*** SUMMARY ***
Total pot 40 | Rake 0 
Seat 2: Mahu2021 (button) (small blind) collected (40)
Seat 3: bohumilspesk (big blind) folded before Flop



PokerStars Hand #243275910145: Tournament #3581693225, $0.92+$0.08 USD Hold'em No Limit - Level I (10/20) - 2023/04/23 21:42:55 CET [2023/04/23 15:42:55 ET]
Table '3581693225 1' 3-max Seat #3 is the button
Seat 2: Mahu2021 (1380 in chips) 
Seat 3: bohumilspesk (120 in chips) is sitting out
bohumilspesk: posts small blind 10
Mahu2021: posts big blind 20
*** HOLE CARDS ***
Dealt to Mahu2021 [6h Qd]
bohumilspesk: folds 
Uncalled bet (10) returned to Mahu2021
Mahu2021 collected 20 from pot
Mahu2021: doesn't show hand 
*** SUMMARY ***
Total pot 20 | Rake 0 
Seat 2: Mahu2021 (big blind) collected (20)
Seat 3: bohumilspesk (button) (small blind) folded before Flop



PokerStars Hand #243275911033: Tournament #3581693225, $0.92+$0.08 USD Hold'em No Limit - Level I (10/20) - 2023/04/23 21:42:57 CET [2023/04/23 15:42:57 ET]
Table '3581693225 1' 3-max Seat #2 is the button
Seat 2: Mahu2021 (1390 in chips) 
Seat 3: bohumilspesk (110 in chips) is sitting out
Mahu2021: posts small blind 10
bohumilspesk: posts big blind 20
*** HOLE CARDS ***
Dealt to Mahu2021 [8s 2s]
Mahu2021: raises 20 to 40
bohumilspesk: folds 
Uncalled bet (20) returned to Mahu2021
Mahu2021 collected 40 from pot
Mahu2021: doesn't show hand 
*** SUMMARY ***
Total pot 40 | Rake 0 
Seat 2: Mahu2021 (button) (small blind) collected (40)
Seat 3: bohumilspesk (big blind) folded before Flop



PokerStars Hand #243275913254: Tournament #3581693225, $0.92+$0.08 USD Hold'em No Limit - Level I (10/20) - 2023/04/23 21:43:02 CET [2023/04/23 15:43:02 ET]
Table '3581693225 1' 3-max Seat #3 is the button
Seat 2: Mahu2021 (1410 in chips) 
Seat 3: bohumilspesk (90 in chips) is sitting out
bohumilspesk: posts small blind 10
Mahu2021: posts big blind 20
*** HOLE CARDS ***
Dealt to Mahu2021 [5c Kc]
bohumilspesk: folds 
Uncalled bet (10) returned to Mahu2021
Mahu2021 collected 20 from pot
Mahu2021: doesn't show hand 
*** SUMMARY ***
Total pot 20 | Rake 0 
Seat 2: Mahu2021 (big blind) collected (20)
Seat 3: bohumilspesk (button) (small blind) folded before Flop



PokerStars Hand #243275914107: Tournament #3581693225, $0.92+$0.08 USD Hold'em No Limit - Level I (10/20) - 2023/04/23 21:43:03 CET [2023/04/23 15:43:03 ET]
Table '3581693225 1' 3-max Seat #2 is the button
Seat 2: Mahu2021 (1420 in chips) 
Seat 3: bohumilspesk (80 in chips) is sitting out
Mahu2021: posts small blind 10
bohumilspesk: posts big blind 20
*** HOLE CARDS ***
Dealt to Mahu2021 [Jd Ah]
Mahu2021: raises 20 to 40
bohumilspesk: folds 
Uncalled bet (20) returned to Mahu2021
Mahu2021 collected 40 from pot
Mahu2021: doesn't show hand 
*** SUMMARY ***
Total pot 40 | Rake 0 
Seat 2: Mahu2021 (button) (small blind) collected (40)
Seat 3: bohumilspesk (big blind) folded before Flop



PokerStars Hand #243275916275: Tournament #3581693225, $0.92+$0.08 USD Hold'em No Limit - Level I (10/20) - 2023/04/23 21:43:08 CET [2023/04/23 15:43:08 ET]
Table '3581693225 1' 3-max Seat #3 is the button
Seat 2: Mahu2021 (1440 in chips) 
Seat 3: bohumilspesk (60 in chips) is sitting out
bohumilspesk: posts small blind 10
Mahu2021: posts big blind 20
*** HOLE CARDS ***
Dealt to Mahu2021 [Td Qd]
bohumilspesk: folds 
Uncalled bet (10) returned to Mahu2021
Mahu2021 collected 20 from pot
Mahu2021: doesn't show hand 
*** SUMMARY ***
Total pot 20 | Rake 0 
Seat 2: Mahu2021 (big blind) collected (20)
Seat 3: bohumilspesk (button) (small blind) folded before Flop



PokerStars Hand #243275917140: Tournament #3581693225, $0.92+$0.08 USD Hold'em No Limit - Level I (10/20) - 2023/04/23 21:43:10 CET [2023/04/23 15:43:10 ET]
Table '3581693225 1' 3-max Seat #2 is the button
Seat 2: Mahu2021 (1450 in chips) 
Seat 3: bohumilspesk (50 in chips) is sitting out
Mahu2021: posts small blind 10
bohumilspesk: posts big blind 20
*** HOLE CARDS ***
Dealt to Mahu2021 [7h 2d]
Mahu2021: raises 20 to 40
bohumilspesk: folds 
Uncalled bet (20) returned to Mahu2021
Mahu2021 collected 40 from pot
Mahu2021: doesn't show hand 
*** SUMMARY ***
Total pot 40 | Rake 0 
Seat 2: Mahu2021 (button) (small blind) collected (40)
Seat 3: bohumilspesk (big blind) folded before Flop



PokerStars Hand #243275920713: Tournament #3581693225, $0.92+$0.08 USD Hold'em No Limit - Level II (15/30) - 2023/04/23 21:43:17 CET [2023/04/23 15:43:17 ET]
Table '3581693225 1' 3-max Seat #3 is the button
Seat 2: Mahu2021 (1470 in chips) 
Seat 3: bohumilspesk (30 in chips) is sitting out
bohumilspesk: posts small blind 15
Mahu2021: posts big blind 30
*** HOLE CARDS ***
Dealt to Mahu2021 [5d Td]
bohumilspesk: folds 
Uncalled bet (15) returned to Mahu2021
Mahu2021 collected 30 from pot
Mahu2021: doesn't show hand 
*** SUMMARY ***
Total pot 30 | Rake 0 
Seat 2: Mahu2021 (big blind) collected (30)
Seat 3: bohumilspesk (button) (small blind) folded before Flop



PokerStars Hand #243275921642: Tournament #3581693225, $0.92+$0.08 USD Hold'em No Limit - Level II (15/30) - 2023/04/23 21:43:19 CET [2023/04/23 15:43:19 ET]
Table '3581693225 1' 3-max Seat #2 is the button
Seat 2: Mahu2021 (1485 in chips) 
Seat 3: bohumilspesk (15 in chips) is sitting out
Mahu2021: posts small blind 15
bohumilspesk: posts big blind 15 and is all-in
*** HOLE CARDS ***
Dealt to Mahu2021 [9s Td]
bohumilspesk: folds 
Mahu2021 collected 30 from pot
bohumilspesk finished the tournament in 2nd place
Mahu2021 wins the tournament and receives $2.00 - congratulations!
Mahu2021: doesn't show hand 
*** SUMMARY ***
Total pot 30 | Rake 0 
Seat 2: Mahu2021 (button) (small blind) collected (30)
Seat 3: bohumilspesk (big blind) folded before Flop



