PokerStars Hand #249275473643: Tournament #3725401784, $1.84+$0.16 USD Hold'em No Limit - Level I (10/20) - 2024/03/06 21:25:14 CET [2024/03/06 15:25:14 ET]
Table '3725401784 1' 3-max Seat #1 is the button
Seat 1: Mahu2021 (500 in chips) 
Seat 2: sk3warnPB (500 in chips) 
Seat 3: Sperioks (500 in chips) 
sk3warnPB: posts small blind 10
Sperioks: posts big blind 20
*** HOLE CARDS ***
Dealt to Mahu2021 [Qh Kc]
Mahu2021: raises 20 to 40
sk3warnPB: folds 
Sperioks: folds 
Uncalled bet (20) returned to Mahu2021
Mahu2021 collected 50 from pot
Mahu2021: doesn't show hand 
*** SUMMARY ***
Total pot 50 | Rake 0 
Seat 1: Mahu2021 (button) collected (50)
Seat 2: sk3warnPB (small blind) folded before Flop
Seat 3: Sperioks (big blind) folded before Flop



PokerStars Hand #249275476602: Tournament #3725401784, $1.84+$0.16 USD Hold'em No Limit - Level I (10/20) - 2024/03/06 21:25:23 CET [2024/03/06 15:25:23 ET]
Table '3725401784 1' 3-max Seat #2 is the button
Seat 1: Mahu2021 (530 in chips) 
Seat 2: sk3warnPB (490 in chips) 
Seat 3: Sperioks (480 in chips) 
Sperioks: posts small blind 10
Mahu2021: posts big blind 20
*** HOLE CARDS ***
Dealt to Mahu2021 [3s Qc]
sk3warnPB: folds 
Sperioks: calls 10
Mahu2021: checks 
*** FLOP *** [6d Ks Qd]
Sperioks: checks 
Mahu2021: checks 
*** TURN *** [6d Ks Qd] [Qh]
Sperioks: checks 
Mahu2021: bets 40
Sperioks: folds 
Uncalled bet (40) returned to Mahu2021
Mahu2021 collected 40 from pot
Mahu2021: doesn't show hand 
*** SUMMARY ***
Total pot 40 | Rake 0 
Board [6d Ks Qd Qh]
Seat 1: Mahu2021 (big blind) collected (40)
Seat 2: sk3warnPB (button) folded before Flop (didn't bet)
Seat 3: Sperioks (small blind) folded on the Turn



PokerStars Hand #249275483362: Tournament #3725401784, $1.84+$0.16 USD Hold'em No Limit - Level I (10/20) - 2024/03/06 21:25:43 CET [2024/03/06 15:25:43 ET]
Table '3725401784 1' 3-max Seat #3 is the button
Seat 1: Mahu2021 (550 in chips) 
Seat 2: sk3warnPB (490 in chips) 
Seat 3: Sperioks (460 in chips) 
Mahu2021: posts small blind 10
sk3warnPB: posts big blind 20
*** HOLE CARDS ***
Dealt to Mahu2021 [4s 2h]
Sperioks: raises 20 to 40
Mahu2021: folds 
sk3warnPB: calls 20
*** FLOP *** [Js 6h 7h]
sk3warnPB: checks 
Sperioks: checks 
*** TURN *** [Js 6h 7h] [5h]
sk3warnPB: checks 
Sperioks: checks 
*** RIVER *** [Js 6h 7h 5h] [Qc]
sk3warnPB: checks 
Sperioks: checks 
*** SHOW DOWN ***
sk3warnPB: shows [2d Ad] (high card Ace)
Sperioks: shows [6s As] (a pair of Sixes)
Sperioks collected 90 from pot
*** SUMMARY ***
Total pot 90 | Rake 0 
Board [Js 6h 7h 5h Qc]
Seat 1: Mahu2021 (small blind) folded before Flop
Seat 2: sk3warnPB (big blind) showed [2d Ad] and lost with high card Ace
Seat 3: Sperioks (button) showed [6s As] and won (90) with a pair of Sixes



PokerStars Hand #249275492556: Tournament #3725401784, $1.84+$0.16 USD Hold'em No Limit - Level I (10/20) - 2024/03/06 21:26:10 CET [2024/03/06 15:26:10 ET]
Table '3725401784 1' 3-max Seat #1 is the button
Seat 1: Mahu2021 (540 in chips) 
Seat 2: sk3warnPB (450 in chips) 
Seat 3: Sperioks (510 in chips) 
sk3warnPB: posts small blind 10
Sperioks: posts big blind 20
*** HOLE CARDS ***
Dealt to Mahu2021 [Kd Ks]
Mahu2021: raises 520 to 540 and is all-in
sk3warnPB: folds 
Sperioks: folds 
Uncalled bet (520) returned to Mahu2021
Mahu2021 collected 50 from pot
Mahu2021: doesn't show hand 
*** SUMMARY ***
Total pot 50 | Rake 0 
Seat 1: Mahu2021 (button) collected (50)
Seat 2: sk3warnPB (small blind) folded before Flop
Seat 3: Sperioks (big blind) folded before Flop



PokerStars Hand #249275495854: Tournament #3725401784, $1.84+$0.16 USD Hold'em No Limit - Level I (10/20) - 2024/03/06 21:26:19 CET [2024/03/06 15:26:19 ET]
Table '3725401784 1' 3-max Seat #2 is the button
Seat 1: Mahu2021 (570 in chips) 
Seat 2: sk3warnPB (440 in chips) 
Seat 3: Sperioks (490 in chips) 
Sperioks: posts small blind 10
Mahu2021: posts big blind 20
*** HOLE CARDS ***
Dealt to Mahu2021 [8h 7c]
sk3warnPB: folds 
Sperioks: folds 
Uncalled bet (10) returned to Mahu2021
Mahu2021 collected 20 from pot
Mahu2021: doesn't show hand 
*** SUMMARY ***
Total pot 20 | Rake 0 
Seat 1: Mahu2021 (big blind) collected (20)
Seat 2: sk3warnPB (button) folded before Flop (didn't bet)
Seat 3: Sperioks (small blind) folded before Flop



PokerStars Hand #249275498837: Tournament #3725401784, $1.84+$0.16 USD Hold'em No Limit - Level I (10/20) - 2024/03/06 21:26:28 CET [2024/03/06 15:26:28 ET]
Table '3725401784 1' 3-max Seat #3 is the button
Seat 1: Mahu2021 (580 in chips) 
Seat 2: sk3warnPB (440 in chips) 
Seat 3: Sperioks (480 in chips) 
Mahu2021: posts small blind 10
sk3warnPB: posts big blind 20
*** HOLE CARDS ***
Dealt to Mahu2021 [8d Tc]
Sperioks: folds 
Mahu2021: folds 
Uncalled bet (10) returned to sk3warnPB
sk3warnPB collected 20 from pot
sk3warnPB: doesn't show hand 
*** SUMMARY ***
Total pot 20 | Rake 0 
Seat 1: Mahu2021 (small blind) folded before Flop
Seat 2: sk3warnPB (big blind) collected (20)
Seat 3: Sperioks (button) folded before Flop (didn't bet)



PokerStars Hand #249275501442: Tournament #3725401784, $1.84+$0.16 USD Hold'em No Limit - Level I (10/20) - 2024/03/06 21:26:36 CET [2024/03/06 15:26:36 ET]
Table '3725401784 1' 3-max Seat #1 is the button
Seat 1: Mahu2021 (570 in chips) 
Seat 2: sk3warnPB (450 in chips) 
Seat 3: Sperioks (480 in chips) 
sk3warnPB: posts small blind 10
Sperioks: posts big blind 20
*** HOLE CARDS ***
Dealt to Mahu2021 [3s Ac]
Mahu2021: calls 20
sk3warnPB: folds 
Sperioks: checks 
*** FLOP *** [7h 2c 8h]
Sperioks: checks 
Mahu2021: checks 
*** TURN *** [7h 2c 8h] [Jc]
Sperioks: checks 
Mahu2021: checks 
*** RIVER *** [7h 2c 8h Jc] [Qs]
Sperioks: checks 
Mahu2021: checks 
*** SHOW DOWN ***
Sperioks: shows [Ts 5c] (high card Queen)
Mahu2021: shows [3s Ac] (high card Ace)
Mahu2021 collected 50 from pot
*** SUMMARY ***
Total pot 50 | Rake 0 
Board [7h 2c 8h Jc Qs]
Seat 1: Mahu2021 (button) showed [3s Ac] and won (50) with high card Ace
Seat 2: sk3warnPB (small blind) folded before Flop
Seat 3: Sperioks (big blind) showed [Ts 5c] and lost with high card Queen



PokerStars Hand #249275508751: Tournament #3725401784, $1.84+$0.16 USD Hold'em No Limit - Level I (10/20) - 2024/03/06 21:26:57 CET [2024/03/06 15:26:57 ET]
Table '3725401784 1' 3-max Seat #2 is the button
Seat 1: Mahu2021 (600 in chips) 
Seat 2: sk3warnPB (440 in chips) 
Seat 3: Sperioks (460 in chips) 
Sperioks: posts small blind 10
Mahu2021: posts big blind 20
*** HOLE CARDS ***
Dealt to Mahu2021 [7c Kc]
sk3warnPB: calls 20
Sperioks: folds 
Mahu2021: checks 
*** FLOP *** [Ks Kh 8h]
Mahu2021: checks 
sk3warnPB: bets 25
Mahu2021: calls 25
*** TURN *** [Ks Kh 8h] [3d]
Mahu2021: checks 
sk3warnPB: checks 
*** RIVER *** [Ks Kh 8h 3d] [5d]
Mahu2021: bets 100
sk3warnPB: calls 100
*** SHOW DOWN ***
Mahu2021: shows [7c Kc] (three of a kind, Kings)
sk3warnPB: mucks hand 
Mahu2021 collected 300 from pot
*** SUMMARY ***
Total pot 300 | Rake 0 
Board [Ks Kh 8h 3d 5d]
Seat 1: Mahu2021 (big blind) showed [7c Kc] and won (300) with three of a kind, Kings
Seat 2: sk3warnPB (button) mucked [6h 6c]
Seat 3: Sperioks (small blind) folded before Flop



PokerStars Hand #249275516764: Tournament #3725401784, $1.84+$0.16 USD Hold'em No Limit - Level II (15/30) - 2024/03/06 21:27:20 CET [2024/03/06 15:27:20 ET]
Table '3725401784 1' 3-max Seat #3 is the button
Seat 1: Mahu2021 (755 in chips) 
Seat 2: sk3warnPB (295 in chips) 
Seat 3: Sperioks (450 in chips) 
Mahu2021: posts small blind 15
sk3warnPB: posts big blind 30
*** HOLE CARDS ***
Dealt to Mahu2021 [6s 8c]
Sperioks: folds 
Mahu2021: folds 
Uncalled bet (15) returned to sk3warnPB
sk3warnPB collected 30 from pot
sk3warnPB: doesn't show hand 
*** SUMMARY ***
Total pot 30 | Rake 0 
Seat 1: Mahu2021 (small blind) folded before Flop
Seat 2: sk3warnPB (big blind) collected (30)
Seat 3: Sperioks (button) folded before Flop (didn't bet)



PokerStars Hand #249275518945: Tournament #3725401784, $1.84+$0.16 USD Hold'em No Limit - Level II (15/30) - 2024/03/06 21:27:27 CET [2024/03/06 15:27:27 ET]
Table '3725401784 1' 3-max Seat #1 is the button
Seat 1: Mahu2021 (740 in chips) 
Seat 2: sk3warnPB (310 in chips) 
Seat 3: Sperioks (450 in chips) 
sk3warnPB: posts small blind 15
Sperioks: posts big blind 30
*** HOLE CARDS ***
Dealt to Mahu2021 [4h 6d]
Mahu2021: folds 
sk3warnPB: calls 15
Sperioks: checks 
*** FLOP *** [5h 6s 7s]
sk3warnPB: checks 
Sperioks: bets 30
sk3warnPB: calls 30
*** TURN *** [5h 6s 7s] [6h]
sk3warnPB: checks 
Sperioks: checks 
*** RIVER *** [5h 6s 7s 6h] [Qh]
sk3warnPB: checks 
Sperioks: checks 
*** SHOW DOWN ***
sk3warnPB: shows [9d Tc] (a pair of Sixes)
Sperioks: mucks hand 
sk3warnPB collected 120 from pot
*** SUMMARY ***
Total pot 120 | Rake 0 
Board [5h 6s 7s 6h Qh]
Seat 1: Mahu2021 (button) folded before Flop (didn't bet)
Seat 2: sk3warnPB (small blind) showed [9d Tc] and won (120) with a pair of Sixes
Seat 3: Sperioks (big blind) mucked [3d 2s]



PokerStars Hand #249275527129: Tournament #3725401784, $1.84+$0.16 USD Hold'em No Limit - Level II (15/30) - 2024/03/06 21:27:50 CET [2024/03/06 15:27:50 ET]
Table '3725401784 1' 3-max Seat #2 is the button
Seat 1: Mahu2021 (740 in chips) 
Seat 2: sk3warnPB (370 in chips) 
Seat 3: Sperioks (390 in chips) 
Sperioks: posts small blind 15
Mahu2021: posts big blind 30
*** HOLE CARDS ***
Dealt to Mahu2021 [5h Jc]
sk3warnPB: folds 
Sperioks: calls 15
Mahu2021: checks 
*** FLOP *** [7d 6h 3s]
Sperioks: checks 
Mahu2021: checks 
*** TURN *** [7d 6h 3s] [Qs]
Sperioks: checks 
Mahu2021: bets 60
Sperioks: folds 
Uncalled bet (60) returned to Mahu2021
Mahu2021 collected 60 from pot
Mahu2021: doesn't show hand 
*** SUMMARY ***
Total pot 60 | Rake 0 
Board [7d 6h 3s Qs]
Seat 1: Mahu2021 (big blind) collected (60)
Seat 2: sk3warnPB (button) folded before Flop (didn't bet)
Seat 3: Sperioks (small blind) folded on the Turn



PokerStars Hand #249275533097: Tournament #3725401784, $1.84+$0.16 USD Hold'em No Limit - Level II (15/30) - 2024/03/06 21:28:08 CET [2024/03/06 15:28:08 ET]
Table '3725401784 1' 3-max Seat #3 is the button
Seat 1: Mahu2021 (770 in chips) 
Seat 2: sk3warnPB (370 in chips) 
Seat 3: Sperioks (360 in chips) 
Mahu2021: posts small blind 15
sk3warnPB: posts big blind 30
*** HOLE CARDS ***
Dealt to Mahu2021 [Td Ad]
Sperioks: raises 30 to 60
Mahu2021: calls 45
sk3warnPB: folds 
*** FLOP *** [Ac 4d 9s]
Mahu2021: checks 
Sperioks: bets 60
Mahu2021: raises 90 to 150
Sperioks: folds 
Uncalled bet (90) returned to Mahu2021
Mahu2021 collected 270 from pot
Mahu2021: doesn't show hand 
*** SUMMARY ***
Total pot 270 | Rake 0 
Board [Ac 4d 9s]
Seat 1: Mahu2021 (small blind) collected (270)
Seat 2: sk3warnPB (big blind) folded before Flop
Seat 3: Sperioks (button) folded on the Flop



PokerStars Hand #249275539309: Tournament #3725401784, $1.84+$0.16 USD Hold'em No Limit - Level II (15/30) - 2024/03/06 21:28:26 CET [2024/03/06 15:28:26 ET]
Table '3725401784 1' 3-max Seat #1 is the button
Seat 1: Mahu2021 (920 in chips) 
Seat 2: sk3warnPB (340 in chips) 
Seat 3: Sperioks (240 in chips) 
sk3warnPB: posts small blind 15
Sperioks: posts big blind 30
*** HOLE CARDS ***
Dealt to Mahu2021 [4h Ad]
Mahu2021: folds 
sk3warnPB: folds 
Uncalled bet (15) returned to Sperioks
Sperioks collected 30 from pot
Sperioks: doesn't show hand 
*** SUMMARY ***
Total pot 30 | Rake 0 
Seat 1: Mahu2021 (button) folded before Flop (didn't bet)
Seat 2: sk3warnPB (small blind) folded before Flop
Seat 3: Sperioks (big blind) collected (30)



PokerStars Hand #249275541000: Tournament #3725401784, $1.84+$0.16 USD Hold'em No Limit - Level II (15/30) - 2024/03/06 21:28:31 CET [2024/03/06 15:28:31 ET]
Table '3725401784 1' 3-max Seat #2 is the button
Seat 1: Mahu2021 (920 in chips) 
Seat 2: sk3warnPB (325 in chips) 
Seat 3: Sperioks (255 in chips) 
Sperioks: posts small blind 15
Mahu2021: posts big blind 30
*** HOLE CARDS ***
Dealt to Mahu2021 [4h Qd]
sk3warnPB: raises 30 to 60
Sperioks: folds 
Mahu2021: calls 30
*** FLOP *** [Ac 6h Kh]
Mahu2021: checks 
sk3warnPB: checks 
*** TURN *** [Ac 6h Kh] [9d]
Mahu2021: checks 
sk3warnPB: checks 
*** RIVER *** [Ac 6h Kh 9d] [2s]
Mahu2021: checks 
sk3warnPB: checks 
*** SHOW DOWN ***
Mahu2021: shows [4h Qd] (high card Ace)
sk3warnPB: shows [Ks Th] (a pair of Kings)
sk3warnPB collected 135 from pot
*** SUMMARY ***
Total pot 135 | Rake 0 
Board [Ac 6h Kh 9d 2s]
Seat 1: Mahu2021 (big blind) showed [4h Qd] and lost with high card Ace
Seat 2: sk3warnPB (button) showed [Ks Th] and won (135) with a pair of Kings
Seat 3: Sperioks (small blind) folded before Flop



PokerStars Hand #249275546433: Tournament #3725401784, $1.84+$0.16 USD Hold'em No Limit - Level II (15/30) - 2024/03/06 21:28:47 CET [2024/03/06 15:28:47 ET]
Table '3725401784 1' 3-max Seat #3 is the button
Seat 1: Mahu2021 (860 in chips) 
Seat 2: sk3warnPB (400 in chips) 
Seat 3: Sperioks (240 in chips) 
Mahu2021: posts small blind 15
sk3warnPB: posts big blind 30
*** HOLE CARDS ***
Dealt to Mahu2021 [5h Ah]
Sperioks: folds 
Mahu2021: raises 30 to 60
sk3warnPB: folds 
Uncalled bet (30) returned to Mahu2021
Mahu2021 collected 60 from pot
Mahu2021: doesn't show hand 
*** SUMMARY ***
Total pot 60 | Rake 0 
Seat 1: Mahu2021 (small blind) collected (60)
Seat 2: sk3warnPB (big blind) folded before Flop
Seat 3: Sperioks (button) folded before Flop (didn't bet)



PokerStars Hand #249275548574: Tournament #3725401784, $1.84+$0.16 USD Hold'em No Limit - Level II (15/30) - 2024/03/06 21:28:53 CET [2024/03/06 15:28:53 ET]
Table '3725401784 1' 3-max Seat #1 is the button
Seat 1: Mahu2021 (890 in chips) 
Seat 2: sk3warnPB (370 in chips) 
Seat 3: Sperioks (240 in chips) 
sk3warnPB: posts small blind 15
Sperioks: posts big blind 30
*** HOLE CARDS ***
Dealt to Mahu2021 [Qs 3d]
Mahu2021: folds 
sk3warnPB: raises 340 to 370 and is all-in
Sperioks: folds 
Uncalled bet (340) returned to sk3warnPB
sk3warnPB collected 60 from pot
sk3warnPB: doesn't show hand 
*** SUMMARY ***
Total pot 60 | Rake 0 
Seat 1: Mahu2021 (button) folded before Flop (didn't bet)
Seat 2: sk3warnPB (small blind) collected (60)
Seat 3: Sperioks (big blind) folded before Flop



PokerStars Hand #249275551079: Tournament #3725401784, $1.84+$0.16 USD Hold'em No Limit - Level II (15/30) - 2024/03/06 21:29:01 CET [2024/03/06 15:29:01 ET]
Table '3725401784 1' 3-max Seat #2 is the button
Seat 1: Mahu2021 (890 in chips) 
Seat 2: sk3warnPB (400 in chips) 
Seat 3: Sperioks (210 in chips) 
Sperioks: posts small blind 15
Mahu2021: posts big blind 30
*** HOLE CARDS ***
Dealt to Mahu2021 [7d 3c]
sk3warnPB: folds 
Sperioks: folds 
Uncalled bet (15) returned to Mahu2021
Mahu2021 collected 30 from pot
Mahu2021: doesn't show hand 
*** SUMMARY ***
Total pot 30 | Rake 0 
Seat 1: Mahu2021 (big blind) collected (30)
Seat 2: sk3warnPB (button) folded before Flop (didn't bet)
Seat 3: Sperioks (small blind) folded before Flop



PokerStars Hand #249275553831: Tournament #3725401784, $1.84+$0.16 USD Hold'em No Limit - Level II (15/30) - 2024/03/06 21:29:09 CET [2024/03/06 15:29:09 ET]
Table '3725401784 1' 3-max Seat #3 is the button
Seat 1: Mahu2021 (905 in chips) 
Seat 2: sk3warnPB (400 in chips) 
Seat 3: Sperioks (195 in chips) 
Mahu2021: posts small blind 15
sk3warnPB: posts big blind 30
*** HOLE CARDS ***
Dealt to Mahu2021 [7d Tc]
Sperioks: folds 
Mahu2021: folds 
Uncalled bet (15) returned to sk3warnPB
sk3warnPB collected 30 from pot
sk3warnPB: doesn't show hand 
*** SUMMARY ***
Total pot 30 | Rake 0 
Seat 1: Mahu2021 (small blind) folded before Flop
Seat 2: sk3warnPB (big blind) collected (30)
Seat 3: Sperioks (button) folded before Flop (didn't bet)



PokerStars Hand #249275555427: Tournament #3725401784, $1.84+$0.16 USD Hold'em No Limit - Level II (15/30) - 2024/03/06 21:29:14 CET [2024/03/06 15:29:14 ET]
Table '3725401784 1' 3-max Seat #1 is the button
Seat 1: Mahu2021 (890 in chips) 
Seat 2: sk3warnPB (415 in chips) 
Seat 3: Sperioks (195 in chips) 
sk3warnPB: posts small blind 15
Sperioks: posts big blind 30
*** HOLE CARDS ***
Dealt to Mahu2021 [Td Ad]
Mahu2021: raises 30 to 60
sk3warnPB: folds 
Sperioks: raises 135 to 195 and is all-in
Mahu2021: calls 135
*** FLOP *** [3c 6h 9h]
*** TURN *** [3c 6h 9h] [Ac]
*** RIVER *** [3c 6h 9h Ac] [Qs]
*** SHOW DOWN ***
Sperioks: shows [7d As] (a pair of Aces)
Mahu2021: shows [Td Ad] (a pair of Aces - Queen+Ten kicker)
Mahu2021 collected 405 from pot
Sperioks finished the tournament in 3rd place
*** SUMMARY ***
Total pot 405 | Rake 0 
Board [3c 6h 9h Ac Qs]
Seat 1: Mahu2021 (button) showed [Td Ad] and won (405) with a pair of Aces
Seat 2: sk3warnPB (small blind) folded before Flop
Seat 3: Sperioks (big blind) showed [7d As] and lost with a pair of Aces



PokerStars Hand #249275562949: Tournament #3725401784, $1.84+$0.16 USD Hold'em No Limit - Level III (20/40) - 2024/03/06 21:29:36 CET [2024/03/06 15:29:36 ET]
Table '3725401784 1' 3-max Seat #2 is the button
Seat 1: Mahu2021 (1100 in chips) 
Seat 2: sk3warnPB (400 in chips) 
sk3warnPB: posts small blind 20
Mahu2021: posts big blind 40
*** HOLE CARDS ***
Dealt to Mahu2021 [7c Qs]
sk3warnPB: folds 
Uncalled bet (20) returned to Mahu2021
Mahu2021 collected 40 from pot
Mahu2021: doesn't show hand 
*** SUMMARY ***
Total pot 40 | Rake 0 
Seat 1: Mahu2021 (big blind) collected (40)
Seat 2: sk3warnPB (button) (small blind) folded before Flop



PokerStars Hand #249275564564: Tournament #3725401784, $1.84+$0.16 USD Hold'em No Limit - Level III (20/40) - 2024/03/06 21:29:40 CET [2024/03/06 15:29:40 ET]
Table '3725401784 1' 3-max Seat #1 is the button
Seat 1: Mahu2021 (1120 in chips) 
Seat 2: sk3warnPB (380 in chips) 
Mahu2021: posts small blind 20
sk3warnPB: posts big blind 40
*** HOLE CARDS ***
Dealt to Mahu2021 [Jc Kd]
Mahu2021: raises 40 to 80
sk3warnPB: calls 40
*** FLOP *** [7h 8d Tc]
sk3warnPB: checks 
Mahu2021: checks 
*** TURN *** [7h 8d Tc] [6c]
sk3warnPB: checks 
Mahu2021: checks 
*** RIVER *** [7h 8d Tc 6c] [Kc]
sk3warnPB: bets 300 and is all-in
Mahu2021: calls 300
*** SHOW DOWN ***
sk3warnPB: shows [Ts 9h] (a straight, Six to Ten)
Mahu2021: shows [Jc Kd] (a pair of Kings)
sk3warnPB collected 760 from pot
*** SUMMARY ***
Total pot 760 | Rake 0 
Board [7h 8d Tc 6c Kc]
Seat 1: Mahu2021 (button) (small blind) showed [Jc Kd] and lost with a pair of Kings
Seat 2: sk3warnPB (big blind) showed [Ts 9h] and won (760) with a straight, Six to Ten



PokerStars Hand #249275570148: Tournament #3725401784, $1.84+$0.16 USD Hold'em No Limit - Level III (20/40) - 2024/03/06 21:29:57 CET [2024/03/06 15:29:57 ET]
Table '3725401784 1' 3-max Seat #2 is the button
Seat 1: Mahu2021 (740 in chips) 
Seat 2: sk3warnPB (760 in chips) 
sk3warnPB: posts small blind 20
Mahu2021: posts big blind 40
*** HOLE CARDS ***
Dealt to Mahu2021 [2d Js]
sk3warnPB: raises 40 to 80
Mahu2021: calls 40
*** FLOP *** [5d 7h Th]
Mahu2021: checks 
sk3warnPB: bets 160
Mahu2021: folds 
Uncalled bet (160) returned to sk3warnPB
sk3warnPB collected 160 from pot
sk3warnPB: doesn't show hand 
*** SUMMARY ***
Total pot 160 | Rake 0 
Board [5d 7h Th]
Seat 1: Mahu2021 (big blind) folded on the Flop
Seat 2: sk3warnPB (button) (small blind) collected (160)



PokerStars Hand #249275573243: Tournament #3725401784, $1.84+$0.16 USD Hold'em No Limit - Level III (20/40) - 2024/03/06 21:30:06 CET [2024/03/06 15:30:06 ET]
Table '3725401784 1' 3-max Seat #1 is the button
Seat 1: Mahu2021 (660 in chips) 
Seat 2: sk3warnPB (840 in chips) 
Mahu2021: posts small blind 20
sk3warnPB: posts big blind 40
*** HOLE CARDS ***
Dealt to Mahu2021 [9d 4d]
Mahu2021: folds 
Uncalled bet (20) returned to sk3warnPB
sk3warnPB collected 40 from pot
sk3warnPB: doesn't show hand 
*** SUMMARY ***
Total pot 40 | Rake 0 
Seat 1: Mahu2021 (button) (small blind) folded before Flop
Seat 2: sk3warnPB (big blind) collected (40)



PokerStars Hand #249275574771: Tournament #3725401784, $1.84+$0.16 USD Hold'em No Limit - Level III (20/40) - 2024/03/06 21:30:10 CET [2024/03/06 15:30:10 ET]
Table '3725401784 1' 3-max Seat #2 is the button
Seat 1: Mahu2021 (640 in chips) 
Seat 2: sk3warnPB (860 in chips) 
sk3warnPB: posts small blind 20
Mahu2021: posts big blind 40
*** HOLE CARDS ***
Dealt to Mahu2021 [2d Jh]
sk3warnPB: folds 
Uncalled bet (20) returned to Mahu2021
Mahu2021 collected 40 from pot
Mahu2021: doesn't show hand 
*** SUMMARY ***
Total pot 40 | Rake 0 
Seat 1: Mahu2021 (big blind) collected (40)
Seat 2: sk3warnPB (button) (small blind) folded before Flop



PokerStars Hand #249275576090: Tournament #3725401784, $1.84+$0.16 USD Hold'em No Limit - Level III (20/40) - 2024/03/06 21:30:14 CET [2024/03/06 15:30:14 ET]
Table '3725401784 1' 3-max Seat #1 is the button
Seat 1: Mahu2021 (660 in chips) 
Seat 2: sk3warnPB (840 in chips) 
Mahu2021: posts small blind 20
sk3warnPB: posts big blind 40
*** HOLE CARDS ***
Dealt to Mahu2021 [8c Jc]
Mahu2021: raises 40 to 80
sk3warnPB: calls 40
*** FLOP *** [6c Qs Jh]
sk3warnPB: checks 
Mahu2021: bets 80
sk3warnPB: folds 
Uncalled bet (80) returned to Mahu2021
Mahu2021 collected 160 from pot
Mahu2021: doesn't show hand 
*** SUMMARY ***
Total pot 160 | Rake 0 
Board [6c Qs Jh]
Seat 1: Mahu2021 (button) (small blind) collected (160)
Seat 2: sk3warnPB (big blind) folded on the Flop



PokerStars Hand #249275579464: Tournament #3725401784, $1.84+$0.16 USD Hold'em No Limit - Level III (20/40) - 2024/03/06 21:30:24 CET [2024/03/06 15:30:24 ET]
Table '3725401784 1' 3-max Seat #2 is the button
Seat 1: Mahu2021 (740 in chips) 
Seat 2: sk3warnPB (760 in chips) 
sk3warnPB: posts small blind 20
Mahu2021: posts big blind 40
*** HOLE CARDS ***
Dealt to Mahu2021 [Kc 8d]
sk3warnPB: raises 40 to 80
Mahu2021: calls 40
*** FLOP *** [2h 5d Qh]
Mahu2021: checks 
sk3warnPB: checks 
*** TURN *** [2h 5d Qh] [Jd]
Mahu2021: checks 
sk3warnPB: checks 
*** RIVER *** [2h 5d Qh Jd] [7c]
Mahu2021: checks 
sk3warnPB: checks 
*** SHOW DOWN ***
Mahu2021: shows [Kc 8d] (high card King)
sk3warnPB: shows [6s Ad] (high card Ace)
sk3warnPB collected 160 from pot
*** SUMMARY ***
Total pot 160 | Rake 0 
Board [2h 5d Qh Jd 7c]
Seat 1: Mahu2021 (big blind) showed [Kc 8d] and lost with high card King
Seat 2: sk3warnPB (button) (small blind) showed [6s Ad] and won (160) with high card Ace



PokerStars Hand #249275583385: Tournament #3725401784, $1.84+$0.16 USD Hold'em No Limit - Level III (20/40) - 2024/03/06 21:30:35 CET [2024/03/06 15:30:35 ET]
Table '3725401784 1' 3-max Seat #1 is the button
Seat 1: Mahu2021 (660 in chips) 
Seat 2: sk3warnPB (840 in chips) 
Mahu2021: posts small blind 20
sk3warnPB: posts big blind 40
*** HOLE CARDS ***
Dealt to Mahu2021 [9h Jh]
Mahu2021: raises 40 to 80
sk3warnPB: folds 
Uncalled bet (40) returned to Mahu2021
Mahu2021 collected 80 from pot
Mahu2021: doesn't show hand 
*** SUMMARY ***
Total pot 80 | Rake 0 
Seat 1: Mahu2021 (button) (small blind) collected (80)
Seat 2: sk3warnPB (big blind) folded before Flop



PokerStars Hand #249275585193: Tournament #3725401784, $1.84+$0.16 USD Hold'em No Limit - Level III (20/40) - 2024/03/06 21:30:41 CET [2024/03/06 15:30:41 ET]
Table '3725401784 1' 3-max Seat #2 is the button
Seat 1: Mahu2021 (700 in chips) 
Seat 2: sk3warnPB (800 in chips) 
sk3warnPB: posts small blind 20
Mahu2021: posts big blind 40
*** HOLE CARDS ***
Dealt to Mahu2021 [Qh 7d]
sk3warnPB: calls 20
Mahu2021: checks 
*** FLOP *** [Td 6h Qc]
Mahu2021: checks 
sk3warnPB: checks 
*** TURN *** [Td 6h Qc] [5d]
Mahu2021: bets 40
sk3warnPB: calls 40
*** RIVER *** [Td 6h Qc 5d] [9s]
Mahu2021: bets 40
sk3warnPB: folds 
Uncalled bet (40) returned to Mahu2021
Mahu2021 collected 160 from pot
Mahu2021: doesn't show hand 
*** SUMMARY ***
Total pot 160 | Rake 0 
Board [Td 6h Qc 5d 9s]
Seat 1: Mahu2021 (big blind) collected (160)
Seat 2: sk3warnPB (button) (small blind) folded on the River



PokerStars Hand #249275591117: Tournament #3725401784, $1.84+$0.16 USD Hold'em No Limit - Level III (20/40) - 2024/03/06 21:30:58 CET [2024/03/06 15:30:58 ET]
Table '3725401784 1' 3-max Seat #1 is the button
Seat 1: Mahu2021 (780 in chips) 
Seat 2: sk3warnPB (720 in chips) 
Mahu2021: posts small blind 20
sk3warnPB: posts big blind 40
*** HOLE CARDS ***
Dealt to Mahu2021 [9h Kd]
Mahu2021: raises 40 to 80
sk3warnPB: calls 40
*** FLOP *** [Ts 5c 5d]
sk3warnPB: checks 
Mahu2021: checks 
*** TURN *** [Ts 5c 5d] [Qh]
sk3warnPB: bets 160
Mahu2021: folds 
Uncalled bet (160) returned to sk3warnPB
sk3warnPB collected 160 from pot
sk3warnPB: doesn't show hand 
*** SUMMARY ***
Total pot 160 | Rake 0 
Board [Ts 5c 5d Qh]
Seat 1: Mahu2021 (button) (small blind) folded on the Turn
Seat 2: sk3warnPB (big blind) collected (160)



PokerStars Hand #249275596431: Tournament #3725401784, $1.84+$0.16 USD Hold'em No Limit - Level III (20/40) - 2024/03/06 21:31:13 CET [2024/03/06 15:31:13 ET]
Table '3725401784 1' 3-max Seat #2 is the button
Seat 1: Mahu2021 (700 in chips) 
Seat 2: sk3warnPB (800 in chips) 
sk3warnPB: posts small blind 20
Mahu2021: posts big blind 40
*** HOLE CARDS ***
Dealt to Mahu2021 [5d Th]
sk3warnPB: folds 
Uncalled bet (20) returned to Mahu2021
Mahu2021 collected 40 from pot
Mahu2021: doesn't show hand 
*** SUMMARY ***
Total pot 40 | Rake 0 
Seat 1: Mahu2021 (big blind) collected (40)
Seat 2: sk3warnPB (button) (small blind) folded before Flop



PokerStars Hand #249275598800: Tournament #3725401784, $1.84+$0.16 USD Hold'em No Limit - Level IV (30/60) - 2024/03/06 21:31:20 CET [2024/03/06 15:31:20 ET]
Table '3725401784 1' 3-max Seat #1 is the button
Seat 1: Mahu2021 (720 in chips) 
Seat 2: sk3warnPB (780 in chips) 
Mahu2021: posts small blind 30
sk3warnPB: posts big blind 60
*** HOLE CARDS ***
Dealt to Mahu2021 [Qs Ah]
Mahu2021: raises 60 to 120
sk3warnPB: folds 
Uncalled bet (60) returned to Mahu2021
Mahu2021 collected 120 from pot
Mahu2021: doesn't show hand 
*** SUMMARY ***
Total pot 120 | Rake 0 
Seat 1: Mahu2021 (button) (small blind) collected (120)
Seat 2: sk3warnPB (big blind) folded before Flop



PokerStars Hand #249275600760: Tournament #3725401784, $1.84+$0.16 USD Hold'em No Limit - Level IV (30/60) - 2024/03/06 21:31:26 CET [2024/03/06 15:31:26 ET]
Table '3725401784 1' 3-max Seat #2 is the button
Seat 1: Mahu2021 (780 in chips) 
Seat 2: sk3warnPB (720 in chips) 
sk3warnPB: posts small blind 30
Mahu2021: posts big blind 60
*** HOLE CARDS ***
Dealt to Mahu2021 [Ah 6s]
sk3warnPB: raises 60 to 120
Mahu2021: calls 60
*** FLOP *** [7c 3h 5c]
Mahu2021: checks 
sk3warnPB: checks 
*** TURN *** [7c 3h 5c] [Js]
Mahu2021: checks 
sk3warnPB: bets 240
Mahu2021: folds 
Uncalled bet (240) returned to sk3warnPB
sk3warnPB collected 240 from pot
sk3warnPB: doesn't show hand 
*** SUMMARY ***
Total pot 240 | Rake 0 
Board [7c 3h 5c Js]
Seat 1: Mahu2021 (big blind) folded on the Turn
Seat 2: sk3warnPB (button) (small blind) collected (240)



PokerStars Hand #249275606044: Tournament #3725401784, $1.84+$0.16 USD Hold'em No Limit - Level IV (30/60) - 2024/03/06 21:31:41 CET [2024/03/06 15:31:41 ET]
Table '3725401784 1' 3-max Seat #1 is the button
Seat 1: Mahu2021 (660 in chips) 
Seat 2: sk3warnPB (840 in chips) 
Mahu2021: posts small blind 30
sk3warnPB: posts big blind 60
*** HOLE CARDS ***
Dealt to Mahu2021 [2s 8s]
Mahu2021: folds 
Uncalled bet (30) returned to sk3warnPB
sk3warnPB collected 60 from pot
sk3warnPB: doesn't show hand 
*** SUMMARY ***
Total pot 60 | Rake 0 
Seat 1: Mahu2021 (button) (small blind) folded before Flop
Seat 2: sk3warnPB (big blind) collected (60)



PokerStars Hand #249275607468: Tournament #3725401784, $1.84+$0.16 USD Hold'em No Limit - Level IV (30/60) - 2024/03/06 21:31:46 CET [2024/03/06 15:31:46 ET]
Table '3725401784 1' 3-max Seat #2 is the button
Seat 1: Mahu2021 (630 in chips) 
Seat 2: sk3warnPB (870 in chips) 
sk3warnPB: posts small blind 30
Mahu2021: posts big blind 60
*** HOLE CARDS ***
Dealt to Mahu2021 [8s Tc]
sk3warnPB: folds 
Uncalled bet (30) returned to Mahu2021
Mahu2021 collected 60 from pot
Mahu2021: doesn't show hand 
*** SUMMARY ***
Total pot 60 | Rake 0 
Seat 1: Mahu2021 (big blind) collected (60)
Seat 2: sk3warnPB (button) (small blind) folded before Flop



PokerStars Hand #249275608824: Tournament #3725401784, $1.84+$0.16 USD Hold'em No Limit - Level IV (30/60) - 2024/03/06 21:31:49 CET [2024/03/06 15:31:49 ET]
Table '3725401784 1' 3-max Seat #1 is the button
Seat 1: Mahu2021 (660 in chips) 
Seat 2: sk3warnPB (840 in chips) 
Mahu2021: posts small blind 30
sk3warnPB: posts big blind 60
*** HOLE CARDS ***
Dealt to Mahu2021 [9d Qs]
Mahu2021: calls 30
sk3warnPB: checks 
*** FLOP *** [As 5s Jd]
sk3warnPB: checks 
Mahu2021: bets 60
sk3warnPB: calls 60
*** TURN *** [As 5s Jd] [Ac]
sk3warnPB: checks 
Mahu2021: checks 
*** RIVER *** [As 5s Jd Ac] [2d]
sk3warnPB: checks 
Mahu2021: bets 240
sk3warnPB: folds 
Uncalled bet (240) returned to Mahu2021
Mahu2021 collected 240 from pot
Mahu2021: doesn't show hand 
*** SUMMARY ***
Total pot 240 | Rake 0 
Board [As 5s Jd Ac 2d]
Seat 1: Mahu2021 (button) (small blind) collected (240)
Seat 2: sk3warnPB (big blind) folded on the River



PokerStars Hand #249275615045: Tournament #3725401784, $1.84+$0.16 USD Hold'em No Limit - Level IV (30/60) - 2024/03/06 21:32:08 CET [2024/03/06 15:32:08 ET]
Table '3725401784 1' 3-max Seat #2 is the button
Seat 1: Mahu2021 (780 in chips) 
Seat 2: sk3warnPB (720 in chips) 
sk3warnPB: posts small blind 30
Mahu2021: posts big blind 60
*** HOLE CARDS ***
Dealt to Mahu2021 [5c 7d]
sk3warnPB: folds 
Uncalled bet (30) returned to Mahu2021
Mahu2021 collected 60 from pot
Mahu2021: doesn't show hand 
*** SUMMARY ***
Total pot 60 | Rake 0 
Seat 1: Mahu2021 (big blind) collected (60)
Seat 2: sk3warnPB (button) (small blind) folded before Flop



PokerStars Hand #249275616796: Tournament #3725401784, $1.84+$0.16 USD Hold'em No Limit - Level IV (30/60) - 2024/03/06 21:32:13 CET [2024/03/06 15:32:13 ET]
Table '3725401784 1' 3-max Seat #1 is the button
Seat 1: Mahu2021 (810 in chips) 
Seat 2: sk3warnPB (690 in chips) 
Mahu2021: posts small blind 30
sk3warnPB: posts big blind 60
*** HOLE CARDS ***
Dealt to Mahu2021 [Jd As]
Mahu2021: raises 60 to 120
sk3warnPB: calls 60
*** FLOP *** [9h 6c 2d]
sk3warnPB: bets 240
Mahu2021: folds 
Uncalled bet (240) returned to sk3warnPB
sk3warnPB collected 240 from pot
sk3warnPB: doesn't show hand 
*** SUMMARY ***
Total pot 240 | Rake 0 
Board [9h 6c 2d]
Seat 1: Mahu2021 (button) (small blind) folded on the Flop
Seat 2: sk3warnPB (big blind) collected (240)



PokerStars Hand #249275620434: Tournament #3725401784, $1.84+$0.16 USD Hold'em No Limit - Level IV (30/60) - 2024/03/06 21:32:24 CET [2024/03/06 15:32:24 ET]
Table '3725401784 1' 3-max Seat #2 is the button
Seat 1: Mahu2021 (690 in chips) 
Seat 2: sk3warnPB (810 in chips) 
sk3warnPB: posts small blind 30
Mahu2021: posts big blind 60
*** HOLE CARDS ***
Dealt to Mahu2021 [Ks 7d]
sk3warnPB: folds 
Uncalled bet (30) returned to Mahu2021
Mahu2021 collected 60 from pot
Mahu2021: doesn't show hand 
*** SUMMARY ***
Total pot 60 | Rake 0 
Seat 1: Mahu2021 (big blind) collected (60)
Seat 2: sk3warnPB (button) (small blind) folded before Flop



PokerStars Hand #249275621908: Tournament #3725401784, $1.84+$0.16 USD Hold'em No Limit - Level IV (30/60) - 2024/03/06 21:32:28 CET [2024/03/06 15:32:28 ET]
Table '3725401784 1' 3-max Seat #1 is the button
Seat 1: Mahu2021 (720 in chips) 
Seat 2: sk3warnPB (780 in chips) 
Mahu2021: posts small blind 30
sk3warnPB: posts big blind 60
*** HOLE CARDS ***
Dealt to Mahu2021 [Qc Ad]
Mahu2021: raises 60 to 120
sk3warnPB: folds 
Uncalled bet (60) returned to Mahu2021
Mahu2021 collected 120 from pot
Mahu2021: doesn't show hand 
*** SUMMARY ***
Total pot 120 | Rake 0 
Seat 1: Mahu2021 (button) (small blind) collected (120)
Seat 2: sk3warnPB (big blind) folded before Flop



PokerStars Hand #249275624494: Tournament #3725401784, $1.84+$0.16 USD Hold'em No Limit - Level IV (30/60) - 2024/03/06 21:32:35 CET [2024/03/06 15:32:35 ET]
Table '3725401784 1' 3-max Seat #2 is the button
Seat 1: Mahu2021 (780 in chips) 
Seat 2: sk3warnPB (720 in chips) 
sk3warnPB: posts small blind 30
Mahu2021: posts big blind 60
*** HOLE CARDS ***
Dealt to Mahu2021 [7c 8h]
sk3warnPB: folds 
Uncalled bet (30) returned to Mahu2021
Mahu2021 collected 60 from pot
Mahu2021: doesn't show hand 
*** SUMMARY ***
Total pot 60 | Rake 0 
Seat 1: Mahu2021 (big blind) collected (60)
Seat 2: sk3warnPB (button) (small blind) folded before Flop



PokerStars Hand #249275625814: Tournament #3725401784, $1.84+$0.16 USD Hold'em No Limit - Level IV (30/60) - 2024/03/06 21:32:39 CET [2024/03/06 15:32:39 ET]
Table '3725401784 1' 3-max Seat #1 is the button
Seat 1: Mahu2021 (810 in chips) 
Seat 2: sk3warnPB (690 in chips) 
Mahu2021: posts small blind 30
sk3warnPB: posts big blind 60
*** HOLE CARDS ***
Dealt to Mahu2021 [4d 4c]
Mahu2021: raises 750 to 810 and is all-in
sk3warnPB: folds 
Uncalled bet (750) returned to Mahu2021
Mahu2021 collected 120 from pot
Mahu2021: doesn't show hand 
*** SUMMARY ***
Total pot 120 | Rake 0 
Seat 1: Mahu2021 (button) (small blind) collected (120)
Seat 2: sk3warnPB (big blind) folded before Flop



PokerStars Hand #249275627992: Tournament #3725401784, $1.84+$0.16 USD Hold'em No Limit - Level IV (30/60) - 2024/03/06 21:32:46 CET [2024/03/06 15:32:46 ET]
Table '3725401784 1' 3-max Seat #2 is the button
Seat 1: Mahu2021 (870 in chips) 
Seat 2: sk3warnPB (630 in chips) 
sk3warnPB: posts small blind 30
Mahu2021: posts big blind 60
*** HOLE CARDS ***
Dealt to Mahu2021 [6d 7s]
sk3warnPB: calls 30
Mahu2021: checks 
*** FLOP *** [5c Ac Kc]
Mahu2021: checks 
sk3warnPB: bets 60
Mahu2021: folds 
Uncalled bet (60) returned to sk3warnPB
sk3warnPB collected 120 from pot
sk3warnPB: doesn't show hand 
*** SUMMARY ***
Total pot 120 | Rake 0 
Board [5c Ac Kc]
Seat 1: Mahu2021 (big blind) folded on the Flop
Seat 2: sk3warnPB (button) (small blind) collected (120)



PokerStars Hand #249275631552: Tournament #3725401784, $1.84+$0.16 USD Hold'em No Limit - Level IV (30/60) - 2024/03/06 21:32:56 CET [2024/03/06 15:32:56 ET]
Table '3725401784 1' 3-max Seat #1 is the button
Seat 1: Mahu2021 (810 in chips) 
Seat 2: sk3warnPB (690 in chips) 
Mahu2021: posts small blind 30
sk3warnPB: posts big blind 60
*** HOLE CARDS ***
Dealt to Mahu2021 [7s 4d]
Mahu2021: folds 
Uncalled bet (30) returned to sk3warnPB
sk3warnPB collected 60 from pot
sk3warnPB: doesn't show hand 
*** SUMMARY ***
Total pot 60 | Rake 0 
Seat 1: Mahu2021 (button) (small blind) folded before Flop
Seat 2: sk3warnPB (big blind) collected (60)



PokerStars Hand #249275633002: Tournament #3725401784, $1.84+$0.16 USD Hold'em No Limit - Level IV (30/60) - 2024/03/06 21:33:00 CET [2024/03/06 15:33:00 ET]
Table '3725401784 1' 3-max Seat #2 is the button
Seat 1: Mahu2021 (780 in chips) 
Seat 2: sk3warnPB (720 in chips) 
sk3warnPB: posts small blind 30
Mahu2021: posts big blind 60
*** HOLE CARDS ***
Dealt to Mahu2021 [Ts 5c]
sk3warnPB: folds 
Uncalled bet (30) returned to Mahu2021
Mahu2021 collected 60 from pot
Mahu2021: doesn't show hand 
*** SUMMARY ***
Total pot 60 | Rake 0 
Seat 1: Mahu2021 (big blind) collected (60)
Seat 2: sk3warnPB (button) (small blind) folded before Flop



PokerStars Hand #249275634467: Tournament #3725401784, $1.84+$0.16 USD Hold'em No Limit - Level IV (30/60) - 2024/03/06 21:33:04 CET [2024/03/06 15:33:04 ET]
Table '3725401784 1' 3-max Seat #1 is the button
Seat 1: Mahu2021 (810 in chips) 
Seat 2: sk3warnPB (690 in chips) 
Mahu2021: posts small blind 30
sk3warnPB: posts big blind 60
*** HOLE CARDS ***
Dealt to Mahu2021 [8h 8d]
Mahu2021: raises 750 to 810 and is all-in
sk3warnPB: folds 
Uncalled bet (750) returned to Mahu2021
Mahu2021 collected 120 from pot
Mahu2021: doesn't show hand 
*** SUMMARY ***
Total pot 120 | Rake 0 
Seat 1: Mahu2021 (button) (small blind) collected (120)
Seat 2: sk3warnPB (big blind) folded before Flop



PokerStars Hand #249275636109: Tournament #3725401784, $1.84+$0.16 USD Hold'em No Limit - Level IV (30/60) - 2024/03/06 21:33:09 CET [2024/03/06 15:33:09 ET]
Table '3725401784 1' 3-max Seat #2 is the button
Seat 1: Mahu2021 (870 in chips) 
Seat 2: sk3warnPB (630 in chips) 
sk3warnPB: posts small blind 30
Mahu2021: posts big blind 60
*** HOLE CARDS ***
Dealt to Mahu2021 [2c Th]
sk3warnPB: folds 
Uncalled bet (30) returned to Mahu2021
Mahu2021 collected 60 from pot
Mahu2021: doesn't show hand 
*** SUMMARY ***
Total pot 60 | Rake 0 
Seat 1: Mahu2021 (big blind) collected (60)
Seat 2: sk3warnPB (button) (small blind) folded before Flop



PokerStars Hand #249275637613: Tournament #3725401784, $1.84+$0.16 USD Hold'em No Limit - Level IV (30/60) - 2024/03/06 21:33:14 CET [2024/03/06 15:33:14 ET]
Table '3725401784 1' 3-max Seat #1 is the button
Seat 1: Mahu2021 (900 in chips) 
Seat 2: sk3warnPB (600 in chips) 
Mahu2021: posts small blind 30
sk3warnPB: posts big blind 60
*** HOLE CARDS ***
Dealt to Mahu2021 [5h 5c]
Mahu2021: raises 60 to 120
sk3warnPB: folds 
Uncalled bet (60) returned to Mahu2021
Mahu2021 collected 120 from pot
Mahu2021: doesn't show hand 
*** SUMMARY ***
Total pot 120 | Rake 0 
Seat 1: Mahu2021 (button) (small blind) collected (120)
Seat 2: sk3warnPB (big blind) folded before Flop



PokerStars Hand #249275640284: Tournament #3725401784, $1.84+$0.16 USD Hold'em No Limit - Level V (40/80) - 2024/03/06 21:33:21 CET [2024/03/06 15:33:21 ET]
Table '3725401784 1' 3-max Seat #2 is the button
Seat 1: Mahu2021 (960 in chips) 
Seat 2: sk3warnPB (540 in chips) 
sk3warnPB: posts small blind 40
Mahu2021: posts big blind 80
*** HOLE CARDS ***
Dealt to Mahu2021 [8d 2s]
sk3warnPB: raises 460 to 540 and is all-in
Mahu2021: folds 
Uncalled bet (460) returned to sk3warnPB
sk3warnPB collected 160 from pot
sk3warnPB: doesn't show hand 
*** SUMMARY ***
Total pot 160 | Rake 0 
Seat 1: Mahu2021 (big blind) folded before Flop
Seat 2: sk3warnPB (button) (small blind) collected (160)



PokerStars Hand #249275642192: Tournament #3725401784, $1.84+$0.16 USD Hold'em No Limit - Level V (40/80) - 2024/03/06 21:33:27 CET [2024/03/06 15:33:27 ET]
Table '3725401784 1' 3-max Seat #1 is the button
Seat 1: Mahu2021 (880 in chips) 
Seat 2: sk3warnPB (620 in chips) 
Mahu2021: posts small blind 40
sk3warnPB: posts big blind 80
*** HOLE CARDS ***
Dealt to Mahu2021 [6s Qs]
Mahu2021: calls 40
sk3warnPB: checks 
*** FLOP *** [Ac Qh 2c]
sk3warnPB: checks 
Mahu2021: bets 80
sk3warnPB: folds 
Uncalled bet (80) returned to Mahu2021
Mahu2021 collected 160 from pot
Mahu2021: doesn't show hand 
*** SUMMARY ***
Total pot 160 | Rake 0 
Board [Ac Qh 2c]
Seat 1: Mahu2021 (button) (small blind) collected (160)
Seat 2: sk3warnPB (big blind) folded on the Flop



PokerStars Hand #249275648236: Tournament #3725401784, $1.84+$0.16 USD Hold'em No Limit - Level V (40/80) - 2024/03/06 21:33:45 CET [2024/03/06 15:33:45 ET]
Table '3725401784 1' 3-max Seat #2 is the button
Seat 1: Mahu2021 (960 in chips) 
Seat 2: sk3warnPB (540 in chips) 
sk3warnPB: posts small blind 40
Mahu2021: posts big blind 80
*** HOLE CARDS ***
Dealt to Mahu2021 [Td 2d]
sk3warnPB: folds 
Uncalled bet (40) returned to Mahu2021
Mahu2021 collected 80 from pot
Mahu2021: doesn't show hand 
*** SUMMARY ***
Total pot 80 | Rake 0 
Seat 1: Mahu2021 (big blind) collected (80)
Seat 2: sk3warnPB (button) (small blind) folded before Flop



PokerStars Hand #249275649598: Tournament #3725401784, $1.84+$0.16 USD Hold'em No Limit - Level V (40/80) - 2024/03/06 21:33:49 CET [2024/03/06 15:33:49 ET]
Table '3725401784 1' 3-max Seat #1 is the button
Seat 1: Mahu2021 (1000 in chips) 
Seat 2: sk3warnPB (500 in chips) 
Mahu2021: posts small blind 40
sk3warnPB: posts big blind 80
*** HOLE CARDS ***
Dealt to Mahu2021 [Qd 3c]
Mahu2021: calls 40
sk3warnPB: raises 420 to 500 and is all-in
Mahu2021: folds 
Uncalled bet (420) returned to sk3warnPB
sk3warnPB collected 160 from pot
sk3warnPB: doesn't show hand 
*** SUMMARY ***
Total pot 160 | Rake 0 
Seat 1: Mahu2021 (button) (small blind) folded before Flop
Seat 2: sk3warnPB (big blind) collected (160)



PokerStars Hand #249275652062: Tournament #3725401784, $1.84+$0.16 USD Hold'em No Limit - Level V (40/80) - 2024/03/06 21:33:56 CET [2024/03/06 15:33:56 ET]
Table '3725401784 1' 3-max Seat #2 is the button
Seat 1: Mahu2021 (920 in chips) 
Seat 2: sk3warnPB (580 in chips) 
sk3warnPB: posts small blind 40
Mahu2021: posts big blind 80
*** HOLE CARDS ***
Dealt to Mahu2021 [Jh 4s]
sk3warnPB: folds 
Uncalled bet (40) returned to Mahu2021
Mahu2021 collected 80 from pot
Mahu2021: doesn't show hand 
*** SUMMARY ***
Total pot 80 | Rake 0 
Seat 1: Mahu2021 (big blind) collected (80)
Seat 2: sk3warnPB (button) (small blind) folded before Flop



PokerStars Hand #249275653412: Tournament #3725401784, $1.84+$0.16 USD Hold'em No Limit - Level V (40/80) - 2024/03/06 21:34:00 CET [2024/03/06 15:34:00 ET]
Table '3725401784 1' 3-max Seat #1 is the button
Seat 1: Mahu2021 (960 in chips) 
Seat 2: sk3warnPB (540 in chips) 
Mahu2021: posts small blind 40
sk3warnPB: posts big blind 80
*** HOLE CARDS ***
Dealt to Mahu2021 [Ad Ks]
Mahu2021: calls 40
sk3warnPB: checks 
*** FLOP *** [As 8s Qd]
sk3warnPB: bets 80
Mahu2021: calls 80
*** TURN *** [As 8s Qd] [Qc]
sk3warnPB: checks 
Mahu2021: checks 
*** RIVER *** [As 8s Qd Qc] [6s]
sk3warnPB: bets 80
Mahu2021: calls 80
*** SHOW DOWN ***
sk3warnPB: shows [4c Qh] (three of a kind, Queens)
Mahu2021: mucks hand 
sk3warnPB collected 480 from pot
*** SUMMARY ***
Total pot 480 | Rake 0 
Board [As 8s Qd Qc 6s]
Seat 1: Mahu2021 (button) (small blind) mucked [Ad Ks]
Seat 2: sk3warnPB (big blind) showed [4c Qh] and won (480) with three of a kind, Queens



PokerStars Hand #249275659640: Tournament #3725401784, $1.84+$0.16 USD Hold'em No Limit - Level V (40/80) - 2024/03/06 21:34:18 CET [2024/03/06 15:34:18 ET]
Table '3725401784 1' 3-max Seat #2 is the button
Seat 1: Mahu2021 (720 in chips) 
Seat 2: sk3warnPB (780 in chips) 
sk3warnPB: posts small blind 40
Mahu2021: posts big blind 80
*** HOLE CARDS ***
Dealt to Mahu2021 [Kc 4c]
sk3warnPB: raises 80 to 160
Mahu2021: calls 80
*** FLOP *** [Ah 2h Ks]
Mahu2021: checks 
sk3warnPB: bets 80
Mahu2021: calls 80
*** TURN *** [Ah 2h Ks] [Ad]
Mahu2021: checks 
sk3warnPB: bets 80
Mahu2021: calls 80
*** RIVER *** [Ah 2h Ks Ad] [As]
Mahu2021: checks 
sk3warnPB: bets 460 and is all-in
Mahu2021: calls 400 and is all-in
Uncalled bet (60) returned to sk3warnPB
*** SHOW DOWN ***
sk3warnPB: shows [Ac Jd] (four of a kind, Aces)
Mahu2021: shows [Kc 4c] (a full house, Aces full of Kings)
sk3warnPB collected 1440 from pot
Mahu2021 finished the tournament in 2nd place
sk3warnPB wins the tournament and receives $4.00 - congratulations!
*** SUMMARY ***
Total pot 1440 | Rake 0 
Board [Ah 2h Ks Ad As]
Seat 1: Mahu2021 (big blind) showed [Kc 4c] and lost with a full house, Aces full of Kings
Seat 2: sk3warnPB (button) (small blind) showed [Ac Jd] and won (1440) with four of a kind, Aces



