PokerStars Hand #243464834921: Tournament #3586036907, $0.92+$0.08 USD Hold'em No Limit - Level I (10/20) - 2023/05/03 17:53:04 CET [2023/05/03 11:53:04 ET]
Table '3586036907 1' 3-max Seat #1 is the button
Seat 1: miho24 (500 in chips) 
Seat 2: nils2023 (500 in chips) 
Seat 3: Mahu2021 (500 in chips) 
nils2023: posts small blind 10
Mahu2021: posts big blind 20
*** HOLE CARDS ***
Dealt to Mahu2021 [Ah 8h]
miho24: folds 
nils2023: raises 20 to 40
Mahu2021: calls 20
*** FLOP *** [2h Qc 6d]
nils2023: bets 20
Mahu2021: calls 20
*** TURN *** [2h Qc 6d] [5d]
nils2023: bets 20
Mahu2021: calls 20
*** RIVER *** [2h Qc 6d 5d] [9d]
nils2023: bets 20
Mahu2021: calls 20
*** SHOW DOWN ***
nils2023: shows [Ad Th] (high card Ace)
Mahu2021: mucks hand 
nils2023 collected 200 from pot
*** SUMMARY ***
Total pot 200 | Rake 0 
Board [2h Qc 6d 5d 9d]
Seat 1: miho24 (button) folded before Flop (didn't bet)
Seat 2: nils2023 (small blind) showed [Ad Th] and won (200) with high card Ace
Seat 3: Mahu2021 (big blind) mucked [Ah 8h]



PokerStars Hand #243464840917: Tournament #3586036907, $0.92+$0.08 USD Hold'em No Limit - Level I (10/20) - 2023/05/03 17:53:24 CET [2023/05/03 11:53:24 ET]
Table '3586036907 1' 3-max Seat #2 is the button
Seat 1: miho24 (500 in chips) 
Seat 2: nils2023 (600 in chips) 
Seat 3: Mahu2021 (400 in chips) 
Mahu2021: posts small blind 10
miho24: posts big blind 20
*** HOLE CARDS ***
Dealt to Mahu2021 [Ks 3c]
nils2023: folds 
Mahu2021: calls 10
miho24: checks 
*** FLOP *** [6s 8c 4s]
Mahu2021: checks 
miho24: bets 480 and is all-in
Mahu2021: folds 
Uncalled bet (480) returned to miho24
miho24 collected 40 from pot
*** SUMMARY ***
Total pot 40 | Rake 0 
Board [6s 8c 4s]
Seat 1: miho24 (big blind) collected (40)
Seat 2: nils2023 (button) folded before Flop (didn't bet)
Seat 3: Mahu2021 (small blind) folded on the Flop



PokerStars Hand #243464846165: Tournament #3586036907, $0.92+$0.08 USD Hold'em No Limit - Level I (10/20) - 2023/05/03 17:53:42 CET [2023/05/03 11:53:42 ET]
Table '3586036907 1' 3-max Seat #3 is the button
Seat 1: miho24 (520 in chips) 
Seat 2: nils2023 (600 in chips) 
Seat 3: Mahu2021 (380 in chips) 
miho24: posts small blind 10
nils2023: posts big blind 20
*** HOLE CARDS ***
Dealt to Mahu2021 [5c 2c]
Mahu2021: folds 
miho24: calls 10
nils2023: checks 
*** FLOP *** [Kh 4d Qs]
miho24: bets 20
nils2023: calls 20
*** TURN *** [Kh 4d Qs] [Ah]
miho24: checks 
nils2023: checks 
*** RIVER *** [Kh 4d Qs Ah] [3c]
miho24: checks 
nils2023: checks 
*** SHOW DOWN ***
miho24: shows [7s 8c] (high card Ace)
nils2023: shows [4c 6d] (a pair of Fours)
nils2023 collected 80 from pot
*** SUMMARY ***
Total pot 80 | Rake 0 
Board [Kh 4d Qs Ah 3c]
Seat 1: miho24 (small blind) showed [7s 8c] and lost with high card Ace
Seat 2: nils2023 (big blind) showed [4c 6d] and won (80) with a pair of Fours
Seat 3: Mahu2021 (button) folded before Flop (didn't bet)



PokerStars Hand #243464852649: Tournament #3586036907, $0.92+$0.08 USD Hold'em No Limit - Level I (10/20) - 2023/05/03 17:54:04 CET [2023/05/03 11:54:04 ET]
Table '3586036907 1' 3-max Seat #1 is the button
Seat 1: miho24 (480 in chips) 
Seat 2: nils2023 (640 in chips) 
Seat 3: Mahu2021 (380 in chips) 
nils2023: posts small blind 10
Mahu2021: posts big blind 20
*** HOLE CARDS ***
Dealt to Mahu2021 [9h Qd]
miho24: folds 
nils2023: calls 10
Mahu2021: checks 
*** FLOP *** [5c Ks Ad]
nils2023: checks 
Mahu2021: bets 20
nils2023: folds 
Uncalled bet (20) returned to Mahu2021
Mahu2021 collected 40 from pot
Mahu2021: doesn't show hand 
*** SUMMARY ***
Total pot 40 | Rake 0 
Board [5c Ks Ad]
Seat 1: miho24 (button) folded before Flop (didn't bet)
Seat 2: nils2023 (small blind) folded on the Flop
Seat 3: Mahu2021 (big blind) collected (40)



PokerStars Hand #243464856622: Tournament #3586036907, $0.92+$0.08 USD Hold'em No Limit - Level I (10/20) - 2023/05/03 17:54:17 CET [2023/05/03 11:54:17 ET]
Table '3586036907 1' 3-max Seat #2 is the button
Seat 1: miho24 (480 in chips) 
Seat 2: nils2023 (620 in chips) 
Seat 3: Mahu2021 (400 in chips) 
Mahu2021: posts small blind 10
miho24: posts big blind 20
*** HOLE CARDS ***
Dealt to Mahu2021 [7c 8s]
nils2023: calls 20
Mahu2021: calls 10
miho24: checks 
*** FLOP *** [7h Qh Ks]
Mahu2021: checks 
miho24: checks 
nils2023: checks 
*** TURN *** [7h Qh Ks] [Ts]
Mahu2021: checks 
miho24: checks 
nils2023: checks 
*** RIVER *** [7h Qh Ks Ts] [Qs]
Mahu2021: bets 20
miho24: folds 
nils2023: calls 20
*** SHOW DOWN ***
Mahu2021: shows [7c 8s] (two pair, Queens and Sevens)
nils2023: mucks hand 
Mahu2021 collected 100 from pot
*** SUMMARY ***
Total pot 100 | Rake 0 
Board [7h Qh Ks Ts Qs]
Seat 1: miho24 (big blind) folded on the River
Seat 2: nils2023 (button) mucked [4s 4d]
Seat 3: Mahu2021 (small blind) showed [7c 8s] and won (100) with two pair, Queens and Sevens



PokerStars Hand #243464863345: Tournament #3586036907, $0.92+$0.08 USD Hold'em No Limit - Level I (10/20) - 2023/05/03 17:54:41 CET [2023/05/03 11:54:41 ET]
Table '3586036907 1' 3-max Seat #3 is the button
Seat 1: miho24 (460 in chips) 
Seat 2: nils2023 (580 in chips) 
Seat 3: Mahu2021 (460 in chips) 
miho24: posts small blind 10
nils2023: posts big blind 20
*** HOLE CARDS ***
Dealt to Mahu2021 [9c 6h]
Mahu2021: folds 
miho24: calls 10
nils2023: checks 
*** FLOP *** [Qs 3s Jc]
miho24: checks 
nils2023: bets 20
miho24: folds 
Uncalled bet (20) returned to nils2023
nils2023 collected 40 from pot
*** SUMMARY ***
Total pot 40 | Rake 0 
Board [Qs 3s Jc]
Seat 1: miho24 (small blind) folded on the Flop
Seat 2: nils2023 (big blind) collected (40)
Seat 3: Mahu2021 (button) folded before Flop (didn't bet)



PokerStars Hand #243464866983: Tournament #3586036907, $0.92+$0.08 USD Hold'em No Limit - Level I (10/20) - 2023/05/03 17:54:53 CET [2023/05/03 11:54:53 ET]
Table '3586036907 1' 3-max Seat #1 is the button
Seat 1: miho24 (440 in chips) 
Seat 2: nils2023 (600 in chips) 
Seat 3: Mahu2021 (460 in chips) 
nils2023: posts small blind 10
Mahu2021: posts big blind 20
*** HOLE CARDS ***
Dealt to Mahu2021 [As Jh]
miho24: raises 60 to 80
nils2023: calls 70
Mahu2021: folds 
*** FLOP *** [Tc 6s 6d]
nils2023: checks 
miho24: bets 20
nils2023: calls 20
*** TURN *** [Tc 6s 6d] [5c]
nils2023: checks 
miho24: bets 80
nils2023: calls 80
*** RIVER *** [Tc 6s 6d 5c] [2c]
nils2023: checks 
miho24: bets 120
nils2023: calls 120
*** SHOW DOWN ***
miho24: shows [4c Ac] (a flush, Ace high)
nils2023: mucks hand 
miho24 collected 620 from pot
*** SUMMARY ***
Total pot 620 | Rake 0 
Board [Tc 6s 6d 5c 2c]
Seat 1: miho24 (button) showed [4c Ac] and won (620) with a flush, Ace high
Seat 2: nils2023 (small blind) mucked [2d 3d]
Seat 3: Mahu2021 (big blind) folded before Flop



PokerStars Hand #243464877054: Tournament #3586036907, $0.92+$0.08 USD Hold'em No Limit - Level II (15/30) - 2023/05/03 17:55:31 CET [2023/05/03 11:55:31 ET]
Table '3586036907 1' 3-max Seat #2 is the button
Seat 1: miho24 (760 in chips) 
Seat 2: nils2023 (300 in chips) 
Seat 3: Mahu2021 (440 in chips) 
Mahu2021: posts small blind 15
miho24: posts big blind 30
*** HOLE CARDS ***
Dealt to Mahu2021 [Jh 7c]
nils2023: folds 
Mahu2021: calls 15
miho24: checks 
*** FLOP *** [Tc Jc 9d]
Mahu2021: bets 60
miho24: calls 60
*** TURN *** [Tc Jc 9d] [Ks]
Mahu2021: checks 
miho24: checks 
*** RIVER *** [Tc Jc 9d Ks] [As]
Mahu2021: bets 60
miho24: raises 610 to 670 and is all-in
Mahu2021: folds 
Uncalled bet (610) returned to miho24
miho24 collected 300 from pot
*** SUMMARY ***
Total pot 300 | Rake 0 
Board [Tc Jc 9d Ks As]
Seat 1: miho24 (big blind) collected (300)
Seat 2: nils2023 (button) folded before Flop (didn't bet)
Seat 3: Mahu2021 (small blind) folded on the River



PokerStars Hand #243464886605: Tournament #3586036907, $0.92+$0.08 USD Hold'em No Limit - Level II (15/30) - 2023/05/03 17:56:13 CET [2023/05/03 11:56:13 ET]
Table '3586036907 1' 3-max Seat #3 is the button
Seat 1: miho24 (910 in chips) 
Seat 2: nils2023 (300 in chips) 
Seat 3: Mahu2021 (290 in chips) 
miho24: posts small blind 15
nils2023: posts big blind 30
*** HOLE CARDS ***
Dealt to Mahu2021 [9c 2s]
Mahu2021: folds 
miho24: calls 15
nils2023: checks 
*** FLOP *** [7d Ad 4h]
miho24: bets 30
nils2023: calls 30
*** TURN *** [7d Ad 4h] [Qd]
miho24: bets 30
nils2023: calls 30
*** RIVER *** [7d Ad 4h Qd] [2d]
miho24: bets 820 and is all-in
nils2023: folds 
Uncalled bet (820) returned to miho24
miho24 collected 180 from pot
*** SUMMARY ***
Total pot 180 | Rake 0 
Board [7d Ad 4h Qd 2d]
Seat 1: miho24 (small blind) collected (180)
Seat 2: nils2023 (big blind) folded on the River
Seat 3: Mahu2021 (button) folded before Flop (didn't bet)



PokerStars Hand #243464892962: Tournament #3586036907, $0.92+$0.08 USD Hold'em No Limit - Level II (15/30) - 2023/05/03 17:56:40 CET [2023/05/03 11:56:40 ET]
Table '3586036907 1' 3-max Seat #1 is the button
Seat 1: miho24 (1000 in chips) 
Seat 2: nils2023 (210 in chips) 
Seat 3: Mahu2021 (290 in chips) 
nils2023: posts small blind 15
Mahu2021: posts big blind 30
*** HOLE CARDS ***
Dealt to Mahu2021 [5d Jc]
miho24: calls 30
nils2023: calls 15
Mahu2021: checks 
*** FLOP *** [Js 5h 4d]
nils2023: checks 
Mahu2021: bets 30
miho24: folds 
nils2023: folds 
Uncalled bet (30) returned to Mahu2021
Mahu2021 collected 90 from pot
Mahu2021: doesn't show hand 
*** SUMMARY ***
Total pot 90 | Rake 0 
Board [Js 5h 4d]
Seat 1: miho24 (button) folded on the Flop
Seat 2: nils2023 (small blind) folded on the Flop
Seat 3: Mahu2021 (big blind) collected (90)



PokerStars Hand #243464896224: Tournament #3586036907, $0.92+$0.08 USD Hold'em No Limit - Level II (15/30) - 2023/05/03 17:56:54 CET [2023/05/03 11:56:54 ET]
Table '3586036907 1' 3-max Seat #2 is the button
Seat 1: miho24 (970 in chips) 
Seat 2: nils2023 (180 in chips) 
Seat 3: Mahu2021 (350 in chips) 
Mahu2021: posts small blind 15
miho24: posts big blind 30
*** HOLE CARDS ***
Dealt to Mahu2021 [Td Ac]
nils2023: calls 30
Mahu2021: raises 60 to 90
miho24: folds 
nils2023: raises 90 to 180 and is all-in
Mahu2021: calls 90
*** FLOP *** [Kh 5h Ts]
*** TURN *** [Kh 5h Ts] [Qs]
*** RIVER *** [Kh 5h Ts Qs] [8c]
*** SHOW DOWN ***
Mahu2021: shows [Td Ac] (a pair of Tens)
nils2023: shows [Qd Jd] (a pair of Queens)
nils2023 collected 390 from pot
*** SUMMARY ***
Total pot 390 | Rake 0 
Board [Kh 5h Ts Qs 8c]
Seat 1: miho24 (big blind) folded before Flop
Seat 2: nils2023 (button) showed [Qd Jd] and won (390) with a pair of Queens
Seat 3: Mahu2021 (small blind) showed [Td Ac] and lost with a pair of Tens



PokerStars Hand #243464901585: Tournament #3586036907, $0.92+$0.08 USD Hold'em No Limit - Level III (20/40) - 2023/05/03 17:57:17 CET [2023/05/03 11:57:17 ET]
Table '3586036907 1' 3-max Seat #3 is the button
Seat 1: miho24 (940 in chips) 
Seat 2: nils2023 (390 in chips) 
Seat 3: Mahu2021 (170 in chips) 
miho24: posts small blind 20
nils2023: posts big blind 40
*** HOLE CARDS ***
Dealt to Mahu2021 [5s As]
Mahu2021: raises 130 to 170 and is all-in
miho24: calls 150
nils2023: folds 
*** FLOP *** [4s 6s Ts]
*** TURN *** [4s 6s Ts] [6h]
*** RIVER *** [4s 6s Ts 6h] [Qs]
*** SHOW DOWN ***
miho24: shows [9h 8s] (a flush, Queen high)
Mahu2021: shows [5s As] (a flush, Ace high)
Mahu2021 collected 380 from pot
*** SUMMARY ***
Total pot 380 | Rake 0 
Board [4s 6s Ts 6h Qs]
Seat 1: miho24 (small blind) showed [9h 8s] and lost with a flush, Queen high
Seat 2: nils2023 (big blind) folded before Flop
Seat 3: Mahu2021 (button) showed [5s As] and won (380) with a flush, Ace high



PokerStars Hand #243464904915: Tournament #3586036907, $0.92+$0.08 USD Hold'em No Limit - Level III (20/40) - 2023/05/03 17:57:32 CET [2023/05/03 11:57:32 ET]
Table '3586036907 1' 3-max Seat #1 is the button
Seat 1: miho24 (770 in chips) 
Seat 2: nils2023 (350 in chips) 
Seat 3: Mahu2021 (380 in chips) 
nils2023: posts small blind 20
Mahu2021: posts big blind 40
*** HOLE CARDS ***
Dealt to Mahu2021 [2s Qc]
miho24: folds 
nils2023: calls 20
Mahu2021: checks 
*** FLOP *** [9h 6s 6d]
nils2023: bets 40
Mahu2021: folds 
Uncalled bet (40) returned to nils2023
nils2023 collected 80 from pot
*** SUMMARY ***
Total pot 80 | Rake 0 
Board [9h 6s 6d]
Seat 1: miho24 (button) folded before Flop (didn't bet)
Seat 2: nils2023 (small blind) collected (80)
Seat 3: Mahu2021 (big blind) folded on the Flop



PokerStars Hand #243464907555: Tournament #3586036907, $0.92+$0.08 USD Hold'em No Limit - Level III (20/40) - 2023/05/03 17:57:43 CET [2023/05/03 11:57:43 ET]
Table '3586036907 1' 3-max Seat #2 is the button
Seat 1: miho24 (770 in chips) 
Seat 2: nils2023 (390 in chips) 
Seat 3: Mahu2021 (340 in chips) 
Mahu2021: posts small blind 20
miho24: posts big blind 40
*** HOLE CARDS ***
Dealt to Mahu2021 [6h 6c]
nils2023: calls 40
Mahu2021: raises 80 to 120
miho24: folds 
nils2023: calls 80
*** FLOP *** [3h Ks 7c]
Mahu2021: bets 120
nils2023: calls 120
*** TURN *** [3h Ks 7c] [4c]
Mahu2021: bets 100 and is all-in
nils2023: calls 100
*** RIVER *** [3h Ks 7c 4c] [Kc]
*** SHOW DOWN ***
Mahu2021: shows [6h 6c] (two pair, Kings and Sixes)
nils2023: shows [4h 5h] (two pair, Kings and Fours)
Mahu2021 collected 720 from pot
*** SUMMARY ***
Total pot 720 | Rake 0 
Board [3h Ks 7c 4c Kc]
Seat 1: miho24 (big blind) folded before Flop
Seat 2: nils2023 (button) showed [4h 5h] and lost with two pair, Kings and Fours
Seat 3: Mahu2021 (small blind) showed [6h 6c] and won (720) with two pair, Kings and Sixes



PokerStars Hand #243464912227: Tournament #3586036907, $0.92+$0.08 USD Hold'em No Limit - Level III (20/40) - 2023/05/03 17:58:04 CET [2023/05/03 11:58:04 ET]
Table '3586036907 1' 3-max Seat #3 is the button
Seat 1: miho24 (730 in chips) 
Seat 2: nils2023 (50 in chips) 
Seat 3: Mahu2021 (720 in chips) 
miho24: posts small blind 20
nils2023: posts big blind 40
*** HOLE CARDS ***
Dealt to Mahu2021 [Ts Qc]
Mahu2021: raises 40 to 80
miho24: calls 60
nils2023: calls 10 and is all-in
*** FLOP *** [Ah 6c 7s]
miho24: bets 40
Mahu2021: folds 
Uncalled bet (40) returned to miho24
*** TURN *** [Ah 6c 7s] [6h]
*** RIVER *** [Ah 6c 7s 6h] [Td]
*** SHOW DOWN ***
miho24: shows [8h Tc] (two pair, Tens and Sixes)
miho24 collected 60 from side pot
nils2023: shows [5s 4d] (a pair of Sixes)
miho24 collected 150 from main pot
nils2023 finished the tournament in 3rd place
*** SUMMARY ***
Total pot 210 Main pot 150. Side pot 60. | Rake 0 
Board [Ah 6c 7s 6h Td]
Seat 1: miho24 (small blind) showed [8h Tc] and won (210) with two pair, Tens and Sixes
Seat 2: nils2023 (big blind) showed [5s 4d] and lost with a pair of Sixes
Seat 3: Mahu2021 (button) folded on the Flop



PokerStars Hand #243464917423: Tournament #3586036907, $0.92+$0.08 USD Hold'em No Limit - Level III (20/40) - 2023/05/03 17:58:26 CET [2023/05/03 11:58:26 ET]
Table '3586036907 1' 3-max Seat #1 is the button
Seat 1: miho24 (860 in chips) 
Seat 3: Mahu2021 (640 in chips) 
miho24: posts small blind 20
Mahu2021: posts big blind 40
*** HOLE CARDS ***
Dealt to Mahu2021 [5s Qh]
miho24: folds 
Uncalled bet (20) returned to Mahu2021
Mahu2021 collected 40 from pot
Mahu2021: doesn't show hand 
*** SUMMARY ***
Total pot 40 | Rake 0 
Seat 1: miho24 (button) (small blind) folded before Flop
Seat 3: Mahu2021 (big blind) collected (40)



PokerStars Hand #243464918585: Tournament #3586036907, $0.92+$0.08 USD Hold'em No Limit - Level III (20/40) - 2023/05/03 17:58:31 CET [2023/05/03 11:58:31 ET]
Table '3586036907 1' 3-max Seat #3 is the button
Seat 1: miho24 (840 in chips) 
Seat 3: Mahu2021 (660 in chips) 
Mahu2021: posts small blind 20
miho24: posts big blind 40
*** HOLE CARDS ***
Dealt to Mahu2021 [6c 5d]
Mahu2021: calls 20
miho24: checks 
*** FLOP *** [Js Qh 2c]
miho24: checks 
Mahu2021: bets 40
miho24: folds 
Uncalled bet (40) returned to Mahu2021
Mahu2021 collected 80 from pot
Mahu2021: doesn't show hand 
*** SUMMARY ***
Total pot 80 | Rake 0 
Board [Js Qh 2c]
Seat 1: miho24 (big blind) folded on the Flop
Seat 3: Mahu2021 (button) (small blind) collected (80)



PokerStars Hand #243464921861: Tournament #3586036907, $0.92+$0.08 USD Hold'em No Limit - Level III (20/40) - 2023/05/03 17:58:45 CET [2023/05/03 11:58:45 ET]
Table '3586036907 1' 3-max Seat #1 is the button
Seat 1: miho24 (800 in chips) 
Seat 3: Mahu2021 (700 in chips) 
miho24: posts small blind 20
Mahu2021: posts big blind 40
*** HOLE CARDS ***
Dealt to Mahu2021 [4s 2h]
miho24: folds 
Uncalled bet (20) returned to Mahu2021
Mahu2021 collected 40 from pot
Mahu2021: doesn't show hand 
*** SUMMARY ***
Total pot 40 | Rake 0 
Seat 1: miho24 (button) (small blind) folded before Flop
Seat 3: Mahu2021 (big blind) collected (40)



PokerStars Hand #243464923065: Tournament #3586036907, $0.92+$0.08 USD Hold'em No Limit - Level III (20/40) - 2023/05/03 17:58:50 CET [2023/05/03 11:58:50 ET]
Table '3586036907 1' 3-max Seat #3 is the button
Seat 1: miho24 (780 in chips) 
Seat 3: Mahu2021 (720 in chips) 
Mahu2021: posts small blind 20
miho24: posts big blind 40
*** HOLE CARDS ***
Dealt to Mahu2021 [3h Ks]
Mahu2021: calls 20
miho24: checks 
*** FLOP *** [6d 7d 6c]
miho24: bets 40
Mahu2021: folds 
Uncalled bet (40) returned to miho24
miho24 collected 80 from pot
*** SUMMARY ***
Total pot 80 | Rake 0 
Board [6d 7d 6c]
Seat 1: miho24 (big blind) collected (80)
Seat 3: Mahu2021 (button) (small blind) folded on the Flop



PokerStars Hand #243464926240: Tournament #3586036907, $0.92+$0.08 USD Hold'em No Limit - Level III (20/40) - 2023/05/03 17:59:03 CET [2023/05/03 11:59:03 ET]
Table '3586036907 1' 3-max Seat #1 is the button
Seat 1: miho24 (820 in chips) 
Seat 3: Mahu2021 (680 in chips) 
miho24: posts small blind 20
Mahu2021: posts big blind 40
*** HOLE CARDS ***
Dealt to Mahu2021 [4c 6h]
miho24: calls 20
Mahu2021: checks 
*** FLOP *** [Kh Tc 4d]
Mahu2021: checks 
miho24: bets 40
Mahu2021: calls 40
*** TURN *** [Kh Tc 4d] [2h]
Mahu2021: checks 
miho24: checks 
*** RIVER *** [Kh Tc 4d 2h] [3h]
Mahu2021: checks 
miho24: checks 
*** SHOW DOWN ***
Mahu2021: shows [4c 6h] (a pair of Fours)
miho24: mucks hand 
Mahu2021 collected 160 from pot
*** SUMMARY ***
Total pot 160 | Rake 0 
Board [Kh Tc 4d 2h 3h]
Seat 1: miho24 (button) (small blind) mucked [8h 9s]
Seat 3: Mahu2021 (big blind) showed [4c 6h] and won (160) with a pair of Fours



PokerStars Hand #243464932812: Tournament #3586036907, $0.92+$0.08 USD Hold'em No Limit - Level IV (30/60) - 2023/05/03 17:59:31 CET [2023/05/03 11:59:31 ET]
Table '3586036907 1' 3-max Seat #3 is the button
Seat 1: miho24 (740 in chips) 
Seat 3: Mahu2021 (760 in chips) 
Mahu2021: posts small blind 30
miho24: posts big blind 60
*** HOLE CARDS ***
Dealt to Mahu2021 [8h 6d]
Mahu2021: calls 30
miho24: checks 
*** FLOP *** [Td 8c Ks]
miho24: bets 60
Mahu2021: calls 60
*** TURN *** [Td 8c Ks] [2c]
miho24: bets 620 and is all-in
Mahu2021: folds 
Uncalled bet (620) returned to miho24
miho24 collected 240 from pot
*** SUMMARY ***
Total pot 240 | Rake 0 
Board [Td 8c Ks 2c]
Seat 1: miho24 (big blind) collected (240)
Seat 3: Mahu2021 (button) (small blind) folded on the Turn



PokerStars Hand #243464937103: Tournament #3586036907, $0.92+$0.08 USD Hold'em No Limit - Level IV (30/60) - 2023/05/03 17:59:49 CET [2023/05/03 11:59:49 ET]
Table '3586036907 1' 3-max Seat #1 is the button
Seat 1: miho24 (860 in chips) 
Seat 3: Mahu2021 (640 in chips) 
miho24: posts small blind 30
Mahu2021: posts big blind 60
*** HOLE CARDS ***
Dealt to Mahu2021 [4h 5s]
miho24: calls 30
Mahu2021: checks 
*** FLOP *** [Qh 3s As]
Mahu2021: checks 
miho24: checks 
*** TURN *** [Qh 3s As] [8d]
Mahu2021: checks 
miho24: bets 60
Mahu2021: folds 
Uncalled bet (60) returned to miho24
miho24 collected 120 from pot
*** SUMMARY ***
Total pot 120 | Rake 0 
Board [Qh 3s As 8d]
Seat 1: miho24 (button) (small blind) collected (120)
Seat 3: Mahu2021 (big blind) folded on the Turn



PokerStars Hand #243464941734: Tournament #3586036907, $0.92+$0.08 USD Hold'em No Limit - Level IV (30/60) - 2023/05/03 18:00:08 CET [2023/05/03 12:00:08 ET]
Table '3586036907 1' 3-max Seat #3 is the button
Seat 1: miho24 (920 in chips) 
Seat 3: Mahu2021 (580 in chips) 
Mahu2021: posts small blind 30
miho24: posts big blind 60
*** HOLE CARDS ***
Dealt to Mahu2021 [Jc 3h]
Mahu2021: folds 
Uncalled bet (30) returned to miho24
miho24 collected 60 from pot
*** SUMMARY ***
Total pot 60 | Rake 0 
Seat 1: miho24 (big blind) collected (60)
Seat 3: Mahu2021 (button) (small blind) folded before Flop



PokerStars Hand #243464942918: Tournament #3586036907, $0.92+$0.08 USD Hold'em No Limit - Level IV (30/60) - 2023/05/03 18:00:13 CET [2023/05/03 12:00:13 ET]
Table '3586036907 1' 3-max Seat #1 is the button
Seat 1: miho24 (950 in chips) 
Seat 3: Mahu2021 (550 in chips) 
miho24: posts small blind 30
Mahu2021: posts big blind 60
*** HOLE CARDS ***
Dealt to Mahu2021 [8c 3c]
miho24: raises 60 to 120
Mahu2021: folds 
Uncalled bet (60) returned to miho24
miho24 collected 120 from pot
*** SUMMARY ***
Total pot 120 | Rake 0 
Seat 1: miho24 (button) (small blind) collected (120)
Seat 3: Mahu2021 (big blind) folded before Flop



PokerStars Hand #243464945043: Tournament #3586036907, $0.92+$0.08 USD Hold'em No Limit - Level IV (30/60) - 2023/05/03 18:00:22 CET [2023/05/03 12:00:22 ET]
Table '3586036907 1' 3-max Seat #3 is the button
Seat 1: miho24 (1010 in chips) 
Seat 3: Mahu2021 (490 in chips) 
Mahu2021: posts small blind 30
miho24: posts big blind 60
*** HOLE CARDS ***
Dealt to Mahu2021 [8d Th]
Mahu2021: calls 30
miho24: checks 
*** FLOP *** [9d 3h Ts]
miho24: bets 60
Mahu2021: calls 60
*** TURN *** [9d 3h Ts] [Jh]
miho24: checks 
Mahu2021: bets 240
miho24: folds 
Uncalled bet (240) returned to Mahu2021
Mahu2021 collected 240 from pot
Mahu2021: doesn't show hand 
*** SUMMARY ***
Total pot 240 | Rake 0 
Board [9d 3h Ts Jh]
Seat 1: miho24 (big blind) folded on the Turn
Seat 3: Mahu2021 (button) (small blind) collected (240)



PokerStars Hand #243464950435: Tournament #3586036907, $0.92+$0.08 USD Hold'em No Limit - Level IV (30/60) - 2023/05/03 18:00:44 CET [2023/05/03 12:00:44 ET]
Table '3586036907 1' 3-max Seat #1 is the button
Seat 1: miho24 (890 in chips) 
Seat 3: Mahu2021 (610 in chips) 
miho24: posts small blind 30
Mahu2021: posts big blind 60
*** HOLE CARDS ***
Dealt to Mahu2021 [8s Js]
miho24: calls 30
Mahu2021: checks 
*** FLOP *** [4h 3d Qs]
Mahu2021: checks 
miho24: bets 60
Mahu2021: folds 
Uncalled bet (60) returned to miho24
miho24 collected 120 from pot
*** SUMMARY ***
Total pot 120 | Rake 0 
Board [4h 3d Qs]
Seat 1: miho24 (button) (small blind) collected (120)
Seat 3: Mahu2021 (big blind) folded on the Flop



PokerStars Hand #243464954097: Tournament #3586036907, $0.92+$0.08 USD Hold'em No Limit - Level IV (30/60) - 2023/05/03 18:00:58 CET [2023/05/03 12:00:58 ET]
Table '3586036907 1' 3-max Seat #3 is the button
Seat 1: miho24 (950 in chips) 
Seat 3: Mahu2021 (550 in chips) 
Mahu2021: posts small blind 30
miho24: posts big blind 60
*** HOLE CARDS ***
Dealt to Mahu2021 [8s Ad]
Mahu2021: calls 30
miho24: checks 
*** FLOP *** [2c 6d Kc]
miho24: bets 60
Mahu2021: calls 60
*** TURN *** [2c 6d Kc] [8c]
miho24: bets 60
Mahu2021: calls 60
*** RIVER *** [2c 6d Kc 8c] [2s]
miho24: checks 
Mahu2021: checks 
*** SHOW DOWN ***
miho24: shows [Kh 6h] (two pair, Kings and Sixes)
Mahu2021: mucks hand 
miho24 collected 360 from pot
*** SUMMARY ***
Total pot 360 | Rake 0 
Board [2c 6d Kc 8c 2s]
Seat 1: miho24 (big blind) showed [Kh 6h] and won (360) with two pair, Kings and Sixes
Seat 3: Mahu2021 (button) (small blind) mucked [8s Ad]



PokerStars Hand #243464961866: Tournament #3586036907, $0.92+$0.08 USD Hold'em No Limit - Level V (40/80) - 2023/05/03 18:01:27 CET [2023/05/03 12:01:27 ET]
Table '3586036907 1' 3-max Seat #1 is the button
Seat 1: miho24 (1130 in chips) 
Seat 3: Mahu2021 (370 in chips) 
miho24: posts small blind 40
Mahu2021: posts big blind 80
*** HOLE CARDS ***
Dealt to Mahu2021 [9c 5d]
miho24: folds 
Uncalled bet (40) returned to Mahu2021
Mahu2021 collected 80 from pot
Mahu2021: doesn't show hand 
*** SUMMARY ***
Total pot 80 | Rake 0 
Seat 1: miho24 (button) (small blind) folded before Flop
Seat 3: Mahu2021 (big blind) collected (80)



PokerStars Hand #243464963136: Tournament #3586036907, $0.92+$0.08 USD Hold'em No Limit - Level V (40/80) - 2023/05/03 18:01:32 CET [2023/05/03 12:01:32 ET]
Table '3586036907 1' 3-max Seat #3 is the button
Seat 1: miho24 (1090 in chips) 
Seat 3: Mahu2021 (410 in chips) 
Mahu2021: posts small blind 40
miho24: posts big blind 80
*** HOLE CARDS ***
Dealt to Mahu2021 [Th 9h]
Mahu2021: calls 40
miho24: raises 80 to 160
Mahu2021: calls 80
*** FLOP *** [2s Kh Jh]
miho24: bets 80
Mahu2021: raises 170 to 250 and is all-in
miho24: calls 170
*** TURN *** [2s Kh Jh] [4c]
*** RIVER *** [2s Kh Jh 4c] [3s]
*** SHOW DOWN ***
miho24: shows [Qh Jc] (a pair of Jacks)
Mahu2021: shows [Th 9h] (high card King)
miho24 collected 820 from pot
Mahu2021 finished the tournament in 2nd place
miho24 wins the tournament and receives $2.00 - congratulations!
*** SUMMARY ***
Total pot 820 | Rake 0 
Board [2s Kh Jh 4c 3s]
Seat 1: miho24 (big blind) showed [Qh Jc] and won (820) with a pair of Jacks
Seat 3: Mahu2021 (button) (small blind) showed [Th 9h] and lost with high card King



