PokerStars Zoom Hand #253683048015:  Hold'em No Limit ($0.05/$0.10) - 2024/12/03 14:21:34 CET [2024/12/03 8:21:34 ET]
Table 'Aludra' 6-max Seat #1 is the button
Seat 1: FSMT ($10.98 in chips) 
Seat 2: daily228 ($13.63 in chips) 
Seat 3: Mahu2021 ($10 in chips) 
Seat 4: zzwapzzwap ($32.36 in chips) 
Seat 5: sbela23 ($12.92 in chips) 
Seat 6: assombrirleciel ($4.86 in chips) 
daily228: posts small blind $0.05
Mahu2021: posts big blind $0.10
*** HOLE CARDS ***
Dealt to Mahu2021 [Qs 2s]
zzwapzzwap: folds 
sbela23: folds 
assombrirleciel: folds 
FSMT: folds 
daily228: folds 
Uncalled bet ($0.05) returned to Mahu2021
Mahu2021 collected $0.10 from pot
Mahu2021: doesn't show hand 
*** SUMMARY ***
Total pot $0.10 | Rake $0 
Seat 1: FSMT (button) folded before Flop (didn't bet)
Seat 2: daily228 (small blind) folded before Flop
Seat 3: Mahu2021 (big blind) collected ($0.10)
Seat 4: zzwapzzwap folded before Flop (didn't bet)
Seat 5: sbela23 folded before Flop (didn't bet)
Seat 6: assombrirleciel folded before Flop (didn't bet)



PokerStars Zoom Hand #253683049791:  Hold'em No Limit ($0.05/$0.10) - 2024/12/03 14:21:46 CET [2024/12/03 8:21:46 ET]
Table 'Aludra' 6-max Seat #1 is the button
Seat 1: Vadim91_blr ($10 in chips) 
Seat 2: Mahu2021 ($10.05 in chips) 
Seat 3: osakei1024 ($5.23 in chips) 
Seat 4: sbela23 ($10.08 in chips) 
Seat 5: bettyblue212 ($14.40 in chips) 
Seat 6: LSDushman ($11.76 in chips) 
Mahu2021: posts small blind $0.05
osakei1024: posts big blind $0.10
*** HOLE CARDS ***
Dealt to Mahu2021 [3d Th]
sbela23: raises $0.15 to $0.25
bettyblue212: folds 
LSDushman: folds 
Vadim91_blr: folds 
Mahu2021: folds 
osakei1024: folds 
Uncalled bet ($0.15) returned to sbela23
sbela23 collected $0.25 from pot
sbela23: doesn't show hand 
*** SUMMARY ***
Total pot $0.25 | Rake $0 
Seat 1: Vadim91_blr (button) folded before Flop (didn't bet)
Seat 2: Mahu2021 (small blind) folded before Flop
Seat 3: osakei1024 (big blind) folded before Flop
Seat 4: sbela23 collected ($0.25)
Seat 5: bettyblue212 folded before Flop (didn't bet)
Seat 6: LSDushman folded before Flop (didn't bet)



PokerStars Zoom Hand #253683051160:  Hold'em No Limit ($0.05/$0.10) - 2024/12/03 14:21:55 CET [2024/12/03 8:21:55 ET]
Table 'Aludra' 6-max Seat #1 is the button
Seat 1: putzkedudu ($10 in chips) 
Seat 2: Schackpro ($10 in chips) 
Seat 3: FSMT ($10.93 in chips) 
Seat 4: Mahu2021 ($10 in chips) 
Seat 5: Jh0nTravolta ($10.10 in chips) 
Seat 6: niou93 ($8.21 in chips) 
Schackpro: posts small blind $0.05
FSMT: posts big blind $0.10
*** HOLE CARDS ***
Dealt to Mahu2021 [3h Tc]
Mahu2021: folds 
Jh0nTravolta: folds 
niou93: raises $0.15 to $0.25
putzkedudu: folds 
Schackpro: folds 
FSMT: folds 
Uncalled bet ($0.15) returned to niou93
niou93 collected $0.25 from pot
niou93: doesn't show hand 
*** SUMMARY ***
Total pot $0.25 | Rake $0 
Seat 1: putzkedudu (button) folded before Flop (didn't bet)
Seat 2: Schackpro (small blind) folded before Flop
Seat 3: FSMT (big blind) folded before Flop
Seat 4: Mahu2021 folded before Flop (didn't bet)
Seat 5: Jh0nTravolta folded before Flop (didn't bet)
Seat 6: niou93 collected ($0.25)



PokerStars Zoom Hand #253683051882:  Hold'em No Limit ($0.05/$0.10) - 2024/12/03 14:22:00 CET [2024/12/03 8:22:00 ET]
Table 'Aludra' 6-max Seat #1 is the button
Seat 1: Mahu2021 ($10 in chips) 
Seat 2: NoMoreAOF ($12.59 in chips) 
Seat 3: Literaturer ($10.24 in chips) 
Seat 4: mikeykuu ($6.37 in chips) 
Seat 5: Schackpro ($10 in chips) 
Seat 6: daily228 ($13.48 in chips) 
NoMoreAOF: posts small blind $0.05
Literaturer: posts big blind $0.10
*** HOLE CARDS ***
Dealt to Mahu2021 [6h 5c]
mikeykuu: folds 
Schackpro: folds 
daily228: raises $0.13 to $0.23
Mahu2021: folds 
NoMoreAOF: folds 
Literaturer: folds 
Uncalled bet ($0.13) returned to daily228
daily228 collected $0.25 from pot
daily228: doesn't show hand 
*** SUMMARY ***
Total pot $0.25 | Rake $0 
Seat 1: Mahu2021 (button) folded before Flop (didn't bet)
Seat 2: NoMoreAOF (small blind) folded before Flop
Seat 3: Literaturer (big blind) folded before Flop
Seat 4: mikeykuu folded before Flop (didn't bet)
Seat 5: Schackpro folded before Flop (didn't bet)
Seat 6: daily228 collected ($0.25)



PokerStars Zoom Hand #253683052605:  Hold'em No Limit ($0.05/$0.10) - 2024/12/03 14:22:05 CET [2024/12/03 8:22:05 ET]
Table 'Aludra' 6-max Seat #1 is the button
Seat 1: GIORGI5909 ($1.27 in chips) 
Seat 2: paul pattinson ($12.19 in chips) 
Seat 3: grymmerbob ($20.67 in chips) 
Seat 4: eodnrdld123 ($18.57 in chips) 
Seat 5: Vadim91_blr ($12.55 in chips) 
Seat 6: Mahu2021 ($10 in chips) 
paul pattinson: posts small blind $0.05
grymmerbob: posts big blind $0.10
*** HOLE CARDS ***
Dealt to Mahu2021 [7h 7c]
eodnrdld123: raises $0.10 to $0.20
Vadim91_blr: folds 
Mahu2021: calls $0.20
GIORGI5909: folds 
paul pattinson: folds 
grymmerbob: folds 
*** FLOP *** [3s 3h Td]
eodnrdld123: checks 
Mahu2021: bets $0.53
eodnrdld123: raises $1.19 to $1.72
Mahu2021: folds 
Uncalled bet ($1.19) returned to eodnrdld123
eodnrdld123 collected $1.54 from pot
eodnrdld123: doesn't show hand 
*** SUMMARY ***
Total pot $1.61 | Rake $0.07 
Board [3s 3h Td]
Seat 1: GIORGI5909 (button) folded before Flop (didn't bet)
Seat 2: paul pattinson (small blind) folded before Flop
Seat 3: grymmerbob (big blind) folded before Flop
Seat 4: eodnrdld123 collected ($1.54)
Seat 5: Vadim91_blr folded before Flop (didn't bet)
Seat 6: Mahu2021 folded on the Flop



PokerStars Zoom Hand #253683058883:  Hold'em No Limit ($0.05/$0.10) - 2024/12/03 14:22:47 CET [2024/12/03 8:22:47 ET]
Table 'Aludra' 6-max Seat #1 is the button
Seat 1: robecaku ($16.38 in chips) 
Seat 2: Frankenjura ($14 in chips) 
Seat 3: Schackpro ($10 in chips) 
Seat 4: FilipiSiQ ($10.54 in chips) 
Seat 5: zzwapzzwap ($32.26 in chips) 
Seat 6: Mahu2021 ($9.27 in chips) 
Frankenjura: posts small blind $0.05
Schackpro: posts big blind $0.10
*** HOLE CARDS ***
Dealt to Mahu2021 [Ad 5s]
FilipiSiQ: folds 
zzwapzzwap: raises $0.10 to $0.20
Mahu2021: folds 
robecaku: folds 
Frankenjura: folds 
Schackpro: folds 
Uncalled bet ($0.10) returned to zzwapzzwap
zzwapzzwap collected $0.25 from pot
zzwapzzwap: doesn't show hand 
*** SUMMARY ***
Total pot $0.25 | Rake $0 
Seat 1: robecaku (button) folded before Flop (didn't bet)
Seat 2: Frankenjura (small blind) folded before Flop
Seat 3: Schackpro (big blind) folded before Flop
Seat 4: FilipiSiQ folded before Flop (didn't bet)
Seat 5: zzwapzzwap collected ($0.25)
Seat 6: Mahu2021 folded before Flop (didn't bet)



PokerStars Zoom Hand #253683059508:  Hold'em No Limit ($0.05/$0.10) - 2024/12/03 14:22:51 CET [2024/12/03 8:22:51 ET]
Table 'Aludra' 6-max Seat #1 is the button
Seat 1: assombrirleciel ($20.09 in chips) 
Seat 2: nord1k5 ($10.15 in chips) 
Seat 3: Mahu2021 ($9.27 in chips) 
Seat 4: Frankenjura ($13.95 in chips) 
Seat 5: FilipiSiQ ($10.54 in chips) 
Seat 6: robecaku ($16.38 in chips) 
nord1k5: posts small blind $0.05
Mahu2021: posts big blind $0.10
*** HOLE CARDS ***
Dealt to Mahu2021 [2h 2d]
Frankenjura: folds 
FilipiSiQ: folds 
robecaku: folds 
assombrirleciel: folds 
nord1k5: folds 
Uncalled bet ($0.05) returned to Mahu2021
Mahu2021 collected $0.10 from pot
Mahu2021: doesn't show hand 
*** SUMMARY ***
Total pot $0.10 | Rake $0 
Seat 1: assombrirleciel (button) folded before Flop (didn't bet)
Seat 2: nord1k5 (small blind) folded before Flop
Seat 3: Mahu2021 (big blind) collected ($0.10)
Seat 4: Frankenjura folded before Flop (didn't bet)
Seat 5: FilipiSiQ folded before Flop (didn't bet)
Seat 6: robecaku folded before Flop (didn't bet)



PokerStars Zoom Hand #253683061972:  Hold'em No Limit ($0.05/$0.10) - 2024/12/03 14:23:08 CET [2024/12/03 8:23:08 ET]
Table 'Aludra' 6-max Seat #1 is the button
Seat 1: Mahu2021 ($9.27 in chips) 
Seat 2: Jh0nTravolta ($10.15 in chips) 
Seat 3: Senor Hai ($10.72 in chips) 
Seat 4: DDAFT ($15.36 in chips) 
Seat 5: zzwapzzwap ($11.32 in chips) 
Seat 6: Dré29 ($13.88 in chips) 
Jh0nTravolta: posts small blind $0.05
Senor Hai: posts big blind $0.10
*** HOLE CARDS ***
Dealt to Mahu2021 [3h 9c]
DDAFT: folds 
zzwapzzwap: raises $0.10 to $0.20
Dré29: folds 
Mahu2021: folds 
Jh0nTravolta: folds 
Senor Hai: folds 
Uncalled bet ($0.10) returned to zzwapzzwap
zzwapzzwap collected $0.25 from pot
zzwapzzwap: doesn't show hand 
*** SUMMARY ***
Total pot $0.25 | Rake $0 
Seat 1: Mahu2021 (button) folded before Flop (didn't bet)
Seat 2: Jh0nTravolta (small blind) folded before Flop
Seat 3: Senor Hai (big blind) folded before Flop
Seat 4: DDAFT folded before Flop (didn't bet)
Seat 5: zzwapzzwap collected ($0.25)
Seat 6: Dré29 folded before Flop (didn't bet)



PokerStars Zoom Hand #253683061545:  Hold'em No Limit ($0.05/$0.10) - 2024/12/03 14:23:05 CET [2024/12/03 8:23:05 ET]
Table 'Aludra' 6-max Seat #1 is the button
Seat 1: NoMoreAOF ($12.82 in chips) 
Seat 2: LSDushman ($10.42 in chips) 
Seat 3: Vadim91_blr ($10.40 in chips) 
Seat 4: tonyspl1 ($24.73 in chips) 
Seat 5: Mahu2021 ($9.27 in chips) 
Seat 6: oPotiguar ($10.15 in chips) 
LSDushman: posts small blind $0.05
Vadim91_blr: posts big blind $0.10
*** HOLE CARDS ***
Dealt to Mahu2021 [9h 8c]
tonyspl1: folds 
Mahu2021: folds 
oPotiguar: folds 
NoMoreAOF: raises $0.14 to $0.24
LSDushman: folds 
Vadim91_blr: raises $0.80 to $1.04
NoMoreAOF: calls $0.80
*** FLOP *** [2s As 7s]
Vadim91_blr: bets $1.62
NoMoreAOF: folds 
Uncalled bet ($1.62) returned to Vadim91_blr
Vadim91_blr collected $2.03 from pot
Vadim91_blr: doesn't show hand 
*** SUMMARY ***
Total pot $2.13 | Rake $0.10 
Board [2s As 7s]
Seat 1: NoMoreAOF (button) folded on the Flop
Seat 2: LSDushman (small blind) folded before Flop
Seat 3: Vadim91_blr (big blind) collected ($2.03)
Seat 4: tonyspl1 folded before Flop (didn't bet)
Seat 5: Mahu2021 folded before Flop (didn't bet)
Seat 6: oPotiguar folded before Flop (didn't bet)



PokerStars Zoom Hand #253683062539:  Hold'em No Limit ($0.05/$0.10) - 2024/12/03 14:23:12 CET [2024/12/03 8:23:12 ET]
Table 'Aludra' 6-max Seat #1 is the button
Seat 1: oPotiguar ($13.37 in chips) 
Seat 2: Luffy V ($13.93 in chips) 
Seat 3: sbela23 ($11.67 in chips) 
Seat 4: HakuBD ($10.38 in chips) 
Seat 5: Mahu2021 ($9.27 in chips) 
Seat 6: mlange ($15.35 in chips) 
Luffy V: posts small blind $0.05
sbela23: posts big blind $0.10
*** HOLE CARDS ***
Dealt to Mahu2021 [Jd Ac]
HakuBD: folds 
Mahu2021: raises $0.20 to $0.30
mlange: folds 
oPotiguar: folds 
Luffy V: folds 
sbela23: calls $0.20
*** FLOP *** [Tc Ah 7h]
sbela23: checks 
Mahu2021: bets $0.62
sbela23: folds 
Uncalled bet ($0.62) returned to Mahu2021
Mahu2021 collected $0.62 from pot
Mahu2021: doesn't show hand 
*** SUMMARY ***
Total pot $0.65 | Rake $0.03 
Board [Tc Ah 7h]
Seat 1: oPotiguar (button) folded before Flop (didn't bet)
Seat 2: Luffy V (small blind) folded before Flop
Seat 3: sbela23 (big blind) folded on the Flop
Seat 4: HakuBD folded before Flop (didn't bet)
Seat 5: Mahu2021 collected ($0.62)
Seat 6: mlange folded before Flop (didn't bet)



PokerStars Zoom Hand #253683067587:  Hold'em No Limit ($0.05/$0.10) - 2024/12/03 14:23:46 CET [2024/12/03 8:23:46 ET]
Table 'Aludra' 6-max Seat #1 is the button
Seat 1: robecaku ($16.38 in chips) 
Seat 2: NoMoreAOF ($11.78 in chips) 
Seat 3: Luffy V ($14.95 in chips) 
Seat 4: Mahu2021 ($9.59 in chips) 
Seat 5: Chakman1990 ($10.22 in chips) 
Seat 6: Schockisch199 ($12.17 in chips) 
NoMoreAOF: posts small blind $0.05
Luffy V: posts big blind $0.10
*** HOLE CARDS ***
Dealt to Mahu2021 [8h As]
Mahu2021: folds 
Chakman1990: folds 
Schockisch199: raises $0.15 to $0.25
robecaku: folds 
NoMoreAOF: folds 
Luffy V: folds 
Uncalled bet ($0.15) returned to Schockisch199
Schockisch199 collected $0.25 from pot
Schockisch199: doesn't show hand 
*** SUMMARY ***
Total pot $0.25 | Rake $0 
Seat 1: robecaku (button) folded before Flop (didn't bet)
Seat 2: NoMoreAOF (small blind) folded before Flop
Seat 3: Luffy V (big blind) folded before Flop
Seat 4: Mahu2021 folded before Flop (didn't bet)
Seat 5: Chakman1990 folded before Flop (didn't bet)
Seat 6: Schockisch199 collected ($0.25)



PokerStars Zoom Hand #253683060967:  Hold'em No Limit ($0.05/$0.10) - 2024/12/03 14:23:01 CET [2024/12/03 8:23:01 ET]
Table 'Aludra' 6-max Seat #1 is the button
Seat 1: thuglifestar ($10.14 in chips) 
Seat 2: Mahu2021 ($9.32 in chips) 
Seat 3: hiding.by ($11.68 in chips) 
Seat 4: Vadim91_blr ($10.40 in chips) 
Seat 5: pedrotks2601 ($14.87 in chips) 
Seat 6: Britniysosni ($10 in chips) 
Mahu2021: posts small blind $0.05
hiding.by: posts big blind $0.10
*** HOLE CARDS ***
Dealt to Mahu2021 [Jd 4s]
Vadim91_blr: folds 
pedrotks2601: raises $0.20 to $0.30
Britniysosni: folds 
thuglifestar: raises $1 to $1.30
Mahu2021: folds 
hiding.by: folds 
pedrotks2601: calls $1
*** FLOP *** [Th Kh 4d]
pedrotks2601: bets $2.63
thuglifestar: calls $2.63
*** TURN *** [Th Kh 4d] [5d]
pedrotks2601: bets $7.65
thuglifestar: calls $6.21 and is all-in
Uncalled bet ($1.44) returned to pedrotks2601
*** RIVER *** [Th Kh 4d 5d] [3h]
*** SHOW DOWN ***
pedrotks2601: shows [Ts Ad] (a pair of Tens)
thuglifestar: shows [Qh Ah] (a flush, Ace high)
thuglifestar collected $19.51 from pot
pedrotks2601 cashed out the hand for $12.60 | Cash Out Fee $0.26
*** SUMMARY ***
Total pot $20.43 | Rake $0.92 
Board [Th Kh 4d 5d 3h]
Seat 1: thuglifestar (button) showed [Qh Ah] and won ($19.51) with a flush, Ace high
Seat 2: Mahu2021 (small blind) folded before Flop
Seat 3: hiding.by (big blind) folded before Flop
Seat 4: Vadim91_blr folded before Flop (didn't bet)
Seat 5: pedrotks2601 showed [Ts Ad] and lost with a pair of Tens (cashed out).
Seat 6: Britniysosni folded before Flop (didn't bet)



PokerStars Zoom Hand #253683068185:  Hold'em No Limit ($0.05/$0.10) - 2024/12/03 14:23:50 CET [2024/12/03 8:23:50 ET]
Table 'Aludra' 6-max Seat #1 is the button
Seat 1: Schockisch199 ($10.46 in chips) 
Seat 2: Frankenjura ($14 in chips) 
Seat 3: Mahu2021 ($9.59 in chips) 
Seat 4: putzkedudu ($10 in chips) 
Seat 5: Vadim91_blr ($10 in chips) 
Seat 6: zzwapzzwap ($11.80 in chips) 
Frankenjura: posts small blind $0.05
Mahu2021: posts big blind $0.10
*** HOLE CARDS ***
Dealt to Mahu2021 [Th Kh]
putzkedudu: folds 
Vadim91_blr: raises $0.10 to $0.20
zzwapzzwap: folds 
Schockisch199: folds 
Frankenjura: folds 
Mahu2021: calls $0.10
*** FLOP *** [2h Qh 6h]
Mahu2021: checks 
Vadim91_blr: bets $0.20
Mahu2021: calls $0.20
*** TURN *** [2h Qh 6h] [4d]
Mahu2021: checks 
Vadim91_blr: bets $0.65
Mahu2021: calls $0.65
*** RIVER *** [2h Qh 6h 4d] [6s]
Mahu2021: bets $2.05
Vadim91_blr: raises $6.90 to $8.95 and is all-in
Mahu2021: calls $6.49 and is all-in
Uncalled bet ($0.41) returned to Vadim91_blr
*** SHOW DOWN ***
Vadim91_blr: shows [2d 2c] (a full house, Deuces full of Sixes)
Mahu2021: shows [Th Kh] (a flush, King high)
Vadim91_blr collected $18.36 from pot
*** SUMMARY ***
Total pot $19.23 | Rake $0.87 
Board [2h Qh 6h 4d 6s]
Seat 1: Schockisch199 (button) folded before Flop (didn't bet)
Seat 2: Frankenjura (small blind) folded before Flop
Seat 3: Mahu2021 (big blind) showed [Th Kh] and lost with a flush, King high
Seat 4: putzkedudu folded before Flop (didn't bet)
Seat 5: Vadim91_blr showed [2d 2c] and won ($18.36) with a full house, Deuces full of Sixes
Seat 6: zzwapzzwap folded before Flop (didn't bet)



