PokerStars Hand #242897074206: Tournament #3572486128, $0.92+$0.08 USD Hold'em No Limit - Level I (10/20) - 2023/04/05 10:45:35 CET [2023/04/05 4:45:35 ET]
Table '3572486128 1' 3-max Seat #1 is the button
Seat 1: Krusty61 (500 in chips) 
Seat 2: Mahu2021 (500 in chips) 
Seat 3: VaLLiK18 (500 in chips) 
Mahu2021: posts small blind 10
VaLLiK18: posts big blind 20
*** HOLE CARDS ***
Dealt to Mahu2021 [9d Ad]
Krusty61: folds 
Mahu2021: calls 10
VaLLiK18: raises 40 to 60
Mahu2021: calls 40
*** FLOP *** [2h Kd 8h]
Mahu2021: checks 
VaLLiK18: bets 20
Mahu2021: calls 20
*** TURN *** [2h Kd 8h] [5s]
Mahu2021: checks 
VaLLiK18: bets 20
Mahu2021: folds 
Uncalled bet (20) returned to VaLLiK18
VaLLiK18 collected 160 from pot
*** SUMMARY ***
Total pot 160 | Rake 0 
Board [2h Kd 8h 5s]
Seat 1: Krusty61 (button) folded before Flop (didn't bet)
Seat 2: Mahu2021 (small blind) folded on the Turn
Seat 3: VaLLiK18 (big blind) collected (160)



PokerStars Hand #242897076751: Tournament #3572486128, $0.92+$0.08 USD Hold'em No Limit - Level I (10/20) - 2023/04/05 10:45:53 CET [2023/04/05 4:45:53 ET]
Table '3572486128 1' 3-max Seat #2 is the button
Seat 1: Krusty61 (500 in chips) 
Seat 2: Mahu2021 (420 in chips) 
Seat 3: VaLLiK18 (580 in chips) 
VaLLiK18: posts small blind 10
Krusty61: posts big blind 20
*** HOLE CARDS ***
Dealt to Mahu2021 [9h 7h]
Mahu2021: calls 20
VaLLiK18: folds 
Krusty61: raises 50 to 70
Mahu2021: folds 
Uncalled bet (50) returned to Krusty61
Krusty61 collected 50 from pot
*** SUMMARY ***
Total pot 50 | Rake 0 
Seat 1: Krusty61 (big blind) collected (50)
Seat 2: Mahu2021 (button) folded before Flop
Seat 3: VaLLiK18 (small blind) folded before Flop



PokerStars Hand #242897078101: Tournament #3572486128, $0.92+$0.08 USD Hold'em No Limit - Level I (10/20) - 2023/04/05 10:46:03 CET [2023/04/05 4:46:03 ET]
Table '3572486128 1' 3-max Seat #3 is the button
Seat 1: Krusty61 (530 in chips) 
Seat 2: Mahu2021 (400 in chips) 
Seat 3: VaLLiK18 (570 in chips) 
Krusty61: posts small blind 10
Mahu2021: posts big blind 20
*** HOLE CARDS ***
Dealt to Mahu2021 [4s 7s]
VaLLiK18: raises 40 to 60
Krusty61: folds 
Mahu2021: folds 
Uncalled bet (40) returned to VaLLiK18
VaLLiK18 collected 50 from pot
*** SUMMARY ***
Total pot 50 | Rake 0 
Seat 1: Krusty61 (small blind) folded before Flop
Seat 2: Mahu2021 (big blind) folded before Flop
Seat 3: VaLLiK18 (button) collected (50)



PokerStars Hand #242897079105: Tournament #3572486128, $0.92+$0.08 USD Hold'em No Limit - Level I (10/20) - 2023/04/05 10:46:10 CET [2023/04/05 4:46:10 ET]
Table '3572486128 1' 3-max Seat #1 is the button
Seat 1: Krusty61 (520 in chips) 
Seat 2: Mahu2021 (380 in chips) 
Seat 3: VaLLiK18 (600 in chips) 
Mahu2021: posts small blind 10
VaLLiK18: posts big blind 20
*** HOLE CARDS ***
Dealt to Mahu2021 [2s Ah]
Krusty61: calls 20
Mahu2021: calls 10
VaLLiK18: checks 
*** FLOP *** [Tc 3c 4h]
Mahu2021: checks 
VaLLiK18: checks 
Krusty61: checks 
*** TURN *** [Tc 3c 4h] [3d]
Mahu2021: bets 20
VaLLiK18: raises 20 to 40
Krusty61: folds 
Mahu2021: calls 20
*** RIVER *** [Tc 3c 4h 3d] [2c]
Mahu2021: checks 
VaLLiK18: bets 70
Mahu2021: calls 70
*** SHOW DOWN ***
VaLLiK18: shows [3h 8h] (three of a kind, Threes)
Mahu2021: mucks hand 
VaLLiK18 collected 280 from pot
*** SUMMARY ***
Total pot 280 | Rake 0 
Board [Tc 3c 4h 3d 2c]
Seat 1: Krusty61 (button) folded on the Turn
Seat 2: Mahu2021 (small blind) mucked [2s Ah]
Seat 3: VaLLiK18 (big blind) showed [3h 8h] and won (280) with three of a kind, Threes



PokerStars Hand #242897082711: Tournament #3572486128, $0.92+$0.08 USD Hold'em No Limit - Level I (10/20) - 2023/04/05 10:46:37 CET [2023/04/05 4:46:37 ET]
Table '3572486128 1' 3-max Seat #2 is the button
Seat 1: Krusty61 (500 in chips) 
Seat 2: Mahu2021 (250 in chips) 
Seat 3: VaLLiK18 (750 in chips) 
VaLLiK18: posts small blind 10
Krusty61: posts big blind 20
*** HOLE CARDS ***
Dealt to Mahu2021 [8h Ah]
Mahu2021: raises 230 to 250 and is all-in
VaLLiK18: folds 
Krusty61: folds 
Uncalled bet (230) returned to Mahu2021
Mahu2021 collected 50 from pot
Mahu2021: doesn't show hand 
*** SUMMARY ***
Total pot 50 | Rake 0 
Seat 1: Krusty61 (big blind) folded before Flop
Seat 2: Mahu2021 (button) collected (50)
Seat 3: VaLLiK18 (small blind) folded before Flop



PokerStars Hand #242897083770: Tournament #3572486128, $0.92+$0.08 USD Hold'em No Limit - Level I (10/20) - 2023/04/05 10:46:44 CET [2023/04/05 4:46:44 ET]
Table '3572486128 1' 3-max Seat #3 is the button
Seat 1: Krusty61 (480 in chips) 
Seat 2: Mahu2021 (280 in chips) 
Seat 3: VaLLiK18 (740 in chips) 
Krusty61: posts small blind 10
Mahu2021: posts big blind 20
*** HOLE CARDS ***
Dealt to Mahu2021 [Td 4d]
VaLLiK18: folds 
Krusty61: folds 
Uncalled bet (10) returned to Mahu2021
Mahu2021 collected 20 from pot
Mahu2021: doesn't show hand 
*** SUMMARY ***
Total pot 20 | Rake 0 
Seat 1: Krusty61 (small blind) folded before Flop
Seat 2: Mahu2021 (big blind) collected (20)
Seat 3: VaLLiK18 (button) folded before Flop (didn't bet)



PokerStars Hand #242897084492: Tournament #3572486128, $0.92+$0.08 USD Hold'em No Limit - Level I (10/20) - 2023/04/05 10:46:50 CET [2023/04/05 4:46:50 ET]
Table '3572486128 1' 3-max Seat #1 is the button
Seat 1: Krusty61 (470 in chips) 
Seat 2: Mahu2021 (290 in chips) 
Seat 3: VaLLiK18 (740 in chips) 
Mahu2021: posts small blind 10
VaLLiK18: posts big blind 20
*** HOLE CARDS ***
Dealt to Mahu2021 [Qh 2d]
Krusty61: folds 
Mahu2021: folds 
Uncalled bet (10) returned to VaLLiK18
VaLLiK18 collected 20 from pot
*** SUMMARY ***
Total pot 20 | Rake 0 
Seat 1: Krusty61 (button) folded before Flop (didn't bet)
Seat 2: Mahu2021 (small blind) folded before Flop
Seat 3: VaLLiK18 (big blind) collected (20)



PokerStars Hand #242897085443: Tournament #3572486128, $0.92+$0.08 USD Hold'em No Limit - Level I (10/20) - 2023/04/05 10:46:57 CET [2023/04/05 4:46:57 ET]
Table '3572486128 1' 3-max Seat #2 is the button
Seat 1: Krusty61 (470 in chips) 
Seat 2: Mahu2021 (280 in chips) 
Seat 3: VaLLiK18 (750 in chips) 
VaLLiK18: posts small blind 10
Krusty61: posts big blind 20
*** HOLE CARDS ***
Dealt to Mahu2021 [4c 7h]
Mahu2021: folds 
VaLLiK18: folds 
Uncalled bet (10) returned to Krusty61
Krusty61 collected 20 from pot
*** SUMMARY ***
Total pot 20 | Rake 0 
Seat 1: Krusty61 (big blind) collected (20)
Seat 2: Mahu2021 (button) folded before Flop (didn't bet)
Seat 3: VaLLiK18 (small blind) folded before Flop



PokerStars Hand #242897086609: Tournament #3572486128, $0.92+$0.08 USD Hold'em No Limit - Level I (10/20) - 2023/04/05 10:47:05 CET [2023/04/05 4:47:05 ET]
Table '3572486128 1' 3-max Seat #3 is the button
Seat 1: Krusty61 (480 in chips) 
Seat 2: Mahu2021 (280 in chips) 
Seat 3: VaLLiK18 (740 in chips) 
Krusty61: posts small blind 10
Mahu2021: posts big blind 20
*** HOLE CARDS ***
Dealt to Mahu2021 [6d Th]
VaLLiK18: raises 20 to 40
Krusty61: calls 30
Mahu2021: folds 
*** FLOP *** [5c 3c 7d]
Krusty61: checks 
VaLLiK18: checks 
*** TURN *** [5c 3c 7d] [Qc]
Krusty61: bets 20
VaLLiK18: calls 20
*** RIVER *** [5c 3c 7d Qc] [Ah]
Krusty61: bets 20
VaLLiK18: folds 
Uncalled bet (20) returned to Krusty61
Krusty61 collected 140 from pot
*** SUMMARY ***
Total pot 140 | Rake 0 
Board [5c 3c 7d Qc Ah]
Seat 1: Krusty61 (small blind) collected (140)
Seat 2: Mahu2021 (big blind) folded before Flop
Seat 3: VaLLiK18 (button) folded on the River



PokerStars Hand #242897090998: Tournament #3572486128, $0.92+$0.08 USD Hold'em No Limit - Level I (10/20) - 2023/04/05 10:47:37 CET [2023/04/05 4:47:37 ET]
Table '3572486128 1' 3-max Seat #1 is the button
Seat 1: Krusty61 (560 in chips) 
Seat 2: Mahu2021 (260 in chips) 
Seat 3: VaLLiK18 (680 in chips) 
Mahu2021: posts small blind 10
VaLLiK18: posts big blind 20
*** HOLE CARDS ***
Dealt to Mahu2021 [3h Jc]
Krusty61: calls 20
Mahu2021: folds 
VaLLiK18: checks 
*** FLOP *** [Ac Td 2s]
VaLLiK18: checks 
Krusty61: checks 
*** TURN *** [Ac Td 2s] [Ts]
VaLLiK18: checks 
Krusty61: checks 
*** RIVER *** [Ac Td 2s Ts] [Ad]
VaLLiK18: checks 
Krusty61: checks 
*** SHOW DOWN ***
VaLLiK18: shows [2h Qc] (two pair, Aces and Tens)
Krusty61: shows [Qh 7c] (two pair, Aces and Tens)
VaLLiK18 collected 25 from pot
Krusty61 collected 25 from pot
*** SUMMARY ***
Total pot 50 | Rake 0 
Board [Ac Td 2s Ts Ad]
Seat 1: Krusty61 (button) showed [Qh 7c] and won (25) with two pair, Aces and Tens
Seat 2: Mahu2021 (small blind) folded before Flop
Seat 3: VaLLiK18 (big blind) showed [2h Qc] and won (25) with two pair, Aces and Tens



PokerStars Hand #242897094679: Tournament #3572486128, $0.92+$0.08 USD Hold'em No Limit - Level I (10/20) - 2023/04/05 10:48:04 CET [2023/04/05 4:48:04 ET]
Table '3572486128 1' 3-max Seat #2 is the button
Seat 1: Krusty61 (565 in chips) 
Seat 2: Mahu2021 (250 in chips) 
Seat 3: VaLLiK18 (685 in chips) 
VaLLiK18: posts small blind 10
Krusty61: posts big blind 20
*** HOLE CARDS ***
Dealt to Mahu2021 [3d Kh]
Mahu2021: folds 
VaLLiK18: folds 
Uncalled bet (10) returned to Krusty61
Krusty61 collected 20 from pot
*** SUMMARY ***
Total pot 20 | Rake 0 
Seat 1: Krusty61 (big blind) collected (20)
Seat 2: Mahu2021 (button) folded before Flop (didn't bet)
Seat 3: VaLLiK18 (small blind) folded before Flop



PokerStars Hand #242897095370: Tournament #3572486128, $0.92+$0.08 USD Hold'em No Limit - Level I (10/20) - 2023/04/05 10:48:09 CET [2023/04/05 4:48:09 ET]
Table '3572486128 1' 3-max Seat #3 is the button
Seat 1: Krusty61 (575 in chips) 
Seat 2: Mahu2021 (250 in chips) 
Seat 3: VaLLiK18 (675 in chips) 
Krusty61: posts small blind 10
Mahu2021: posts big blind 20
*** HOLE CARDS ***
Dealt to Mahu2021 [7c 9c]
VaLLiK18: calls 20
Krusty61: calls 10
Mahu2021: checks 
*** FLOP *** [7s 5d Ad]
Krusty61: checks 
Mahu2021: checks 
VaLLiK18: checks 
*** TURN *** [7s 5d Ad] [4c]
Krusty61: checks 
Mahu2021: bets 60
VaLLiK18: calls 60
Krusty61: calls 60
*** RIVER *** [7s 5d Ad 4c] [8s]
Krusty61: bets 240
Mahu2021: folds 
VaLLiK18: folds 
Uncalled bet (240) returned to Krusty61
Krusty61 collected 240 from pot
*** SUMMARY ***
Total pot 240 | Rake 0 
Board [7s 5d Ad 4c 8s]
Seat 1: Krusty61 (small blind) collected (240)
Seat 2: Mahu2021 (big blind) folded on the River
Seat 3: VaLLiK18 (button) folded on the River



PokerStars Hand #242897099695: Tournament #3572486128, $0.92+$0.08 USD Hold'em No Limit - Level II (15/30) - 2023/04/05 10:48:42 CET [2023/04/05 4:48:42 ET]
Table '3572486128 1' 3-max Seat #1 is the button
Seat 1: Krusty61 (735 in chips) 
Seat 2: Mahu2021 (170 in chips) 
Seat 3: VaLLiK18 (595 in chips) 
Mahu2021: posts small blind 15
VaLLiK18: posts big blind 30
*** HOLE CARDS ***
Dealt to Mahu2021 [6d Qd]
Krusty61: folds 
Mahu2021: raises 140 to 170 and is all-in
VaLLiK18: folds 
Uncalled bet (140) returned to Mahu2021
Mahu2021 collected 60 from pot
Mahu2021: doesn't show hand 
*** SUMMARY ***
Total pot 60 | Rake 0 
Seat 1: Krusty61 (button) folded before Flop (didn't bet)
Seat 2: Mahu2021 (small blind) collected (60)
Seat 3: VaLLiK18 (big blind) folded before Flop



PokerStars Hand #242897100632: Tournament #3572486128, $0.92+$0.08 USD Hold'em No Limit - Level II (15/30) - 2023/04/05 10:48:49 CET [2023/04/05 4:48:49 ET]
Table '3572486128 1' 3-max Seat #2 is the button
Seat 1: Krusty61 (735 in chips) 
Seat 2: Mahu2021 (200 in chips) 
Seat 3: VaLLiK18 (565 in chips) 
VaLLiK18: posts small blind 15
Krusty61: posts big blind 30
*** HOLE CARDS ***
Dealt to Mahu2021 [5d Jd]
Mahu2021: raises 170 to 200 and is all-in
VaLLiK18: folds 
Krusty61: calls 170
*** FLOP *** [7c Qh Th]
*** TURN *** [7c Qh Th] [Td]
*** RIVER *** [7c Qh Th Td] [4c]
*** SHOW DOWN ***
Krusty61: shows [Ac Ah] (two pair, Aces and Tens)
Mahu2021: shows [5d Jd] (a pair of Tens)
Krusty61 collected 415 from pot
Mahu2021 finished the tournament in 3rd place
*** SUMMARY ***
Total pot 415 | Rake 0 
Board [7c Qh Th Td 4c]
Seat 1: Krusty61 (big blind) showed [Ac Ah] and won (415) with two pair, Aces and Tens
Seat 2: Mahu2021 (button) showed [5d Jd] and lost with a pair of Tens
Seat 3: VaLLiK18 (small blind) folded before Flop



