PokerStars Hand #244562259680: Tournament #3611200508, $0.92+$0.08 USD Hold'em No Limit - Level I (10/20) - 2023/07/01 13:49:35 CET [2023/07/01 7:49:35 ET]
Table '3611200508 1' 3-max Seat #1 is the button
Seat 1: purzyk.fbp (500 in chips) 
Seat 2: Mahu2021 (500 in chips) 
Seat 3: Dveesa (500 in chips) 
Mahu2021: posts small blind 10
Dveesa: posts big blind 20
*** HOLE CARDS ***
Dealt to Mahu2021 [Kd 5d]
purzyk.fbp: raises 20 to 40
Mahu2021: calls 30
Dveesa: calls 20
*** FLOP *** [9s 4h Qd]
Mahu2021: checks 
Dveesa: checks 
purzyk.fbp: checks 
*** TURN *** [9s 4h Qd] [Tc]
Mahu2021: bets 20
Dveesa: folds 
purzyk.fbp: calls 20
*** RIVER *** [9s 4h Qd Tc] [Qs]
Mahu2021: checks 
purzyk.fbp: checks 
*** SHOW DOWN ***
Mahu2021: shows [Kd 5d] (a pair of Queens)
purzyk.fbp: shows [Ks 6s] (a pair of Queens)
Mahu2021 collected 80 from pot
purzyk.fbp collected 80 from pot
*** SUMMARY ***
Total pot 160 | Rake 0 
Board [9s 4h Qd Tc Qs]
Seat 1: purzyk.fbp (button) showed [Ks 6s] and won (80) with a pair of Queens
Seat 2: Mahu2021 (small blind) showed [Kd 5d] and won (80) with a pair of Queens
Seat 3: Dveesa (big blind) folded on the Turn



PokerStars Hand #244562264778: Tournament #3611200508, $0.92+$0.08 USD Hold'em No Limit - Level I (10/20) - 2023/07/01 13:50:04 CET [2023/07/01 7:50:04 ET]
Table '3611200508 1' 3-max Seat #2 is the button
Seat 1: purzyk.fbp (520 in chips) 
Seat 2: Mahu2021 (520 in chips) 
Seat 3: Dveesa (460 in chips) 
Dveesa: posts small blind 10
purzyk.fbp: posts big blind 20
*** HOLE CARDS ***
Dealt to Mahu2021 [2d 5d]
Mahu2021: folds 
Dveesa: raises 30 to 50
purzyk.fbp: calls 30
*** FLOP *** [3d 6h 8h]
Dveesa: bets 55
purzyk.fbp: calls 55
*** TURN *** [3d 6h 8h] [2c]
Dveesa: bets 158
purzyk.fbp: calls 158
*** RIVER *** [3d 6h 8h 2c] [7s]
Dveesa: bets 197 and is all-in
purzyk.fbp: calls 197
*** SHOW DOWN ***
Dveesa: shows [Ks Kc] (a pair of Kings)
purzyk.fbp: shows [9s Th] (a straight, Six to Ten)
purzyk.fbp collected 920 from pot
Dveesa finished the tournament in 3rd place
*** SUMMARY ***
Total pot 920 | Rake 0 
Board [3d 6h 8h 2c 7s]
Seat 1: purzyk.fbp (big blind) showed [9s Th] and won (920) with a straight, Six to Ten
Seat 2: Mahu2021 (button) folded before Flop (didn't bet)
Seat 3: Dveesa (small blind) showed [Ks Kc] and lost with a pair of Kings



PokerStars Hand #244562271868: Tournament #3611200508, $0.92+$0.08 USD Hold'em No Limit - Level I (10/20) - 2023/07/01 13:50:44 CET [2023/07/01 7:50:44 ET]
Table '3611200508 1' 3-max Seat #1 is the button
Seat 1: purzyk.fbp (980 in chips) 
Seat 2: Mahu2021 (520 in chips) 
purzyk.fbp: posts small blind 10
Mahu2021: posts big blind 20
*** HOLE CARDS ***
Dealt to Mahu2021 [Qh Tc]
purzyk.fbp: raises 20 to 40
Mahu2021: calls 20
*** FLOP *** [9c 2s 7h]
Mahu2021: checks 
purzyk.fbp: bets 60
Mahu2021: folds 
Uncalled bet (60) returned to purzyk.fbp
purzyk.fbp collected 80 from pot
*** SUMMARY ***
Total pot 80 | Rake 0 
Board [9c 2s 7h]
Seat 1: purzyk.fbp (button) (small blind) collected (80)
Seat 2: Mahu2021 (big blind) folded on the Flop



PokerStars Hand #244562273889: Tournament #3611200508, $0.92+$0.08 USD Hold'em No Limit - Level I (10/20) - 2023/07/01 13:50:55 CET [2023/07/01 7:50:55 ET]
Table '3611200508 1' 3-max Seat #2 is the button
Seat 1: purzyk.fbp (1020 in chips) 
Seat 2: Mahu2021 (480 in chips) 
Mahu2021: posts small blind 10
purzyk.fbp: posts big blind 20
*** HOLE CARDS ***
Dealt to Mahu2021 [5d 9s]
Mahu2021: folds 
Uncalled bet (10) returned to purzyk.fbp
purzyk.fbp collected 20 from pot
*** SUMMARY ***
Total pot 20 | Rake 0 
Seat 1: purzyk.fbp (big blind) collected (20)
Seat 2: Mahu2021 (button) (small blind) folded before Flop



PokerStars Hand #244562274668: Tournament #3611200508, $0.92+$0.08 USD Hold'em No Limit - Level I (10/20) - 2023/07/01 13:51:00 CET [2023/07/01 7:51:00 ET]
Table '3611200508 1' 3-max Seat #1 is the button
Seat 1: purzyk.fbp (1030 in chips) 
Seat 2: Mahu2021 (470 in chips) 
purzyk.fbp: posts small blind 10
Mahu2021: posts big blind 20
*** HOLE CARDS ***
Dealt to Mahu2021 [Ks 6d]
purzyk.fbp: folds 
Uncalled bet (10) returned to Mahu2021
Mahu2021 collected 20 from pot
Mahu2021: doesn't show hand 
*** SUMMARY ***
Total pot 20 | Rake 0 
Seat 1: purzyk.fbp (button) (small blind) folded before Flop
Seat 2: Mahu2021 (big blind) collected (20)



PokerStars Hand #244562275490: Tournament #3611200508, $0.92+$0.08 USD Hold'em No Limit - Level I (10/20) - 2023/07/01 13:51:04 CET [2023/07/01 7:51:04 ET]
Table '3611200508 1' 3-max Seat #2 is the button
Seat 1: purzyk.fbp (1020 in chips) 
Seat 2: Mahu2021 (480 in chips) 
Mahu2021: posts small blind 10
purzyk.fbp: posts big blind 20
*** HOLE CARDS ***
Dealt to Mahu2021 [Tc 6d]
Mahu2021: folds 
Uncalled bet (10) returned to purzyk.fbp
purzyk.fbp collected 20 from pot
*** SUMMARY ***
Total pot 20 | Rake 0 
Seat 1: purzyk.fbp (big blind) collected (20)
Seat 2: Mahu2021 (button) (small blind) folded before Flop



PokerStars Hand #244562276290: Tournament #3611200508, $0.92+$0.08 USD Hold'em No Limit - Level I (10/20) - 2023/07/01 13:51:08 CET [2023/07/01 7:51:08 ET]
Table '3611200508 1' 3-max Seat #1 is the button
Seat 1: purzyk.fbp (1030 in chips) 
Seat 2: Mahu2021 (470 in chips) 
purzyk.fbp: posts small blind 10
Mahu2021: posts big blind 20
*** HOLE CARDS ***
Dealt to Mahu2021 [2s Ts]
purzyk.fbp: folds 
Uncalled bet (10) returned to Mahu2021
Mahu2021 collected 20 from pot
Mahu2021: doesn't show hand 
*** SUMMARY ***
Total pot 20 | Rake 0 
Seat 1: purzyk.fbp (button) (small blind) folded before Flop
Seat 2: Mahu2021 (big blind) collected (20)



PokerStars Hand #244562277076: Tournament #3611200508, $0.92+$0.08 USD Hold'em No Limit - Level I (10/20) - 2023/07/01 13:51:13 CET [2023/07/01 7:51:13 ET]
Table '3611200508 1' 3-max Seat #2 is the button
Seat 1: purzyk.fbp (1020 in chips) 
Seat 2: Mahu2021 (480 in chips) 
Mahu2021: posts small blind 10
purzyk.fbp: posts big blind 20
*** HOLE CARDS ***
Dealt to Mahu2021 [2d Ad]
Mahu2021: raises 20 to 40
purzyk.fbp: raises 20 to 60
Mahu2021: calls 20
*** FLOP *** [Jh 4h 3d]
purzyk.fbp: checks 
Mahu2021: checks 
*** TURN *** [Jh 4h 3d] [Kd]
purzyk.fbp: checks 
Mahu2021: bets 120
purzyk.fbp: calls 120
*** RIVER *** [Jh 4h 3d Kd] [5c]
purzyk.fbp: checks 
Mahu2021: bets 300 and is all-in
purzyk.fbp: calls 300
*** SHOW DOWN ***
Mahu2021: shows [2d Ad] (a straight, Ace to Five)
purzyk.fbp: shows [Ks 6d] (a pair of Kings)
Mahu2021 collected 960 from pot
*** SUMMARY ***
Total pot 960 | Rake 0 
Board [Jh 4h 3d Kd 5c]
Seat 1: purzyk.fbp (big blind) showed [Ks 6d] and lost with a pair of Kings
Seat 2: Mahu2021 (button) (small blind) showed [2d Ad] and won (960) with a straight, Ace to Five



PokerStars Hand #244562280623: Tournament #3611200508, $0.92+$0.08 USD Hold'em No Limit - Level I (10/20) - 2023/07/01 13:51:33 CET [2023/07/01 7:51:33 ET]
Table '3611200508 1' 3-max Seat #1 is the button
Seat 1: purzyk.fbp (540 in chips) 
Seat 2: Mahu2021 (960 in chips) 
purzyk.fbp: posts small blind 10
Mahu2021: posts big blind 20
*** HOLE CARDS ***
Dealt to Mahu2021 [4d Kc]
purzyk.fbp: raises 20 to 40
Mahu2021: calls 20
*** FLOP *** [9h 6d Kd]
Mahu2021: checks 
purzyk.fbp: bets 40
Mahu2021: raises 80 to 120
purzyk.fbp: raises 80 to 200
Mahu2021: raises 720 to 920 and is all-in
purzyk.fbp: calls 300 and is all-in
Uncalled bet (420) returned to Mahu2021
*** TURN *** [9h 6d Kd] [Qd]
*** RIVER *** [9h 6d Kd Qd] [2s]
*** SHOW DOWN ***
Mahu2021: shows [4d Kc] (a pair of Kings)
purzyk.fbp: shows [Td Kh] (a pair of Kings - Queen+Ten kicker)
purzyk.fbp collected 1080 from pot
*** SUMMARY ***
Total pot 1080 | Rake 0 
Board [9h 6d Kd Qd 2s]
Seat 1: purzyk.fbp (button) (small blind) showed [Td Kh] and won (1080) with a pair of Kings
Seat 2: Mahu2021 (big blind) showed [4d Kc] and lost with a pair of Kings



PokerStars Hand #244562284839: Tournament #3611200508, $0.92+$0.08 USD Hold'em No Limit - Level II (15/30) - 2023/07/01 13:51:57 CET [2023/07/01 7:51:57 ET]
Table '3611200508 1' 3-max Seat #2 is the button
Seat 1: purzyk.fbp (1080 in chips) 
Seat 2: Mahu2021 (420 in chips) 
Mahu2021: posts small blind 15
purzyk.fbp: posts big blind 30
*** HOLE CARDS ***
Dealt to Mahu2021 [6s Ts]
Mahu2021: calls 15
purzyk.fbp: checks 
*** FLOP *** [Jh 4s 8c]
purzyk.fbp: bets 30
Mahu2021: folds 
Uncalled bet (30) returned to purzyk.fbp
purzyk.fbp collected 60 from pot
*** SUMMARY ***
Total pot 60 | Rake 0 
Board [Jh 4s 8c]
Seat 1: purzyk.fbp (big blind) collected (60)
Seat 2: Mahu2021 (button) (small blind) folded on the Flop



PokerStars Hand #244562286565: Tournament #3611200508, $0.92+$0.08 USD Hold'em No Limit - Level II (15/30) - 2023/07/01 13:52:06 CET [2023/07/01 7:52:06 ET]
Table '3611200508 1' 3-max Seat #1 is the button
Seat 1: purzyk.fbp (1110 in chips) 
Seat 2: Mahu2021 (390 in chips) 
purzyk.fbp: posts small blind 15
Mahu2021: posts big blind 30
*** HOLE CARDS ***
Dealt to Mahu2021 [Jc 6s]
purzyk.fbp: calls 15
Mahu2021: checks 
*** FLOP *** [2d Js Th]
Mahu2021: bets 30
purzyk.fbp: folds 
Uncalled bet (30) returned to Mahu2021
Mahu2021 collected 60 from pot
Mahu2021: doesn't show hand 
*** SUMMARY ***
Total pot 60 | Rake 0 
Board [2d Js Th]
Seat 1: purzyk.fbp (button) (small blind) folded on the Flop
Seat 2: Mahu2021 (big blind) collected (60)



PokerStars Hand #244562288056: Tournament #3611200508, $0.92+$0.08 USD Hold'em No Limit - Level II (15/30) - 2023/07/01 13:52:15 CET [2023/07/01 7:52:15 ET]
Table '3611200508 1' 3-max Seat #2 is the button
Seat 1: purzyk.fbp (1080 in chips) 
Seat 2: Mahu2021 (420 in chips) 
Mahu2021: posts small blind 15
purzyk.fbp: posts big blind 30
*** HOLE CARDS ***
Dealt to Mahu2021 [Tc 4h]
Mahu2021: folds 
Uncalled bet (15) returned to purzyk.fbp
purzyk.fbp collected 30 from pot
*** SUMMARY ***
Total pot 30 | Rake 0 
Seat 1: purzyk.fbp (big blind) collected (30)
Seat 2: Mahu2021 (button) (small blind) folded before Flop



PokerStars Hand #244562288860: Tournament #3611200508, $0.92+$0.08 USD Hold'em No Limit - Level II (15/30) - 2023/07/01 13:52:19 CET [2023/07/01 7:52:19 ET]
Table '3611200508 1' 3-max Seat #1 is the button
Seat 1: purzyk.fbp (1095 in chips) 
Seat 2: Mahu2021 (405 in chips) 
purzyk.fbp: posts small blind 15
Mahu2021: posts big blind 30
*** HOLE CARDS ***
Dealt to Mahu2021 [4d Ac]
purzyk.fbp: folds 
Uncalled bet (15) returned to Mahu2021
Mahu2021 collected 30 from pot
Mahu2021: doesn't show hand 
*** SUMMARY ***
Total pot 30 | Rake 0 
Seat 1: purzyk.fbp (button) (small blind) folded before Flop
Seat 2: Mahu2021 (big blind) collected (30)



PokerStars Hand #244562289613: Tournament #3611200508, $0.92+$0.08 USD Hold'em No Limit - Level II (15/30) - 2023/07/01 13:52:24 CET [2023/07/01 7:52:24 ET]
Table '3611200508 1' 3-max Seat #2 is the button
Seat 1: purzyk.fbp (1080 in chips) 
Seat 2: Mahu2021 (420 in chips) 
Mahu2021: posts small blind 15
purzyk.fbp: posts big blind 30
*** HOLE CARDS ***
Dealt to Mahu2021 [Jd Jh]
Mahu2021: raises 390 to 420 and is all-in
purzyk.fbp: calls 390
*** FLOP *** [5c 6s Qh]
*** TURN *** [5c 6s Qh] [Qc]
*** RIVER *** [5c 6s Qh Qc] [Ac]
*** SHOW DOWN ***
purzyk.fbp: shows [As 6h] (two pair, Aces and Queens)
Mahu2021: shows [Jd Jh] (two pair, Queens and Jacks)
purzyk.fbp collected 840 from pot
Mahu2021 finished the tournament in 2nd place
purzyk.fbp wins the tournament and receives $2.00 - congratulations!
*** SUMMARY ***
Total pot 840 | Rake 0 
Board [5c 6s Qh Qc Ac]
Seat 1: purzyk.fbp (big blind) showed [As 6h] and won (840) with two pair, Aces and Queens
Seat 2: Mahu2021 (button) (small blind) showed [Jd Jh] and lost with two pair, Queens and Jacks



