PokerStars Hand #246978967283: Tournament #3669600884, $1.84+$0.16 USD Hold'em No Limit - Level I (10/20) - 2023/11/07 16:52:07 CET [2023/11/07 10:52:07 ET]
Table '3669600884 1' 3-max Seat #1 is the button
Seat 1: kev gal 1 (500 in chips) 
Seat 2: lvivers (500 in chips) 
Seat 3: Mahu2021 (500 in chips) 
lvivers: posts small blind 10
Mahu2021: posts big blind 20
*** HOLE CARDS ***
Dealt to Mahu2021 [7h Ac]
kev gal 1: folds 
lvivers: folds 
Uncalled bet (10) returned to Mahu2021
Mahu2021 collected 20 from pot
Mahu2021: doesn't show hand 
*** SUMMARY ***
Total pot 20 | Rake 0 
Seat 1: kev gal 1 (button) folded before Flop (didn't bet)
Seat 2: lvivers (small blind) folded before Flop
Seat 3: Mahu2021 (big blind) collected (20)



PokerStars Hand #246978968651: Tournament #3669600884, $1.84+$0.16 USD Hold'em No Limit - Level I (10/20) - 2023/11/07 16:52:13 CET [2023/11/07 10:52:13 ET]
Table '3669600884 1' 3-max Seat #2 is the button
Seat 1: kev gal 1 (500 in chips) 
Seat 2: lvivers (490 in chips) 
Seat 3: Mahu2021 (510 in chips) 
Mahu2021: posts small blind 10
kev gal 1: posts big blind 20
*** HOLE CARDS ***
Dealt to Mahu2021 [9s 7d]
lvivers: folds 
Mahu2021: folds 
Uncalled bet (10) returned to kev gal 1
kev gal 1 collected 20 from pot
*** SUMMARY ***
Total pot 20 | Rake 0 
Seat 1: kev gal 1 (big blind) collected (20)
Seat 2: lvivers (button) folded before Flop (didn't bet)
Seat 3: Mahu2021 (small blind) folded before Flop



PokerStars Hand #246978969965: Tournament #3669600884, $1.84+$0.16 USD Hold'em No Limit - Level I (10/20) - 2023/11/07 16:52:18 CET [2023/11/07 10:52:18 ET]
Table '3669600884 1' 3-max Seat #3 is the button
Seat 1: kev gal 1 (510 in chips) 
Seat 2: lvivers (490 in chips) 
Seat 3: Mahu2021 (500 in chips) 
kev gal 1: posts small blind 10
lvivers: posts big blind 20
*** HOLE CARDS ***
Dealt to Mahu2021 [5c 8s]
Mahu2021: folds 
kev gal 1: raises 20 to 40
lvivers: folds 
Uncalled bet (20) returned to kev gal 1
kev gal 1 collected 40 from pot
*** SUMMARY ***
Total pot 40 | Rake 0 
Seat 1: kev gal 1 (small blind) collected (40)
Seat 2: lvivers (big blind) folded before Flop
Seat 3: Mahu2021 (button) folded before Flop (didn't bet)



PokerStars Hand #246978971551: Tournament #3669600884, $1.84+$0.16 USD Hold'em No Limit - Level I (10/20) - 2023/11/07 16:52:25 CET [2023/11/07 10:52:25 ET]
Table '3669600884 1' 3-max Seat #1 is the button
Seat 1: kev gal 1 (530 in chips) 
Seat 2: lvivers (470 in chips) 
Seat 3: Mahu2021 (500 in chips) 
lvivers: posts small blind 10
Mahu2021: posts big blind 20
*** HOLE CARDS ***
Dealt to Mahu2021 [3s 9h]
kev gal 1: folds 
lvivers: folds 
Uncalled bet (10) returned to Mahu2021
Mahu2021 collected 20 from pot
Mahu2021: doesn't show hand 
*** SUMMARY ***
Total pot 20 | Rake 0 
Seat 1: kev gal 1 (button) folded before Flop (didn't bet)
Seat 2: lvivers (small blind) folded before Flop
Seat 3: Mahu2021 (big blind) collected (20)



PokerStars Hand #246978972739: Tournament #3669600884, $1.84+$0.16 USD Hold'em No Limit - Level I (10/20) - 2023/11/07 16:52:30 CET [2023/11/07 10:52:30 ET]
Table '3669600884 1' 3-max Seat #2 is the button
Seat 1: kev gal 1 (530 in chips) 
Seat 2: lvivers (460 in chips) 
Seat 3: Mahu2021 (510 in chips) 
Mahu2021: posts small blind 10
kev gal 1: posts big blind 20
*** HOLE CARDS ***
Dealt to Mahu2021 [7h 3d]
lvivers: folds 
Mahu2021: folds 
Uncalled bet (10) returned to kev gal 1
kev gal 1 collected 20 from pot
*** SUMMARY ***
Total pot 20 | Rake 0 
Seat 1: kev gal 1 (big blind) collected (20)
Seat 2: lvivers (button) folded before Flop (didn't bet)
Seat 3: Mahu2021 (small blind) folded before Flop



PokerStars Hand #246978973956: Tournament #3669600884, $1.84+$0.16 USD Hold'em No Limit - Level I (10/20) - 2023/11/07 16:52:34 CET [2023/11/07 10:52:34 ET]
Table '3669600884 1' 3-max Seat #3 is the button
Seat 1: kev gal 1 (540 in chips) 
Seat 2: lvivers (460 in chips) 
Seat 3: Mahu2021 (500 in chips) 
kev gal 1: posts small blind 10
lvivers: posts big blind 20
*** HOLE CARDS ***
Dealt to Mahu2021 [8d Ts]
Mahu2021: folds 
kev gal 1: raises 20 to 40
lvivers: calls 20
*** FLOP *** [2d 7d 2s]
kev gal 1: bets 40
lvivers: raises 380 to 420 and is all-in
kev gal 1: calls 380
*** TURN *** [2d 7d 2s] [6d]
*** RIVER *** [2d 7d 2s 6d] [6c]
*** SHOW DOWN ***
kev gal 1: shows [2h 9h] (a full house, Deuces full of Sixes)
lvivers: shows [7s Tc] (two pair, Sevens and Sixes)
kev gal 1 collected 920 from pot
lvivers finished the tournament in 3rd place
*** SUMMARY ***
Total pot 920 | Rake 0 
Board [2d 7d 2s 6d 6c]
Seat 1: kev gal 1 (small blind) showed [2h 9h] and won (920) with a full house, Deuces full of Sixes
Seat 2: lvivers (big blind) showed [7s Tc] and lost with two pair, Sevens and Sixes
Seat 3: Mahu2021 (button) folded before Flop (didn't bet)



PokerStars Hand #246978979362: Tournament #3669600884, $1.84+$0.16 USD Hold'em No Limit - Level I (10/20) - 2023/11/07 16:52:57 CET [2023/11/07 10:52:57 ET]
Table '3669600884 1' 3-max Seat #1 is the button
Seat 1: kev gal 1 (1000 in chips) 
Seat 3: Mahu2021 (500 in chips) 
kev gal 1: posts small blind 10
Mahu2021: posts big blind 20
*** HOLE CARDS ***
Dealt to Mahu2021 [7s Jd]
kev gal 1: raises 20 to 40
Mahu2021: calls 20
*** FLOP *** [Qc 8h 2d]
Mahu2021: checks 
kev gal 1: bets 40
Mahu2021: folds 
Uncalled bet (40) returned to kev gal 1
kev gal 1 collected 80 from pot
*** SUMMARY ***
Total pot 80 | Rake 0 
Board [Qc 8h 2d]
Seat 1: kev gal 1 (button) (small blind) collected (80)
Seat 3: Mahu2021 (big blind) folded on the Flop



PokerStars Hand #246978984010: Tournament #3669600884, $1.84+$0.16 USD Hold'em No Limit - Level I (10/20) - 2023/11/07 16:53:16 CET [2023/11/07 10:53:16 ET]
Table '3669600884 1' 3-max Seat #3 is the button
Seat 1: kev gal 1 (1040 in chips) 
Seat 3: Mahu2021 (460 in chips) 
Mahu2021: posts small blind 10
kev gal 1: posts big blind 20
*** HOLE CARDS ***
Dealt to Mahu2021 [Qs 5c]
Mahu2021: folds 
Uncalled bet (10) returned to kev gal 1
kev gal 1 collected 20 from pot
*** SUMMARY ***
Total pot 20 | Rake 0 
Seat 1: kev gal 1 (big blind) collected (20)
Seat 3: Mahu2021 (button) (small blind) folded before Flop



PokerStars Hand #246978985073: Tournament #3669600884, $1.84+$0.16 USD Hold'em No Limit - Level I (10/20) - 2023/11/07 16:53:21 CET [2023/11/07 10:53:21 ET]
Table '3669600884 1' 3-max Seat #1 is the button
Seat 1: kev gal 1 (1050 in chips) 
Seat 3: Mahu2021 (450 in chips) 
kev gal 1: posts small blind 10
Mahu2021: posts big blind 20
*** HOLE CARDS ***
Dealt to Mahu2021 [5h 8s]
kev gal 1: raises 20 to 40
Mahu2021: folds 
Uncalled bet (20) returned to kev gal 1
kev gal 1 collected 40 from pot
*** SUMMARY ***
Total pot 40 | Rake 0 
Seat 1: kev gal 1 (button) (small blind) collected (40)
Seat 3: Mahu2021 (big blind) folded before Flop



PokerStars Hand #246978986379: Tournament #3669600884, $1.84+$0.16 USD Hold'em No Limit - Level I (10/20) - 2023/11/07 16:53:26 CET [2023/11/07 10:53:26 ET]
Table '3669600884 1' 3-max Seat #3 is the button
Seat 1: kev gal 1 (1070 in chips) 
Seat 3: Mahu2021 (430 in chips) 
Mahu2021: posts small blind 10
kev gal 1: posts big blind 20
*** HOLE CARDS ***
Dealt to Mahu2021 [7c 4h]
Mahu2021: folds 
Uncalled bet (10) returned to kev gal 1
kev gal 1 collected 20 from pot
*** SUMMARY ***
Total pot 20 | Rake 0 
Seat 1: kev gal 1 (big blind) collected (20)
Seat 3: Mahu2021 (button) (small blind) folded before Flop



PokerStars Hand #246978989270: Tournament #3669600884, $1.84+$0.16 USD Hold'em No Limit - Level I (10/20) - 2023/11/07 16:53:38 CET [2023/11/07 10:53:38 ET]
Table '3669600884 1' 3-max Seat #1 is the button
Seat 1: kev gal 1 (1080 in chips) 
Seat 3: Mahu2021 (420 in chips) 
kev gal 1: posts small blind 10
Mahu2021: posts big blind 20
*** HOLE CARDS ***
Dealt to Mahu2021 [3c 7s]
kev gal 1: calls 10
Mahu2021: checks 
*** FLOP *** [Jh 4h 9d]
Mahu2021: checks 
kev gal 1: bets 40
Mahu2021: folds 
Uncalled bet (40) returned to kev gal 1
kev gal 1 collected 40 from pot
*** SUMMARY ***
Total pot 40 | Rake 0 
Board [Jh 4h 9d]
Seat 1: kev gal 1 (button) (small blind) collected (40)
Seat 3: Mahu2021 (big blind) folded on the Flop



PokerStars Hand #246978993187: Tournament #3669600884, $1.84+$0.16 USD Hold'em No Limit - Level I (10/20) - 2023/11/07 16:53:54 CET [2023/11/07 10:53:54 ET]
Table '3669600884 1' 3-max Seat #3 is the button
Seat 1: kev gal 1 (1100 in chips) 
Seat 3: Mahu2021 (400 in chips) 
Mahu2021: posts small blind 10
kev gal 1: posts big blind 20
*** HOLE CARDS ***
Dealt to Mahu2021 [7h 5h]
Mahu2021: raises 20 to 40
kev gal 1: calls 20
*** FLOP *** [Qd Qc 7s]
kev gal 1: bets 20
Mahu2021: calls 20
*** TURN *** [Qd Qc 7s] [9d]
kev gal 1: checks 
Mahu2021: checks 
*** RIVER *** [Qd Qc 7s 9d] [Kc]
kev gal 1: checks 
Mahu2021: checks 
*** SHOW DOWN ***
kev gal 1: shows [Td 3s] (a pair of Queens)
Mahu2021: shows [7h 5h] (two pair, Queens and Sevens)
Mahu2021 collected 120 from pot
*** SUMMARY ***
Total pot 120 | Rake 0 
Board [Qd Qc 7s 9d Kc]
Seat 1: kev gal 1 (big blind) showed [Td 3s] and lost with a pair of Queens
Seat 3: Mahu2021 (button) (small blind) showed [7h 5h] and won (120) with two pair, Queens and Sevens



PokerStars Hand #246978999079: Tournament #3669600884, $1.84+$0.16 USD Hold'em No Limit - Level I (10/20) - 2023/11/07 16:54:19 CET [2023/11/07 10:54:19 ET]
Table '3669600884 1' 3-max Seat #1 is the button
Seat 1: kev gal 1 (1040 in chips) 
Seat 3: Mahu2021 (460 in chips) 
kev gal 1: posts small blind 10
Mahu2021: posts big blind 20
*** HOLE CARDS ***
Dealt to Mahu2021 [7c Jc]
kev gal 1: folds 
Uncalled bet (10) returned to Mahu2021
Mahu2021 collected 20 from pot
Mahu2021: doesn't show hand 
*** SUMMARY ***
Total pot 20 | Rake 0 
Seat 1: kev gal 1 (button) (small blind) folded before Flop
Seat 3: Mahu2021 (big blind) collected (20)



PokerStars Hand #246979000202: Tournament #3669600884, $1.84+$0.16 USD Hold'em No Limit - Level I (10/20) - 2023/11/07 16:54:23 CET [2023/11/07 10:54:23 ET]
Table '3669600884 1' 3-max Seat #3 is the button
Seat 1: kev gal 1 (1030 in chips) 
Seat 3: Mahu2021 (470 in chips) 
Mahu2021: posts small blind 10
kev gal 1: posts big blind 20
*** HOLE CARDS ***
Dealt to Mahu2021 [6d Th]
Mahu2021: folds 
Uncalled bet (10) returned to kev gal 1
kev gal 1 collected 20 from pot
*** SUMMARY ***
Total pot 20 | Rake 0 
Seat 1: kev gal 1 (big blind) collected (20)
Seat 3: Mahu2021 (button) (small blind) folded before Flop



PokerStars Hand #246979001368: Tournament #3669600884, $1.84+$0.16 USD Hold'em No Limit - Level I (10/20) - 2023/11/07 16:54:28 CET [2023/11/07 10:54:28 ET]
Table '3669600884 1' 3-max Seat #1 is the button
Seat 1: kev gal 1 (1040 in chips) 
Seat 3: Mahu2021 (460 in chips) 
kev gal 1: posts small blind 10
Mahu2021: posts big blind 20
*** HOLE CARDS ***
Dealt to Mahu2021 [5h 8h]
kev gal 1: folds 
Uncalled bet (10) returned to Mahu2021
Mahu2021 collected 20 from pot
Mahu2021: doesn't show hand 
*** SUMMARY ***
Total pot 20 | Rake 0 
Seat 1: kev gal 1 (button) (small blind) folded before Flop
Seat 3: Mahu2021 (big blind) collected (20)



PokerStars Hand #246979002436: Tournament #3669600884, $1.84+$0.16 USD Hold'em No Limit - Level I (10/20) - 2023/11/07 16:54:33 CET [2023/11/07 10:54:33 ET]
Table '3669600884 1' 3-max Seat #3 is the button
Seat 1: kev gal 1 (1030 in chips) 
Seat 3: Mahu2021 (470 in chips) 
Mahu2021: posts small blind 10
kev gal 1: posts big blind 20
*** HOLE CARDS ***
Dealt to Mahu2021 [7c 3c]
Mahu2021: calls 10
kev gal 1: checks 
*** FLOP *** [5c 4d 5s]
kev gal 1: bets 20
Mahu2021: calls 20
*** TURN *** [5c 4d 5s] [6c]
kev gal 1: bets 20
Mahu2021: calls 20
*** RIVER *** [5c 4d 5s 6c] [9d]
kev gal 1: bets 20
Mahu2021: raises 160 to 180
kev gal 1: calls 160
*** SHOW DOWN ***
Mahu2021: shows [7c 3c] (a straight, Three to Seven)
kev gal 1: mucks hand 
Mahu2021 collected 480 from pot
*** SUMMARY ***
Total pot 480 | Rake 0 
Board [5c 4d 5s 6c 9d]
Seat 1: kev gal 1 (big blind) mucked [Qc 5h]
Seat 3: Mahu2021 (button) (small blind) showed [7c 3c] and won (480) with a straight, Three to Seven



PokerStars Hand #246979009567: Tournament #3669600884, $1.84+$0.16 USD Hold'em No Limit - Level I (10/20) - 2023/11/07 16:55:02 CET [2023/11/07 10:55:02 ET]
Table '3669600884 1' 3-max Seat #1 is the button
Seat 1: kev gal 1 (790 in chips) 
Seat 3: Mahu2021 (710 in chips) 
kev gal 1: posts small blind 10
Mahu2021: posts big blind 20
*** HOLE CARDS ***
Dealt to Mahu2021 [Jc 7s]
kev gal 1: calls 10
Mahu2021: checks 
*** FLOP *** [2s 3h 9h]
Mahu2021: checks 
kev gal 1: bets 20
Mahu2021: folds 
Uncalled bet (20) returned to kev gal 1
kev gal 1 collected 40 from pot
*** SUMMARY ***
Total pot 40 | Rake 0 
Board [2s 3h 9h]
Seat 1: kev gal 1 (button) (small blind) collected (40)
Seat 3: Mahu2021 (big blind) folded on the Flop



PokerStars Hand #246979012946: Tournament #3669600884, $1.84+$0.16 USD Hold'em No Limit - Level II (15/30) - 2023/11/07 16:55:17 CET [2023/11/07 10:55:17 ET]
Table '3669600884 1' 3-max Seat #3 is the button
Seat 1: kev gal 1 (810 in chips) 
Seat 3: Mahu2021 (690 in chips) 
Mahu2021: posts small blind 15
kev gal 1: posts big blind 30
*** HOLE CARDS ***
Dealt to Mahu2021 [2d 4h]
Mahu2021: folds 
Uncalled bet (15) returned to kev gal 1
kev gal 1 collected 30 from pot
*** SUMMARY ***
Total pot 30 | Rake 0 
Seat 1: kev gal 1 (big blind) collected (30)
Seat 3: Mahu2021 (button) (small blind) folded before Flop



PokerStars Hand #246979014236: Tournament #3669600884, $1.84+$0.16 USD Hold'em No Limit - Level II (15/30) - 2023/11/07 16:55:24 CET [2023/11/07 10:55:24 ET]
Table '3669600884 1' 3-max Seat #1 is the button
Seat 1: kev gal 1 (825 in chips) 
Seat 3: Mahu2021 (675 in chips) 
kev gal 1: posts small blind 15
Mahu2021: posts big blind 30
*** HOLE CARDS ***
Dealt to Mahu2021 [8c 6d]
kev gal 1: raises 30 to 60
Mahu2021: folds 
Uncalled bet (30) returned to kev gal 1
kev gal 1 collected 60 from pot
*** SUMMARY ***
Total pot 60 | Rake 0 
Seat 1: kev gal 1 (button) (small blind) collected (60)
Seat 3: Mahu2021 (big blind) folded before Flop



PokerStars Hand #246979015791: Tournament #3669600884, $1.84+$0.16 USD Hold'em No Limit - Level II (15/30) - 2023/11/07 16:55:32 CET [2023/11/07 10:55:32 ET]
Table '3669600884 1' 3-max Seat #3 is the button
Seat 1: kev gal 1 (855 in chips) 
Seat 3: Mahu2021 (645 in chips) 
Mahu2021: posts small blind 15
kev gal 1: posts big blind 30
*** HOLE CARDS ***
Dealt to Mahu2021 [3d 6c]
Mahu2021: folds 
Uncalled bet (15) returned to kev gal 1
kev gal 1 collected 30 from pot
*** SUMMARY ***
Total pot 30 | Rake 0 
Seat 1: kev gal 1 (big blind) collected (30)
Seat 3: Mahu2021 (button) (small blind) folded before Flop



PokerStars Hand #246979017442: Tournament #3669600884, $1.84+$0.16 USD Hold'em No Limit - Level II (15/30) - 2023/11/07 16:55:41 CET [2023/11/07 10:55:41 ET]
Table '3669600884 1' 3-max Seat #1 is the button
Seat 1: kev gal 1 (870 in chips) 
Seat 3: Mahu2021 (630 in chips) 
kev gal 1: posts small blind 15
Mahu2021: posts big blind 30
*** HOLE CARDS ***
Dealt to Mahu2021 [8h Qs]
kev gal 1: folds 
Uncalled bet (15) returned to Mahu2021
Mahu2021 collected 30 from pot
Mahu2021: doesn't show hand 
*** SUMMARY ***
Total pot 30 | Rake 0 
Seat 1: kev gal 1 (button) (small blind) folded before Flop
Seat 3: Mahu2021 (big blind) collected (30)



PokerStars Hand #246979018296: Tournament #3669600884, $1.84+$0.16 USD Hold'em No Limit - Level II (15/30) - 2023/11/07 16:55:45 CET [2023/11/07 10:55:45 ET]
Table '3669600884 1' 3-max Seat #3 is the button
Seat 1: kev gal 1 (855 in chips) 
Seat 3: Mahu2021 (645 in chips) 
Mahu2021: posts small blind 15
kev gal 1: posts big blind 30
*** HOLE CARDS ***
Dealt to Mahu2021 [Kd Ah]
Mahu2021: raises 60 to 90
kev gal 1: folds 
Uncalled bet (60) returned to Mahu2021
Mahu2021 collected 60 from pot
Mahu2021: doesn't show hand 
*** SUMMARY ***
Total pot 60 | Rake 0 
Seat 1: kev gal 1 (big blind) folded before Flop
Seat 3: Mahu2021 (button) (small blind) collected (60)



PokerStars Hand #246979019825: Tournament #3669600884, $1.84+$0.16 USD Hold'em No Limit - Level II (15/30) - 2023/11/07 16:55:53 CET [2023/11/07 10:55:53 ET]
Table '3669600884 1' 3-max Seat #1 is the button
Seat 1: kev gal 1 (825 in chips) 
Seat 3: Mahu2021 (675 in chips) 
kev gal 1: posts small blind 15
Mahu2021: posts big blind 30
*** HOLE CARDS ***
Dealt to Mahu2021 [2c 6h]
kev gal 1: raises 30 to 60
Mahu2021: folds 
Uncalled bet (30) returned to kev gal 1
kev gal 1 collected 60 from pot
*** SUMMARY ***
Total pot 60 | Rake 0 
Seat 1: kev gal 1 (button) (small blind) collected (60)
Seat 3: Mahu2021 (big blind) folded before Flop



PokerStars Hand #246979021575: Tournament #3669600884, $1.84+$0.16 USD Hold'em No Limit - Level II (15/30) - 2023/11/07 16:56:02 CET [2023/11/07 10:56:02 ET]
Table '3669600884 1' 3-max Seat #3 is the button
Seat 1: kev gal 1 (855 in chips) 
Seat 3: Mahu2021 (645 in chips) 
Mahu2021: posts small blind 15
kev gal 1: posts big blind 30
*** HOLE CARDS ***
Dealt to Mahu2021 [Js 4c]
Mahu2021: calls 15
kev gal 1: checks 
*** FLOP *** [5h As Kc]
kev gal 1: bets 30
Mahu2021: raises 60 to 90
kev gal 1: calls 60
*** TURN *** [5h As Kc] [Kd]
kev gal 1: checks 
Mahu2021: bets 240
kev gal 1: folds 
Uncalled bet (240) returned to Mahu2021
Mahu2021 collected 240 from pot
Mahu2021: doesn't show hand 
*** SUMMARY ***
Total pot 240 | Rake 0 
Board [5h As Kc Kd]
Seat 1: kev gal 1 (big blind) folded on the Turn
Seat 3: Mahu2021 (button) (small blind) collected (240)



PokerStars Hand #246979028838: Tournament #3669600884, $1.84+$0.16 USD Hold'em No Limit - Level II (15/30) - 2023/11/07 16:56:41 CET [2023/11/07 10:56:41 ET]
Table '3669600884 1' 3-max Seat #1 is the button
Seat 1: kev gal 1 (735 in chips) 
Seat 3: Mahu2021 (765 in chips) 
kev gal 1: posts small blind 15
Mahu2021: posts big blind 30
*** HOLE CARDS ***
Dealt to Mahu2021 [2h 6h]
kev gal 1: folds 
Uncalled bet (15) returned to Mahu2021
Mahu2021 collected 30 from pot
Mahu2021: doesn't show hand 
*** SUMMARY ***
Total pot 30 | Rake 0 
Seat 1: kev gal 1 (button) (small blind) folded before Flop
Seat 3: Mahu2021 (big blind) collected (30)



PokerStars Hand #246979029995: Tournament #3669600884, $1.84+$0.16 USD Hold'em No Limit - Level II (15/30) - 2023/11/07 16:56:47 CET [2023/11/07 10:56:47 ET]
Table '3669600884 1' 3-max Seat #3 is the button
Seat 1: kev gal 1 (720 in chips) 
Seat 3: Mahu2021 (780 in chips) 
Mahu2021: posts small blind 15
kev gal 1: posts big blind 30
*** HOLE CARDS ***
Dealt to Mahu2021 [5c 4s]
Mahu2021: calls 15
kev gal 1: raises 60 to 90
Mahu2021: calls 60
*** FLOP *** [7d 4d 6s]
kev gal 1: bets 180
Mahu2021: raises 510 to 690 and is all-in
kev gal 1: calls 450 and is all-in
Uncalled bet (60) returned to Mahu2021
*** TURN *** [7d 4d 6s] [9h]
*** RIVER *** [7d 4d 6s 9h] [3s]
*** SHOW DOWN ***
kev gal 1: shows [3h As] (a pair of Threes)
Mahu2021: shows [5c 4s] (a straight, Three to Seven)
Mahu2021 collected 1440 from pot
kev gal 1 finished the tournament in 2nd place
Mahu2021 wins the tournament and receives $6.00 - congratulations!
*** SUMMARY ***
Total pot 1440 | Rake 0 
Board [7d 4d 6s 9h 3s]
Seat 1: kev gal 1 (big blind) showed [3h As] and lost with a pair of Threes
Seat 3: Mahu2021 (button) (small blind) showed [5c 4s] and won (1440) with a straight, Three to Seven



