PokerStars Hand #252824780312: Tournament #3809529789, $0.46+$0.04 USD Hold'em No Limit - Level I (10/20) - 2024/10/08 12:18:33 CET [2024/10/08 6:18:33 ET]
Table '3809529789 1' 3-max Seat #1 is the button
Seat 1: rouge thndr (500 in chips) 
Seat 2: lukes82222 (500 in chips) 
Seat 3: Mahu2021 (500 in chips) 
lukes82222: posts small blind 10
Mahu2021: posts big blind 20
*** HOLE CARDS ***
Dealt to Mahu2021 [Kh 7h]
rouge thndr: folds 
lukes82222: folds 
Uncalled bet (10) returned to Mahu2021
Mahu2021 collected 20 from pot
Mahu2021: doesn't show hand 
*** SUMMARY ***
Total pot 20 | Rake 0 
Seat 1: rouge thndr (button) folded before Flop (didn't bet)
Seat 2: lukes82222 (small blind) folded before Flop
Seat 3: Mahu2021 (big blind) collected (20)



PokerStars Hand #252824781489: Tournament #3809529789, $0.46+$0.04 USD Hold'em No Limit - Level I (10/20) - 2024/10/08 12:18:42 CET [2024/10/08 6:18:42 ET]
Table '3809529789 1' 3-max Seat #2 is the button
Seat 1: rouge thndr (500 in chips) 
Seat 2: lukes82222 (490 in chips) 
Seat 3: Mahu2021 (510 in chips) 
Mahu2021: posts small blind 10
rouge thndr: posts big blind 20
*** HOLE CARDS ***
Dealt to Mahu2021 [8c 7c]
lukes82222: folds 
Mahu2021: raises 20 to 40
rouge thndr: calls 20
*** FLOP *** [Ac Js 4d]
Mahu2021: checks 
rouge thndr: checks 
*** TURN *** [Ac Js 4d] [9h]
Mahu2021: checks 
rouge thndr: bets 20
Mahu2021: folds 
Uncalled bet (20) returned to rouge thndr
rouge thndr collected 80 from pot
rouge thndr: doesn't show hand 
*** SUMMARY ***
Total pot 80 | Rake 0 
Board [Ac Js 4d 9h]
Seat 1: rouge thndr (big blind) collected (80)
Seat 2: lukes82222 (button) folded before Flop (didn't bet)
Seat 3: Mahu2021 (small blind) folded on the Turn



PokerStars Hand #252824784732: Tournament #3809529789, $0.46+$0.04 USD Hold'em No Limit - Level I (10/20) - 2024/10/08 12:19:08 CET [2024/10/08 6:19:08 ET]
Table '3809529789 1' 3-max Seat #3 is the button
Seat 1: rouge thndr (540 in chips) 
Seat 2: lukes82222 (490 in chips) 
Seat 3: Mahu2021 (470 in chips) 
rouge thndr: posts small blind 10
lukes82222: posts big blind 20
*** HOLE CARDS ***
Dealt to Mahu2021 [Ah 6s]
Mahu2021: calls 20
rouge thndr: calls 10
lukes82222: checks 
*** FLOP *** [Qc 8h 5d]
rouge thndr: bets 20
lukes82222: calls 20
Mahu2021: folds 
*** TURN *** [Qc 8h 5d] [Ks]
rouge thndr: checks 
lukes82222: checks 
*** RIVER *** [Qc 8h 5d Ks] [9s]
rouge thndr: bets 20
lukes82222: raises 20 to 40
rouge thndr: calls 20
*** SHOW DOWN ***
lukes82222: shows [4d 6d] (high card King)
rouge thndr: shows [6c 5c] (a pair of Fives)
rouge thndr collected 180 from pot
*** SUMMARY ***
Total pot 180 | Rake 0 
Board [Qc 8h 5d Ks 9s]
Seat 1: rouge thndr (small blind) showed [6c 5c] and won (180) with a pair of Fives
Seat 2: lukes82222 (big blind) showed [4d 6d] and lost with high card King
Seat 3: Mahu2021 (button) folded on the Flop



PokerStars Hand #252824792480: Tournament #3809529789, $0.46+$0.04 USD Hold'em No Limit - Level I (10/20) - 2024/10/08 12:20:12 CET [2024/10/08 6:20:12 ET]
Table '3809529789 1' 3-max Seat #1 is the button
Seat 1: rouge thndr (640 in chips) 
Seat 2: lukes82222 (410 in chips) 
Seat 3: Mahu2021 (450 in chips) 
lukes82222: posts small blind 10
Mahu2021: posts big blind 20
*** HOLE CARDS ***
Dealt to Mahu2021 [Tc Ad]
rouge thndr: folds 
lukes82222: calls 10
Mahu2021: raises 60 to 80
lukes82222: calls 60
*** FLOP *** [2h Qc 4c]
lukes82222: bets 20
Mahu2021: calls 20
*** TURN *** [2h Qc 4c] [4h]
lukes82222: bets 20
Mahu2021: calls 20
*** RIVER *** [2h Qc 4c 4h] [5h]
lukes82222: checks 
Mahu2021: checks 
*** SHOW DOWN ***
lukes82222: shows [9c 6c] (a pair of Fours)
Mahu2021: shows [Tc Ad] (a pair of Fours - Ace kicker)
Mahu2021 collected 240 from pot
*** SUMMARY ***
Total pot 240 | Rake 0 
Board [2h Qc 4c 4h 5h]
Seat 1: rouge thndr (button) folded before Flop (didn't bet)
Seat 2: lukes82222 (small blind) showed [9c 6c] and lost with a pair of Fours
Seat 3: Mahu2021 (big blind) showed [Tc Ad] and won (240) with a pair of Fours



PokerStars Hand #252824796415: Tournament #3809529789, $0.46+$0.04 USD Hold'em No Limit - Level II (15/30) - 2024/10/08 12:20:44 CET [2024/10/08 6:20:44 ET]
Table '3809529789 1' 3-max Seat #2 is the button
Seat 1: rouge thndr (640 in chips) 
Seat 2: lukes82222 (290 in chips) 
Seat 3: Mahu2021 (570 in chips) 
Mahu2021: posts small blind 15
rouge thndr: posts big blind 30
*** HOLE CARDS ***
Dealt to Mahu2021 [7s Jh]
lukes82222: folds 
Mahu2021: folds 
Uncalled bet (15) returned to rouge thndr
rouge thndr collected 30 from pot
rouge thndr: doesn't show hand 
*** SUMMARY ***
Total pot 30 | Rake 0 
Seat 1: rouge thndr (big blind) collected (30)
Seat 2: lukes82222 (button) folded before Flop (didn't bet)
Seat 3: Mahu2021 (small blind) folded before Flop



PokerStars Hand #252824797207: Tournament #3809529789, $0.46+$0.04 USD Hold'em No Limit - Level II (15/30) - 2024/10/08 12:20:50 CET [2024/10/08 6:20:50 ET]
Table '3809529789 1' 3-max Seat #3 is the button
Seat 1: rouge thndr (655 in chips) 
Seat 2: lukes82222 (290 in chips) 
Seat 3: Mahu2021 (555 in chips) 
rouge thndr: posts small blind 15
lukes82222: posts big blind 30
*** HOLE CARDS ***
Dealt to Mahu2021 [9h 3s]
Mahu2021: folds 
rouge thndr: calls 15
lukes82222: checks 
*** FLOP *** [2c Qs 3d]
rouge thndr: checks 
lukes82222: checks 
*** TURN *** [2c Qs 3d] [Jd]
rouge thndr: checks 
lukes82222: checks 
*** RIVER *** [2c Qs 3d Jd] [6d]
rouge thndr: bets 60
lukes82222: folds 
Uncalled bet (60) returned to rouge thndr
rouge thndr collected 60 from pot
rouge thndr: doesn't show hand 
*** SUMMARY ***
Total pot 60 | Rake 0 
Board [2c Qs 3d Jd 6d]
Seat 1: rouge thndr (small blind) collected (60)
Seat 2: lukes82222 (big blind) folded on the River
Seat 3: Mahu2021 (button) folded before Flop (didn't bet)



PokerStars Hand #252824801953: Tournament #3809529789, $0.46+$0.04 USD Hold'em No Limit - Level II (15/30) - 2024/10/08 12:21:28 CET [2024/10/08 6:21:28 ET]
Table '3809529789 1' 3-max Seat #1 is the button
Seat 1: rouge thndr (685 in chips) 
Seat 2: lukes82222 (260 in chips) 
Seat 3: Mahu2021 (555 in chips) 
lukes82222: posts small blind 15
Mahu2021: posts big blind 30
*** HOLE CARDS ***
Dealt to Mahu2021 [Qc Jc]
rouge thndr: raises 655 to 685 and is all-in
lukes82222: calls 245 and is all-in
Mahu2021: folds 
Uncalled bet (425) returned to rouge thndr
*** FLOP *** [2c Ac Ks]
*** TURN *** [2c Ac Ks] [9h]
*** RIVER *** [2c Ac Ks 9h] [4s]
*** SHOW DOWN ***
lukes82222: shows [Th Kd] (a pair of Kings)
rouge thndr: shows [2h 2s] (three of a kind, Deuces)
rouge thndr collected 550 from pot
lukes82222 finished the tournament in 3rd place
*** SUMMARY ***
Total pot 550 | Rake 0 
Board [2c Ac Ks 9h 4s]
Seat 1: rouge thndr (button) showed [2h 2s] and won (550) with three of a kind, Deuces
Seat 2: lukes82222 (small blind) showed [Th Kd] and lost with a pair of Kings
Seat 3: Mahu2021 (big blind) folded before Flop



PokerStars Hand #252824804795: Tournament #3809529789, $0.46+$0.04 USD Hold'em No Limit - Level II (15/30) - 2024/10/08 12:21:52 CET [2024/10/08 6:21:52 ET]
Table '3809529789 1' 3-max Seat #3 is the button
Seat 1: rouge thndr (975 in chips) 
Seat 3: Mahu2021 (525 in chips) 
Mahu2021: posts small blind 15
rouge thndr: posts big blind 30
*** HOLE CARDS ***
Dealt to Mahu2021 [Kd 9s]
Mahu2021: calls 15
rouge thndr: raises 945 to 975 and is all-in
Mahu2021: folds 
Uncalled bet (945) returned to rouge thndr
rouge thndr collected 60 from pot
rouge thndr: doesn't show hand 
*** SUMMARY ***
Total pot 60 | Rake 0 
Seat 1: rouge thndr (big blind) collected (60)
Seat 3: Mahu2021 (button) (small blind) folded before Flop



PokerStars Hand #252824806629: Tournament #3809529789, $0.46+$0.04 USD Hold'em No Limit - Level II (15/30) - 2024/10/08 12:22:06 CET [2024/10/08 6:22:06 ET]
Table '3809529789 1' 3-max Seat #1 is the button
Seat 1: rouge thndr (1005 in chips) 
Seat 3: Mahu2021 (495 in chips) 
rouge thndr: posts small blind 15
Mahu2021: posts big blind 30
*** HOLE CARDS ***
Dealt to Mahu2021 [8s 3c]
rouge thndr: calls 15
Mahu2021: checks 
*** FLOP *** [Qc 6h 2d]
Mahu2021: checks 
rouge thndr: bets 30
Mahu2021: folds 
Uncalled bet (30) returned to rouge thndr
rouge thndr collected 60 from pot
rouge thndr: doesn't show hand 
*** SUMMARY ***
Total pot 60 | Rake 0 
Board [Qc 6h 2d]
Seat 1: rouge thndr (button) (small blind) collected (60)
Seat 3: Mahu2021 (big blind) folded on the Flop



PokerStars Hand #252824808188: Tournament #3809529789, $0.46+$0.04 USD Hold'em No Limit - Level II (15/30) - 2024/10/08 12:22:19 CET [2024/10/08 6:22:19 ET]
Table '3809529789 1' 3-max Seat #3 is the button
Seat 1: rouge thndr (1035 in chips) 
Seat 3: Mahu2021 (465 in chips) 
Mahu2021: posts small blind 15
rouge thndr: posts big blind 30
*** HOLE CARDS ***
Dealt to Mahu2021 [4c Qc]
Mahu2021: raises 30 to 60
rouge thndr: calls 30
*** FLOP *** [9d 9s Js]
rouge thndr: checks 
Mahu2021: checks 
*** TURN *** [9d 9s Js] [Jd]
rouge thndr: checks 
Mahu2021: checks 
*** RIVER *** [9d 9s Js Jd] [6s]
rouge thndr: bets 30
Mahu2021: calls 30
*** SHOW DOWN ***
rouge thndr: shows [8s 6h] (two pair, Jacks and Nines)
Mahu2021: shows [4c Qc] (two pair, Jacks and Nines - Queen kicker)
Mahu2021 collected 180 from pot
*** SUMMARY ***
Total pot 180 | Rake 0 
Board [9d 9s Js Jd 6s]
Seat 1: rouge thndr (big blind) showed [8s 6h] and lost with two pair, Jacks and Nines
Seat 3: Mahu2021 (button) (small blind) showed [4c Qc] and won (180) with two pair, Jacks and Nines



PokerStars Hand #252824810653: Tournament #3809529789, $0.46+$0.04 USD Hold'em No Limit - Level III (20/40) - 2024/10/08 12:22:39 CET [2024/10/08 6:22:39 ET]
Table '3809529789 1' 3-max Seat #1 is the button
Seat 1: rouge thndr (945 in chips) 
Seat 3: Mahu2021 (555 in chips) 
rouge thndr: posts small blind 20
Mahu2021: posts big blind 40
*** HOLE CARDS ***
Dealt to Mahu2021 [Js 2s]
rouge thndr: calls 20
Mahu2021: checks 
*** FLOP *** [6h Jh Qc]
Mahu2021: checks 
rouge thndr: bets 40
Mahu2021: calls 40
*** TURN *** [6h Jh Qc] [8h]
Mahu2021: checks 
rouge thndr: checks 
*** RIVER *** [6h Jh Qc 8h] [6s]
Mahu2021: bets 80
rouge thndr: raises 785 to 865 and is all-in
Mahu2021: folds 
Uncalled bet (785) returned to rouge thndr
rouge thndr collected 320 from pot
rouge thndr: doesn't show hand 
*** SUMMARY ***
Total pot 320 | Rake 0 
Board [6h Jh Qc 8h 6s]
Seat 1: rouge thndr (button) (small blind) collected (320)
Seat 3: Mahu2021 (big blind) folded on the River



PokerStars Hand #252824813719: Tournament #3809529789, $0.46+$0.04 USD Hold'em No Limit - Level III (20/40) - 2024/10/08 12:23:04 CET [2024/10/08 6:23:04 ET]
Table '3809529789 1' 3-max Seat #3 is the button
Seat 1: rouge thndr (1105 in chips) 
Seat 3: Mahu2021 (395 in chips) 
Mahu2021: posts small blind 20
rouge thndr: posts big blind 40
*** HOLE CARDS ***
Dealt to Mahu2021 [7d 7c]
Mahu2021: raises 355 to 395 and is all-in
rouge thndr: calls 355
*** FLOP *** [9h 9d 6d]
*** TURN *** [9h 9d 6d] [2s]
*** RIVER *** [9h 9d 6d 2s] [Qc]
*** SHOW DOWN ***
rouge thndr: shows [Qd 3s] (two pair, Queens and Nines)
Mahu2021: shows [7d 7c] (two pair, Nines and Sevens)
rouge thndr collected 790 from pot
Mahu2021 finished the tournament in 2nd place
rouge thndr wins the tournament - congratulations!
rouge thndr wins a '$1.00 Power Path Step 2 Ticket' ticket
*** SUMMARY ***
Total pot 790 | Rake 0 
Board [9h 9d 6d 2s Qc]
Seat 1: rouge thndr (big blind) showed [Qd 3s] and won (790) with two pair, Queens and Nines
Seat 3: Mahu2021 (button) (small blind) showed [7d 7c] and lost with two pair, Nines and Sevens



