PokerStars Hand #248210048144: Tournament #3699527145, $1.84+$0.16 USD Hold'em No Limit - Level I (10/20) - 2024/01/11 20:31:50 CET [2024/01/11 14:31:50 ET]
Table '3699527145 1' 3-max Seat #1 is the button
Seat 1: Mahu2021 (500 in chips) 
Seat 2: Crobusterd (500 in chips) 
Seat 3: san493sb (500 in chips) 
Crobusterd: posts small blind 10
san493sb: posts big blind 20
*** HOLE CARDS ***
Dealt to Mahu2021 [9h Qh]
Mahu2021: calls 20
Crobusterd: calls 10
san493sb: checks 
*** FLOP *** [8d 6c Js]
Crobusterd: checks 
san493sb: checks 
Mahu2021: checks 
*** TURN *** [8d 6c Js] [Ad]
Crobusterd: bets 20
san493sb: calls 20
Mahu2021: calls 20
*** RIVER *** [8d 6c Js Ad] [Ah]
Crobusterd: checks 
san493sb: bets 40
Mahu2021: folds 
Crobusterd: folds 
Uncalled bet (40) returned to san493sb
san493sb collected 120 from pot
san493sb: doesn't show hand 
*** SUMMARY ***
Total pot 120 | Rake 0 
Board [8d 6c Js Ad Ah]
Seat 1: Mahu2021 (button) folded on the River
Seat 2: Crobusterd (small blind) folded on the River
Seat 3: san493sb (big blind) collected (120)



PokerStars Hand #248210059584: Tournament #3699527145, $1.84+$0.16 USD Hold'em No Limit - Level I (10/20) - 2024/01/11 20:32:21 CET [2024/01/11 14:32:21 ET]
Table '3699527145 1' 3-max Seat #2 is the button
Seat 1: Mahu2021 (460 in chips) 
Seat 2: Crobusterd (460 in chips) 
Seat 3: san493sb (580 in chips) 
san493sb: posts small blind 10
Mahu2021: posts big blind 20
*** HOLE CARDS ***
Dealt to Mahu2021 [8h 5s]
Crobusterd: folds 
san493sb: raises 20 to 40
Mahu2021: folds 
Uncalled bet (20) returned to san493sb
san493sb collected 40 from pot
san493sb: doesn't show hand 
*** SUMMARY ***
Total pot 40 | Rake 0 
Seat 1: Mahu2021 (big blind) folded before Flop
Seat 2: Crobusterd (button) folded before Flop (didn't bet)
Seat 3: san493sb (small blind) collected (40)



PokerStars Hand #248210062325: Tournament #3699527145, $1.84+$0.16 USD Hold'em No Limit - Level I (10/20) - 2024/01/11 20:32:29 CET [2024/01/11 14:32:29 ET]
Table '3699527145 1' 3-max Seat #3 is the button
Seat 1: Mahu2021 (440 in chips) 
Seat 2: Crobusterd (460 in chips) 
Seat 3: san493sb (600 in chips) 
Mahu2021: posts small blind 10
Crobusterd: posts big blind 20
*** HOLE CARDS ***
Dealt to Mahu2021 [Qd Qc]
san493sb: folds 
Mahu2021: raises 420 to 440 and is all-in
Crobusterd: folds 
Uncalled bet (420) returned to Mahu2021
Mahu2021 collected 40 from pot
Mahu2021: doesn't show hand 
*** SUMMARY ***
Total pot 40 | Rake 0 
Seat 1: Mahu2021 (small blind) collected (40)
Seat 2: Crobusterd (big blind) folded before Flop
Seat 3: san493sb (button) folded before Flop (didn't bet)



PokerStars Hand #248210066222: Tournament #3699527145, $1.84+$0.16 USD Hold'em No Limit - Level I (10/20) - 2024/01/11 20:32:39 CET [2024/01/11 14:32:39 ET]
Table '3699527145 1' 3-max Seat #1 is the button
Seat 1: Mahu2021 (460 in chips) 
Seat 2: Crobusterd (440 in chips) 
Seat 3: san493sb (600 in chips) 
Crobusterd: posts small blind 10
san493sb: posts big blind 20
*** HOLE CARDS ***
Dealt to Mahu2021 [4c 3c]
Mahu2021: calls 20
Crobusterd: raises 20 to 40
san493sb: raises 560 to 600 and is all-in
Mahu2021: folds 
Crobusterd: calls 400 and is all-in
Uncalled bet (160) returned to san493sb
*** FLOP *** [Jd 8s Qh]
*** TURN *** [Jd 8s Qh] [Td]
*** RIVER *** [Jd 8s Qh Td] [Ks]
*** SHOW DOWN ***
Crobusterd: shows [Ac 4s] (a straight, Ten to Ace)
san493sb: shows [Ad Kd] (a straight, Ten to Ace)
Crobusterd collected 450 from pot
san493sb collected 450 from pot
*** SUMMARY ***
Total pot 900 | Rake 0 
Board [Jd 8s Qh Td Ks]
Seat 1: Mahu2021 (button) folded before Flop
Seat 2: Crobusterd (small blind) showed [Ac 4s] and won (450) with a straight, Ten to Ace
Seat 3: san493sb (big blind) showed [Ad Kd] and won (450) with a straight, Ten to Ace



PokerStars Hand #248210072774: Tournament #3699527145, $1.84+$0.16 USD Hold'em No Limit - Level I (10/20) - 2024/01/11 20:32:57 CET [2024/01/11 14:32:57 ET]
Table '3699527145 1' 3-max Seat #2 is the button
Seat 1: Mahu2021 (440 in chips) 
Seat 2: Crobusterd (450 in chips) 
Seat 3: san493sb (610 in chips) 
san493sb: posts small blind 10
Mahu2021: posts big blind 20
*** HOLE CARDS ***
Dealt to Mahu2021 [8c Kd]
Crobusterd: raises 20 to 40
san493sb: folds 
Mahu2021: calls 20
*** FLOP *** [3c 3d 4s]
Mahu2021: checks 
Crobusterd: bets 90
Mahu2021: folds 
Uncalled bet (90) returned to Crobusterd
Crobusterd collected 90 from pot
*** SUMMARY ***
Total pot 90 | Rake 0 
Board [3c 3d 4s]
Seat 1: Mahu2021 (big blind) folded on the Flop
Seat 2: Crobusterd (button) collected (90)
Seat 3: san493sb (small blind) folded before Flop



PokerStars Hand #248210078480: Tournament #3699527145, $1.84+$0.16 USD Hold'em No Limit - Level I (10/20) - 2024/01/11 20:33:12 CET [2024/01/11 14:33:12 ET]
Table '3699527145 1' 3-max Seat #3 is the button
Seat 1: Mahu2021 (400 in chips) 
Seat 2: Crobusterd (500 in chips) 
Seat 3: san493sb (600 in chips) 
Mahu2021: posts small blind 10
Crobusterd: posts big blind 20
*** HOLE CARDS ***
Dealt to Mahu2021 [5h Ad]
san493sb: raises 20 to 40
Mahu2021: calls 30
Crobusterd: calls 20
*** FLOP *** [9c 7s Qc]
Mahu2021: checks 
Crobusterd: checks 
san493sb: bets 20
Mahu2021: folds 
Crobusterd: calls 20
*** TURN *** [9c 7s Qc] [Qd]
Crobusterd: checks 
san493sb: bets 40
Crobusterd: calls 40
*** RIVER *** [9c 7s Qc Qd] [As]
Crobusterd: bets 20
san493sb: calls 20
*** SHOW DOWN ***
Crobusterd: shows [4c 5c] (a pair of Queens)
san493sb: shows [3c 3h] (two pair, Queens and Threes)
san493sb collected 280 from pot
*** SUMMARY ***
Total pot 280 | Rake 0 
Board [9c 7s Qc Qd As]
Seat 1: Mahu2021 (small blind) folded on the Flop
Seat 2: Crobusterd (big blind) showed [4c 5c] and lost with a pair of Queens
Seat 3: san493sb (button) showed [3c 3h] and won (280) with two pair, Queens and Threes



PokerStars Hand #248210089154: Tournament #3699527145, $1.84+$0.16 USD Hold'em No Limit - Level I (10/20) - 2024/01/11 20:33:41 CET [2024/01/11 14:33:41 ET]
Table '3699527145 1' 3-max Seat #1 is the button
Seat 1: Mahu2021 (360 in chips) 
Seat 2: Crobusterd (380 in chips) 
Seat 3: san493sb (760 in chips) 
Crobusterd: posts small blind 10
san493sb: posts big blind 20
*** HOLE CARDS ***
Dealt to Mahu2021 [Th Jh]
Mahu2021: raises 20 to 40
Crobusterd: calls 30
san493sb: calls 20
*** FLOP *** [7h 2h 3s]
Crobusterd: bets 340 and is all-in
san493sb: folds 
Mahu2021: calls 320 and is all-in
Uncalled bet (20) returned to Crobusterd
*** TURN *** [7h 2h 3s] [8h]
*** RIVER *** [7h 2h 3s 8h] [6c]
*** SHOW DOWN ***
Crobusterd: shows [Ah 3c] (a pair of Threes)
Mahu2021: shows [Th Jh] (a flush, Jack high)
Mahu2021 collected 760 from pot
*** SUMMARY ***
Total pot 760 | Rake 0 
Board [7h 2h 3s 8h 6c]
Seat 1: Mahu2021 (button) showed [Th Jh] and won (760) with a flush, Jack high
Seat 2: Crobusterd (small blind) showed [Ah 3c] and lost with a pair of Threes
Seat 3: san493sb (big blind) folded on the Flop



PokerStars Hand #248210096329: Tournament #3699527145, $1.84+$0.16 USD Hold'em No Limit - Level I (10/20) - 2024/01/11 20:34:00 CET [2024/01/11 14:34:00 ET]
Table '3699527145 1' 3-max Seat #2 is the button
Seat 1: Mahu2021 (760 in chips) 
Seat 2: Crobusterd (20 in chips) 
Seat 3: san493sb (720 in chips) 
san493sb: posts small blind 10
Mahu2021: posts big blind 20
*** HOLE CARDS ***
Dealt to Mahu2021 [4h 8s]
Crobusterd: calls 20 and is all-in
san493sb: folds 
*** FLOP *** [As 4s 4c]
*** TURN *** [As 4s 4c] [7h]
*** RIVER *** [As 4s 4c 7h] [Ah]
*** SHOW DOWN ***
Mahu2021: shows [4h 8s] (a full house, Fours full of Aces)
Crobusterd: shows [3h Ks] (two pair, Aces and Fours)
Mahu2021 collected 50 from pot
Crobusterd finished the tournament in 3rd place
*** SUMMARY ***
Total pot 50 | Rake 0 
Board [As 4s 4c 7h Ah]
Seat 1: Mahu2021 (big blind) showed [4h 8s] and won (50) with a full house, Fours full of Aces
Seat 2: Crobusterd (button) showed [3h Ks] and lost with two pair, Aces and Fours
Seat 3: san493sb (small blind) folded before Flop



PokerStars Hand #248210102189: Tournament #3699527145, $1.84+$0.16 USD Hold'em No Limit - Level I (10/20) - 2024/01/11 20:34:16 CET [2024/01/11 14:34:16 ET]
Table '3699527145 1' 3-max Seat #1 is the button
Seat 1: Mahu2021 (790 in chips) 
Seat 3: san493sb (710 in chips) 
Mahu2021: posts small blind 10
san493sb: posts big blind 20
*** HOLE CARDS ***
Dealt to Mahu2021 [Ah Kh]
Mahu2021: calls 10
san493sb: checks 
*** FLOP *** [7d Ac 7h]
san493sb: bets 20
Mahu2021: calls 20
*** TURN *** [7d Ac 7h] [6c]
san493sb: checks 
Mahu2021: checks 
*** RIVER *** [7d Ac 7h 6c] [Js]
san493sb: checks 
Mahu2021: bets 20
san493sb: folds 
Uncalled bet (20) returned to Mahu2021
Mahu2021 collected 80 from pot
Mahu2021: doesn't show hand 
*** SUMMARY ***
Total pot 80 | Rake 0 
Board [7d Ac 7h 6c Js]
Seat 1: Mahu2021 (button) (small blind) collected (80)
Seat 3: san493sb (big blind) folded on the River



PokerStars Hand #248210109045: Tournament #3699527145, $1.84+$0.16 USD Hold'em No Limit - Level I (10/20) - 2024/01/11 20:34:34 CET [2024/01/11 14:34:34 ET]
Table '3699527145 1' 3-max Seat #3 is the button
Seat 1: Mahu2021 (830 in chips) 
Seat 3: san493sb (670 in chips) 
san493sb: posts small blind 10
Mahu2021: posts big blind 20
*** HOLE CARDS ***
Dealt to Mahu2021 [Kh Ts]
san493sb: raises 20 to 40
Mahu2021: calls 20
*** FLOP *** [5c 4c 3s]
Mahu2021: checks 
san493sb: checks 
*** TURN *** [5c 4c 3s] [2c]
Mahu2021: checks 
san493sb: bets 20
Mahu2021: folds 
Uncalled bet (20) returned to san493sb
san493sb collected 80 from pot
san493sb: doesn't show hand 
*** SUMMARY ***
Total pot 80 | Rake 0 
Board [5c 4c 3s 2c]
Seat 1: Mahu2021 (big blind) folded on the Turn
Seat 3: san493sb (button) (small blind) collected (80)



PokerStars Hand #248210117059: Tournament #3699527145, $1.84+$0.16 USD Hold'em No Limit - Level II (15/30) - 2024/01/11 20:34:55 CET [2024/01/11 14:34:55 ET]
Table '3699527145 1' 3-max Seat #1 is the button
Seat 1: Mahu2021 (790 in chips) 
Seat 3: san493sb (710 in chips) 
Mahu2021: posts small blind 15
san493sb: posts big blind 30
*** HOLE CARDS ***
Dealt to Mahu2021 [As 8d]
Mahu2021: calls 15
san493sb: checks 
*** FLOP *** [7s Kd 4c]
san493sb: checks 
Mahu2021: checks 
*** TURN *** [7s Kd 4c] [8c]
san493sb: checks 
Mahu2021: bets 30
san493sb: calls 30
*** RIVER *** [7s Kd 4c 8c] [Ts]
san493sb: checks 
Mahu2021: bets 30
san493sb: calls 30
*** SHOW DOWN ***
Mahu2021: shows [As 8d] (a pair of Eights)
san493sb: mucks hand 
Mahu2021 collected 180 from pot
*** SUMMARY ***
Total pot 180 | Rake 0 
Board [7s Kd 4c 8c Ts]
Seat 1: Mahu2021 (button) (small blind) showed [As 8d] and won (180) with a pair of Eights
Seat 3: san493sb (big blind) mucked [8h 2d]



PokerStars Hand #248210123490: Tournament #3699527145, $1.84+$0.16 USD Hold'em No Limit - Level II (15/30) - 2024/01/11 20:35:12 CET [2024/01/11 14:35:12 ET]
Table '3699527145 1' 3-max Seat #3 is the button
Seat 1: Mahu2021 (880 in chips) 
Seat 3: san493sb (620 in chips) 
san493sb: posts small blind 15
Mahu2021: posts big blind 30
*** HOLE CARDS ***
Dealt to Mahu2021 [3c Ah]
san493sb: folds 
Uncalled bet (15) returned to Mahu2021
Mahu2021 collected 30 from pot
Mahu2021: doesn't show hand 
*** SUMMARY ***
Total pot 30 | Rake 0 
Seat 1: Mahu2021 (big blind) collected (30)
Seat 3: san493sb (button) (small blind) folded before Flop



PokerStars Hand #248210125873: Tournament #3699527145, $1.84+$0.16 USD Hold'em No Limit - Level II (15/30) - 2024/01/11 20:35:19 CET [2024/01/11 14:35:19 ET]
Table '3699527145 1' 3-max Seat #1 is the button
Seat 1: Mahu2021 (895 in chips) 
Seat 3: san493sb (605 in chips) 
Mahu2021: posts small blind 15
san493sb: posts big blind 30
*** HOLE CARDS ***
Dealt to Mahu2021 [5c Ts]
Mahu2021: folds 
Uncalled bet (15) returned to san493sb
san493sb collected 30 from pot
san493sb: doesn't show hand 
*** SUMMARY ***
Total pot 30 | Rake 0 
Seat 1: Mahu2021 (button) (small blind) folded before Flop
Seat 3: san493sb (big blind) collected (30)



PokerStars Hand #248210127536: Tournament #3699527145, $1.84+$0.16 USD Hold'em No Limit - Level II (15/30) - 2024/01/11 20:35:23 CET [2024/01/11 14:35:23 ET]
Table '3699527145 1' 3-max Seat #3 is the button
Seat 1: Mahu2021 (880 in chips) 
Seat 3: san493sb (620 in chips) 
san493sb: posts small blind 15
Mahu2021: posts big blind 30
*** HOLE CARDS ***
Dealt to Mahu2021 [6d 5d]
san493sb: raises 30 to 60
Mahu2021: calls 30
*** FLOP *** [2d Th Qh]
Mahu2021: checks 
san493sb: bets 60
Mahu2021: folds 
Uncalled bet (60) returned to san493sb
san493sb collected 120 from pot
san493sb: doesn't show hand 
*** SUMMARY ***
Total pot 120 | Rake 0 
Board [2d Th Qh]
Seat 1: Mahu2021 (big blind) folded on the Flop
Seat 3: san493sb (button) (small blind) collected (120)



PokerStars Hand #248210131355: Tournament #3699527145, $1.84+$0.16 USD Hold'em No Limit - Level II (15/30) - 2024/01/11 20:35:33 CET [2024/01/11 14:35:33 ET]
Table '3699527145 1' 3-max Seat #1 is the button
Seat 1: Mahu2021 (820 in chips) 
Seat 3: san493sb (680 in chips) 
Mahu2021: posts small blind 15
san493sb: posts big blind 30
*** HOLE CARDS ***
Dealt to Mahu2021 [Qd Tc]
Mahu2021: raises 30 to 60
san493sb: calls 30
*** FLOP *** [7d 8d 4h]
san493sb: bets 60
Mahu2021: folds 
Uncalled bet (60) returned to san493sb
san493sb collected 120 from pot
san493sb: doesn't show hand 
*** SUMMARY ***
Total pot 120 | Rake 0 
Board [7d 8d 4h]
Seat 1: Mahu2021 (button) (small blind) folded on the Flop
Seat 3: san493sb (big blind) collected (120)



PokerStars Hand #248210136762: Tournament #3699527145, $1.84+$0.16 USD Hold'em No Limit - Level II (15/30) - 2024/01/11 20:35:48 CET [2024/01/11 14:35:48 ET]
Table '3699527145 1' 3-max Seat #3 is the button
Seat 1: Mahu2021 (760 in chips) 
Seat 3: san493sb (740 in chips) 
san493sb: posts small blind 15
Mahu2021: posts big blind 30
*** HOLE CARDS ***
Dealt to Mahu2021 [Ac 4s]
san493sb: folds 
Uncalled bet (15) returned to Mahu2021
Mahu2021 collected 30 from pot
Mahu2021: doesn't show hand 
*** SUMMARY ***
Total pot 30 | Rake 0 
Seat 1: Mahu2021 (big blind) collected (30)
Seat 3: san493sb (button) (small blind) folded before Flop



PokerStars Hand #248210138310: Tournament #3699527145, $1.84+$0.16 USD Hold'em No Limit - Level II (15/30) - 2024/01/11 20:35:52 CET [2024/01/11 14:35:52 ET]
Table '3699527145 1' 3-max Seat #1 is the button
Seat 1: Mahu2021 (775 in chips) 
Seat 3: san493sb (725 in chips) 
Mahu2021: posts small blind 15
san493sb: posts big blind 30
*** HOLE CARDS ***
Dealt to Mahu2021 [Ah Tc]
Mahu2021: raises 30 to 60
san493sb: calls 30
*** FLOP *** [3d 8s 8h]
san493sb: checks 
Mahu2021: bets 60
san493sb: folds 
Uncalled bet (60) returned to Mahu2021
Mahu2021 collected 120 from pot
Mahu2021: doesn't show hand 
*** SUMMARY ***
Total pot 120 | Rake 0 
Board [3d 8s 8h]
Seat 1: Mahu2021 (button) (small blind) collected (120)
Seat 3: san493sb (big blind) folded on the Flop



PokerStars Hand #248210143184: Tournament #3699527145, $1.84+$0.16 USD Hold'em No Limit - Level II (15/30) - 2024/01/11 20:36:05 CET [2024/01/11 14:36:05 ET]
Table '3699527145 1' 3-max Seat #3 is the button
Seat 1: Mahu2021 (835 in chips) 
Seat 3: san493sb (665 in chips) 
san493sb: posts small blind 15
Mahu2021: posts big blind 30
*** HOLE CARDS ***
Dealt to Mahu2021 [7d Ad]
san493sb: raises 30 to 60
Mahu2021: calls 30
*** FLOP *** [8c 4h Js]
Mahu2021: checks 
san493sb: bets 30
Mahu2021: calls 30
*** TURN *** [8c 4h Js] [3h]
Mahu2021: checks 
san493sb: checks 
*** RIVER *** [8c 4h Js 3h] [9c]
Mahu2021: bets 60
san493sb: calls 60
*** SHOW DOWN ***
Mahu2021: shows [7d Ad] (high card Ace)
san493sb: shows [4s Ac] (a pair of Fours)
san493sb collected 300 from pot
*** SUMMARY ***
Total pot 300 | Rake 0 
Board [8c 4h Js 3h 9c]
Seat 1: Mahu2021 (big blind) showed [7d Ad] and lost with high card Ace
Seat 3: san493sb (button) (small blind) showed [4s Ac] and won (300) with a pair of Fours



PokerStars Hand #248210149607: Tournament #3699527145, $1.84+$0.16 USD Hold'em No Limit - Level II (15/30) - 2024/01/11 20:36:22 CET [2024/01/11 14:36:22 ET]
Table '3699527145 1' 3-max Seat #1 is the button
Seat 1: Mahu2021 (685 in chips) 
Seat 3: san493sb (815 in chips) 
Mahu2021: posts small blind 15
san493sb: posts big blind 30
*** HOLE CARDS ***
Dealt to Mahu2021 [Qs 2s]
Mahu2021: calls 15
san493sb: checks 
*** FLOP *** [3s Ac Qd]
san493sb: bets 30
Mahu2021: calls 30
*** TURN *** [3s Ac Qd] [Th]
san493sb: bets 30
Mahu2021: calls 30
*** RIVER *** [3s Ac Qd Th] [7d]
san493sb: checks 
Mahu2021: checks 
*** SHOW DOWN ***
san493sb: shows [Ts 4s] (a pair of Tens)
Mahu2021: shows [Qs 2s] (a pair of Queens)
Mahu2021 collected 180 from pot
*** SUMMARY ***
Total pot 180 | Rake 0 
Board [3s Ac Qd Th 7d]
Seat 1: Mahu2021 (button) (small blind) showed [Qs 2s] and won (180) with a pair of Queens
Seat 3: san493sb (big blind) showed [Ts 4s] and lost with a pair of Tens



PokerStars Hand #248210155051: Tournament #3699527145, $1.84+$0.16 USD Hold'em No Limit - Level II (15/30) - 2024/01/11 20:36:37 CET [2024/01/11 14:36:37 ET]
Table '3699527145 1' 3-max Seat #3 is the button
Seat 1: Mahu2021 (775 in chips) 
Seat 3: san493sb (725 in chips) 
san493sb: posts small blind 15
Mahu2021: posts big blind 30
*** HOLE CARDS ***
Dealt to Mahu2021 [Qh 4s]
san493sb: raises 30 to 60
Mahu2021: folds 
Uncalled bet (30) returned to san493sb
san493sb collected 60 from pot
san493sb: doesn't show hand 
*** SUMMARY ***
Total pot 60 | Rake 0 
Seat 1: Mahu2021 (big blind) folded before Flop
Seat 3: san493sb (button) (small blind) collected (60)



PokerStars Hand #248210158197: Tournament #3699527145, $1.84+$0.16 USD Hold'em No Limit - Level II (15/30) - 2024/01/11 20:36:45 CET [2024/01/11 14:36:45 ET]
Table '3699527145 1' 3-max Seat #1 is the button
Seat 1: Mahu2021 (745 in chips) 
Seat 3: san493sb (755 in chips) 
Mahu2021: posts small blind 15
san493sb: posts big blind 30
*** HOLE CARDS ***
Dealt to Mahu2021 [Jc Kd]
Mahu2021: raises 30 to 60
san493sb: folds 
Uncalled bet (30) returned to Mahu2021
Mahu2021 collected 60 from pot
Mahu2021: doesn't show hand 
*** SUMMARY ***
Total pot 60 | Rake 0 
Seat 1: Mahu2021 (button) (small blind) collected (60)
Seat 3: san493sb (big blind) folded before Flop



PokerStars Hand #248210161595: Tournament #3699527145, $1.84+$0.16 USD Hold'em No Limit - Level II (15/30) - 2024/01/11 20:36:54 CET [2024/01/11 14:36:54 ET]
Table '3699527145 1' 3-max Seat #3 is the button
Seat 1: Mahu2021 (775 in chips) 
Seat 3: san493sb (725 in chips) 
san493sb: posts small blind 15
Mahu2021: posts big blind 30
*** HOLE CARDS ***
Dealt to Mahu2021 [5s 3h]
san493sb: folds 
Uncalled bet (15) returned to Mahu2021
Mahu2021 collected 30 from pot
Mahu2021: doesn't show hand 
*** SUMMARY ***
Total pot 30 | Rake 0 
Seat 1: Mahu2021 (big blind) collected (30)
Seat 3: san493sb (button) (small blind) folded before Flop



PokerStars Hand #248210163238: Tournament #3699527145, $1.84+$0.16 USD Hold'em No Limit - Level II (15/30) - 2024/01/11 20:36:58 CET [2024/01/11 14:36:58 ET]
Table '3699527145 1' 3-max Seat #1 is the button
Seat 1: Mahu2021 (790 in chips) 
Seat 3: san493sb (710 in chips) 
Mahu2021: posts small blind 15
san493sb: posts big blind 30
*** HOLE CARDS ***
Dealt to Mahu2021 [6c As]
Mahu2021: calls 15
san493sb: checks 
*** FLOP *** [Qh Qc 3s]
san493sb: bets 30
Mahu2021: calls 30
*** TURN *** [Qh Qc 3s] [8h]
san493sb: checks 
Mahu2021: checks 
*** RIVER *** [Qh Qc 3s 8h] [Ad]
san493sb: checks 
Mahu2021: bets 120
san493sb: folds 
Uncalled bet (120) returned to Mahu2021
Mahu2021 collected 120 from pot
Mahu2021: doesn't show hand 
*** SUMMARY ***
Total pot 120 | Rake 0 
Board [Qh Qc 3s 8h Ad]
Seat 1: Mahu2021 (button) (small blind) collected (120)
Seat 3: san493sb (big blind) folded on the River



PokerStars Hand #248210169130: Tournament #3699527145, $1.84+$0.16 USD Hold'em No Limit - Level II (15/30) - 2024/01/11 20:37:14 CET [2024/01/11 14:37:14 ET]
Table '3699527145 1' 3-max Seat #3 is the button
Seat 1: Mahu2021 (850 in chips) 
Seat 3: san493sb (650 in chips) 
san493sb: posts small blind 15
Mahu2021: posts big blind 30
*** HOLE CARDS ***
Dealt to Mahu2021 [4d 7d]
san493sb: calls 15
Mahu2021: checks 
*** FLOP *** [3d Ah 8s]
Mahu2021: checks 
san493sb: checks 
*** TURN *** [3d Ah 8s] [Jd]
Mahu2021: checks 
san493sb: bets 30
Mahu2021: calls 30
*** RIVER *** [3d Ah 8s Jd] [Ks]
Mahu2021: checks 
san493sb: checks 
*** SHOW DOWN ***
Mahu2021: shows [4d 7d] (high card Ace)
san493sb: shows [5h 9h] (high card Ace - King+Jack+Nine kicker)
san493sb collected 120 from pot
*** SUMMARY ***
Total pot 120 | Rake 0 
Board [3d Ah 8s Jd Ks]
Seat 1: Mahu2021 (big blind) showed [4d 7d] and lost with high card Ace
Seat 3: san493sb (button) (small blind) showed [5h 9h] and won (120) with high card Ace



PokerStars Hand #248210175577: Tournament #3699527145, $1.84+$0.16 USD Hold'em No Limit - Level II (15/30) - 2024/01/11 20:37:31 CET [2024/01/11 14:37:31 ET]
Table '3699527145 1' 3-max Seat #1 is the button
Seat 1: Mahu2021 (790 in chips) 
Seat 3: san493sb (710 in chips) 
Mahu2021: posts small blind 15
san493sb: posts big blind 30
*** HOLE CARDS ***
Dealt to Mahu2021 [2h 5h]
Mahu2021: calls 15
san493sb: raises 30 to 60
Mahu2021: calls 30
*** FLOP *** [4h Jd 7d]
san493sb: bets 60
Mahu2021: folds 
Uncalled bet (60) returned to san493sb
san493sb collected 120 from pot
san493sb: doesn't show hand 
*** SUMMARY ***
Total pot 120 | Rake 0 
Board [4h Jd 7d]
Seat 1: Mahu2021 (button) (small blind) folded on the Flop
Seat 3: san493sb (big blind) collected (120)



PokerStars Hand #248210179398: Tournament #3699527145, $1.84+$0.16 USD Hold'em No Limit - Level II (15/30) - 2024/01/11 20:37:41 CET [2024/01/11 14:37:41 ET]
Table '3699527145 1' 3-max Seat #3 is the button
Seat 1: Mahu2021 (730 in chips) 
Seat 3: san493sb (770 in chips) 
san493sb: posts small blind 15
Mahu2021: posts big blind 30
*** HOLE CARDS ***
Dealt to Mahu2021 [7d Td]
san493sb: folds 
Uncalled bet (15) returned to Mahu2021
Mahu2021 collected 30 from pot
Mahu2021: doesn't show hand 
*** SUMMARY ***
Total pot 30 | Rake 0 
Seat 1: Mahu2021 (big blind) collected (30)
Seat 3: san493sb (button) (small blind) folded before Flop



PokerStars Hand #248210181058: Tournament #3699527145, $1.84+$0.16 USD Hold'em No Limit - Level II (15/30) - 2024/01/11 20:37:45 CET [2024/01/11 14:37:45 ET]
Table '3699527145 1' 3-max Seat #1 is the button
Seat 1: Mahu2021 (745 in chips) 
Seat 3: san493sb (755 in chips) 
Mahu2021: posts small blind 15
san493sb: posts big blind 30
*** HOLE CARDS ***
Dealt to Mahu2021 [4c 9d]
Mahu2021: folds 
Uncalled bet (15) returned to san493sb
san493sb collected 30 from pot
san493sb: doesn't show hand 
*** SUMMARY ***
Total pot 30 | Rake 0 
Seat 1: Mahu2021 (button) (small blind) folded before Flop
Seat 3: san493sb (big blind) collected (30)



PokerStars Hand #248210182766: Tournament #3699527145, $1.84+$0.16 USD Hold'em No Limit - Level II (15/30) - 2024/01/11 20:37:50 CET [2024/01/11 14:37:50 ET]
Table '3699527145 1' 3-max Seat #3 is the button
Seat 1: Mahu2021 (730 in chips) 
Seat 3: san493sb (770 in chips) 
san493sb: posts small blind 15
Mahu2021: posts big blind 30
*** HOLE CARDS ***
Dealt to Mahu2021 [2s 8s]
san493sb: folds 
Uncalled bet (15) returned to Mahu2021
Mahu2021 collected 30 from pot
Mahu2021: doesn't show hand 
*** SUMMARY ***
Total pot 30 | Rake 0 
Seat 1: Mahu2021 (big blind) collected (30)
Seat 3: san493sb (button) (small blind) folded before Flop



PokerStars Hand #248210186371: Tournament #3699527145, $1.84+$0.16 USD Hold'em No Limit - Level III (20/40) - 2024/01/11 20:37:59 CET [2024/01/11 14:37:59 ET]
Table '3699527145 1' 3-max Seat #1 is the button
Seat 1: Mahu2021 (745 in chips) 
Seat 3: san493sb (755 in chips) 
Mahu2021: posts small blind 20
san493sb: posts big blind 40
*** HOLE CARDS ***
Dealt to Mahu2021 [Ac Th]
Mahu2021: raises 40 to 80
san493sb: folds 
Uncalled bet (40) returned to Mahu2021
Mahu2021 collected 80 from pot
Mahu2021: doesn't show hand 
*** SUMMARY ***
Total pot 80 | Rake 0 
Seat 1: Mahu2021 (button) (small blind) collected (80)
Seat 3: san493sb (big blind) folded before Flop



PokerStars Hand #248210189184: Tournament #3699527145, $1.84+$0.16 USD Hold'em No Limit - Level III (20/40) - 2024/01/11 20:38:07 CET [2024/01/11 14:38:07 ET]
Table '3699527145 1' 3-max Seat #3 is the button
Seat 1: Mahu2021 (785 in chips) 
Seat 3: san493sb (715 in chips) 
san493sb: posts small blind 20
Mahu2021: posts big blind 40
*** HOLE CARDS ***
Dealt to Mahu2021 [6s 3c]
san493sb: folds 
Uncalled bet (20) returned to Mahu2021
Mahu2021 collected 40 from pot
Mahu2021: doesn't show hand 
*** SUMMARY ***
Total pot 40 | Rake 0 
Seat 1: Mahu2021 (big blind) collected (40)
Seat 3: san493sb (button) (small blind) folded before Flop



PokerStars Hand #248210191216: Tournament #3699527145, $1.84+$0.16 USD Hold'em No Limit - Level III (20/40) - 2024/01/11 20:38:12 CET [2024/01/11 14:38:12 ET]
Table '3699527145 1' 3-max Seat #1 is the button
Seat 1: Mahu2021 (805 in chips) 
Seat 3: san493sb (695 in chips) 
Mahu2021: posts small blind 20
san493sb: posts big blind 40
*** HOLE CARDS ***
Dealt to Mahu2021 [5d 2d]
Mahu2021: calls 20
san493sb: checks 
*** FLOP *** [8h Tc 8d]
san493sb: checks 
Mahu2021: bets 40
san493sb: calls 40
*** TURN *** [8h Tc 8d] [Ac]
san493sb: bets 40
Mahu2021: folds 
Uncalled bet (40) returned to san493sb
san493sb collected 160 from pot
san493sb: doesn't show hand 
*** SUMMARY ***
Total pot 160 | Rake 0 
Board [8h Tc 8d Ac]
Seat 1: Mahu2021 (button) (small blind) folded on the Turn
Seat 3: san493sb (big blind) collected (160)



PokerStars Hand #248210198977: Tournament #3699527145, $1.84+$0.16 USD Hold'em No Limit - Level III (20/40) - 2024/01/11 20:38:33 CET [2024/01/11 14:38:33 ET]
Table '3699527145 1' 3-max Seat #3 is the button
Seat 1: Mahu2021 (725 in chips) 
Seat 3: san493sb (775 in chips) 
san493sb: posts small blind 20
Mahu2021: posts big blind 40
*** HOLE CARDS ***
Dealt to Mahu2021 [4s 6h]
san493sb: calls 20
Mahu2021: checks 
*** FLOP *** [2d Ad Js]
Mahu2021: checks 
san493sb: bets 40
Mahu2021: folds 
Uncalled bet (40) returned to san493sb
san493sb collected 80 from pot
san493sb: doesn't show hand 
*** SUMMARY ***
Total pot 80 | Rake 0 
Board [2d Ad Js]
Seat 1: Mahu2021 (big blind) folded on the Flop
Seat 3: san493sb (button) (small blind) collected (80)



PokerStars Hand #248210202492: Tournament #3699527145, $1.84+$0.16 USD Hold'em No Limit - Level III (20/40) - 2024/01/11 20:38:42 CET [2024/01/11 14:38:42 ET]
Table '3699527145 1' 3-max Seat #1 is the button
Seat 1: Mahu2021 (685 in chips) 
Seat 3: san493sb (815 in chips) 
Mahu2021: posts small blind 20
san493sb: posts big blind 40
*** HOLE CARDS ***
Dealt to Mahu2021 [Ac 6c]
Mahu2021: raises 40 to 80
san493sb: calls 40
*** FLOP *** [4s 2d Ad]
san493sb: bets 40
Mahu2021: calls 40
*** TURN *** [4s 2d Ad] [8s]
san493sb: bets 40
Mahu2021: calls 40
*** RIVER *** [4s 2d Ad 8s] [Kh]
san493sb: checks 
Mahu2021: bets 320
san493sb: calls 320
*** SHOW DOWN ***
Mahu2021: shows [Ac 6c] (a pair of Aces)
san493sb: mucks hand 
Mahu2021 collected 960 from pot
*** SUMMARY ***
Total pot 960 | Rake 0 
Board [4s 2d Ad 8s Kh]
Seat 1: Mahu2021 (button) (small blind) showed [Ac 6c] and won (960) with a pair of Aces
Seat 3: san493sb (big blind) mucked [8c Qd]



PokerStars Hand #248210208604: Tournament #3699527145, $1.84+$0.16 USD Hold'em No Limit - Level III (20/40) - 2024/01/11 20:38:59 CET [2024/01/11 14:38:59 ET]
Table '3699527145 1' 3-max Seat #3 is the button
Seat 1: Mahu2021 (1165 in chips) 
Seat 3: san493sb (335 in chips) 
san493sb: posts small blind 20
Mahu2021: posts big blind 40
*** HOLE CARDS ***
Dealt to Mahu2021 [Td Tc]
san493sb: folds 
Uncalled bet (20) returned to Mahu2021
Mahu2021 collected 40 from pot
Mahu2021: doesn't show hand 
*** SUMMARY ***
Total pot 40 | Rake 0 
Seat 1: Mahu2021 (big blind) collected (40)
Seat 3: san493sb (button) (small blind) folded before Flop



PokerStars Hand #248210210987: Tournament #3699527145, $1.84+$0.16 USD Hold'em No Limit - Level III (20/40) - 2024/01/11 20:39:05 CET [2024/01/11 14:39:05 ET]
Table '3699527145 1' 3-max Seat #1 is the button
Seat 1: Mahu2021 (1185 in chips) 
Seat 3: san493sb (315 in chips) 
Mahu2021: posts small blind 20
san493sb: posts big blind 40
*** HOLE CARDS ***
Dealt to Mahu2021 [6s 2s]
Mahu2021: calls 20
san493sb: raises 80 to 120
Mahu2021: calls 80
*** FLOP *** [Qh 6d 3d]
san493sb: bets 195 and is all-in
Mahu2021: calls 195
*** TURN *** [Qh 6d 3d] [6c]
*** RIVER *** [Qh 6d 3d 6c] [Kc]
*** SHOW DOWN ***
san493sb: shows [Ah Kd] (two pair, Kings and Sixes)
Mahu2021: shows [6s 2s] (three of a kind, Sixes)
Mahu2021 collected 630 from pot
san493sb finished the tournament in 2nd place
Mahu2021 wins the tournament and receives $6.00 - congratulations!
*** SUMMARY ***
Total pot 630 | Rake 0 
Board [Qh 6d 3d 6c Kc]
Seat 1: Mahu2021 (button) (small blind) showed [6s 2s] and won (630) with three of a kind, Sixes
Seat 3: san493sb (big blind) showed [Ah Kd] and lost with two pair, Kings and Sixes



