PokerStars Hand #244737652698: Tournament #3615206311, $9.30+$0.70 USD Hold'em No Limit - Level I (10/20) - 2023/07/10 20:27:28 CET [2023/07/10 14:27:28 ET]
Table '3615206311 1' 3-max Seat #1 is the button
Seat 1: Sorapong (500 in chips) 
Seat 2: Mahu2021 (500 in chips) 
Seat 3: eiman67 (500 in chips) 
Mahu2021: posts small blind 10
eiman67: posts big blind 20
*** HOLE CARDS ***
Dealt to Mahu2021 [9h 9s]
Sorapong: raises 20 to 40
Mahu2021: calls 30
eiman67: calls 20
*** FLOP *** [Jh Ah Ac]
Mahu2021: checks 
eiman67: checks 
Sorapong: checks 
*** TURN *** [Jh Ah Ac] [Th]
Mahu2021: checks 
eiman67: checks 
Sorapong: checks 
*** RIVER *** [Jh Ah Ac Th] [6s]
Mahu2021: bets 40
eiman67: raises 80 to 120
Sorapong: folds 
Mahu2021: folds 
Uncalled bet (80) returned to eiman67
eiman67 collected 200 from pot
*** SUMMARY ***
Total pot 200 | Rake 0 
Board [Jh Ah Ac Th 6s]
Seat 1: Sorapong (button) folded on the River
Seat 2: Mahu2021 (small blind) folded on the River
Seat 3: eiman67 (big blind) collected (200)



PokerStars Hand #244737661244: Tournament #3615206311, $9.30+$0.70 USD Hold'em No Limit - Level I (10/20) - 2023/07/10 20:27:55 CET [2023/07/10 14:27:55 ET]
Table '3615206311 1' 3-max Seat #2 is the button
Seat 1: Sorapong (460 in chips) 
Seat 2: Mahu2021 (420 in chips) 
Seat 3: eiman67 (620 in chips) 
eiman67: posts small blind 10
Sorapong: posts big blind 20
*** HOLE CARDS ***
Dealt to Mahu2021 [Td 3s]
Mahu2021: folds 
eiman67: folds 
Uncalled bet (10) returned to Sorapong
Sorapong collected 20 from pot
*** SUMMARY ***
Total pot 20 | Rake 0 
Seat 1: Sorapong (big blind) collected (20)
Seat 2: Mahu2021 (button) folded before Flop (didn't bet)
Seat 3: eiman67 (small blind) folded before Flop



PokerStars Hand #244737663392: Tournament #3615206311, $9.30+$0.70 USD Hold'em No Limit - Level I (10/20) - 2023/07/10 20:28:01 CET [2023/07/10 14:28:01 ET]
Table '3615206311 1' 3-max Seat #3 is the button
Seat 1: Sorapong (470 in chips) 
Seat 2: Mahu2021 (420 in chips) 
Seat 3: eiman67 (610 in chips) 
Sorapong: posts small blind 10
Mahu2021: posts big blind 20
*** HOLE CARDS ***
Dealt to Mahu2021 [9d 5h]
eiman67: calls 20
Sorapong: calls 10
Mahu2021: checks 
*** FLOP *** [Qs Th 4s]
Sorapong: bets 20
Mahu2021: folds 
eiman67: calls 20
*** TURN *** [Qs Th 4s] [7d]
Sorapong: checks 
eiman67: checks 
*** RIVER *** [Qs Th 4s 7d] [8d]
Sorapong: checks 
eiman67: bets 100
Sorapong: folds 
Uncalled bet (100) returned to eiman67
eiman67 collected 100 from pot
*** SUMMARY ***
Total pot 100 | Rake 0 
Board [Qs Th 4s 7d 8d]
Seat 1: Sorapong (small blind) folded on the River
Seat 2: Mahu2021 (big blind) folded on the Flop
Seat 3: eiman67 (button) collected (100)



PokerStars Hand #244737670293: Tournament #3615206311, $9.30+$0.70 USD Hold'em No Limit - Level I (10/20) - 2023/07/10 20:28:22 CET [2023/07/10 14:28:22 ET]
Table '3615206311 1' 3-max Seat #1 is the button
Seat 1: Sorapong (430 in chips) 
Seat 2: Mahu2021 (400 in chips) 
Seat 3: eiman67 (670 in chips) 
Mahu2021: posts small blind 10
eiman67: posts big blind 20
*** HOLE CARDS ***
Dealt to Mahu2021 [9s 2c]
Sorapong: raises 20 to 40
Mahu2021: folds 
eiman67: calls 20
*** FLOP *** [6h Qc As]
eiman67: checks 
Sorapong: bets 40
eiman67: calls 40
*** TURN *** [6h Qc As] [5s]
eiman67: checks 
Sorapong: checks 
*** RIVER *** [6h Qc As 5s] [Ks]
eiman67: bets 60
Sorapong: folds 
Uncalled bet (60) returned to eiman67
eiman67 collected 170 from pot
*** SUMMARY ***
Total pot 170 | Rake 0 
Board [6h Qc As 5s Ks]
Seat 1: Sorapong (button) folded on the River
Seat 2: Mahu2021 (small blind) folded before Flop
Seat 3: eiman67 (big blind) collected (170)



PokerStars Hand #244737676181: Tournament #3615206311, $9.30+$0.70 USD Hold'em No Limit - Level I (10/20) - 2023/07/10 20:28:41 CET [2023/07/10 14:28:41 ET]
Table '3615206311 1' 3-max Seat #2 is the button
Seat 1: Sorapong (350 in chips) 
Seat 2: Mahu2021 (390 in chips) 
Seat 3: eiman67 (760 in chips) 
eiman67: posts small blind 10
Sorapong: posts big blind 20
*** HOLE CARDS ***
Dealt to Mahu2021 [9d Td]
Mahu2021: raises 20 to 40
eiman67: calls 30
Sorapong: calls 20
*** FLOP *** [2s 8c 8d]
eiman67: checks 
Sorapong: checks 
Mahu2021: checks 
*** TURN *** [2s 8c 8d] [Kc]
eiman67: bets 40
Sorapong: calls 40
Mahu2021: folds 
*** RIVER *** [2s 8c 8d Kc] [2h]
eiman67: bets 60
Sorapong: calls 60
*** SHOW DOWN ***
eiman67: shows [8h 9h] (a full house, Eights full of Deuces)
Sorapong: mucks hand 
eiman67 collected 320 from pot
*** SUMMARY ***
Total pot 320 | Rake 0 
Board [2s 8c 8d Kc 2h]
Seat 1: Sorapong (big blind) mucked [6d Kh]
Seat 2: Mahu2021 (button) folded on the Turn
Seat 3: eiman67 (small blind) showed [8h 9h] and won (320) with a full house, Eights full of Deuces



PokerStars Hand #244737683763: Tournament #3615206311, $9.30+$0.70 USD Hold'em No Limit - Level I (10/20) - 2023/07/10 20:29:04 CET [2023/07/10 14:29:04 ET]
Table '3615206311 1' 3-max Seat #3 is the button
Seat 1: Sorapong (210 in chips) 
Seat 2: Mahu2021 (350 in chips) 
Seat 3: eiman67 (940 in chips) 
Sorapong: posts small blind 10
Mahu2021: posts big blind 20
*** HOLE CARDS ***
Dealt to Mahu2021 [3c Kc]
eiman67: folds 
Sorapong: raises 20 to 40
Mahu2021: calls 20
*** FLOP *** [3d Th 6h]
Sorapong: bets 20
Mahu2021: calls 20
*** TURN *** [3d Th 6h] [6c]
Sorapong: checks 
Mahu2021: checks 
*** RIVER *** [3d Th 6h 6c] [7c]
Sorapong: checks 
Mahu2021: checks 
*** SHOW DOWN ***
Sorapong: shows [9s Ah] (a pair of Sixes)
Mahu2021: shows [3c Kc] (two pair, Sixes and Threes)
Mahu2021 collected 120 from pot
*** SUMMARY ***
Total pot 120 | Rake 0 
Board [3d Th 6h 6c 7c]
Seat 1: Sorapong (small blind) showed [9s Ah] and lost with a pair of Sixes
Seat 2: Mahu2021 (big blind) showed [3c Kc] and won (120) with two pair, Sixes and Threes
Seat 3: eiman67 (button) folded before Flop (didn't bet)



PokerStars Hand #244737690393: Tournament #3615206311, $9.30+$0.70 USD Hold'em No Limit - Level I (10/20) - 2023/07/10 20:29:24 CET [2023/07/10 14:29:24 ET]
Table '3615206311 1' 3-max Seat #1 is the button
Seat 1: Sorapong (150 in chips) 
Seat 2: Mahu2021 (410 in chips) 
Seat 3: eiman67 (940 in chips) 
Mahu2021: posts small blind 10
eiman67: posts big blind 20
*** HOLE CARDS ***
Dealt to Mahu2021 [Js Qs]
Sorapong: raises 40 to 60
Mahu2021: calls 50
eiman67: folds 
*** FLOP *** [8d 6c Kd]
Mahu2021: checks 
Sorapong: checks 
*** TURN *** [8d 6c Kd] [Th]
Mahu2021: bets 40
Sorapong: calls 40
*** RIVER *** [8d 6c Kd Th] [5h]
Mahu2021: checks 
Sorapong: checks 
*** SHOW DOWN ***
Mahu2021: shows [Js Qs] (high card King)
Sorapong: shows [Jh Qc] (high card King)
Mahu2021 collected 110 from pot
Sorapong collected 110 from pot
*** SUMMARY ***
Total pot 220 | Rake 0 
Board [8d 6c Kd Th 5h]
Seat 1: Sorapong (button) showed [Jh Qc] and won (110) with high card King
Seat 2: Mahu2021 (small blind) showed [Js Qs] and won (110) with high card King
Seat 3: eiman67 (big blind) folded before Flop



PokerStars Hand #244737699363: Tournament #3615206311, $9.30+$0.70 USD Hold'em No Limit - Level II (15/30) - 2023/07/10 20:29:52 CET [2023/07/10 14:29:52 ET]
Table '3615206311 1' 3-max Seat #2 is the button
Seat 1: Sorapong (160 in chips) 
Seat 2: Mahu2021 (420 in chips) 
Seat 3: eiman67 (920 in chips) 
eiman67: posts small blind 15
Sorapong: posts big blind 30
*** HOLE CARDS ***
Dealt to Mahu2021 [9c 8s]
Mahu2021: folds 
eiman67: calls 15
Sorapong: checks 
*** FLOP *** [8d 2h 4h]
eiman67: checks 
Sorapong: bets 130 and is all-in
eiman67: folds 
Uncalled bet (130) returned to Sorapong
Sorapong collected 60 from pot
*** SUMMARY ***
Total pot 60 | Rake 0 
Board [8d 2h 4h]
Seat 1: Sorapong (big blind) collected (60)
Seat 2: Mahu2021 (button) folded before Flop (didn't bet)
Seat 3: eiman67 (small blind) folded on the Flop



PokerStars Hand #244737704747: Tournament #3615206311, $9.30+$0.70 USD Hold'em No Limit - Level II (15/30) - 2023/07/10 20:30:07 CET [2023/07/10 14:30:07 ET]
Table '3615206311 1' 3-max Seat #3 is the button
Seat 1: Sorapong (190 in chips) 
Seat 2: Mahu2021 (420 in chips) 
Seat 3: eiman67 (890 in chips) 
Sorapong: posts small blind 15
Mahu2021: posts big blind 30
*** HOLE CARDS ***
Dealt to Mahu2021 [3s 6c]
eiman67: calls 30
Sorapong: folds 
Mahu2021: checks 
*** FLOP *** [8h Kh Ks]
Mahu2021: checks 
eiman67: bets 60
Mahu2021: folds 
Uncalled bet (60) returned to eiman67
eiman67 collected 75 from pot
*** SUMMARY ***
Total pot 75 | Rake 0 
Board [8h Kh Ks]
Seat 1: Sorapong (small blind) folded before Flop
Seat 2: Mahu2021 (big blind) folded on the Flop
Seat 3: eiman67 (button) collected (75)



PokerStars Hand #244737709829: Tournament #3615206311, $9.30+$0.70 USD Hold'em No Limit - Level II (15/30) - 2023/07/10 20:30:23 CET [2023/07/10 14:30:23 ET]
Table '3615206311 1' 3-max Seat #1 is the button
Seat 1: Sorapong (175 in chips) 
Seat 2: Mahu2021 (390 in chips) 
Seat 3: eiman67 (935 in chips) 
Mahu2021: posts small blind 15
eiman67: posts big blind 30
*** HOLE CARDS ***
Dealt to Mahu2021 [Jh 3s]
Sorapong: folds 
Mahu2021: folds 
Uncalled bet (15) returned to eiman67
eiman67 collected 30 from pot
*** SUMMARY ***
Total pot 30 | Rake 0 
Seat 1: Sorapong (button) folded before Flop (didn't bet)
Seat 2: Mahu2021 (small blind) folded before Flop
Seat 3: eiman67 (big blind) collected (30)



PokerStars Hand #244737711567: Tournament #3615206311, $9.30+$0.70 USD Hold'em No Limit - Level II (15/30) - 2023/07/10 20:30:29 CET [2023/07/10 14:30:29 ET]
Table '3615206311 1' 3-max Seat #2 is the button
Seat 1: Sorapong (175 in chips) 
Seat 2: Mahu2021 (375 in chips) 
Seat 3: eiman67 (950 in chips) 
eiman67: posts small blind 15
Sorapong: posts big blind 30
*** HOLE CARDS ***
Dealt to Mahu2021 [Js Kd]
Mahu2021: raises 30 to 60
eiman67: calls 45
Sorapong: calls 30
*** FLOP *** [5d 3c 5s]
eiman67: checks 
Sorapong: bets 115 and is all-in
Mahu2021: folds 
eiman67: folds 
Uncalled bet (115) returned to Sorapong
Sorapong collected 180 from pot
*** SUMMARY ***
Total pot 180 | Rake 0 
Board [5d 3c 5s]
Seat 1: Sorapong (big blind) collected (180)
Seat 2: Mahu2021 (button) folded on the Flop
Seat 3: eiman67 (small blind) folded on the Flop



PokerStars Hand #244737717096: Tournament #3615206311, $9.30+$0.70 USD Hold'em No Limit - Level II (15/30) - 2023/07/10 20:30:46 CET [2023/07/10 14:30:46 ET]
Table '3615206311 1' 3-max Seat #3 is the button
Seat 1: Sorapong (295 in chips) 
Seat 2: Mahu2021 (315 in chips) 
Seat 3: eiman67 (890 in chips) 
Sorapong: posts small blind 15
Mahu2021: posts big blind 30
*** HOLE CARDS ***
Dealt to Mahu2021 [Ad 3s]
eiman67: folds 
Sorapong: calls 15
Mahu2021: checks 
*** FLOP *** [8s Qs Js]
Sorapong: bets 30
Mahu2021: folds 
Uncalled bet (30) returned to Sorapong
Sorapong collected 60 from pot
*** SUMMARY ***
Total pot 60 | Rake 0 
Board [8s Qs Js]
Seat 1: Sorapong (small blind) collected (60)
Seat 2: Mahu2021 (big blind) folded on the Flop
Seat 3: eiman67 (button) folded before Flop (didn't bet)



PokerStars Hand #244737721012: Tournament #3615206311, $9.30+$0.70 USD Hold'em No Limit - Level II (15/30) - 2023/07/10 20:30:58 CET [2023/07/10 14:30:58 ET]
Table '3615206311 1' 3-max Seat #1 is the button
Seat 1: Sorapong (325 in chips) 
Seat 2: Mahu2021 (285 in chips) 
Seat 3: eiman67 (890 in chips) 
Mahu2021: posts small blind 15
eiman67: posts big blind 30
*** HOLE CARDS ***
Dealt to Mahu2021 [Ah 4s]
Sorapong: folds 
Mahu2021: raises 30 to 60
eiman67: folds 
Uncalled bet (30) returned to Mahu2021
Mahu2021 collected 60 from pot
Mahu2021: doesn't show hand 
*** SUMMARY ***
Total pot 60 | Rake 0 
Seat 1: Sorapong (button) folded before Flop (didn't bet)
Seat 2: Mahu2021 (small blind) collected (60)
Seat 3: eiman67 (big blind) folded before Flop



PokerStars Hand #244737723769: Tournament #3615206311, $9.30+$0.70 USD Hold'em No Limit - Level II (15/30) - 2023/07/10 20:31:06 CET [2023/07/10 14:31:06 ET]
Table '3615206311 1' 3-max Seat #2 is the button
Seat 1: Sorapong (325 in chips) 
Seat 2: Mahu2021 (315 in chips) 
Seat 3: eiman67 (860 in chips) 
eiman67: posts small blind 15
Sorapong: posts big blind 30
*** HOLE CARDS ***
Dealt to Mahu2021 [7d Kc]
Mahu2021: folds 
eiman67: folds 
Uncalled bet (15) returned to Sorapong
Sorapong collected 30 from pot
*** SUMMARY ***
Total pot 30 | Rake 0 
Seat 1: Sorapong (big blind) collected (30)
Seat 2: Mahu2021 (button) folded before Flop (didn't bet)
Seat 3: eiman67 (small blind) folded before Flop



PokerStars Hand #244737725975: Tournament #3615206311, $9.30+$0.70 USD Hold'em No Limit - Level II (15/30) - 2023/07/10 20:31:13 CET [2023/07/10 14:31:13 ET]
Table '3615206311 1' 3-max Seat #3 is the button
Seat 1: Sorapong (340 in chips) 
Seat 2: Mahu2021 (315 in chips) 
Seat 3: eiman67 (845 in chips) 
Sorapong: posts small blind 15
Mahu2021: posts big blind 30
*** HOLE CARDS ***
Dealt to Mahu2021 [5s 6h]
eiman67: raises 30 to 60
Sorapong: folds 
Mahu2021: calls 30
*** FLOP *** [5d 5c Kc]
Mahu2021: checks 
eiman67: bets 90
Mahu2021: calls 90
*** TURN *** [5d 5c Kc] [3h]
Mahu2021: checks 
eiman67: bets 150
Mahu2021: raises 15 to 165 and is all-in
eiman67: calls 15
*** RIVER *** [5d 5c Kc 3h] [9d]
*** SHOW DOWN ***
Mahu2021: shows [5s 6h] (three of a kind, Fives)
eiman67: shows [3d Kd] (two pair, Kings and Fives)
Mahu2021 collected 645 from pot
*** SUMMARY ***
Total pot 645 | Rake 0 
Board [5d 5c Kc 3h 9d]
Seat 1: Sorapong (small blind) folded before Flop
Seat 2: Mahu2021 (big blind) showed [5s 6h] and won (645) with three of a kind, Fives
Seat 3: eiman67 (button) showed [3d Kd] and lost with two pair, Kings and Fives



PokerStars Hand #244737736008: Tournament #3615206311, $9.30+$0.70 USD Hold'em No Limit - Level III (20/40) - 2023/07/10 20:31:44 CET [2023/07/10 14:31:44 ET]
Table '3615206311 1' 3-max Seat #1 is the button
Seat 1: Sorapong (325 in chips) 
Seat 2: Mahu2021 (645 in chips) 
Seat 3: eiman67 (530 in chips) 
Mahu2021: posts small blind 20
eiman67: posts big blind 40
*** HOLE CARDS ***
Dealt to Mahu2021 [Jd Ah]
Sorapong: folds 
Mahu2021: raises 40 to 80
eiman67: calls 40
*** FLOP *** [Tc Qd 7d]
Mahu2021: checks 
eiman67: checks 
*** TURN *** [Tc Qd 7d] [Ad]
Mahu2021: bets 80
eiman67: calls 80
*** RIVER *** [Tc Qd 7d Ad] [Kh]
Mahu2021: bets 320
eiman67: calls 320
*** SHOW DOWN ***
Mahu2021: shows [Jd Ah] (a straight, Ten to Ace)
eiman67: shows [Jh 8d] (a straight, Ten to Ace)
Mahu2021 collected 480 from pot
eiman67 collected 480 from pot
*** SUMMARY ***
Total pot 960 | Rake 0 
Board [Tc Qd 7d Ad Kh]
Seat 1: Sorapong (button) folded before Flop (didn't bet)
Seat 2: Mahu2021 (small blind) showed [Jd Ah] and won (480) with a straight, Ten to Ace
Seat 3: eiman67 (big blind) showed [Jh 8d] and won (480) with a straight, Ten to Ace



PokerStars Hand #244737743296: Tournament #3615206311, $9.30+$0.70 USD Hold'em No Limit - Level III (20/40) - 2023/07/10 20:32:06 CET [2023/07/10 14:32:06 ET]
Table '3615206311 1' 3-max Seat #2 is the button
Seat 1: Sorapong (325 in chips) 
Seat 2: Mahu2021 (645 in chips) 
Seat 3: eiman67 (530 in chips) 
eiman67: posts small blind 20
Sorapong: posts big blind 40
*** HOLE CARDS ***
Dealt to Mahu2021 [5s 6h]
Mahu2021: folds 
eiman67: raises 490 to 530 and is all-in
Sorapong: calls 285 and is all-in
Uncalled bet (205) returned to eiman67
*** FLOP *** [9d Jd Ts]
*** TURN *** [9d Jd Ts] [4c]
*** RIVER *** [9d Jd Ts 4c] [Ac]
*** SHOW DOWN ***
eiman67: shows [2c 2h] (a pair of Deuces)
Sorapong: shows [9h 8h] (a pair of Nines)
Sorapong collected 650 from pot
*** SUMMARY ***
Total pot 650 | Rake 0 
Board [9d Jd Ts 4c Ac]
Seat 1: Sorapong (big blind) showed [9h 8h] and won (650) with a pair of Nines
Seat 2: Mahu2021 (button) folded before Flop (didn't bet)
Seat 3: eiman67 (small blind) showed [2c 2h] and lost with a pair of Deuces



PokerStars Hand #244737748709: Tournament #3615206311, $9.30+$0.70 USD Hold'em No Limit - Level III (20/40) - 2023/07/10 20:32:22 CET [2023/07/10 14:32:22 ET]
Table '3615206311 1' 3-max Seat #3 is the button
Seat 1: Sorapong (650 in chips) 
Seat 2: Mahu2021 (645 in chips) 
Seat 3: eiman67 (205 in chips) 
Sorapong: posts small blind 20
Mahu2021: posts big blind 40
*** HOLE CARDS ***
Dealt to Mahu2021 [Qh 3d]
eiman67: folds 
Sorapong: raises 40 to 80
Mahu2021: folds 
Uncalled bet (40) returned to Sorapong
Sorapong collected 80 from pot
*** SUMMARY ***
Total pot 80 | Rake 0 
Seat 1: Sorapong (small blind) collected (80)
Seat 2: Mahu2021 (big blind) folded before Flop
Seat 3: eiman67 (button) folded before Flop (didn't bet)



PokerStars Hand #244737751694: Tournament #3615206311, $9.30+$0.70 USD Hold'em No Limit - Level III (20/40) - 2023/07/10 20:32:31 CET [2023/07/10 14:32:31 ET]
Table '3615206311 1' 3-max Seat #1 is the button
Seat 1: Sorapong (690 in chips) 
Seat 2: Mahu2021 (605 in chips) 
Seat 3: eiman67 (205 in chips) 
Mahu2021: posts small blind 20
eiman67: posts big blind 40
*** HOLE CARDS ***
Dealt to Mahu2021 [Qs 7d]
Sorapong: folds 
Mahu2021: folds 
Uncalled bet (20) returned to eiman67
eiman67 collected 40 from pot
*** SUMMARY ***
Total pot 40 | Rake 0 
Seat 1: Sorapong (button) folded before Flop (didn't bet)
Seat 2: Mahu2021 (small blind) folded before Flop
Seat 3: eiman67 (big blind) collected (40)



PokerStars Hand #244737753337: Tournament #3615206311, $9.30+$0.70 USD Hold'em No Limit - Level III (20/40) - 2023/07/10 20:32:36 CET [2023/07/10 14:32:36 ET]
Table '3615206311 1' 3-max Seat #2 is the button
Seat 1: Sorapong (690 in chips) 
Seat 2: Mahu2021 (585 in chips) 
Seat 3: eiman67 (225 in chips) 
eiman67: posts small blind 20
Sorapong: posts big blind 40
*** HOLE CARDS ***
Dealt to Mahu2021 [3c 6c]
Mahu2021: folds 
eiman67: raises 185 to 225 and is all-in
Sorapong: calls 185
*** FLOP *** [8d 7c Jd]
*** TURN *** [8d 7c Jd] [Kc]
*** RIVER *** [8d 7c Jd Kc] [2c]
*** SHOW DOWN ***
eiman67: shows [8h Kh] (two pair, Kings and Eights)
Sorapong: shows [6h Ah] (high card Ace)
eiman67 collected 450 from pot
*** SUMMARY ***
Total pot 450 | Rake 0 
Board [8d 7c Jd Kc 2c]
Seat 1: Sorapong (big blind) showed [6h Ah] and lost with high card Ace
Seat 2: Mahu2021 (button) folded before Flop (didn't bet)
Seat 3: eiman67 (small blind) showed [8h Kh] and won (450) with two pair, Kings and Eights



PokerStars Hand #244737757986: Tournament #3615206311, $9.30+$0.70 USD Hold'em No Limit - Level III (20/40) - 2023/07/10 20:32:50 CET [2023/07/10 14:32:50 ET]
Table '3615206311 1' 3-max Seat #3 is the button
Seat 1: Sorapong (465 in chips) 
Seat 2: Mahu2021 (585 in chips) 
Seat 3: eiman67 (450 in chips) 
Sorapong: posts small blind 20
Mahu2021: posts big blind 40
*** HOLE CARDS ***
Dealt to Mahu2021 [Kc Ah]
eiman67: calls 40
Sorapong: folds 
Mahu2021: raises 120 to 160
eiman67: calls 120
*** FLOP *** [7s 8h 6d]
Mahu2021: checks 
eiman67: bets 290 and is all-in
Mahu2021: folds 
Uncalled bet (290) returned to eiman67
eiman67 collected 340 from pot
*** SUMMARY ***
Total pot 340 | Rake 0 
Board [7s 8h 6d]
Seat 1: Sorapong (small blind) folded before Flop
Seat 2: Mahu2021 (big blind) folded on the Flop
Seat 3: eiman67 (button) collected (340)



PokerStars Hand #244737762626: Tournament #3615206311, $9.30+$0.70 USD Hold'em No Limit - Level III (20/40) - 2023/07/10 20:33:04 CET [2023/07/10 14:33:04 ET]
Table '3615206311 1' 3-max Seat #1 is the button
Seat 1: Sorapong (445 in chips) 
Seat 2: Mahu2021 (425 in chips) 
Seat 3: eiman67 (630 in chips) 
Mahu2021: posts small blind 20
eiman67: posts big blind 40
*** HOLE CARDS ***
Dealt to Mahu2021 [Ts 4h]
Sorapong: raises 40 to 80
Mahu2021: folds 
eiman67: folds 
Uncalled bet (40) returned to Sorapong
Sorapong collected 100 from pot
*** SUMMARY ***
Total pot 100 | Rake 0 
Seat 1: Sorapong (button) collected (100)
Seat 2: Mahu2021 (small blind) folded before Flop
Seat 3: eiman67 (big blind) folded before Flop



PokerStars Hand #244737764471: Tournament #3615206311, $9.30+$0.70 USD Hold'em No Limit - Level III (20/40) - 2023/07/10 20:33:10 CET [2023/07/10 14:33:10 ET]
Table '3615206311 1' 3-max Seat #2 is the button
Seat 1: Sorapong (505 in chips) 
Seat 2: Mahu2021 (405 in chips) 
Seat 3: eiman67 (590 in chips) 
eiman67: posts small blind 20
Sorapong: posts big blind 40
*** HOLE CARDS ***
Dealt to Mahu2021 [3c 3d]
Mahu2021: raises 40 to 80
eiman67: raises 510 to 590 and is all-in
Sorapong: folds 
Mahu2021: folds 
Uncalled bet (510) returned to eiman67
eiman67 collected 200 from pot
*** SUMMARY ***
Total pot 200 | Rake 0 
Seat 1: Sorapong (big blind) folded before Flop
Seat 2: Mahu2021 (button) folded before Flop
Seat 3: eiman67 (small blind) collected (200)



PokerStars Hand #244737767239: Tournament #3615206311, $9.30+$0.70 USD Hold'em No Limit - Level III (20/40) - 2023/07/10 20:33:18 CET [2023/07/10 14:33:18 ET]
Table '3615206311 1' 3-max Seat #3 is the button
Seat 1: Sorapong (465 in chips) 
Seat 2: Mahu2021 (325 in chips) 
Seat 3: eiman67 (710 in chips) 
Sorapong: posts small blind 20
Mahu2021: posts big blind 40
*** HOLE CARDS ***
Dealt to Mahu2021 [Qc 6h]
eiman67: calls 40
Sorapong: folds 
Mahu2021: checks 
*** FLOP *** [6d Jd 9s]
Mahu2021: checks 
eiman67: checks 
*** TURN *** [6d Jd 9s] [Qs]
Mahu2021: checks 
eiman67: checks 
*** RIVER *** [6d Jd 9s Qs] [3h]
Mahu2021: bets 100
eiman67: calls 100
*** SHOW DOWN ***
Mahu2021: shows [Qc 6h] (two pair, Queens and Sixes)
eiman67: mucks hand 
Mahu2021 collected 300 from pot
*** SUMMARY ***
Total pot 300 | Rake 0 
Board [6d Jd 9s Qs 3h]
Seat 1: Sorapong (small blind) folded before Flop
Seat 2: Mahu2021 (big blind) showed [Qc 6h] and won (300) with two pair, Queens and Sixes
Seat 3: eiman67 (button) mucked [Qd 5h]



PokerStars Hand #244737777704: Tournament #3615206311, $9.30+$0.70 USD Hold'em No Limit - Level IV (30/60) - 2023/07/10 20:33:50 CET [2023/07/10 14:33:50 ET]
Table '3615206311 1' 3-max Seat #1 is the button
Seat 1: Sorapong (445 in chips) 
Seat 2: Mahu2021 (485 in chips) 
Seat 3: eiman67 (570 in chips) 
Mahu2021: posts small blind 30
eiman67: posts big blind 60
*** HOLE CARDS ***
Dealt to Mahu2021 [Tc 6c]
Sorapong: folds 
Mahu2021: folds 
Uncalled bet (30) returned to eiman67
eiman67 collected 60 from pot
*** SUMMARY ***
Total pot 60 | Rake 0 
Seat 1: Sorapong (button) folded before Flop (didn't bet)
Seat 2: Mahu2021 (small blind) folded before Flop
Seat 3: eiman67 (big blind) collected (60)



PokerStars Hand #244737779442: Tournament #3615206311, $9.30+$0.70 USD Hold'em No Limit - Level IV (30/60) - 2023/07/10 20:33:55 CET [2023/07/10 14:33:55 ET]
Table '3615206311 1' 3-max Seat #2 is the button
Seat 1: Sorapong (445 in chips) 
Seat 2: Mahu2021 (455 in chips) 
Seat 3: eiman67 (600 in chips) 
eiman67: posts small blind 30
Sorapong: posts big blind 60
*** HOLE CARDS ***
Dealt to Mahu2021 [3c Ah]
Mahu2021: folds 
eiman67: folds 
Uncalled bet (30) returned to Sorapong
Sorapong collected 60 from pot
*** SUMMARY ***
Total pot 60 | Rake 0 
Seat 1: Sorapong (big blind) collected (60)
Seat 2: Mahu2021 (button) folded before Flop (didn't bet)
Seat 3: eiman67 (small blind) folded before Flop



PokerStars Hand #244737781965: Tournament #3615206311, $9.30+$0.70 USD Hold'em No Limit - Level IV (30/60) - 2023/07/10 20:34:03 CET [2023/07/10 14:34:03 ET]
Table '3615206311 1' 3-max Seat #3 is the button
Seat 1: Sorapong (475 in chips) 
Seat 2: Mahu2021 (455 in chips) 
Seat 3: eiman67 (570 in chips) 
Sorapong: posts small blind 30
Mahu2021: posts big blind 60
*** HOLE CARDS ***
Dealt to Mahu2021 [6d 7c]
eiman67: folds 
Sorapong: raises 415 to 475 and is all-in
Mahu2021: folds 
Uncalled bet (415) returned to Sorapong
Sorapong collected 120 from pot
*** SUMMARY ***
Total pot 120 | Rake 0 
Seat 1: Sorapong (small blind) collected (120)
Seat 2: Mahu2021 (big blind) folded before Flop
Seat 3: eiman67 (button) folded before Flop (didn't bet)



PokerStars Hand #244737785235: Tournament #3615206311, $9.30+$0.70 USD Hold'em No Limit - Level IV (30/60) - 2023/07/10 20:34:13 CET [2023/07/10 14:34:13 ET]
Table '3615206311 1' 3-max Seat #1 is the button
Seat 1: Sorapong (535 in chips) 
Seat 2: Mahu2021 (395 in chips) 
Seat 3: eiman67 (570 in chips) 
Mahu2021: posts small blind 30
eiman67: posts big blind 60
*** HOLE CARDS ***
Dealt to Mahu2021 [8c Jd]
Sorapong: folds 
Mahu2021: calls 30
eiman67: checks 
*** FLOP *** [Qd Kc 7c]
Mahu2021: bets 60
eiman67: folds 
Uncalled bet (60) returned to Mahu2021
Mahu2021 collected 120 from pot
Mahu2021: doesn't show hand 
*** SUMMARY ***
Total pot 120 | Rake 0 
Board [Qd Kc 7c]
Seat 1: Sorapong (button) folded before Flop (didn't bet)
Seat 2: Mahu2021 (small blind) collected (120)
Seat 3: eiman67 (big blind) folded on the Flop



PokerStars Hand #244737789510: Tournament #3615206311, $9.30+$0.70 USD Hold'em No Limit - Level IV (30/60) - 2023/07/10 20:34:27 CET [2023/07/10 14:34:27 ET]
Table '3615206311 1' 3-max Seat #2 is the button
Seat 1: Sorapong (535 in chips) 
Seat 2: Mahu2021 (455 in chips) 
Seat 3: eiman67 (510 in chips) 
eiman67: posts small blind 30
Sorapong: posts big blind 60
*** HOLE CARDS ***
Dealt to Mahu2021 [8c Qd]
Mahu2021: folds 
eiman67: raises 60 to 120
Sorapong: raises 415 to 535 and is all-in
eiman67: folds 
Uncalled bet (415) returned to Sorapong
Sorapong collected 240 from pot
*** SUMMARY ***
Total pot 240 | Rake 0 
Seat 1: Sorapong (big blind) collected (240)
Seat 2: Mahu2021 (button) folded before Flop (didn't bet)
Seat 3: eiman67 (small blind) folded before Flop



PokerStars Hand #244737793260: Tournament #3615206311, $9.30+$0.70 USD Hold'em No Limit - Level IV (30/60) - 2023/07/10 20:34:38 CET [2023/07/10 14:34:38 ET]
Table '3615206311 1' 3-max Seat #3 is the button
Seat 1: Sorapong (655 in chips) 
Seat 2: Mahu2021 (455 in chips) 
Seat 3: eiman67 (390 in chips) 
Sorapong: posts small blind 30
Mahu2021: posts big blind 60
*** HOLE CARDS ***
Dealt to Mahu2021 [Kc 5s]
eiman67: calls 60
Sorapong: calls 30
Mahu2021: checks 
*** FLOP *** [Ts Jh 9h]
Sorapong: bets 120
Mahu2021: folds 
eiman67: folds 
Uncalled bet (120) returned to Sorapong
Sorapong collected 180 from pot
*** SUMMARY ***
Total pot 180 | Rake 0 
Board [Ts Jh 9h]
Seat 1: Sorapong (small blind) collected (180)
Seat 2: Mahu2021 (big blind) folded on the Flop
Seat 3: eiman67 (button) folded on the Flop



PokerStars Hand #244737797916: Tournament #3615206311, $9.30+$0.70 USD Hold'em No Limit - Level IV (30/60) - 2023/07/10 20:34:53 CET [2023/07/10 14:34:53 ET]
Table '3615206311 1' 3-max Seat #1 is the button
Seat 1: Sorapong (775 in chips) 
Seat 2: Mahu2021 (395 in chips) 
Seat 3: eiman67 (330 in chips) 
Mahu2021: posts small blind 30
eiman67: posts big blind 60
*** HOLE CARDS ***
Dealt to Mahu2021 [9s Qc]
Sorapong: raises 60 to 120
Mahu2021: folds 
eiman67: raises 210 to 330 and is all-in
Sorapong: calls 210
*** FLOP *** [4c 9h Jc]
*** TURN *** [4c 9h Jc] [2d]
*** RIVER *** [4c 9h Jc 2d] [Ad]
*** SHOW DOWN ***
eiman67: shows [5c 5h] (a pair of Fives)
Sorapong: shows [As 2c] (two pair, Aces and Deuces)
Sorapong collected 690 from pot
eiman67 finished the tournament in 3rd place
*** SUMMARY ***
Total pot 690 | Rake 0 
Board [4c 9h Jc 2d Ad]
Seat 1: Sorapong (button) showed [As 2c] and won (690) with two pair, Aces and Deuces
Seat 2: Mahu2021 (small blind) folded before Flop
Seat 3: eiman67 (big blind) showed [5c 5h] and lost with a pair of Fives



PokerStars Hand #244737805388: Tournament #3615206311, $9.30+$0.70 USD Hold'em No Limit - Level IV (30/60) - 2023/07/10 20:35:15 CET [2023/07/10 14:35:15 ET]
Table '3615206311 1' 3-max Seat #2 is the button
Seat 1: Sorapong (1135 in chips) 
Seat 2: Mahu2021 (365 in chips) 
Mahu2021: posts small blind 30
Sorapong: posts big blind 60
*** HOLE CARDS ***
Dealt to Mahu2021 [Th 9c]
Mahu2021: calls 30
Sorapong: checks 
*** FLOP *** [Kd Kh 5c]
Sorapong: bets 60
Mahu2021: folds 
Uncalled bet (60) returned to Sorapong
Sorapong collected 120 from pot
*** SUMMARY ***
Total pot 120 | Rake 0 
Board [Kd Kh 5c]
Seat 1: Sorapong (big blind) collected (120)
Seat 2: Mahu2021 (button) (small blind) folded on the Flop



PokerStars Hand #244737808809: Tournament #3615206311, $9.30+$0.70 USD Hold'em No Limit - Level IV (30/60) - 2023/07/10 20:35:25 CET [2023/07/10 14:35:25 ET]
Table '3615206311 1' 3-max Seat #1 is the button
Seat 1: Sorapong (1195 in chips) 
Seat 2: Mahu2021 (305 in chips) 
Sorapong: posts small blind 30
Mahu2021: posts big blind 60
*** HOLE CARDS ***
Dealt to Mahu2021 [7s 3s]
Sorapong: raises 60 to 120
Mahu2021: folds 
Uncalled bet (60) returned to Sorapong
Sorapong collected 120 from pot
*** SUMMARY ***
Total pot 120 | Rake 0 
Seat 1: Sorapong (button) (small blind) collected (120)
Seat 2: Mahu2021 (big blind) folded before Flop



PokerStars Hand #244737812041: Tournament #3615206311, $9.30+$0.70 USD Hold'em No Limit - Level V (40/80) - 2023/07/10 20:35:35 CET [2023/07/10 14:35:35 ET]
Table '3615206311 1' 3-max Seat #2 is the button
Seat 1: Sorapong (1255 in chips) 
Seat 2: Mahu2021 (245 in chips) 
Mahu2021: posts small blind 40
Sorapong: posts big blind 80
*** HOLE CARDS ***
Dealt to Mahu2021 [2c 2d]
Mahu2021: raises 165 to 245 and is all-in
Sorapong: calls 165
*** FLOP *** [6s 7c Ad]
*** TURN *** [6s 7c Ad] [Jc]
*** RIVER *** [6s 7c Ad Jc] [8d]
*** SHOW DOWN ***
Sorapong: shows [Ac 7h] (two pair, Aces and Sevens)
Mahu2021: shows [2c 2d] (a pair of Deuces)
Sorapong collected 490 from pot
Mahu2021 finished the tournament in 2nd place
Sorapong wins the tournament and receives $20.00 - congratulations!
*** SUMMARY ***
Total pot 490 | Rake 0 
Board [6s 7c Ad Jc 8d]
Seat 1: Sorapong (big blind) showed [Ac 7h] and won (490) with two pair, Aces and Sevens
Seat 2: Mahu2021 (button) (small blind) showed [2c 2d] and lost with a pair of Deuces



