PokerStars Hand #243154066650: Tournament #3578938624, $0.92+$0.08 USD Hold'em No Limit - Level I (10/20) - 2023/04/17 21:08:08 CET [2023/04/17 15:08:08 ET]
Table '3578938624 1' 3-max Seat #1 is the button
Seat 1: NiñoKing9 (500 in chips) 
Seat 2: Mahu2021 (500 in chips) 
Seat 3: vytautas86 (500 in chips) 
Mahu2021: posts small blind 10
vytautas86: posts big blind 20
*** HOLE CARDS ***
Dealt to Mahu2021 [9d 4s]
NiñoKing9: calls 20
Mahu2021: folds 
vytautas86: checks 
*** FLOP *** [9c 7c Qc]
vytautas86: checks 
NiñoKing9: checks 
*** TURN *** [9c 7c Qc] [Kd]
vytautas86: bets 38
NiñoKing9: raises 38 to 76
vytautas86: calls 38
*** RIVER *** [9c 7c Qc Kd] [Ac]
vytautas86: checks 
NiñoKing9: bets 80
vytautas86: raises 324 to 404 and is all-in
NiñoKing9: calls 324 and is all-in
*** SHOW DOWN ***
vytautas86: shows [6s Ks] (a pair of Kings)
NiñoKing9: shows [8c Kh] (a flush, Ace high)
NiñoKing9 collected 1010 from pot
vytautas86 finished the tournament in 3rd place
*** SUMMARY ***
Total pot 1010 | Rake 0 
Board [9c 7c Qc Kd Ac]
Seat 1: NiñoKing9 (button) showed [8c Kh] and won (1010) with a flush, Ace high
Seat 2: Mahu2021 (small blind) folded before Flop
Seat 3: vytautas86 (big blind) showed [6s Ks] and lost with a pair of Kings



PokerStars Hand #243154083007: Tournament #3578938624, $0.92+$0.08 USD Hold'em No Limit - Level I (10/20) - 2023/04/17 21:08:48 CET [2023/04/17 15:08:48 ET]
Table '3578938624 1' 3-max Seat #2 is the button
Seat 1: NiñoKing9 (1010 in chips) 
Seat 2: Mahu2021 (490 in chips) 
Mahu2021: posts small blind 10
NiñoKing9: posts big blind 20
*** HOLE CARDS ***
Dealt to Mahu2021 [6h 4s]
Mahu2021: folds 
Uncalled bet (10) returned to NiñoKing9
NiñoKing9 collected 20 from pot
*** SUMMARY ***
Total pot 20 | Rake 0 
Seat 1: NiñoKing9 (big blind) collected (20)
Seat 2: Mahu2021 (button) (small blind) folded before Flop



PokerStars Hand #243154084849: Tournament #3578938624, $0.92+$0.08 USD Hold'em No Limit - Level I (10/20) - 2023/04/17 21:08:52 CET [2023/04/17 15:08:52 ET]
Table '3578938624 1' 3-max Seat #1 is the button
Seat 1: NiñoKing9 (1020 in chips) 
Seat 2: Mahu2021 (480 in chips) 
NiñoKing9: posts small blind 10
Mahu2021: posts big blind 20
*** HOLE CARDS ***
Dealt to Mahu2021 [2h Js]
NiñoKing9: folds 
Uncalled bet (10) returned to Mahu2021
Mahu2021 collected 20 from pot
Mahu2021: doesn't show hand 
*** SUMMARY ***
Total pot 20 | Rake 0 
Seat 1: NiñoKing9 (button) (small blind) folded before Flop
Seat 2: Mahu2021 (big blind) collected (20)



PokerStars Hand #243154086731: Tournament #3578938624, $0.92+$0.08 USD Hold'em No Limit - Level I (10/20) - 2023/04/17 21:08:56 CET [2023/04/17 15:08:56 ET]
Table '3578938624 1' 3-max Seat #2 is the button
Seat 1: NiñoKing9 (1010 in chips) 
Seat 2: Mahu2021 (490 in chips) 
Mahu2021: posts small blind 10
NiñoKing9: posts big blind 20
*** HOLE CARDS ***
Dealt to Mahu2021 [6h 9c]
Mahu2021: calls 10
NiñoKing9: checks 
*** FLOP *** [Jd Qh 5d]
NiñoKing9: checks 
Mahu2021: bets 20
NiñoKing9: folds 
Uncalled bet (20) returned to Mahu2021
Mahu2021 collected 40 from pot
Mahu2021: doesn't show hand 
*** SUMMARY ***
Total pot 40 | Rake 0 
Board [Jd Qh 5d]
Seat 1: NiñoKing9 (big blind) folded on the Flop
Seat 2: Mahu2021 (button) (small blind) collected (40)



PokerStars Hand #243154090967: Tournament #3578938624, $0.92+$0.08 USD Hold'em No Limit - Level I (10/20) - 2023/04/17 21:09:07 CET [2023/04/17 15:09:07 ET]
Table '3578938624 1' 3-max Seat #1 is the button
Seat 1: NiñoKing9 (990 in chips) 
Seat 2: Mahu2021 (510 in chips) 
NiñoKing9: posts small blind 10
Mahu2021: posts big blind 20
*** HOLE CARDS ***
Dealt to Mahu2021 [4h Qc]
NiñoKing9: calls 10
Mahu2021: checks 
*** FLOP *** [3h 6h Js]
Mahu2021: checks 
NiñoKing9: checks 
*** TURN *** [3h 6h Js] [Ah]
Mahu2021: checks 
NiñoKing9: checks 
*** RIVER *** [3h 6h Js Ah] [6c]
Mahu2021: checks 
NiñoKing9: checks 
*** SHOW DOWN ***
Mahu2021: shows [4h Qc] (a pair of Sixes)
NiñoKing9: shows [3c 4c] (two pair, Sixes and Threes)
NiñoKing9 collected 40 from pot
*** SUMMARY ***
Total pot 40 | Rake 0 
Board [3h 6h Js Ah 6c]
Seat 1: NiñoKing9 (button) (small blind) showed [3c 4c] and won (40) with two pair, Sixes and Threes
Seat 2: Mahu2021 (big blind) showed [4h Qc] and lost with a pair of Sixes



PokerStars Hand #243154097773: Tournament #3578938624, $0.92+$0.08 USD Hold'em No Limit - Level I (10/20) - 2023/04/17 21:09:23 CET [2023/04/17 15:09:23 ET]
Table '3578938624 1' 3-max Seat #2 is the button
Seat 1: NiñoKing9 (1010 in chips) 
Seat 2: Mahu2021 (490 in chips) 
Mahu2021: posts small blind 10
NiñoKing9: posts big blind 20
*** HOLE CARDS ***
Dealt to Mahu2021 [9d 7c]
Mahu2021: calls 10
NiñoKing9: checks 
*** FLOP *** [As 3d 9h]
NiñoKing9: bets 20
Mahu2021: calls 20
*** TURN *** [As 3d 9h] [2c]
NiñoKing9: bets 20
Mahu2021: calls 20
*** RIVER *** [As 3d 9h 2c] [Jc]
NiñoKing9: bets 20
Mahu2021: calls 20
*** SHOW DOWN ***
NiñoKing9: shows [9s 8s] (a pair of Nines)
Mahu2021: mucks hand 
NiñoKing9 collected 160 from pot
*** SUMMARY ***
Total pot 160 | Rake 0 
Board [As 3d 9h 2c Jc]
Seat 1: NiñoKing9 (big blind) showed [9s 8s] and won (160) with a pair of Nines
Seat 2: Mahu2021 (button) (small blind) mucked [9d 7c]



PokerStars Hand #243154103771: Tournament #3578938624, $0.92+$0.08 USD Hold'em No Limit - Level I (10/20) - 2023/04/17 21:09:37 CET [2023/04/17 15:09:37 ET]
Table '3578938624 1' 3-max Seat #1 is the button
Seat 1: NiñoKing9 (1090 in chips) 
Seat 2: Mahu2021 (410 in chips) 
NiñoKing9: posts small blind 10
Mahu2021: posts big blind 20
*** HOLE CARDS ***
Dealt to Mahu2021 [Jh Tc]
NiñoKing9: calls 10
Mahu2021: checks 
*** FLOP *** [Td 9s 5c]
Mahu2021: bets 20
NiñoKing9: calls 20
*** TURN *** [Td 9s 5c] [8d]
Mahu2021: bets 20
NiñoKing9: calls 20
*** RIVER *** [Td 9s 5c 8d] [Qc]
Mahu2021: bets 120
NiñoKing9: folds 
Uncalled bet (120) returned to Mahu2021
Mahu2021 collected 120 from pot
Mahu2021: doesn't show hand 
*** SUMMARY ***
Total pot 120 | Rake 0 
Board [Td 9s 5c 8d Qc]
Seat 1: NiñoKing9 (button) (small blind) folded on the River
Seat 2: Mahu2021 (big blind) collected (120)



PokerStars Hand #243154113164: Tournament #3578938624, $0.92+$0.08 USD Hold'em No Limit - Level I (10/20) - 2023/04/17 21:10:00 CET [2023/04/17 15:10:00 ET]
Table '3578938624 1' 3-max Seat #2 is the button
Seat 1: NiñoKing9 (1030 in chips) 
Seat 2: Mahu2021 (470 in chips) 
Mahu2021: posts small blind 10
NiñoKing9: posts big blind 20
*** HOLE CARDS ***
Dealt to Mahu2021 [8s Kd]
Mahu2021: calls 10
NiñoKing9: checks 
*** FLOP *** [Ad 2h 8h]
NiñoKing9: checks 
Mahu2021: bets 20
NiñoKing9: folds 
Uncalled bet (20) returned to Mahu2021
Mahu2021 collected 40 from pot
Mahu2021: doesn't show hand 
*** SUMMARY ***
Total pot 40 | Rake 0 
Board [Ad 2h 8h]
Seat 1: NiñoKing9 (big blind) folded on the Flop
Seat 2: Mahu2021 (button) (small blind) collected (40)



PokerStars Hand #243154117188: Tournament #3578938624, $0.92+$0.08 USD Hold'em No Limit - Level I (10/20) - 2023/04/17 21:10:09 CET [2023/04/17 15:10:09 ET]
Table '3578938624 1' 3-max Seat #1 is the button
Seat 1: NiñoKing9 (1010 in chips) 
Seat 2: Mahu2021 (490 in chips) 
NiñoKing9: posts small blind 10
Mahu2021: posts big blind 20
*** HOLE CARDS ***
Dealt to Mahu2021 [Jh 8c]
NiñoKing9: calls 10
Mahu2021: checks 
*** FLOP *** [3c Js 7s]
Mahu2021: bets 20
NiñoKing9: folds 
Uncalled bet (20) returned to Mahu2021
Mahu2021 collected 40 from pot
Mahu2021: doesn't show hand 
*** SUMMARY ***
Total pot 40 | Rake 0 
Board [3c Js 7s]
Seat 1: NiñoKing9 (button) (small blind) folded on the Flop
Seat 2: Mahu2021 (big blind) collected (40)



PokerStars Hand #243154121197: Tournament #3578938624, $0.92+$0.08 USD Hold'em No Limit - Level I (10/20) - 2023/04/17 21:10:19 CET [2023/04/17 15:10:19 ET]
Table '3578938624 1' 3-max Seat #2 is the button
Seat 1: NiñoKing9 (990 in chips) 
Seat 2: Mahu2021 (510 in chips) 
Mahu2021: posts small blind 10
NiñoKing9: posts big blind 20
*** HOLE CARDS ***
Dealt to Mahu2021 [Js 8d]
Mahu2021: calls 10
NiñoKing9: checks 
*** FLOP *** [2s As 3d]
NiñoKing9: bets 20
Mahu2021: folds 
Uncalled bet (20) returned to NiñoKing9
NiñoKing9 collected 40 from pot
*** SUMMARY ***
Total pot 40 | Rake 0 
Board [2s As 3d]
Seat 1: NiñoKing9 (big blind) collected (40)
Seat 2: Mahu2021 (button) (small blind) folded on the Flop



PokerStars Hand #243154125101: Tournament #3578938624, $0.92+$0.08 USD Hold'em No Limit - Level I (10/20) - 2023/04/17 21:10:28 CET [2023/04/17 15:10:28 ET]
Table '3578938624 1' 3-max Seat #1 is the button
Seat 1: NiñoKing9 (1010 in chips) 
Seat 2: Mahu2021 (490 in chips) 
NiñoKing9: posts small blind 10
Mahu2021: posts big blind 20
*** HOLE CARDS ***
Dealt to Mahu2021 [Td 7d]
NiñoKing9: raises 20 to 40
Mahu2021: calls 20
*** FLOP *** [Kc Jd 9c]
Mahu2021: checks 
NiñoKing9: bets 60
Mahu2021: calls 60
*** TURN *** [Kc Jd 9c] [4s]
Mahu2021: checks 
NiñoKing9: checks 
*** RIVER *** [Kc Jd 9c 4s] [Ah]
Mahu2021: checks 
NiñoKing9: bets 60
Mahu2021: folds 
Uncalled bet (60) returned to NiñoKing9
NiñoKing9 collected 200 from pot
*** SUMMARY ***
Total pot 200 | Rake 0 
Board [Kc Jd 9c 4s Ah]
Seat 1: NiñoKing9 (button) (small blind) collected (200)
Seat 2: Mahu2021 (big blind) folded on the River



PokerStars Hand #243154136225: Tournament #3578938624, $0.92+$0.08 USD Hold'em No Limit - Level I (10/20) - 2023/04/17 21:10:55 CET [2023/04/17 15:10:55 ET]
Table '3578938624 1' 3-max Seat #2 is the button
Seat 1: NiñoKing9 (1110 in chips) 
Seat 2: Mahu2021 (390 in chips) 
Mahu2021: posts small blind 10
NiñoKing9: posts big blind 20
*** HOLE CARDS ***
Dealt to Mahu2021 [Jc 2d]
Mahu2021: folds 
Uncalled bet (10) returned to NiñoKing9
NiñoKing9 collected 20 from pot
*** SUMMARY ***
Total pot 20 | Rake 0 
Seat 1: NiñoKing9 (big blind) collected (20)
Seat 2: Mahu2021 (button) (small blind) folded before Flop



PokerStars Hand #243154138097: Tournament #3578938624, $0.92+$0.08 USD Hold'em No Limit - Level I (10/20) - 2023/04/17 21:10:59 CET [2023/04/17 15:10:59 ET]
Table '3578938624 1' 3-max Seat #1 is the button
Seat 1: NiñoKing9 (1120 in chips) 
Seat 2: Mahu2021 (380 in chips) 
NiñoKing9: posts small blind 10
Mahu2021: posts big blind 20
*** HOLE CARDS ***
Dealt to Mahu2021 [9s 4h]
NiñoKing9: raises 20 to 40
Mahu2021: folds 
Uncalled bet (20) returned to NiñoKing9
NiñoKing9 collected 40 from pot
*** SUMMARY ***
Total pot 40 | Rake 0 
Seat 1: NiñoKing9 (button) (small blind) collected (40)
Seat 2: Mahu2021 (big blind) folded before Flop



PokerStars Hand #243154140162: Tournament #3578938624, $0.92+$0.08 USD Hold'em No Limit - Level I (10/20) - 2023/04/17 21:11:04 CET [2023/04/17 15:11:04 ET]
Table '3578938624 1' 3-max Seat #2 is the button
Seat 1: NiñoKing9 (1140 in chips) 
Seat 2: Mahu2021 (360 in chips) 
Mahu2021: posts small blind 10
NiñoKing9: posts big blind 20
*** HOLE CARDS ***
Dealt to Mahu2021 [Ac 4s]
Mahu2021: raises 340 to 360 and is all-in
NiñoKing9: folds 
Uncalled bet (340) returned to Mahu2021
Mahu2021 collected 40 from pot
Mahu2021: doesn't show hand 
*** SUMMARY ***
Total pot 40 | Rake 0 
Seat 1: NiñoKing9 (big blind) folded before Flop
Seat 2: Mahu2021 (button) (small blind) collected (40)



PokerStars Hand #243154144104: Tournament #3578938624, $0.92+$0.08 USD Hold'em No Limit - Level II (15/30) - 2023/04/17 21:11:14 CET [2023/04/17 15:11:14 ET]
Table '3578938624 1' 3-max Seat #1 is the button
Seat 1: NiñoKing9 (1120 in chips) 
Seat 2: Mahu2021 (380 in chips) 
NiñoKing9: posts small blind 15
Mahu2021: posts big blind 30
*** HOLE CARDS ***
Dealt to Mahu2021 [6c 4s]
NiñoKing9: raises 30 to 60
Mahu2021: calls 30
*** FLOP *** [4c As Td]
Mahu2021: checks 
NiñoKing9: checks 
*** TURN *** [4c As Td] [Qs]
Mahu2021: checks 
NiñoKing9: checks 
*** RIVER *** [4c As Td Qs] [5s]
Mahu2021: bets 60
NiñoKing9: raises 60 to 120
Mahu2021: calls 60
*** SHOW DOWN ***
NiñoKing9: shows [Th Ah] (two pair, Aces and Tens)
Mahu2021: mucks hand 
NiñoKing9 collected 360 from pot
*** SUMMARY ***
Total pot 360 | Rake 0 
Board [4c As Td Qs 5s]
Seat 1: NiñoKing9 (button) (small blind) showed [Th Ah] and won (360) with two pair, Aces and Tens
Seat 2: Mahu2021 (big blind) mucked [6c 4s]



PokerStars Hand #243154153577: Tournament #3578938624, $0.92+$0.08 USD Hold'em No Limit - Level II (15/30) - 2023/04/17 21:11:37 CET [2023/04/17 15:11:37 ET]
Table '3578938624 1' 3-max Seat #2 is the button
Seat 1: NiñoKing9 (1300 in chips) 
Seat 2: Mahu2021 (200 in chips) 
Mahu2021: posts small blind 15
NiñoKing9: posts big blind 30
*** HOLE CARDS ***
Dealt to Mahu2021 [5c Kh]
Mahu2021: raises 170 to 200 and is all-in
NiñoKing9: folds 
Uncalled bet (170) returned to Mahu2021
Mahu2021 collected 60 from pot
Mahu2021: doesn't show hand 
*** SUMMARY ***
Total pot 60 | Rake 0 
Seat 1: NiñoKing9 (big blind) folded before Flop
Seat 2: Mahu2021 (button) (small blind) collected (60)



PokerStars Hand #243154156105: Tournament #3578938624, $0.92+$0.08 USD Hold'em No Limit - Level II (15/30) - 2023/04/17 21:11:43 CET [2023/04/17 15:11:43 ET]
Table '3578938624 1' 3-max Seat #1 is the button
Seat 1: NiñoKing9 (1270 in chips) 
Seat 2: Mahu2021 (230 in chips) 
NiñoKing9: posts small blind 15
Mahu2021: posts big blind 30
*** HOLE CARDS ***
Dealt to Mahu2021 [As 7h]
NiñoKing9: calls 15
Mahu2021: raises 200 to 230 and is all-in
NiñoKing9: calls 200
*** FLOP *** [Ks Th Qd]
*** TURN *** [Ks Th Qd] [2h]
*** RIVER *** [Ks Th Qd 2h] [3c]
*** SHOW DOWN ***
Mahu2021: shows [As 7h] (high card Ace)
NiñoKing9: shows [Ah Jc] (a straight, Ten to Ace)
NiñoKing9 collected 460 from pot
Mahu2021 finished the tournament in 2nd place
NiñoKing9 wins the tournament and receives $3.00 - congratulations!
*** SUMMARY ***
Total pot 460 | Rake 0 
Board [Ks Th Qd 2h 3c]
Seat 1: NiñoKing9 (button) (small blind) showed [Ah Jc] and won (460) with a straight, Ten to Ace
Seat 2: Mahu2021 (big blind) showed [As 7h] and lost with high card Ace



