PokerStars Hand #252759883816: Tournament #3808019828, $1.84+$0.16 USD Hold'em No Limit - Level I (10/20) - 2024/10/04 13:46:25 CET [2024/10/04 7:46:25 ET]
Table '3808019828 1' 3-max Seat #1 is the button
Seat 1: MarianSeidel (500 in chips) 
Seat 2: marcio1979 (500 in chips) 
Seat 3: Mahu2021 (500 in chips) 
marcio1979: posts small blind 10
Mahu2021: posts big blind 20
*** HOLE CARDS ***
Dealt to Mahu2021 [5h Kc]
MarianSeidel: calls 20
marcio1979: calls 10
Mahu2021: checks 
*** FLOP *** [6h Ks 3c]
marcio1979: checks 
Mahu2021: bets 20
MarianSeidel: folds 
marcio1979: calls 20
*** TURN *** [6h Ks 3c] [Js]
marcio1979: checks 
Mahu2021: bets 20
marcio1979: calls 20
*** RIVER *** [6h Ks 3c Js] [7h]
marcio1979: checks 
Mahu2021: checks 
*** SHOW DOWN ***
marcio1979: shows [7d 5d] (a pair of Sevens)
Mahu2021: shows [5h Kc] (a pair of Kings)
Mahu2021 collected 140 from pot
*** SUMMARY ***
Total pot 140 | Rake 0 
Board [6h Ks 3c Js 7h]
Seat 1: MarianSeidel (button) folded on the Flop
Seat 2: marcio1979 (small blind) showed [7d 5d] and lost with a pair of Sevens
Seat 3: Mahu2021 (big blind) showed [5h Kc] and won (140) with a pair of Kings



PokerStars Hand #252759887638: Tournament #3808019828, $1.84+$0.16 USD Hold'em No Limit - Level I (10/20) - 2024/10/04 13:46:50 CET [2024/10/04 7:46:50 ET]
Table '3808019828 1' 3-max Seat #2 is the button
Seat 1: MarianSeidel (480 in chips) 
Seat 2: marcio1979 (440 in chips) 
Seat 3: Mahu2021 (580 in chips) 
Mahu2021: posts small blind 10
MarianSeidel: posts big blind 20
*** HOLE CARDS ***
Dealt to Mahu2021 [Kc Tc]
marcio1979: folds 
Mahu2021: raises 20 to 40
MarianSeidel: calls 20
*** FLOP *** [6h 3h 9c]
Mahu2021: checks 
MarianSeidel: checks 
*** TURN *** [6h 3h 9c] [Th]
Mahu2021: bets 40
MarianSeidel: calls 40
*** RIVER *** [6h 3h 9c Th] [Qh]
Mahu2021: checks 
MarianSeidel: bets 400 and is all-in
Mahu2021: folds 
Uncalled bet (400) returned to MarianSeidel
MarianSeidel collected 160 from pot
MarianSeidel: doesn't show hand 
*** SUMMARY ***
Total pot 160 | Rake 0 
Board [6h 3h 9c Th Qh]
Seat 1: MarianSeidel (big blind) collected (160)
Seat 2: marcio1979 (button) folded before Flop (didn't bet)
Seat 3: Mahu2021 (small blind) folded on the River



PokerStars Hand #252759892831: Tournament #3808019828, $1.84+$0.16 USD Hold'em No Limit - Level I (10/20) - 2024/10/04 13:47:24 CET [2024/10/04 7:47:24 ET]
Table '3808019828 1' 3-max Seat #3 is the button
Seat 1: MarianSeidel (560 in chips) 
Seat 2: marcio1979 (440 in chips) 
Seat 3: Mahu2021 (500 in chips) 
MarianSeidel: posts small blind 10
marcio1979: posts big blind 20
*** HOLE CARDS ***
Dealt to Mahu2021 [8d 8h]
Mahu2021: raises 480 to 500 and is all-in
MarianSeidel: folds 
marcio1979: folds 
Uncalled bet (480) returned to Mahu2021
Mahu2021 collected 50 from pot
Mahu2021: doesn't show hand 
*** SUMMARY ***
Total pot 50 | Rake 0 
Seat 1: MarianSeidel (small blind) folded before Flop
Seat 2: marcio1979 (big blind) folded before Flop
Seat 3: Mahu2021 (button) collected (50)



PokerStars Hand #252759894182: Tournament #3808019828, $1.84+$0.16 USD Hold'em No Limit - Level I (10/20) - 2024/10/04 13:47:33 CET [2024/10/04 7:47:33 ET]
Table '3808019828 1' 3-max Seat #1 is the button
Seat 1: MarianSeidel (550 in chips) 
Seat 2: marcio1979 (420 in chips) 
Seat 3: Mahu2021 (530 in chips) 
marcio1979: posts small blind 10
Mahu2021: posts big blind 20
*** HOLE CARDS ***
Dealt to Mahu2021 [Kc Kh]
MarianSeidel: calls 20
marcio1979: calls 10
Mahu2021: raises 510 to 530 and is all-in
MarianSeidel: calls 510
marcio1979: folds 
*** FLOP *** [5d Th 9s]
*** TURN *** [5d Th 9s] [9h]
*** RIVER *** [5d Th 9s 9h] [5s]
*** SHOW DOWN ***
Mahu2021: shows [Kc Kh] (two pair, Kings and Nines)
MarianSeidel: shows [8d Qd] (two pair, Nines and Fives)
Mahu2021 collected 1080 from pot
*** SUMMARY ***
Total pot 1080 | Rake 0 
Board [5d Th 9s 9h 5s]
Seat 1: MarianSeidel (button) showed [8d Qd] and lost with two pair, Nines and Fives
Seat 2: marcio1979 (small blind) folded before Flop
Seat 3: Mahu2021 (big blind) showed [Kc Kh] and won (1080) with two pair, Kings and Nines



PokerStars Hand #252759897485: Tournament #3808019828, $1.84+$0.16 USD Hold'em No Limit - Level I (10/20) - 2024/10/04 13:47:54 CET [2024/10/04 7:47:54 ET]
Table '3808019828 1' 3-max Seat #2 is the button
Seat 1: MarianSeidel (20 in chips) 
Seat 2: marcio1979 (400 in chips) 
Seat 3: Mahu2021 (1080 in chips) 
Mahu2021: posts small blind 10
MarianSeidel: posts big blind 20 and is all-in
*** HOLE CARDS ***
Dealt to Mahu2021 [5s 2s]
marcio1979: raises 20 to 40
Mahu2021: folds 
Uncalled bet (20) returned to marcio1979
*** FLOP *** [6c 6h 9d]
*** TURN *** [6c 6h 9d] [4s]
*** RIVER *** [6c 6h 9d 4s] [Qd]
*** SHOW DOWN ***
MarianSeidel: shows [7d 3s] (a pair of Sixes)
marcio1979: shows [9h 8h] (two pair, Nines and Sixes)
marcio1979 collected 50 from pot
MarianSeidel finished the tournament in 3rd place
*** SUMMARY ***
Total pot 50 | Rake 0 
Board [6c 6h 9d 4s Qd]
Seat 1: MarianSeidel (big blind) showed [7d 3s] and lost with a pair of Sixes
Seat 2: marcio1979 (button) showed [9h 8h] and won (50) with two pair, Nines and Sixes
Seat 3: Mahu2021 (small blind) folded before Flop



PokerStars Hand #252759900411: Tournament #3808019828, $1.84+$0.16 USD Hold'em No Limit - Level I (10/20) - 2024/10/04 13:48:14 CET [2024/10/04 7:48:14 ET]
Table '3808019828 1' 3-max Seat #3 is the button
Seat 2: marcio1979 (430 in chips) 
Seat 3: Mahu2021 (1070 in chips) 
Mahu2021: posts small blind 10
marcio1979: posts big blind 20
*** HOLE CARDS ***
Dealt to Mahu2021 [Ah 6d]
Mahu2021: raises 20 to 40
marcio1979: calls 20
*** FLOP *** [5c 5h Ad]
marcio1979: checks 
Mahu2021: bets 40
marcio1979: calls 40
*** TURN *** [5c 5h Ad] [9h]
marcio1979: checks 
Mahu2021: bets 160
marcio1979: folds 
Uncalled bet (160) returned to Mahu2021
Mahu2021 collected 160 from pot
Mahu2021: doesn't show hand 
*** SUMMARY ***
Total pot 160 | Rake 0 
Board [5c 5h Ad 9h]
Seat 2: marcio1979 (big blind) folded on the Turn
Seat 3: Mahu2021 (button) (small blind) collected (160)



PokerStars Hand #252759904530: Tournament #3808019828, $1.84+$0.16 USD Hold'em No Limit - Level I (10/20) - 2024/10/04 13:48:40 CET [2024/10/04 7:48:40 ET]
Table '3808019828 1' 3-max Seat #2 is the button
Seat 2: marcio1979 (350 in chips) 
Seat 3: Mahu2021 (1150 in chips) 
marcio1979: posts small blind 10
Mahu2021: posts big blind 20
*** HOLE CARDS ***
Dealt to Mahu2021 [4h 9s]
marcio1979: folds 
Uncalled bet (10) returned to Mahu2021
Mahu2021 collected 20 from pot
Mahu2021: doesn't show hand 
*** SUMMARY ***
Total pot 20 | Rake 0 
Seat 2: marcio1979 (button) (small blind) folded before Flop
Seat 3: Mahu2021 (big blind) collected (20)



PokerStars Hand #252759905235: Tournament #3808019828, $1.84+$0.16 USD Hold'em No Limit - Level I (10/20) - 2024/10/04 13:48:45 CET [2024/10/04 7:48:45 ET]
Table '3808019828 1' 3-max Seat #3 is the button
Seat 2: marcio1979 (340 in chips) 
Seat 3: Mahu2021 (1160 in chips) 
Mahu2021: posts small blind 10
marcio1979: posts big blind 20
*** HOLE CARDS ***
Dealt to Mahu2021 [6d Kc]
Mahu2021: raises 20 to 40
marcio1979: folds 
Uncalled bet (20) returned to Mahu2021
Mahu2021 collected 40 from pot
Mahu2021: doesn't show hand 
*** SUMMARY ***
Total pot 40 | Rake 0 
Seat 2: marcio1979 (big blind) folded before Flop
Seat 3: Mahu2021 (button) (small blind) collected (40)



PokerStars Hand #252759906461: Tournament #3808019828, $1.84+$0.16 USD Hold'em No Limit - Level I (10/20) - 2024/10/04 13:48:53 CET [2024/10/04 7:48:53 ET]
Table '3808019828 1' 3-max Seat #2 is the button
Seat 2: marcio1979 (320 in chips) 
Seat 3: Mahu2021 (1180 in chips) 
marcio1979: posts small blind 10
Mahu2021: posts big blind 20
*** HOLE CARDS ***
Dealt to Mahu2021 [9d 6h]
marcio1979: calls 10
Mahu2021: checks 
*** FLOP *** [6s Js Kd]
Mahu2021: checks 
marcio1979: bets 20
Mahu2021: calls 20
*** TURN *** [6s Js Kd] [Kc]
Mahu2021: checks 
marcio1979: checks 
*** RIVER *** [6s Js Kd Kc] [8h]
Mahu2021: bets 40
marcio1979: calls 40
*** SHOW DOWN ***
Mahu2021: shows [9d 6h] (two pair, Kings and Sixes)
marcio1979: shows [3h 8c] (two pair, Kings and Eights)
marcio1979 collected 160 from pot
*** SUMMARY ***
Total pot 160 | Rake 0 
Board [6s Js Kd Kc 8h]
Seat 2: marcio1979 (button) (small blind) showed [3h 8c] and won (160) with two pair, Kings and Eights
Seat 3: Mahu2021 (big blind) showed [9d 6h] and lost with two pair, Kings and Sixes



PokerStars Hand #252759910603: Tournament #3808019828, $1.84+$0.16 USD Hold'em No Limit - Level I (10/20) - 2024/10/04 13:49:20 CET [2024/10/04 7:49:20 ET]
Table '3808019828 1' 3-max Seat #3 is the button
Seat 2: marcio1979 (400 in chips) 
Seat 3: Mahu2021 (1100 in chips) 
Mahu2021: posts small blind 10
marcio1979: posts big blind 20
*** HOLE CARDS ***
Dealt to Mahu2021 [6s 2c]
Mahu2021: folds 
Uncalled bet (10) returned to marcio1979
marcio1979 collected 20 from pot
*** SUMMARY ***
Total pot 20 | Rake 0 
Seat 2: marcio1979 (big blind) collected (20)
Seat 3: Mahu2021 (button) (small blind) folded before Flop



PokerStars Hand #252759911498: Tournament #3808019828, $1.84+$0.16 USD Hold'em No Limit - Level I (10/20) - 2024/10/04 13:49:25 CET [2024/10/04 7:49:25 ET]
Table '3808019828 1' 3-max Seat #2 is the button
Seat 2: marcio1979 (410 in chips) 
Seat 3: Mahu2021 (1090 in chips) 
marcio1979: posts small blind 10
Mahu2021: posts big blind 20
*** HOLE CARDS ***
Dealt to Mahu2021 [Th 6h]
marcio1979: raises 20 to 40
Mahu2021: calls 20
*** FLOP *** [Jd 4c Td]
Mahu2021: checks 
marcio1979: bets 40
Mahu2021: calls 40
*** TURN *** [Jd 4c Td] [2h]
Mahu2021: checks 
marcio1979: checks 
*** RIVER *** [Jd 4c Td 2h] [5c]
Mahu2021: checks 
marcio1979: checks 
*** SHOW DOWN ***
Mahu2021: shows [Th 6h] (a pair of Tens)
marcio1979: mucks hand 
Mahu2021 collected 160 from pot
*** SUMMARY ***
Total pot 160 | Rake 0 
Board [Jd 4c Td 2h 5c]
Seat 2: marcio1979 (button) (small blind) mucked [Ac 7h]
Seat 3: Mahu2021 (big blind) showed [Th 6h] and won (160) with a pair of Tens



PokerStars Hand #252759915441: Tournament #3808019828, $1.84+$0.16 USD Hold'em No Limit - Level II (15/30) - 2024/10/04 13:49:50 CET [2024/10/04 7:49:50 ET]
Table '3808019828 1' 3-max Seat #3 is the button
Seat 2: marcio1979 (330 in chips) 
Seat 3: Mahu2021 (1170 in chips) 
Mahu2021: posts small blind 15
marcio1979: posts big blind 30
*** HOLE CARDS ***
Dealt to Mahu2021 [As 6h]
Mahu2021: raises 1140 to 1170 and is all-in
marcio1979: calls 300 and is all-in
Uncalled bet (840) returned to Mahu2021
*** FLOP *** [Tc 2d Jd]
*** TURN *** [Tc 2d Jd] [5d]
*** RIVER *** [Tc 2d Jd 5d] [Jc]
*** SHOW DOWN ***
marcio1979: shows [Th Kh] (two pair, Jacks and Tens)
Mahu2021: shows [As 6h] (a pair of Jacks)
marcio1979 collected 660 from pot
*** SUMMARY ***
Total pot 660 | Rake 0 
Board [Tc 2d Jd 5d Jc]
Seat 2: marcio1979 (big blind) showed [Th Kh] and won (660) with two pair, Jacks and Tens
Seat 3: Mahu2021 (button) (small blind) showed [As 6h] and lost with a pair of Jacks



PokerStars Hand #252759917414: Tournament #3808019828, $1.84+$0.16 USD Hold'em No Limit - Level II (15/30) - 2024/10/04 13:50:03 CET [2024/10/04 7:50:03 ET]
Table '3808019828 1' 3-max Seat #2 is the button
Seat 2: marcio1979 (660 in chips) 
Seat 3: Mahu2021 (840 in chips) 
marcio1979: posts small blind 15
Mahu2021: posts big blind 30
*** HOLE CARDS ***
Dealt to Mahu2021 [Jc 2d]
marcio1979: calls 15
Mahu2021: checks 
*** FLOP *** [Ah Kh 2c]
Mahu2021: checks 
marcio1979: checks 
*** TURN *** [Ah Kh 2c] [Qs]
Mahu2021: bets 30
marcio1979: calls 30
*** RIVER *** [Ah Kh 2c Qs] [3d]
Mahu2021: checks 
marcio1979: checks 
*** SHOW DOWN ***
Mahu2021: shows [Jc 2d] (a pair of Deuces)
marcio1979: shows [Tc 3h] (a pair of Threes)
marcio1979 collected 120 from pot
*** SUMMARY ***
Total pot 120 | Rake 0 
Board [Ah Kh 2c Qs 3d]
Seat 2: marcio1979 (button) (small blind) showed [Tc 3h] and won (120) with a pair of Threes
Seat 3: Mahu2021 (big blind) showed [Jc 2d] and lost with a pair of Deuces



PokerStars Hand #252759920061: Tournament #3808019828, $1.84+$0.16 USD Hold'em No Limit - Level II (15/30) - 2024/10/04 13:50:20 CET [2024/10/04 7:50:20 ET]
Table '3808019828 1' 3-max Seat #3 is the button
Seat 2: marcio1979 (720 in chips) 
Seat 3: Mahu2021 (780 in chips) 
Mahu2021: posts small blind 15
marcio1979: posts big blind 30
*** HOLE CARDS ***
Dealt to Mahu2021 [Jd 8s]
Mahu2021: raises 30 to 60
marcio1979: folds 
Uncalled bet (30) returned to Mahu2021
Mahu2021 collected 60 from pot
Mahu2021: doesn't show hand 
*** SUMMARY ***
Total pot 60 | Rake 0 
Seat 2: marcio1979 (big blind) folded before Flop
Seat 3: Mahu2021 (button) (small blind) collected (60)



PokerStars Hand #252759921151: Tournament #3808019828, $1.84+$0.16 USD Hold'em No Limit - Level II (15/30) - 2024/10/04 13:50:27 CET [2024/10/04 7:50:27 ET]
Table '3808019828 1' 3-max Seat #2 is the button
Seat 2: marcio1979 (690 in chips) 
Seat 3: Mahu2021 (810 in chips) 
marcio1979: posts small blind 15
Mahu2021: posts big blind 30
*** HOLE CARDS ***
Dealt to Mahu2021 [6h Qh]
marcio1979: raises 30 to 60
Mahu2021: calls 30
*** FLOP *** [3d 5c 4c]
Mahu2021: checks 
marcio1979: bets 630 and is all-in
Mahu2021: folds 
Uncalled bet (630) returned to marcio1979
marcio1979 collected 120 from pot
*** SUMMARY ***
Total pot 120 | Rake 0 
Board [3d 5c 4c]
Seat 2: marcio1979 (button) (small blind) collected (120)
Seat 3: Mahu2021 (big blind) folded on the Flop



PokerStars Hand #252759923032: Tournament #3808019828, $1.84+$0.16 USD Hold'em No Limit - Level II (15/30) - 2024/10/04 13:50:39 CET [2024/10/04 7:50:39 ET]
Table '3808019828 1' 3-max Seat #3 is the button
Seat 2: marcio1979 (750 in chips) 
Seat 3: Mahu2021 (750 in chips) 
Mahu2021: posts small blind 15
marcio1979: posts big blind 30
*** HOLE CARDS ***
Dealt to Mahu2021 [Kh Ad]
Mahu2021: raises 30 to 60
marcio1979: calls 30
*** FLOP *** [9d 5c 5s]
marcio1979: checks 
Mahu2021: checks 
*** TURN *** [9d 5c 5s] [6d]
marcio1979: checks 
Mahu2021: checks 
*** RIVER *** [9d 5c 5s 6d] [7d]
marcio1979: checks 
Mahu2021: bets 60
marcio1979: calls 60
*** SHOW DOWN ***
Mahu2021: shows [Kh Ad] (a pair of Fives)
marcio1979: mucks hand 
Mahu2021 collected 240 from pot
*** SUMMARY ***
Total pot 240 | Rake 0 
Board [9d 5c 5s 6d 7d]
Seat 2: marcio1979 (big blind) mucked [Ks 2c]
Seat 3: Mahu2021 (button) (small blind) showed [Kh Ad] and won (240) with a pair of Fives



PokerStars Hand #252759925991: Tournament #3808019828, $1.84+$0.16 USD Hold'em No Limit - Level II (15/30) - 2024/10/04 13:50:58 CET [2024/10/04 7:50:58 ET]
Table '3808019828 1' 3-max Seat #2 is the button
Seat 2: marcio1979 (630 in chips) 
Seat 3: Mahu2021 (870 in chips) 
marcio1979: posts small blind 15
Mahu2021: posts big blind 30
*** HOLE CARDS ***
Dealt to Mahu2021 [6s 9s]
marcio1979: raises 30 to 60
Mahu2021: calls 30
*** FLOP *** [Ah Ts 8d]
Mahu2021: checks 
marcio1979: bets 60
Mahu2021: calls 60
*** TURN *** [Ah Ts 8d] [2c]
Mahu2021: checks 
marcio1979: bets 120
Mahu2021: folds 
Uncalled bet (120) returned to marcio1979
marcio1979 collected 240 from pot
*** SUMMARY ***
Total pot 240 | Rake 0 
Board [Ah Ts 8d 2c]
Seat 2: marcio1979 (button) (small blind) collected (240)
Seat 3: Mahu2021 (big blind) folded on the Turn



PokerStars Hand #252759928434: Tournament #3808019828, $1.84+$0.16 USD Hold'em No Limit - Level II (15/30) - 2024/10/04 13:51:14 CET [2024/10/04 7:51:14 ET]
Table '3808019828 1' 3-max Seat #3 is the button
Seat 2: marcio1979 (750 in chips) 
Seat 3: Mahu2021 (750 in chips) 
Mahu2021: posts small blind 15
marcio1979: posts big blind 30
*** HOLE CARDS ***
Dealt to Mahu2021 [Td Ah]
Mahu2021: raises 30 to 60
marcio1979: calls 30
*** FLOP *** [2c 5h 8c]
marcio1979: checks 
Mahu2021: checks 
*** TURN *** [2c 5h 8c] [8s]
marcio1979: checks 
Mahu2021: bets 60
marcio1979: raises 630 to 690 and is all-in
Mahu2021: folds 
Uncalled bet (630) returned to marcio1979
marcio1979 collected 240 from pot
*** SUMMARY ***
Total pot 240 | Rake 0 
Board [2c 5h 8c 8s]
Seat 2: marcio1979 (big blind) collected (240)
Seat 3: Mahu2021 (button) (small blind) folded on the Turn



PokerStars Hand #252759931458: Tournament #3808019828, $1.84+$0.16 USD Hold'em No Limit - Level II (15/30) - 2024/10/04 13:51:33 CET [2024/10/04 7:51:33 ET]
Table '3808019828 1' 3-max Seat #2 is the button
Seat 2: marcio1979 (870 in chips) 
Seat 3: Mahu2021 (630 in chips) 
marcio1979: posts small blind 15
Mahu2021: posts big blind 30
*** HOLE CARDS ***
Dealt to Mahu2021 [2s Ad]
marcio1979: calls 15
Mahu2021: raises 600 to 630 and is all-in
marcio1979: folds 
Uncalled bet (600) returned to Mahu2021
Mahu2021 collected 60 from pot
Mahu2021: doesn't show hand 
*** SUMMARY ***
Total pot 60 | Rake 0 
Seat 2: marcio1979 (button) (small blind) folded before Flop
Seat 3: Mahu2021 (big blind) collected (60)



PokerStars Hand #252759932749: Tournament #3808019828, $1.84+$0.16 USD Hold'em No Limit - Level II (15/30) - 2024/10/04 13:51:42 CET [2024/10/04 7:51:42 ET]
Table '3808019828 1' 3-max Seat #3 is the button
Seat 2: marcio1979 (840 in chips) 
Seat 3: Mahu2021 (660 in chips) 
Mahu2021: posts small blind 15
marcio1979: posts big blind 30
*** HOLE CARDS ***
Dealt to Mahu2021 [4c Jc]
Mahu2021: raises 30 to 60
marcio1979: raises 120 to 180
Mahu2021: calls 120
*** FLOP *** [5h Qh 2d]
marcio1979: bets 660 and is all-in
Mahu2021: folds 
Uncalled bet (660) returned to marcio1979
marcio1979 collected 360 from pot
*** SUMMARY ***
Total pot 360 | Rake 0 
Board [5h Qh 2d]
Seat 2: marcio1979 (big blind) collected (360)
Seat 3: Mahu2021 (button) (small blind) folded on the Flop



PokerStars Hand #252759934633: Tournament #3808019828, $1.84+$0.16 USD Hold'em No Limit - Level II (15/30) - 2024/10/04 13:51:54 CET [2024/10/04 7:51:54 ET]
Table '3808019828 1' 3-max Seat #2 is the button
Seat 2: marcio1979 (1020 in chips) 
Seat 3: Mahu2021 (480 in chips) 
marcio1979: posts small blind 15
Mahu2021: posts big blind 30
*** HOLE CARDS ***
Dealt to Mahu2021 [Ts 6c]
marcio1979: folds 
Uncalled bet (15) returned to Mahu2021
Mahu2021 collected 30 from pot
Mahu2021: doesn't show hand 
*** SUMMARY ***
Total pot 30 | Rake 0 
Seat 2: marcio1979 (button) (small blind) folded before Flop
Seat 3: Mahu2021 (big blind) collected (30)



PokerStars Hand #252759935359: Tournament #3808019828, $1.84+$0.16 USD Hold'em No Limit - Level II (15/30) - 2024/10/04 13:51:59 CET [2024/10/04 7:51:59 ET]
Table '3808019828 1' 3-max Seat #3 is the button
Seat 2: marcio1979 (1005 in chips) 
Seat 3: Mahu2021 (495 in chips) 
Mahu2021: posts small blind 15
marcio1979: posts big blind 30
*** HOLE CARDS ***
Dealt to Mahu2021 [6d Ah]
Mahu2021: raises 30 to 60
marcio1979: raises 945 to 1005 and is all-in
Mahu2021: calls 435 and is all-in
Uncalled bet (510) returned to marcio1979
*** FLOP *** [6h 8d 9h]
*** TURN *** [6h 8d 9h] [4s]
*** RIVER *** [6h 8d 9h 4s] [9d]
*** SHOW DOWN ***
marcio1979: shows [7h 7c] (two pair, Nines and Sevens)
Mahu2021: shows [6d Ah] (two pair, Nines and Sixes)
marcio1979 collected 990 from pot
Mahu2021 finished the tournament in 2nd place
marcio1979 wins the tournament and receives $6.00 - congratulations!
*** SUMMARY ***
Total pot 990 | Rake 0 
Board [6h 8d 9h 4s 9d]
Seat 2: marcio1979 (big blind) showed [7h 7c] and won (990) with two pair, Nines and Sevens
Seat 3: Mahu2021 (button) (small blind) showed [6d Ah] and lost with two pair, Nines and Sixes



