PokerStars Hand #247029167642: Tournament #3671331107, $1.84+$0.16 USD Hold'em No Limit - Level I (10/20) - 2023/11/10 16:34:26 CET [2023/11/10 10:34:26 ET]
Table '3671331107 1' 3-max Seat #1 is the button
Seat 1: Mahu2021 (500 in chips) 
Seat 2: >28>Serj<28< (500 in chips) 
Seat 3: Tsogt70 (500 in chips) 
>28>Serj<28<: posts small blind 10
Tsogt70: posts big blind 20
*** HOLE CARDS ***
Dealt to Mahu2021 [Tc 6h]
Mahu2021: folds 
>28>Serj<28<: raises 24 to 44
Tsogt70: raises 456 to 500 and is all-in
>28>Serj<28<: calls 456 and is all-in
*** FLOP *** [Qh Jd 4s]
*** TURN *** [Qh Jd 4s] [8h]
*** RIVER *** [Qh Jd 4s 8h] [Js]
*** SHOW DOWN ***
>28>Serj<28<: shows [Qs Ts] (two pair, Queens and Jacks)
Tsogt70: shows [Ac 8s] (two pair, Jacks and Eights)
>28>Serj<28< collected 1000 from pot
Tsogt70 finished the tournament in 3rd place
*** SUMMARY ***
Total pot 1000 | Rake 0 
Board [Qh Jd 4s 8h Js]
Seat 1: Mahu2021 (button) folded before Flop (didn't bet)
Seat 2: >28>Serj<28< (small blind) showed [Qs Ts] and won (1000) with two pair, Queens and Jacks
Seat 3: Tsogt70 (big blind) showed [Ac 8s] and lost with two pair, Jacks and Eights



PokerStars Hand #247029173618: Tournament #3671331107, $1.84+$0.16 USD Hold'em No Limit - Level I (10/20) - 2023/11/10 16:34:50 CET [2023/11/10 10:34:50 ET]
Table '3671331107 1' 3-max Seat #2 is the button
Seat 1: Mahu2021 (500 in chips) 
Seat 2: >28>Serj<28< (1000 in chips) 
>28>Serj<28<: posts small blind 10
Mahu2021: posts big blind 20
*** HOLE CARDS ***
Dealt to Mahu2021 [6c Ad]
>28>Serj<28<: raises 24 to 44
Mahu2021: calls 24
*** FLOP *** [Td 7d 8d]
Mahu2021: checks 
>28>Serj<28<: checks 
*** TURN *** [Td 7d 8d] [9h]
Mahu2021: bets 40
>28>Serj<28<: calls 40
*** RIVER *** [Td 7d 8d 9h] [6d]
Mahu2021: bets 100
>28>Serj<28<: folds 
Uncalled bet (100) returned to Mahu2021
Mahu2021 collected 168 from pot
Mahu2021: doesn't show hand 
*** SUMMARY ***
Total pot 168 | Rake 0 
Board [Td 7d 8d 9h 6d]
Seat 1: Mahu2021 (big blind) collected (168)
Seat 2: >28>Serj<28< (button) (small blind) folded on the River



PokerStars Hand #247029182715: Tournament #3671331107, $1.84+$0.16 USD Hold'em No Limit - Level I (10/20) - 2023/11/10 16:35:27 CET [2023/11/10 10:35:27 ET]
Table '3671331107 1' 3-max Seat #1 is the button
Seat 1: Mahu2021 (584 in chips) 
Seat 2: >28>Serj<28< (916 in chips) 
Mahu2021: posts small blind 10
>28>Serj<28<: posts big blind 20
*** HOLE CARDS ***
Dealt to Mahu2021 [9c Qh]
Mahu2021: folds 
Uncalled bet (10) returned to >28>Serj<28<
>28>Serj<28< collected 20 from pot
*** SUMMARY ***
Total pot 20 | Rake 0 
Seat 1: Mahu2021 (button) (small blind) folded before Flop
Seat 2: >28>Serj<28< (big blind) collected (20)



PokerStars Hand #247029184478: Tournament #3671331107, $1.84+$0.16 USD Hold'em No Limit - Level I (10/20) - 2023/11/10 16:35:34 CET [2023/11/10 10:35:34 ET]
Table '3671331107 1' 3-max Seat #2 is the button
Seat 1: Mahu2021 (574 in chips) 
Seat 2: >28>Serj<28< (926 in chips) 
>28>Serj<28<: posts small blind 10
Mahu2021: posts big blind 20
*** HOLE CARDS ***
Dealt to Mahu2021 [8s 9d]
>28>Serj<28<: calls 10
Mahu2021: checks 
*** FLOP *** [4s Jd Jc]
Mahu2021: checks 
>28>Serj<28<: checks 
*** TURN *** [4s Jd Jc] [2h]
Mahu2021: checks 
>28>Serj<28<: checks 
*** RIVER *** [4s Jd Jc 2h] [Tc]
Mahu2021: checks 
>28>Serj<28<: checks 
*** SHOW DOWN ***
Mahu2021: shows [8s 9d] (a pair of Jacks)
>28>Serj<28<: shows [Ks 3s] (a pair of Jacks - King kicker)
>28>Serj<28< collected 40 from pot
*** SUMMARY ***
Total pot 40 | Rake 0 
Board [4s Jd Jc 2h Tc]
Seat 1: Mahu2021 (big blind) showed [8s 9d] and lost with a pair of Jacks
Seat 2: >28>Serj<28< (button) (small blind) showed [Ks 3s] and won (40) with a pair of Jacks



PokerStars Hand #247029188026: Tournament #3671331107, $1.84+$0.16 USD Hold'em No Limit - Level I (10/20) - 2023/11/10 16:35:48 CET [2023/11/10 10:35:48 ET]
Table '3671331107 1' 3-max Seat #1 is the button
Seat 1: Mahu2021 (554 in chips) 
Seat 2: >28>Serj<28< (946 in chips) 
Mahu2021: posts small blind 10
>28>Serj<28<: posts big blind 20
*** HOLE CARDS ***
Dealt to Mahu2021 [7d 8s]
Mahu2021: raises 20 to 40
>28>Serj<28<: calls 20
*** FLOP *** [6c Th Kh]
>28>Serj<28<: checks 
Mahu2021: checks 
*** TURN *** [6c Th Kh] [7c]
>28>Serj<28<: bets 40
Mahu2021: calls 40
*** RIVER *** [6c Th Kh 7c] [4s]
>28>Serj<28<: bets 80
Mahu2021: calls 80
*** SHOW DOWN ***
>28>Serj<28<: shows [6d Kc] (two pair, Kings and Sixes)
Mahu2021: mucks hand 
>28>Serj<28< collected 320 from pot
*** SUMMARY ***
Total pot 320 | Rake 0 
Board [6c Th Kh 7c 4s]
Seat 1: Mahu2021 (button) (small blind) mucked [7d 8s]
Seat 2: >28>Serj<28< (big blind) showed [6d Kc] and won (320) with two pair, Kings and Sixes



PokerStars Hand #247029193352: Tournament #3671331107, $1.84+$0.16 USD Hold'em No Limit - Level I (10/20) - 2023/11/10 16:36:09 CET [2023/11/10 10:36:09 ET]
Table '3671331107 1' 3-max Seat #2 is the button
Seat 1: Mahu2021 (394 in chips) 
Seat 2: >28>Serj<28< (1106 in chips) 
>28>Serj<28<: posts small blind 10
Mahu2021: posts big blind 20
*** HOLE CARDS ***
Dealt to Mahu2021 [Ah 6c]
>28>Serj<28<: calls 10
Mahu2021: checks 
*** FLOP *** [9d 4s Th]
Mahu2021: checks 
>28>Serj<28<: bets 20
Mahu2021: folds 
Uncalled bet (20) returned to >28>Serj<28<
>28>Serj<28< collected 40 from pot
*** SUMMARY ***
Total pot 40 | Rake 0 
Board [9d 4s Th]
Seat 1: Mahu2021 (big blind) folded on the Flop
Seat 2: >28>Serj<28< (button) (small blind) collected (40)



PokerStars Hand #247029197276: Tournament #3671331107, $1.84+$0.16 USD Hold'em No Limit - Level I (10/20) - 2023/11/10 16:36:24 CET [2023/11/10 10:36:24 ET]
Table '3671331107 1' 3-max Seat #1 is the button
Seat 1: Mahu2021 (374 in chips) 
Seat 2: >28>Serj<28< (1126 in chips) 
Mahu2021: posts small blind 10
>28>Serj<28<: posts big blind 20
*** HOLE CARDS ***
Dealt to Mahu2021 [Ah 5c]
Mahu2021: raises 20 to 40
>28>Serj<28<: raises 1086 to 1126 and is all-in
Mahu2021: calls 334 and is all-in
Uncalled bet (752) returned to >28>Serj<28<
*** FLOP *** [Jc Jd Qd]
*** TURN *** [Jc Jd Qd] [3h]
*** RIVER *** [Jc Jd Qd 3h] [Jh]
*** SHOW DOWN ***
>28>Serj<28<: shows [8c As] (three of a kind, Jacks)
Mahu2021: shows [Ah 5c] (three of a kind, Jacks)
>28>Serj<28< collected 374 from pot
Mahu2021 collected 374 from pot
*** SUMMARY ***
Total pot 748 | Rake 0 
Board [Jc Jd Qd 3h Jh]
Seat 1: Mahu2021 (button) (small blind) showed [Ah 5c] and won (374) with three of a kind, Jacks
Seat 2: >28>Serj<28< (big blind) showed [8c As] and won (374) with three of a kind, Jacks



PokerStars Hand #247029201914: Tournament #3671331107, $1.84+$0.16 USD Hold'em No Limit - Level II (15/30) - 2023/11/10 16:36:43 CET [2023/11/10 10:36:43 ET]
Table '3671331107 1' 3-max Seat #2 is the button
Seat 1: Mahu2021 (374 in chips) 
Seat 2: >28>Serj<28< (1126 in chips) 
>28>Serj<28<: posts small blind 15
Mahu2021: posts big blind 30
*** HOLE CARDS ***
Dealt to Mahu2021 [6h 5h]
>28>Serj<28<: folds 
Uncalled bet (15) returned to Mahu2021
Mahu2021 collected 30 from pot
Mahu2021: doesn't show hand 
*** SUMMARY ***
Total pot 30 | Rake 0 
Seat 1: Mahu2021 (big blind) collected (30)
Seat 2: >28>Serj<28< (button) (small blind) folded before Flop



PokerStars Hand #247029203409: Tournament #3671331107, $1.84+$0.16 USD Hold'em No Limit - Level II (15/30) - 2023/11/10 16:36:49 CET [2023/11/10 10:36:49 ET]
Table '3671331107 1' 3-max Seat #1 is the button
Seat 1: Mahu2021 (389 in chips) 
Seat 2: >28>Serj<28< (1111 in chips) 
Mahu2021: posts small blind 15
>28>Serj<28<: posts big blind 30
*** HOLE CARDS ***
Dealt to Mahu2021 [Ah 4c]
Mahu2021: raises 359 to 389 and is all-in
>28>Serj<28<: folds 
Uncalled bet (359) returned to Mahu2021
Mahu2021 collected 60 from pot
Mahu2021: doesn't show hand 
*** SUMMARY ***
Total pot 60 | Rake 0 
Seat 1: Mahu2021 (button) (small blind) collected (60)
Seat 2: >28>Serj<28< (big blind) folded before Flop



PokerStars Hand #247029205206: Tournament #3671331107, $1.84+$0.16 USD Hold'em No Limit - Level II (15/30) - 2023/11/10 16:36:56 CET [2023/11/10 10:36:56 ET]
Table '3671331107 1' 3-max Seat #2 is the button
Seat 1: Mahu2021 (419 in chips) 
Seat 2: >28>Serj<28< (1081 in chips) 
>28>Serj<28<: posts small blind 15
Mahu2021: posts big blind 30
*** HOLE CARDS ***
Dealt to Mahu2021 [6h 9d]
>28>Serj<28<: calls 15
Mahu2021: checks 
*** FLOP *** [Js 3s 8s]
Mahu2021: checks 
>28>Serj<28<: bets 30
Mahu2021: folds 
Uncalled bet (30) returned to >28>Serj<28<
>28>Serj<28< collected 60 from pot
*** SUMMARY ***
Total pot 60 | Rake 0 
Board [Js 3s 8s]
Seat 1: Mahu2021 (big blind) folded on the Flop
Seat 2: >28>Serj<28< (button) (small blind) collected (60)



PokerStars Hand #247029208220: Tournament #3671331107, $1.84+$0.16 USD Hold'em No Limit - Level II (15/30) - 2023/11/10 16:37:07 CET [2023/11/10 10:37:07 ET]
Table '3671331107 1' 3-max Seat #1 is the button
Seat 1: Mahu2021 (389 in chips) 
Seat 2: >28>Serj<28< (1111 in chips) 
Mahu2021: posts small blind 15
>28>Serj<28<: posts big blind 30
*** HOLE CARDS ***
Dealt to Mahu2021 [5d Ac]
Mahu2021: calls 15
>28>Serj<28<: checks 
*** FLOP *** [7h 8d Ts]
>28>Serj<28<: checks 
Mahu2021: bets 30
>28>Serj<28<: raises 1051 to 1081 and is all-in
Mahu2021: folds 
Uncalled bet (1051) returned to >28>Serj<28<
>28>Serj<28< collected 120 from pot
*** SUMMARY ***
Total pot 120 | Rake 0 
Board [7h 8d Ts]
Seat 1: Mahu2021 (button) (small blind) folded on the Flop
Seat 2: >28>Serj<28< (big blind) collected (120)



PokerStars Hand #247029212896: Tournament #3671331107, $1.84+$0.16 USD Hold'em No Limit - Level II (15/30) - 2023/11/10 16:37:26 CET [2023/11/10 10:37:26 ET]
Table '3671331107 1' 3-max Seat #2 is the button
Seat 1: Mahu2021 (329 in chips) 
Seat 2: >28>Serj<28< (1171 in chips) 
>28>Serj<28<: posts small blind 15
Mahu2021: posts big blind 30
*** HOLE CARDS ***
Dealt to Mahu2021 [6c 4s]
>28>Serj<28<: calls 15
Mahu2021: checks 
*** FLOP *** [Jh 4h 4d]
Mahu2021: checks 
>28>Serj<28<: checks 
*** TURN *** [Jh 4h 4d] [2c]
Mahu2021: checks 
>28>Serj<28<: bets 30
Mahu2021: raises 30 to 60
>28>Serj<28<: folds 
Uncalled bet (30) returned to Mahu2021
Mahu2021 collected 120 from pot
Mahu2021: doesn't show hand 
*** SUMMARY ***
Total pot 120 | Rake 0 
Board [Jh 4h 4d 2c]
Seat 1: Mahu2021 (big blind) collected (120)
Seat 2: >28>Serj<28< (button) (small blind) folded on the Turn



PokerStars Hand #247029217634: Tournament #3671331107, $1.84+$0.16 USD Hold'em No Limit - Level II (15/30) - 2023/11/10 16:37:44 CET [2023/11/10 10:37:44 ET]
Table '3671331107 1' 3-max Seat #1 is the button
Seat 1: Mahu2021 (389 in chips) 
Seat 2: >28>Serj<28< (1111 in chips) 
Mahu2021: posts small blind 15
>28>Serj<28<: posts big blind 30
*** HOLE CARDS ***
Dealt to Mahu2021 [Ts 4h]
Mahu2021: folds 
Uncalled bet (15) returned to >28>Serj<28<
>28>Serj<28< collected 30 from pot
*** SUMMARY ***
Total pot 30 | Rake 0 
Seat 1: Mahu2021 (button) (small blind) folded before Flop
Seat 2: >28>Serj<28< (big blind) collected (30)



PokerStars Hand #247029218888: Tournament #3671331107, $1.84+$0.16 USD Hold'em No Limit - Level II (15/30) - 2023/11/10 16:37:49 CET [2023/11/10 10:37:49 ET]
Table '3671331107 1' 3-max Seat #2 is the button
Seat 1: Mahu2021 (374 in chips) 
Seat 2: >28>Serj<28< (1126 in chips) 
>28>Serj<28<: posts small blind 15
Mahu2021: posts big blind 30
*** HOLE CARDS ***
Dealt to Mahu2021 [Qh 5c]
>28>Serj<28<: raises 1096 to 1126 and is all-in
Mahu2021: folds 
Uncalled bet (1096) returned to >28>Serj<28<
>28>Serj<28< collected 60 from pot
*** SUMMARY ***
Total pot 60 | Rake 0 
Seat 1: Mahu2021 (big blind) folded before Flop
Seat 2: >28>Serj<28< (button) (small blind) collected (60)



PokerStars Hand #247029220699: Tournament #3671331107, $1.84+$0.16 USD Hold'em No Limit - Level II (15/30) - 2023/11/10 16:37:56 CET [2023/11/10 10:37:56 ET]
Table '3671331107 1' 3-max Seat #1 is the button
Seat 1: Mahu2021 (344 in chips) 
Seat 2: >28>Serj<28< (1156 in chips) 
Mahu2021: posts small blind 15
>28>Serj<28<: posts big blind 30
*** HOLE CARDS ***
Dealt to Mahu2021 [5d 4s]
Mahu2021: calls 15
>28>Serj<28<: checks 
*** FLOP *** [2h 7s 6c]
>28>Serj<28<: checks 
Mahu2021: bets 60
>28>Serj<28<: folds 
Uncalled bet (60) returned to Mahu2021
Mahu2021 collected 60 from pot
Mahu2021: doesn't show hand 
*** SUMMARY ***
Total pot 60 | Rake 0 
Board [2h 7s 6c]
Seat 1: Mahu2021 (button) (small blind) collected (60)
Seat 2: >28>Serj<28< (big blind) folded on the Flop



PokerStars Hand #247029223755: Tournament #3671331107, $1.84+$0.16 USD Hold'em No Limit - Level II (15/30) - 2023/11/10 16:38:08 CET [2023/11/10 10:38:08 ET]
Table '3671331107 1' 3-max Seat #2 is the button
Seat 1: Mahu2021 (374 in chips) 
Seat 2: >28>Serj<28< (1126 in chips) 
>28>Serj<28<: posts small blind 15
Mahu2021: posts big blind 30
*** HOLE CARDS ***
Dealt to Mahu2021 [Ah 4d]
>28>Serj<28<: folds 
Uncalled bet (15) returned to Mahu2021
Mahu2021 collected 30 from pot
Mahu2021: doesn't show hand 
*** SUMMARY ***
Total pot 30 | Rake 0 
Seat 1: Mahu2021 (big blind) collected (30)
Seat 2: >28>Serj<28< (button) (small blind) folded before Flop



PokerStars Hand #247029225185: Tournament #3671331107, $1.84+$0.16 USD Hold'em No Limit - Level II (15/30) - 2023/11/10 16:38:14 CET [2023/11/10 10:38:14 ET]
Table '3671331107 1' 3-max Seat #1 is the button
Seat 1: Mahu2021 (389 in chips) 
Seat 2: >28>Serj<28< (1111 in chips) 
Mahu2021: posts small blind 15
>28>Serj<28<: posts big blind 30
*** HOLE CARDS ***
Dealt to Mahu2021 [3s 2c]
Mahu2021: folds 
Uncalled bet (15) returned to >28>Serj<28<
>28>Serj<28< collected 30 from pot
*** SUMMARY ***
Total pot 30 | Rake 0 
Seat 1: Mahu2021 (button) (small blind) folded before Flop
Seat 2: >28>Serj<28< (big blind) collected (30)



PokerStars Hand #247029226474: Tournament #3671331107, $1.84+$0.16 USD Hold'em No Limit - Level II (15/30) - 2023/11/10 16:38:19 CET [2023/11/10 10:38:19 ET]
Table '3671331107 1' 3-max Seat #2 is the button
Seat 1: Mahu2021 (374 in chips) 
Seat 2: >28>Serj<28< (1126 in chips) 
>28>Serj<28<: posts small blind 15
Mahu2021: posts big blind 30
*** HOLE CARDS ***
Dealt to Mahu2021 [4d Qd]
>28>Serj<28<: folds 
Uncalled bet (15) returned to Mahu2021
Mahu2021 collected 30 from pot
Mahu2021: doesn't show hand 
*** SUMMARY ***
Total pot 30 | Rake 0 
Seat 1: Mahu2021 (big blind) collected (30)
Seat 2: >28>Serj<28< (button) (small blind) folded before Flop



PokerStars Hand #247029227920: Tournament #3671331107, $1.84+$0.16 USD Hold'em No Limit - Level II (15/30) - 2023/11/10 16:38:24 CET [2023/11/10 10:38:24 ET]
Table '3671331107 1' 3-max Seat #1 is the button
Seat 1: Mahu2021 (389 in chips) 
Seat 2: >28>Serj<28< (1111 in chips) 
Mahu2021: posts small blind 15
>28>Serj<28<: posts big blind 30
*** HOLE CARDS ***
Dealt to Mahu2021 [Jh 7s]
Mahu2021: raises 30 to 60
>28>Serj<28<: calls 30
*** FLOP *** [9s 3d Td]
>28>Serj<28<: checks 
Mahu2021: checks 
*** TURN *** [9s 3d Td] [2h]
>28>Serj<28<: bets 60
Mahu2021: folds 
Uncalled bet (60) returned to >28>Serj<28<
>28>Serj<28< collected 120 from pot
*** SUMMARY ***
Total pot 120 | Rake 0 
Board [9s 3d Td 2h]
Seat 1: Mahu2021 (button) (small blind) folded on the Turn
Seat 2: >28>Serj<28< (big blind) collected (120)



PokerStars Hand #247029232758: Tournament #3671331107, $1.84+$0.16 USD Hold'em No Limit - Level III (20/40) - 2023/11/10 16:38:43 CET [2023/11/10 10:38:43 ET]
Table '3671331107 1' 3-max Seat #2 is the button
Seat 1: Mahu2021 (329 in chips) 
Seat 2: >28>Serj<28< (1171 in chips) 
>28>Serj<28<: posts small blind 20
Mahu2021: posts big blind 40
*** HOLE CARDS ***
Dealt to Mahu2021 [4c Jc]
>28>Serj<28<: calls 20
Mahu2021: checks 
*** FLOP *** [Js Jd 3s]
Mahu2021: checks 
>28>Serj<28<: bets 40
Mahu2021: raises 40 to 80
>28>Serj<28<: folds 
Uncalled bet (40) returned to Mahu2021
Mahu2021 collected 160 from pot
Mahu2021: doesn't show hand 
*** SUMMARY ***
Total pot 160 | Rake 0 
Board [Js Jd 3s]
Seat 1: Mahu2021 (big blind) collected (160)
Seat 2: >28>Serj<28< (button) (small blind) folded on the Flop



PokerStars Hand #247029235990: Tournament #3671331107, $1.84+$0.16 USD Hold'em No Limit - Level III (20/40) - 2023/11/10 16:38:56 CET [2023/11/10 10:38:56 ET]
Table '3671331107 1' 3-max Seat #1 is the button
Seat 1: Mahu2021 (409 in chips) 
Seat 2: >28>Serj<28< (1091 in chips) 
Mahu2021: posts small blind 20
>28>Serj<28<: posts big blind 40
*** HOLE CARDS ***
Dealt to Mahu2021 [2d 8h]
Mahu2021: folds 
Uncalled bet (20) returned to >28>Serj<28<
>28>Serj<28< collected 40 from pot
*** SUMMARY ***
Total pot 40 | Rake 0 
Seat 1: Mahu2021 (button) (small blind) folded before Flop
Seat 2: >28>Serj<28< (big blind) collected (40)



PokerStars Hand #247029237444: Tournament #3671331107, $1.84+$0.16 USD Hold'em No Limit - Level III (20/40) - 2023/11/10 16:39:01 CET [2023/11/10 10:39:01 ET]
Table '3671331107 1' 3-max Seat #2 is the button
Seat 1: Mahu2021 (389 in chips) 
Seat 2: >28>Serj<28< (1111 in chips) 
>28>Serj<28<: posts small blind 20
Mahu2021: posts big blind 40
*** HOLE CARDS ***
Dealt to Mahu2021 [7d 7h]
>28>Serj<28<: folds 
Uncalled bet (20) returned to Mahu2021
Mahu2021 collected 40 from pot
Mahu2021: doesn't show hand 
*** SUMMARY ***
Total pot 40 | Rake 0 
Seat 1: Mahu2021 (big blind) collected (40)
Seat 2: >28>Serj<28< (button) (small blind) folded before Flop



PokerStars Hand #247029239173: Tournament #3671331107, $1.84+$0.16 USD Hold'em No Limit - Level III (20/40) - 2023/11/10 16:39:08 CET [2023/11/10 10:39:08 ET]
Table '3671331107 1' 3-max Seat #1 is the button
Seat 1: Mahu2021 (409 in chips) 
Seat 2: >28>Serj<28< (1091 in chips) 
Mahu2021: posts small blind 20
>28>Serj<28<: posts big blind 40
*** HOLE CARDS ***
Dealt to Mahu2021 [Jh Qd]
Mahu2021: raises 40 to 80
>28>Serj<28<: calls 40
*** FLOP *** [Qs 5c 4s]
>28>Serj<28<: checks 
Mahu2021: bets 80
>28>Serj<28<: calls 80
*** TURN *** [Qs 5c 4s] [4h]
>28>Serj<28<: checks 
Mahu2021: bets 249 and is all-in
>28>Serj<28<: folds 
Uncalled bet (249) returned to Mahu2021
Mahu2021 collected 320 from pot
Mahu2021: doesn't show hand 
*** SUMMARY ***
Total pot 320 | Rake 0 
Board [Qs 5c 4s 4h]
Seat 1: Mahu2021 (button) (small blind) collected (320)
Seat 2: >28>Serj<28< (big blind) folded on the Turn



PokerStars Hand #247029244480: Tournament #3671331107, $1.84+$0.16 USD Hold'em No Limit - Level III (20/40) - 2023/11/10 16:39:28 CET [2023/11/10 10:39:28 ET]
Table '3671331107 1' 3-max Seat #2 is the button
Seat 1: Mahu2021 (569 in chips) 
Seat 2: >28>Serj<28< (931 in chips) 
>28>Serj<28<: posts small blind 20
Mahu2021: posts big blind 40
*** HOLE CARDS ***
Dealt to Mahu2021 [9d Ac]
>28>Serj<28<: calls 20
Mahu2021: raises 529 to 569 and is all-in
>28>Serj<28<: folds 
Uncalled bet (529) returned to Mahu2021
Mahu2021 collected 80 from pot
Mahu2021: doesn't show hand 
*** SUMMARY ***
Total pot 80 | Rake 0 
Seat 1: Mahu2021 (big blind) collected (80)
Seat 2: >28>Serj<28< (button) (small blind) folded before Flop



PokerStars Hand #247029247489: Tournament #3671331107, $1.84+$0.16 USD Hold'em No Limit - Level III (20/40) - 2023/11/10 16:39:40 CET [2023/11/10 10:39:40 ET]
Table '3671331107 1' 3-max Seat #1 is the button
Seat 1: Mahu2021 (609 in chips) 
Seat 2: >28>Serj<28< (891 in chips) 
Mahu2021: posts small blind 20
>28>Serj<28<: posts big blind 40
*** HOLE CARDS ***
Dealt to Mahu2021 [Ah 4h]
Mahu2021: raises 40 to 80
>28>Serj<28<: raises 811 to 891 and is all-in
Mahu2021: calls 529 and is all-in
Uncalled bet (282) returned to >28>Serj<28<
*** FLOP *** [8d Js 3d]
*** TURN *** [8d Js 3d] [6c]
*** RIVER *** [8d Js 3d 6c] [7h]
*** SHOW DOWN ***
>28>Serj<28<: shows [Td Kd] (high card King)
Mahu2021: shows [Ah 4h] (high card Ace)
Mahu2021 collected 1218 from pot
*** SUMMARY ***
Total pot 1218 | Rake 0 
Board [8d Js 3d 6c 7h]
Seat 1: Mahu2021 (button) (small blind) showed [Ah 4h] and won (1218) with high card Ace
Seat 2: >28>Serj<28< (big blind) showed [Td Kd] and lost with high card King



PokerStars Hand #247029251603: Tournament #3671331107, $1.84+$0.16 USD Hold'em No Limit - Level III (20/40) - 2023/11/10 16:39:56 CET [2023/11/10 10:39:56 ET]
Table '3671331107 1' 3-max Seat #2 is the button
Seat 1: Mahu2021 (1218 in chips) 
Seat 2: >28>Serj<28< (282 in chips) 
>28>Serj<28<: posts small blind 20
Mahu2021: posts big blind 40
*** HOLE CARDS ***
Dealt to Mahu2021 [Kh 2h]
>28>Serj<28<: raises 242 to 282 and is all-in
Mahu2021: calls 242
*** FLOP *** [4d 2d 5h]
*** TURN *** [4d 2d 5h] [6s]
*** RIVER *** [4d 2d 5h 6s] [6d]
*** SHOW DOWN ***
Mahu2021: shows [Kh 2h] (two pair, Sixes and Deuces)
>28>Serj<28<: shows [As 7c] (a pair of Sixes)
Mahu2021 collected 564 from pot
>28>Serj<28< finished the tournament in 2nd place
Mahu2021 wins the tournament and receives $4.00 - congratulations!
*** SUMMARY ***
Total pot 564 | Rake 0 
Board [4d 2d 5h 6s 6d]
Seat 1: Mahu2021 (big blind) showed [Kh 2h] and won (564) with two pair, Sixes and Deuces
Seat 2: >28>Serj<28< (button) (small blind) showed [As 7c] and lost with a pair of Sixes



