PokerStars Hand #252847066208: Tournament #3810076265, $1.84+$0.16 USD Hold'em No Limit - Level I (10/20) - 2024/10/09 21:31:30 CET [2024/10/09 15:31:30 ET]
Table '3810076265 1' 3-max Seat #1 is the button
Seat 1: Joeghourt (500 in chips) 
Seat 2: Mahu2021 (500 in chips) 
Seat 3: mcillroy5 (500 in chips) 
Mahu2021: posts small blind 10
mcillroy5: posts big blind 20
*** HOLE CARDS ***
Dealt to Mahu2021 [5h 2d]
Joeghourt: raises 480 to 500 and is all-in
Mahu2021: folds 
mcillroy5: folds 
Uncalled bet (480) returned to Joeghourt
Joeghourt collected 50 from pot
Joeghourt: doesn't show hand 
*** SUMMARY ***
Total pot 50 | Rake 0 
Seat 1: Joeghourt (button) collected (50)
Seat 2: Mahu2021 (small blind) folded before Flop
Seat 3: mcillroy5 (big blind) folded before Flop



PokerStars Hand #252847069514: Tournament #3810076265, $1.84+$0.16 USD Hold'em No Limit - Level I (10/20) - 2024/10/09 21:31:41 CET [2024/10/09 15:31:41 ET]
Table '3810076265 1' 3-max Seat #2 is the button
Seat 1: Joeghourt (530 in chips) 
Seat 2: Mahu2021 (490 in chips) 
Seat 3: mcillroy5 (480 in chips) 
mcillroy5: posts small blind 10
Joeghourt: posts big blind 20
*** HOLE CARDS ***
Dealt to Mahu2021 [2s Ac]
Mahu2021: calls 20
mcillroy5: calls 10
Joeghourt: checks 
*** FLOP *** [4d 8s Ts]
mcillroy5: checks 
Joeghourt: checks 
Mahu2021: checks 
*** TURN *** [4d 8s Ts] [Th]
mcillroy5: checks 
Joeghourt: checks 
Mahu2021: checks 
*** RIVER *** [4d 8s Ts Th] [Ad]
mcillroy5: checks 
Joeghourt: checks 
Mahu2021: bets 60
mcillroy5: folds 
Joeghourt: folds 
Uncalled bet (60) returned to Mahu2021
Mahu2021 collected 60 from pot
Mahu2021: doesn't show hand 
*** SUMMARY ***
Total pot 60 | Rake 0 
Board [4d 8s Ts Th Ad]
Seat 1: Joeghourt (big blind) folded on the River
Seat 2: Mahu2021 (button) collected (60)
Seat 3: mcillroy5 (small blind) folded on the River



PokerStars Hand #252847078168: Tournament #3810076265, $1.84+$0.16 USD Hold'em No Limit - Level I (10/20) - 2024/10/09 21:32:08 CET [2024/10/09 15:32:08 ET]
Table '3810076265 1' 3-max Seat #3 is the button
Seat 1: Joeghourt (510 in chips) 
Seat 2: Mahu2021 (530 in chips) 
Seat 3: mcillroy5 (460 in chips) 
Joeghourt: posts small blind 10
Mahu2021: posts big blind 20
*** HOLE CARDS ***
Dealt to Mahu2021 [3s Jh]
mcillroy5: calls 20
Joeghourt: folds 
Mahu2021: checks 
*** FLOP *** [4s Jd Ks]
Mahu2021: checks 
mcillroy5: bets 25
Mahu2021: calls 25
*** TURN *** [4s Jd Ks] [8h]
Mahu2021: checks 
mcillroy5: bets 50
Mahu2021: calls 50
*** RIVER *** [4s Jd Ks 8h] [Jc]
Mahu2021: bets 200
mcillroy5: folds 
Uncalled bet (200) returned to Mahu2021
Mahu2021 collected 200 from pot
Mahu2021: doesn't show hand 
*** SUMMARY ***
Total pot 200 | Rake 0 
Board [4s Jd Ks 8h Jc]
Seat 1: Joeghourt (small blind) folded before Flop
Seat 2: Mahu2021 (big blind) collected (200)
Seat 3: mcillroy5 (button) folded on the River



PokerStars Hand #252847085508: Tournament #3810076265, $1.84+$0.16 USD Hold'em No Limit - Level I (10/20) - 2024/10/09 21:32:32 CET [2024/10/09 15:32:32 ET]
Table '3810076265 1' 3-max Seat #1 is the button
Seat 1: Joeghourt (500 in chips) 
Seat 2: Mahu2021 (635 in chips) 
Seat 3: mcillroy5 (365 in chips) 
Mahu2021: posts small blind 10
mcillroy5: posts big blind 20
*** HOLE CARDS ***
Dealt to Mahu2021 [Qd 7h]
Joeghourt: folds 
Mahu2021: calls 10
mcillroy5: checks 
*** FLOP *** [8s 7c 6d]
Mahu2021: bets 20
mcillroy5: raises 80 to 100
Mahu2021: folds 
Uncalled bet (80) returned to mcillroy5
mcillroy5 collected 80 from pot
*** SUMMARY ***
Total pot 80 | Rake 0 
Board [8s 7c 6d]
Seat 1: Joeghourt (button) folded before Flop (didn't bet)
Seat 2: Mahu2021 (small blind) folded on the Flop
Seat 3: mcillroy5 (big blind) collected (80)



PokerStars Hand #252847090854: Tournament #3810076265, $1.84+$0.16 USD Hold'em No Limit - Level I (10/20) - 2024/10/09 21:32:49 CET [2024/10/09 15:32:49 ET]
Table '3810076265 1' 3-max Seat #2 is the button
Seat 1: Joeghourt (500 in chips) 
Seat 2: Mahu2021 (595 in chips) 
Seat 3: mcillroy5 (405 in chips) 
mcillroy5: posts small blind 10
Joeghourt: posts big blind 20
*** HOLE CARDS ***
Dealt to Mahu2021 [3c Qd]
Mahu2021: folds 
mcillroy5: calls 10
Joeghourt: raises 20 to 40
mcillroy5: calls 20
*** FLOP *** [7h Jd Jc]
mcillroy5: checks 
Joeghourt: bets 20
mcillroy5: folds 
Uncalled bet (20) returned to Joeghourt
Joeghourt collected 80 from pot
Joeghourt: doesn't show hand 
*** SUMMARY ***
Total pot 80 | Rake 0 
Board [7h Jd Jc]
Seat 1: Joeghourt (big blind) collected (80)
Seat 2: Mahu2021 (button) folded before Flop (didn't bet)
Seat 3: mcillroy5 (small blind) folded on the Flop



PokerStars Hand #252847098175: Tournament #3810076265, $1.84+$0.16 USD Hold'em No Limit - Level I (10/20) - 2024/10/09 21:33:12 CET [2024/10/09 15:33:12 ET]
Table '3810076265 1' 3-max Seat #3 is the button
Seat 1: Joeghourt (540 in chips) 
Seat 2: Mahu2021 (595 in chips) 
Seat 3: mcillroy5 (365 in chips) 
Joeghourt: posts small blind 10
Mahu2021: posts big blind 20
*** HOLE CARDS ***
Dealt to Mahu2021 [6s Jc]
mcillroy5: folds 
Joeghourt: folds 
Uncalled bet (10) returned to Mahu2021
Mahu2021 collected 20 from pot
Mahu2021: doesn't show hand 
*** SUMMARY ***
Total pot 20 | Rake 0 
Seat 1: Joeghourt (small blind) folded before Flop
Seat 2: Mahu2021 (big blind) collected (20)
Seat 3: mcillroy5 (button) folded before Flop (didn't bet)



PokerStars Hand #252847100675: Tournament #3810076265, $1.84+$0.16 USD Hold'em No Limit - Level I (10/20) - 2024/10/09 21:33:20 CET [2024/10/09 15:33:20 ET]
Table '3810076265 1' 3-max Seat #1 is the button
Seat 1: Joeghourt (530 in chips) 
Seat 2: Mahu2021 (605 in chips) 
Seat 3: mcillroy5 (365 in chips) 
Mahu2021: posts small blind 10
mcillroy5: posts big blind 20
*** HOLE CARDS ***
Dealt to Mahu2021 [Th 9d]
Joeghourt has timed out
Joeghourt: folds 
Joeghourt is sitting out
Mahu2021: calls 10
mcillroy5: checks 
*** FLOP *** [8s 6s Ah]
Mahu2021: checks 
mcillroy5: checks 
*** TURN *** [8s 6s Ah] [4s]
Mahu2021: checks 
mcillroy5: checks 
*** RIVER *** [8s 6s Ah 4s] [Qd]
Mahu2021: checks 
Joeghourt has returned
mcillroy5: bets 40
Mahu2021: folds 
Uncalled bet (40) returned to mcillroy5
mcillroy5 collected 40 from pot
*** SUMMARY ***
Total pot 40 | Rake 0 
Board [8s 6s Ah 4s Qd]
Seat 1: Joeghourt (button) folded before Flop (didn't bet)
Seat 2: Mahu2021 (small blind) folded on the River
Seat 3: mcillroy5 (big blind) collected (40)



PokerStars Hand #252847109979: Tournament #3810076265, $1.84+$0.16 USD Hold'em No Limit - Level II (15/30) - 2024/10/09 21:33:49 CET [2024/10/09 15:33:49 ET]
Table '3810076265 1' 3-max Seat #2 is the button
Seat 1: Joeghourt (530 in chips) 
Seat 2: Mahu2021 (585 in chips) 
Seat 3: mcillroy5 (385 in chips) 
mcillroy5: posts small blind 15
Joeghourt: posts big blind 30
*** HOLE CARDS ***
Dealt to Mahu2021 [Ad 6d]
Mahu2021: raises 30 to 60
mcillroy5: folds 
Joeghourt: calls 30
*** FLOP *** [3d 2c 8c]
Joeghourt: checks 
Mahu2021: checks 
*** TURN *** [3d 2c 8c] [2d]
Joeghourt: checks 
Mahu2021: bets 60
Joeghourt: raises 60 to 120
Mahu2021: calls 60
*** RIVER *** [3d 2c 8c 2d] [Qd]
Joeghourt: bets 176
Mahu2021: raises 229 to 405 and is all-in
Joeghourt: calls 174 and is all-in
Uncalled bet (55) returned to Mahu2021
*** SHOW DOWN ***
Mahu2021: shows [Ad 6d] (a flush, Ace high)
Joeghourt: shows [3h 2h] (a full house, Deuces full of Threes)
Joeghourt collected 1075 from pot
*** SUMMARY ***
Total pot 1075 | Rake 0 
Board [3d 2c 8c 2d Qd]
Seat 1: Joeghourt (big blind) showed [3h 2h] and won (1075) with a full house, Deuces full of Threes
Seat 2: Mahu2021 (button) showed [Ad 6d] and lost with a flush, Ace high
Seat 3: mcillroy5 (small blind) folded before Flop



PokerStars Hand #252847118966: Tournament #3810076265, $1.84+$0.16 USD Hold'em No Limit - Level II (15/30) - 2024/10/09 21:34:18 CET [2024/10/09 15:34:18 ET]
Table '3810076265 1' 3-max Seat #3 is the button
Seat 1: Joeghourt (1075 in chips) 
Seat 2: Mahu2021 (55 in chips) 
Seat 3: mcillroy5 (370 in chips) 
Joeghourt: posts small blind 15
Mahu2021: posts big blind 30
*** HOLE CARDS ***
Dealt to Mahu2021 [7s 9c]
mcillroy5: calls 30
Joeghourt: folds 
Mahu2021: checks 
*** FLOP *** [3d 8s Kd]
Mahu2021: checks 
mcillroy5: checks 
*** TURN *** [3d 8s Kd] [Th]
Mahu2021: checks 
mcillroy5: checks 
*** RIVER *** [3d 8s Kd Th] [Qc]
Mahu2021: checks 
mcillroy5: bets 30
Mahu2021: folds 
Uncalled bet (30) returned to mcillroy5
mcillroy5 collected 75 from pot
*** SUMMARY ***
Total pot 75 | Rake 0 
Board [3d 8s Kd Th Qc]
Seat 1: Joeghourt (small blind) folded before Flop
Seat 2: Mahu2021 (big blind) folded on the River
Seat 3: mcillroy5 (button) collected (75)



PokerStars Hand #252847125787: Tournament #3810076265, $1.84+$0.16 USD Hold'em No Limit - Level II (15/30) - 2024/10/09 21:34:40 CET [2024/10/09 15:34:40 ET]
Table '3810076265 1' 3-max Seat #1 is the button
Seat 1: Joeghourt (1060 in chips) 
Seat 2: Mahu2021 (25 in chips) 
Seat 3: mcillroy5 (415 in chips) 
Mahu2021: posts small blind 15
mcillroy5: posts big blind 30
*** HOLE CARDS ***
Dealt to Mahu2021 [4h 7d]
Joeghourt: raises 30 to 60
Mahu2021: folds 
mcillroy5: calls 30
*** FLOP *** [9d Ts 6d]
mcillroy5: checks 
Joeghourt: checks 
*** TURN *** [9d Ts 6d] [6h]
mcillroy5: bets 68
Joeghourt: calls 68
*** RIVER *** [9d Ts 6d 6h] [Kc]
mcillroy5: checks 
Joeghourt: checks 
*** SHOW DOWN ***
mcillroy5: shows [8s Qs] (a pair of Sixes)
Joeghourt: shows [Ah Kh] (two pair, Kings and Sixes)
Joeghourt collected 271 from pot
*** SUMMARY ***
Total pot 271 | Rake 0 
Board [9d Ts 6d 6h Kc]
Seat 1: Joeghourt (button) showed [Ah Kh] and won (271) with two pair, Kings and Sixes
Seat 2: Mahu2021 (small blind) folded before Flop
Seat 3: mcillroy5 (big blind) showed [8s Qs] and lost with a pair of Sixes



PokerStars Hand #252847133506: Tournament #3810076265, $1.84+$0.16 USD Hold'em No Limit - Level II (15/30) - 2024/10/09 21:35:04 CET [2024/10/09 15:35:04 ET]
Table '3810076265 1' 3-max Seat #2 is the button
Seat 1: Joeghourt (1203 in chips) 
Seat 2: Mahu2021 (10 in chips) 
Seat 3: mcillroy5 (287 in chips) 
mcillroy5: posts small blind 15
Joeghourt: posts big blind 30
*** HOLE CARDS ***
Dealt to Mahu2021 [7d 2d]
Mahu2021: folds 
mcillroy5: raises 60 to 90
Joeghourt: folds 
Uncalled bet (60) returned to mcillroy5
mcillroy5 collected 60 from pot
*** SUMMARY ***
Total pot 60 | Rake 0 
Seat 1: Joeghourt (big blind) folded before Flop
Seat 2: Mahu2021 (button) folded before Flop (didn't bet)
Seat 3: mcillroy5 (small blind) collected (60)



PokerStars Hand #252847136100: Tournament #3810076265, $1.84+$0.16 USD Hold'em No Limit - Level II (15/30) - 2024/10/09 21:35:13 CET [2024/10/09 15:35:13 ET]
Table '3810076265 1' 3-max Seat #3 is the button
Seat 1: Joeghourt (1173 in chips) 
Seat 2: Mahu2021 (10 in chips) 
Seat 3: mcillroy5 (317 in chips) 
Joeghourt: posts small blind 15
Mahu2021: posts big blind 10 and is all-in
*** HOLE CARDS ***
Dealt to Mahu2021 [Ad 6c]
mcillroy5: folds 
Uncalled bet (5) returned to Joeghourt
*** FLOP *** [3s Ac Th]
*** TURN *** [3s Ac Th] [Ts]
*** RIVER *** [3s Ac Th Ts] [Kd]
*** SHOW DOWN ***
Joeghourt: shows [Tc 5d] (three of a kind, Tens)
Mahu2021: shows [Ad 6c] (two pair, Aces and Tens)
Joeghourt collected 20 from pot
Mahu2021 finished the tournament in 3rd place
*** SUMMARY ***
Total pot 20 | Rake 0 
Board [3s Ac Th Ts Kd]
Seat 1: Joeghourt (small blind) showed [Tc 5d] and won (20) with three of a kind, Tens
Seat 2: Mahu2021 (big blind) showed [Ad 6c] and lost with two pair, Aces and Tens
Seat 3: mcillroy5 (button) folded before Flop (didn't bet)



