PokerStars Hand #249594645160: Tournament #3732950403, $1.84+$0.16 USD Hold'em No Limit - Level I (10/20) - 2024/03/24 14:22:13 CET [2024/03/24 9:22:13 ET]
Table '3732950403 1' 3-max Seat #1 is the button
Seat 1: luxaras (500 in chips) 
Seat 2: Mahu2021 (500 in chips) 
Seat 3: tulen2184 (500 in chips) 
Mahu2021: posts small blind 10
tulen2184: posts big blind 20
*** HOLE CARDS ***
Dealt to Mahu2021 [2d Qs]
luxaras: raises 20 to 40
Mahu2021: folds 
tulen2184: calls 20
*** FLOP *** [9d 3c 7s]
tulen2184: checks 
luxaras: checks 
*** TURN *** [9d 3c 7s] [2s]
tulen2184: checks 
luxaras: bets 40
tulen2184: folds 
Uncalled bet (40) returned to luxaras
luxaras collected 90 from pot
luxaras: doesn't show hand 
*** SUMMARY ***
Total pot 90 | Rake 0 
Board [9d 3c 7s 2s]
Seat 1: luxaras (button) collected (90)
Seat 2: Mahu2021 (small blind) folded before Flop
Seat 3: tulen2184 (big blind) folded on the Turn



PokerStars Hand #249594648536: Tournament #3732950403, $1.84+$0.16 USD Hold'em No Limit - Level I (10/20) - 2024/03/24 14:22:29 CET [2024/03/24 9:22:29 ET]
Table '3732950403 1' 3-max Seat #2 is the button
Seat 1: luxaras (550 in chips) 
Seat 2: Mahu2021 (490 in chips) 
Seat 3: tulen2184 (460 in chips) 
tulen2184: posts small blind 10
luxaras: posts big blind 20
*** HOLE CARDS ***
Dealt to Mahu2021 [8h 8c]
Mahu2021: raises 470 to 490 and is all-in
tulen2184: folds 
luxaras: folds 
Uncalled bet (470) returned to Mahu2021
Mahu2021 collected 50 from pot
Mahu2021: doesn't show hand 
*** SUMMARY ***
Total pot 50 | Rake 0 
Seat 1: luxaras (big blind) folded before Flop
Seat 2: Mahu2021 (button) collected (50)
Seat 3: tulen2184 (small blind) folded before Flop



PokerStars Hand #249594650139: Tournament #3732950403, $1.84+$0.16 USD Hold'em No Limit - Level I (10/20) - 2024/03/24 14:22:37 CET [2024/03/24 9:22:37 ET]
Table '3732950403 1' 3-max Seat #3 is the button
Seat 1: luxaras (530 in chips) 
Seat 2: Mahu2021 (520 in chips) 
Seat 3: tulen2184 (450 in chips) 
luxaras: posts small blind 10
Mahu2021: posts big blind 20
*** HOLE CARDS ***
Dealt to Mahu2021 [2c 6h]
tulen2184: folds 
luxaras: calls 10
Mahu2021: checks 
*** FLOP *** [4h 4d 3h]
luxaras: checks 
Mahu2021: checks 
*** TURN *** [4h 4d 3h] [2s]
luxaras: bets 40
Mahu2021: calls 40
*** RIVER *** [4h 4d 3h 2s] [Ah]
luxaras: bets 80
Mahu2021: folds 
Uncalled bet (80) returned to luxaras
luxaras collected 120 from pot
luxaras: doesn't show hand 
*** SUMMARY ***
Total pot 120 | Rake 0 
Board [4h 4d 3h 2s Ah]
Seat 1: luxaras (small blind) collected (120)
Seat 2: Mahu2021 (big blind) folded on the River
Seat 3: tulen2184 (button) folded before Flop (didn't bet)



PokerStars Hand #249594655447: Tournament #3732950403, $1.84+$0.16 USD Hold'em No Limit - Level I (10/20) - 2024/03/24 14:23:02 CET [2024/03/24 9:23:02 ET]
Table '3732950403 1' 3-max Seat #1 is the button
Seat 1: luxaras (590 in chips) 
Seat 2: Mahu2021 (460 in chips) 
Seat 3: tulen2184 (450 in chips) 
Mahu2021: posts small blind 10
tulen2184: posts big blind 20
*** HOLE CARDS ***
Dealt to Mahu2021 [2h Kc]
luxaras: folds 
Mahu2021: calls 10
tulen2184: checks 
*** FLOP *** [9d 2c 8c]
Mahu2021: bets 20
tulen2184: folds 
Uncalled bet (20) returned to Mahu2021
Mahu2021 collected 40 from pot
Mahu2021: doesn't show hand 
*** SUMMARY ***
Total pot 40 | Rake 0 
Board [9d 2c 8c]
Seat 1: luxaras (button) folded before Flop (didn't bet)
Seat 2: Mahu2021 (small blind) collected (40)
Seat 3: tulen2184 (big blind) folded on the Flop



PokerStars Hand #249594657847: Tournament #3732950403, $1.84+$0.16 USD Hold'em No Limit - Level I (10/20) - 2024/03/24 14:23:14 CET [2024/03/24 9:23:14 ET]
Table '3732950403 1' 3-max Seat #2 is the button
Seat 1: luxaras (590 in chips) 
Seat 2: Mahu2021 (480 in chips) 
Seat 3: tulen2184 (430 in chips) 
tulen2184: posts small blind 10
luxaras: posts big blind 20
*** HOLE CARDS ***
Dealt to Mahu2021 [8h Ts]
Mahu2021: folds 
tulen2184: folds 
Uncalled bet (10) returned to luxaras
luxaras collected 20 from pot
luxaras: doesn't show hand 
*** SUMMARY ***
Total pot 20 | Rake 0 
Seat 1: luxaras (big blind) collected (20)
Seat 2: Mahu2021 (button) folded before Flop (didn't bet)
Seat 3: tulen2184 (small blind) folded before Flop



PokerStars Hand #249594658841: Tournament #3732950403, $1.84+$0.16 USD Hold'em No Limit - Level I (10/20) - 2024/03/24 14:23:18 CET [2024/03/24 9:23:18 ET]
Table '3732950403 1' 3-max Seat #3 is the button
Seat 1: luxaras (600 in chips) 
Seat 2: Mahu2021 (480 in chips) 
Seat 3: tulen2184 (420 in chips) 
luxaras: posts small blind 10
Mahu2021: posts big blind 20
*** HOLE CARDS ***
Dealt to Mahu2021 [6c 6s]
tulen2184: folds 
luxaras: raises 20 to 40
Mahu2021: calls 20
*** FLOP *** [Qh 4d Ad]
luxaras: checks 
Mahu2021: bets 40
luxaras: calls 40
*** TURN *** [Qh 4d Ad] [Jc]
luxaras: checks 
Mahu2021: bets 160
luxaras: calls 160
*** RIVER *** [Qh 4d Ad Jc] [5s]
luxaras: checks 
Mahu2021: checks 
*** SHOW DOWN ***
luxaras: shows [Ah Td] (a pair of Aces)
Mahu2021: mucks hand 
luxaras collected 480 from pot
*** SUMMARY ***
Total pot 480 | Rake 0 
Board [Qh 4d Ad Jc 5s]
Seat 1: luxaras (small blind) showed [Ah Td] and won (480) with a pair of Aces
Seat 2: Mahu2021 (big blind) mucked [6c 6s]
Seat 3: tulen2184 (button) folded before Flop (didn't bet)



PokerStars Hand #249594665813: Tournament #3732950403, $1.84+$0.16 USD Hold'em No Limit - Level I (10/20) - 2024/03/24 14:23:51 CET [2024/03/24 9:23:51 ET]
Table '3732950403 1' 3-max Seat #1 is the button
Seat 1: luxaras (840 in chips) 
Seat 2: Mahu2021 (240 in chips) 
Seat 3: tulen2184 (420 in chips) 
Mahu2021: posts small blind 10
tulen2184: posts big blind 20
*** HOLE CARDS ***
Dealt to Mahu2021 [Qc 8d]
luxaras: raises 20 to 40
Mahu2021: folds 
tulen2184: calls 20
*** FLOP *** [Jd Th 5h]
tulen2184: checks 
luxaras: bets 40
tulen2184: calls 40
*** TURN *** [Jd Th 5h] [2h]
tulen2184: checks 
luxaras: bets 85
tulen2184: folds 
Uncalled bet (85) returned to luxaras
luxaras collected 170 from pot
luxaras: doesn't show hand 
*** SUMMARY ***
Total pot 170 | Rake 0 
Board [Jd Th 5h 2h]
Seat 1: luxaras (button) collected (170)
Seat 2: Mahu2021 (small blind) folded before Flop
Seat 3: tulen2184 (big blind) folded on the Turn



PokerStars Hand #249594670163: Tournament #3732950403, $1.84+$0.16 USD Hold'em No Limit - Level I (10/20) - 2024/03/24 14:24:12 CET [2024/03/24 9:24:12 ET]
Table '3732950403 1' 3-max Seat #2 is the button
Seat 1: luxaras (930 in chips) 
Seat 2: Mahu2021 (230 in chips) 
Seat 3: tulen2184 (340 in chips) 
tulen2184: posts small blind 10
luxaras: posts big blind 20
*** HOLE CARDS ***
Dealt to Mahu2021 [9c 4c]
Mahu2021: folds 
tulen2184: calls 10
luxaras: checks 
*** FLOP *** [5c 7c Kc]
tulen2184: checks 
luxaras: checks 
*** TURN *** [5c 7c Kc] [Qd]
tulen2184: checks 
luxaras: bets 20
tulen2184: folds 
Uncalled bet (20) returned to luxaras
luxaras collected 40 from pot
luxaras: doesn't show hand 
*** SUMMARY ***
Total pot 40 | Rake 0 
Board [5c 7c Kc Qd]
Seat 1: luxaras (big blind) collected (40)
Seat 2: Mahu2021 (button) folded before Flop (didn't bet)
Seat 3: tulen2184 (small blind) folded on the Turn



PokerStars Hand #249594674712: Tournament #3732950403, $1.84+$0.16 USD Hold'em No Limit - Level I (10/20) - 2024/03/24 14:24:34 CET [2024/03/24 9:24:34 ET]
Table '3732950403 1' 3-max Seat #3 is the button
Seat 1: luxaras (950 in chips) 
Seat 2: Mahu2021 (230 in chips) 
Seat 3: tulen2184 (320 in chips) 
luxaras: posts small blind 10
Mahu2021: posts big blind 20
*** HOLE CARDS ***
Dealt to Mahu2021 [5h 9s]
tulen2184: calls 20
luxaras: folds 
Mahu2021: checks 
*** FLOP *** [Td Kc 9h]
Mahu2021: checks 
tulen2184: bets 20
Mahu2021: calls 20
*** TURN *** [Td Kc 9h] [As]
Mahu2021: checks 
tulen2184: bets 20
Mahu2021: folds 
Uncalled bet (20) returned to tulen2184
tulen2184 collected 90 from pot
*** SUMMARY ***
Total pot 90 | Rake 0 
Board [Td Kc 9h As]
Seat 1: luxaras (small blind) folded before Flop
Seat 2: Mahu2021 (big blind) folded on the Turn
Seat 3: tulen2184 (button) collected (90)



PokerStars Hand #249594678456: Tournament #3732950403, $1.84+$0.16 USD Hold'em No Limit - Level I (10/20) - 2024/03/24 14:24:52 CET [2024/03/24 9:24:52 ET]
Table '3732950403 1' 3-max Seat #1 is the button
Seat 1: luxaras (940 in chips) 
Seat 2: Mahu2021 (190 in chips) 
Seat 3: tulen2184 (370 in chips) 
Mahu2021: posts small blind 10
tulen2184: posts big blind 20
*** HOLE CARDS ***
Dealt to Mahu2021 [Qc Kh]
luxaras: folds 
Mahu2021: raises 20 to 40
tulen2184: folds 
Uncalled bet (20) returned to Mahu2021
Mahu2021 collected 40 from pot
Mahu2021: doesn't show hand 
*** SUMMARY ***
Total pot 40 | Rake 0 
Seat 1: luxaras (button) folded before Flop (didn't bet)
Seat 2: Mahu2021 (small blind) collected (40)
Seat 3: tulen2184 (big blind) folded before Flop



PokerStars Hand #249594680122: Tournament #3732950403, $1.84+$0.16 USD Hold'em No Limit - Level I (10/20) - 2024/03/24 14:25:00 CET [2024/03/24 9:25:00 ET]
Table '3732950403 1' 3-max Seat #2 is the button
Seat 1: luxaras (940 in chips) 
Seat 2: Mahu2021 (210 in chips) 
Seat 3: tulen2184 (350 in chips) 
tulen2184: posts small blind 10
luxaras: posts big blind 20
*** HOLE CARDS ***
Dealt to Mahu2021 [Js 2d]
Mahu2021: folds 
tulen2184: calls 10
luxaras: checks 
*** FLOP *** [Ts As Jh]
tulen2184: bets 20
luxaras: calls 20
*** TURN *** [Ts As Jh] [Th]
tulen2184: bets 20
luxaras: calls 20
*** RIVER *** [Ts As Jh Th] [4h]
tulen2184: bets 20
luxaras: calls 20
*** SHOW DOWN ***
tulen2184: shows [Jc 5c] (two pair, Jacks and Tens)
luxaras: mucks hand 
tulen2184 collected 160 from pot
*** SUMMARY ***
Total pot 160 | Rake 0 
Board [Ts As Jh Th 4h]
Seat 1: luxaras (big blind) mucked [Ks 3c]
Seat 2: Mahu2021 (button) folded before Flop (didn't bet)
Seat 3: tulen2184 (small blind) showed [Jc 5c] and won (160) with two pair, Jacks and Tens



PokerStars Hand #249594687334: Tournament #3732950403, $1.84+$0.16 USD Hold'em No Limit - Level II (15/30) - 2024/03/24 14:25:34 CET [2024/03/24 9:25:34 ET]
Table '3732950403 1' 3-max Seat #3 is the button
Seat 1: luxaras (860 in chips) 
Seat 2: Mahu2021 (210 in chips) 
Seat 3: tulen2184 (430 in chips) 
luxaras: posts small blind 15
Mahu2021: posts big blind 30
*** HOLE CARDS ***
Dealt to Mahu2021 [Th 5d]
tulen2184: calls 30
luxaras: folds 
Mahu2021: checks 
*** FLOP *** [5c 7d 2s]
Mahu2021: bets 180 and is all-in
tulen2184: folds 
Uncalled bet (180) returned to Mahu2021
Mahu2021 collected 75 from pot
Mahu2021: doesn't show hand 
*** SUMMARY ***
Total pot 75 | Rake 0 
Board [5c 7d 2s]
Seat 1: luxaras (small blind) folded before Flop
Seat 2: Mahu2021 (big blind) collected (75)
Seat 3: tulen2184 (button) folded on the Flop



PokerStars Hand #249594689896: Tournament #3732950403, $1.84+$0.16 USD Hold'em No Limit - Level II (15/30) - 2024/03/24 14:25:46 CET [2024/03/24 9:25:46 ET]
Table '3732950403 1' 3-max Seat #1 is the button
Seat 1: luxaras (845 in chips) 
Seat 2: Mahu2021 (255 in chips) 
Seat 3: tulen2184 (400 in chips) 
Mahu2021: posts small blind 15
tulen2184: posts big blind 30
*** HOLE CARDS ***
Dealt to Mahu2021 [Qh Ks]
luxaras: raises 30 to 60
Mahu2021: calls 45
tulen2184: folds 
*** FLOP *** [4d 8d Qc]
Mahu2021: bets 195 and is all-in
luxaras: folds 
Uncalled bet (195) returned to Mahu2021
Mahu2021 collected 150 from pot
Mahu2021: doesn't show hand 
*** SUMMARY ***
Total pot 150 | Rake 0 
Board [4d 8d Qc]
Seat 1: luxaras (button) folded on the Flop
Seat 2: Mahu2021 (small blind) collected (150)
Seat 3: tulen2184 (big blind) folded before Flop



PokerStars Hand #249594695306: Tournament #3732950403, $1.84+$0.16 USD Hold'em No Limit - Level II (15/30) - 2024/03/24 14:26:12 CET [2024/03/24 9:26:12 ET]
Table '3732950403 1' 3-max Seat #2 is the button
Seat 1: luxaras (785 in chips) 
Seat 2: Mahu2021 (345 in chips) 
Seat 3: tulen2184 (370 in chips) 
tulen2184: posts small blind 15
luxaras: posts big blind 30
*** HOLE CARDS ***
Dealt to Mahu2021 [3s 9c]
Mahu2021: folds 
tulen2184: folds 
Uncalled bet (15) returned to luxaras
luxaras collected 30 from pot
luxaras: doesn't show hand 
*** SUMMARY ***
Total pot 30 | Rake 0 
Seat 1: luxaras (big blind) collected (30)
Seat 2: Mahu2021 (button) folded before Flop (didn't bet)
Seat 3: tulen2184 (small blind) folded before Flop



PokerStars Hand #249594696526: Tournament #3732950403, $1.84+$0.16 USD Hold'em No Limit - Level II (15/30) - 2024/03/24 14:26:17 CET [2024/03/24 9:26:17 ET]
Table '3732950403 1' 3-max Seat #3 is the button
Seat 1: luxaras (800 in chips) 
Seat 2: Mahu2021 (345 in chips) 
Seat 3: tulen2184 (355 in chips) 
luxaras: posts small blind 15
Mahu2021: posts big blind 30
*** HOLE CARDS ***
Dealt to Mahu2021 [7d Th]
tulen2184: folds 
luxaras: folds 
Uncalled bet (15) returned to Mahu2021
Mahu2021 collected 30 from pot
Mahu2021: doesn't show hand 
*** SUMMARY ***
Total pot 30 | Rake 0 
Seat 1: luxaras (small blind) folded before Flop
Seat 2: Mahu2021 (big blind) collected (30)
Seat 3: tulen2184 (button) folded before Flop (didn't bet)



PokerStars Hand #249594698090: Tournament #3732950403, $1.84+$0.16 USD Hold'em No Limit - Level II (15/30) - 2024/03/24 14:26:25 CET [2024/03/24 9:26:25 ET]
Table '3732950403 1' 3-max Seat #1 is the button
Seat 1: luxaras (785 in chips) 
Seat 2: Mahu2021 (360 in chips) 
Seat 3: tulen2184 (355 in chips) 
Mahu2021: posts small blind 15
tulen2184: posts big blind 30
*** HOLE CARDS ***
Dealt to Mahu2021 [6s Kc]
luxaras: folds 
Mahu2021: calls 15
tulen2184: raises 325 to 355 and is all-in
Mahu2021: folds 
Uncalled bet (325) returned to tulen2184
tulen2184 collected 60 from pot
*** SUMMARY ***
Total pot 60 | Rake 0 
Seat 1: luxaras (button) folded before Flop (didn't bet)
Seat 2: Mahu2021 (small blind) folded before Flop
Seat 3: tulen2184 (big blind) collected (60)



PokerStars Hand #249594701200: Tournament #3732950403, $1.84+$0.16 USD Hold'em No Limit - Level II (15/30) - 2024/03/24 14:26:39 CET [2024/03/24 9:26:39 ET]
Table '3732950403 1' 3-max Seat #2 is the button
Seat 1: luxaras (785 in chips) 
Seat 2: Mahu2021 (330 in chips) 
Seat 3: tulen2184 (385 in chips) 
tulen2184: posts small blind 15
luxaras: posts big blind 30
*** HOLE CARDS ***
Dealt to Mahu2021 [4c Qd]
Mahu2021: folds 
tulen2184: calls 15
luxaras: checks 
*** FLOP *** [As 2h Qc]
tulen2184: checks 
luxaras: checks 
*** TURN *** [As 2h Qc] [2s]
tulen2184: checks 
luxaras: bets 30
tulen2184: calls 30
*** RIVER *** [As 2h Qc 2s] [Qs]
tulen2184: checks 
luxaras: bets 90
tulen2184: folds 
Uncalled bet (90) returned to luxaras
luxaras collected 120 from pot
luxaras: doesn't show hand 
*** SUMMARY ***
Total pot 120 | Rake 0 
Board [As 2h Qc 2s Qs]
Seat 1: luxaras (big blind) collected (120)
Seat 2: Mahu2021 (button) folded before Flop (didn't bet)
Seat 3: tulen2184 (small blind) folded on the River



PokerStars Hand #249594705363: Tournament #3732950403, $1.84+$0.16 USD Hold'em No Limit - Level II (15/30) - 2024/03/24 14:26:59 CET [2024/03/24 9:26:59 ET]
Table '3732950403 1' 3-max Seat #3 is the button
Seat 1: luxaras (845 in chips) 
Seat 2: Mahu2021 (330 in chips) 
Seat 3: tulen2184 (325 in chips) 
luxaras: posts small blind 15
Mahu2021: posts big blind 30
*** HOLE CARDS ***
Dealt to Mahu2021 [4d 9d]
tulen2184: folds 
luxaras: raises 815 to 845 and is all-in
Mahu2021: folds 
Uncalled bet (815) returned to luxaras
luxaras collected 60 from pot
luxaras: doesn't show hand 
*** SUMMARY ***
Total pot 60 | Rake 0 
Seat 1: luxaras (small blind) collected (60)
Seat 2: Mahu2021 (big blind) folded before Flop
Seat 3: tulen2184 (button) folded before Flop (didn't bet)



PokerStars Hand #249594707064: Tournament #3732950403, $1.84+$0.16 USD Hold'em No Limit - Level II (15/30) - 2024/03/24 14:27:07 CET [2024/03/24 9:27:07 ET]
Table '3732950403 1' 3-max Seat #1 is the button
Seat 1: luxaras (875 in chips) 
Seat 2: Mahu2021 (300 in chips) 
Seat 3: tulen2184 (325 in chips) 
Mahu2021: posts small blind 15
tulen2184: posts big blind 30
*** HOLE CARDS ***
Dealt to Mahu2021 [2c 5c]
luxaras: folds 
Mahu2021: folds 
Uncalled bet (15) returned to tulen2184
tulen2184 collected 30 from pot
*** SUMMARY ***
Total pot 30 | Rake 0 
Seat 1: luxaras (button) folded before Flop (didn't bet)
Seat 2: Mahu2021 (small blind) folded before Flop
Seat 3: tulen2184 (big blind) collected (30)



PokerStars Hand #249594708123: Tournament #3732950403, $1.84+$0.16 USD Hold'em No Limit - Level II (15/30) - 2024/03/24 14:27:12 CET [2024/03/24 9:27:12 ET]
Table '3732950403 1' 3-max Seat #2 is the button
Seat 1: luxaras (875 in chips) 
Seat 2: Mahu2021 (285 in chips) 
Seat 3: tulen2184 (340 in chips) 
tulen2184: posts small blind 15
luxaras: posts big blind 30
*** HOLE CARDS ***
Dealt to Mahu2021 [8s 5s]
Mahu2021: folds 
tulen2184: folds 
Uncalled bet (15) returned to luxaras
luxaras collected 30 from pot
luxaras: doesn't show hand 
*** SUMMARY ***
Total pot 30 | Rake 0 
Seat 1: luxaras (big blind) collected (30)
Seat 2: Mahu2021 (button) folded before Flop (didn't bet)
Seat 3: tulen2184 (small blind) folded before Flop



PokerStars Hand #249594709092: Tournament #3732950403, $1.84+$0.16 USD Hold'em No Limit - Level II (15/30) - 2024/03/24 14:27:16 CET [2024/03/24 9:27:16 ET]
Table '3732950403 1' 3-max Seat #3 is the button
Seat 1: luxaras (890 in chips) 
Seat 2: Mahu2021 (285 in chips) 
Seat 3: tulen2184 (325 in chips) 
luxaras: posts small blind 15
Mahu2021: posts big blind 30
*** HOLE CARDS ***
Dealt to Mahu2021 [6s 9s]
tulen2184: calls 30
luxaras: folds 
Mahu2021: checks 
*** FLOP *** [Qs As 6h]
Mahu2021: bets 30
tulen2184: calls 30
*** TURN *** [Qs As 6h] [Kd]
Mahu2021: bets 30
tulen2184: calls 30
*** RIVER *** [Qs As 6h Kd] [4d]
Mahu2021: checks 
tulen2184: bets 30
Mahu2021: calls 30
*** SHOW DOWN ***
tulen2184: shows [Ts Kh] (a pair of Kings)
Mahu2021: mucks hand 
tulen2184 collected 255 from pot
*** SUMMARY ***
Total pot 255 | Rake 0 
Board [Qs As 6h Kd 4d]
Seat 1: luxaras (small blind) folded before Flop
Seat 2: Mahu2021 (big blind) mucked [6s 9s]
Seat 3: tulen2184 (button) showed [Ts Kh] and won (255) with a pair of Kings



PokerStars Hand #249594714392: Tournament #3732950403, $1.84+$0.16 USD Hold'em No Limit - Level II (15/30) - 2024/03/24 14:27:41 CET [2024/03/24 9:27:41 ET]
Table '3732950403 1' 3-max Seat #1 is the button
Seat 1: luxaras (875 in chips) 
Seat 2: Mahu2021 (165 in chips) 
Seat 3: tulen2184 (460 in chips) 
Mahu2021: posts small blind 15
tulen2184: posts big blind 30
*** HOLE CARDS ***
Dealt to Mahu2021 [6c 4d]
luxaras: folds 
Mahu2021: folds 
Uncalled bet (15) returned to tulen2184
tulen2184 collected 30 from pot
*** SUMMARY ***
Total pot 30 | Rake 0 
Seat 1: luxaras (button) folded before Flop (didn't bet)
Seat 2: Mahu2021 (small blind) folded before Flop
Seat 3: tulen2184 (big blind) collected (30)



PokerStars Hand #249594715604: Tournament #3732950403, $1.84+$0.16 USD Hold'em No Limit - Level II (15/30) - 2024/03/24 14:27:47 CET [2024/03/24 9:27:47 ET]
Table '3732950403 1' 3-max Seat #2 is the button
Seat 1: luxaras (875 in chips) 
Seat 2: Mahu2021 (150 in chips) 
Seat 3: tulen2184 (475 in chips) 
tulen2184: posts small blind 15
luxaras: posts big blind 30
*** HOLE CARDS ***
Dealt to Mahu2021 [Kh 5h]
Mahu2021: raises 120 to 150 and is all-in
tulen2184: folds 
luxaras: folds 
Uncalled bet (120) returned to Mahu2021
Mahu2021 collected 75 from pot
Mahu2021: doesn't show hand 
*** SUMMARY ***
Total pot 75 | Rake 0 
Seat 1: luxaras (big blind) folded before Flop
Seat 2: Mahu2021 (button) collected (75)
Seat 3: tulen2184 (small blind) folded before Flop



PokerStars Hand #249594717754: Tournament #3732950403, $1.84+$0.16 USD Hold'em No Limit - Level II (15/30) - 2024/03/24 14:27:57 CET [2024/03/24 9:27:57 ET]
Table '3732950403 1' 3-max Seat #3 is the button
Seat 1: luxaras (845 in chips) 
Seat 2: Mahu2021 (195 in chips) 
Seat 3: tulen2184 (460 in chips) 
luxaras: posts small blind 15
Mahu2021: posts big blind 30
*** HOLE CARDS ***
Dealt to Mahu2021 [3d 8s]
tulen2184: folds 
luxaras: raises 815 to 845 and is all-in
Mahu2021: folds 
Uncalled bet (815) returned to luxaras
luxaras collected 60 from pot
luxaras: doesn't show hand 
*** SUMMARY ***
Total pot 60 | Rake 0 
Seat 1: luxaras (small blind) collected (60)
Seat 2: Mahu2021 (big blind) folded before Flop
Seat 3: tulen2184 (button) folded before Flop (didn't bet)



PokerStars Hand #249594719219: Tournament #3732950403, $1.84+$0.16 USD Hold'em No Limit - Level II (15/30) - 2024/03/24 14:28:04 CET [2024/03/24 9:28:04 ET]
Table '3732950403 1' 3-max Seat #1 is the button
Seat 1: luxaras (875 in chips) 
Seat 2: Mahu2021 (165 in chips) 
Seat 3: tulen2184 (460 in chips) 
Mahu2021: posts small blind 15
tulen2184: posts big blind 30
*** HOLE CARDS ***
Dealt to Mahu2021 [6h 4h]
luxaras: folds 
Mahu2021: calls 15
tulen2184: checks 
*** FLOP *** [Qd Ks 8s]
Mahu2021: checks 
tulen2184: bets 60
Mahu2021: folds 
Uncalled bet (60) returned to tulen2184
tulen2184 collected 60 from pot
*** SUMMARY ***
Total pot 60 | Rake 0 
Board [Qd Ks 8s]
Seat 1: luxaras (button) folded before Flop (didn't bet)
Seat 2: Mahu2021 (small blind) folded on the Flop
Seat 3: tulen2184 (big blind) collected (60)



PokerStars Hand #249594722294: Tournament #3732950403, $1.84+$0.16 USD Hold'em No Limit - Level III (20/40) - 2024/03/24 14:28:19 CET [2024/03/24 9:28:19 ET]
Table '3732950403 1' 3-max Seat #2 is the button
Seat 1: luxaras (875 in chips) 
Seat 2: Mahu2021 (135 in chips) 
Seat 3: tulen2184 (490 in chips) 
tulen2184: posts small blind 20
luxaras: posts big blind 40
*** HOLE CARDS ***
Dealt to Mahu2021 [6s 5h]
Mahu2021: folds 
tulen2184: calls 20
luxaras: checks 
*** FLOP *** [Ad Kh Td]
tulen2184: bets 40
luxaras: folds 
Uncalled bet (40) returned to tulen2184
tulen2184 collected 80 from pot
*** SUMMARY ***
Total pot 80 | Rake 0 
Board [Ad Kh Td]
Seat 1: luxaras (big blind) folded on the Flop
Seat 2: Mahu2021 (button) folded before Flop (didn't bet)
Seat 3: tulen2184 (small blind) collected (80)



PokerStars Hand #249594724985: Tournament #3732950403, $1.84+$0.16 USD Hold'em No Limit - Level III (20/40) - 2024/03/24 14:28:32 CET [2024/03/24 9:28:32 ET]
Table '3732950403 1' 3-max Seat #3 is the button
Seat 1: luxaras (835 in chips) 
Seat 2: Mahu2021 (135 in chips) 
Seat 3: tulen2184 (530 in chips) 
luxaras: posts small blind 20
Mahu2021: posts big blind 40
*** HOLE CARDS ***
Dealt to Mahu2021 [9h 7s]
tulen2184: folds 
luxaras: raises 795 to 835 and is all-in
Mahu2021: folds 
Uncalled bet (795) returned to luxaras
luxaras collected 80 from pot
luxaras: doesn't show hand 
*** SUMMARY ***
Total pot 80 | Rake 0 
Seat 1: luxaras (small blind) collected (80)
Seat 2: Mahu2021 (big blind) folded before Flop
Seat 3: tulen2184 (button) folded before Flop (didn't bet)



PokerStars Hand #249594726242: Tournament #3732950403, $1.84+$0.16 USD Hold'em No Limit - Level III (20/40) - 2024/03/24 14:28:37 CET [2024/03/24 9:28:37 ET]
Table '3732950403 1' 3-max Seat #1 is the button
Seat 1: luxaras (875 in chips) 
Seat 2: Mahu2021 (95 in chips) 
Seat 3: tulen2184 (530 in chips) 
Mahu2021: posts small blind 20
tulen2184: posts big blind 40
*** HOLE CARDS ***
Dealt to Mahu2021 [9h 8c]
luxaras: folds 
Mahu2021: folds 
Uncalled bet (20) returned to tulen2184
tulen2184 collected 40 from pot
*** SUMMARY ***
Total pot 40 | Rake 0 
Seat 1: luxaras (button) folded before Flop (didn't bet)
Seat 2: Mahu2021 (small blind) folded before Flop
Seat 3: tulen2184 (big blind) collected (40)



PokerStars Hand #249594727265: Tournament #3732950403, $1.84+$0.16 USD Hold'em No Limit - Level III (20/40) - 2024/03/24 14:28:42 CET [2024/03/24 9:28:42 ET]
Table '3732950403 1' 3-max Seat #2 is the button
Seat 1: luxaras (875 in chips) 
Seat 2: Mahu2021 (75 in chips) 
Seat 3: tulen2184 (550 in chips) 
tulen2184: posts small blind 20
luxaras: posts big blind 40
*** HOLE CARDS ***
Dealt to Mahu2021 [7h Jd]
Mahu2021: raises 35 to 75 and is all-in
tulen2184: folds 
luxaras: calls 35
*** FLOP *** [9s Kd Ts]
*** TURN *** [9s Kd Ts] [Ah]
*** RIVER *** [9s Kd Ts Ah] [3s]
*** SHOW DOWN ***
luxaras: shows [As 6d] (a pair of Aces)
Mahu2021: shows [7h Jd] (high card Ace)
luxaras collected 170 from pot
Mahu2021 finished the tournament in 3rd place
*** SUMMARY ***
Total pot 170 | Rake 0 
Board [9s Kd Ts Ah 3s]
Seat 1: luxaras (big blind) showed [As 6d] and won (170) with a pair of Aces
Seat 2: Mahu2021 (button) showed [7h Jd] and lost with high card Ace
Seat 3: tulen2184 (small blind) folded before Flop



