PokerStars Hand #253473183398: Tournament #3825118135, $1.84+$0.16 USD Hold'em No Limit - Level I (10/20) - 2024/11/19 9:42:37 CET [2024/11/19 3:42:37 ET]
Table '3825118135 1' 3-max Seat #1 is the button
Seat 1: Daniel8001 (500 in chips) 
Seat 2: Mahu2021 (500 in chips) 
Seat 3: ÉnMikike (500 in chips) 
Mahu2021: posts small blind 10
ÉnMikike: posts big blind 20
*** HOLE CARDS ***
Dealt to Mahu2021 [4d Kd]
Daniel8001: folds 
Mahu2021: raises 20 to 40
ÉnMikike: calls 20
*** FLOP *** [6d 4h 8d]
Mahu2021: bets 40
ÉnMikike: calls 40
*** TURN *** [6d 4h 8d] [3c]
Mahu2021: bets 40
ÉnMikike: calls 40
*** RIVER *** [6d 4h 8d 3c] [Td]
Mahu2021: bets 80
ÉnMikike: folds 
Uncalled bet (80) returned to Mahu2021
Mahu2021 collected 240 from pot
Mahu2021: doesn't show hand 
*** SUMMARY ***
Total pot 240 | Rake 0 
Board [6d 4h 8d 3c Td]
Seat 1: Daniel8001 (button) folded before Flop (didn't bet)
Seat 2: Mahu2021 (small blind) collected (240)
Seat 3: ÉnMikike (big blind) folded on the River



PokerStars Hand #253473187553: Tournament #3825118135, $1.84+$0.16 USD Hold'em No Limit - Level I (10/20) - 2024/11/19 9:43:29 CET [2024/11/19 3:43:29 ET]
Table '3825118135 1' 3-max Seat #2 is the button
Seat 1: Daniel8001 (500 in chips) 
Seat 2: Mahu2021 (620 in chips) 
Seat 3: ÉnMikike (380 in chips) 
ÉnMikike: posts small blind 10
Daniel8001: posts big blind 20
*** HOLE CARDS ***
Dealt to Mahu2021 [4d Ad]
Mahu2021: calls 20
ÉnMikike: folds 
Daniel8001: checks 
*** FLOP *** [Ac Qs Jh]
Daniel8001: checks 
Mahu2021: bets 40
Daniel8001: folds 
Uncalled bet (40) returned to Mahu2021
Mahu2021 collected 50 from pot
Mahu2021: doesn't show hand 
*** SUMMARY ***
Total pot 50 | Rake 0 
Board [Ac Qs Jh]
Seat 1: Daniel8001 (big blind) folded on the Flop
Seat 2: Mahu2021 (button) collected (50)
Seat 3: ÉnMikike (small blind) folded before Flop



PokerStars Hand #253473190723: Tournament #3825118135, $1.84+$0.16 USD Hold'em No Limit - Level I (10/20) - 2024/11/19 9:44:08 CET [2024/11/19 3:44:08 ET]
Table '3825118135 1' 3-max Seat #3 is the button
Seat 1: Daniel8001 (480 in chips) 
Seat 2: Mahu2021 (650 in chips) 
Seat 3: ÉnMikike (370 in chips) 
Daniel8001: posts small blind 10
Mahu2021: posts big blind 20
*** HOLE CARDS ***
Dealt to Mahu2021 [2c Kc]
ÉnMikike: folds 
Daniel8001: folds 
Uncalled bet (10) returned to Mahu2021
Mahu2021 collected 20 from pot
Mahu2021: doesn't show hand 
*** SUMMARY ***
Total pot 20 | Rake 0 
Seat 1: Daniel8001 (small blind) folded before Flop
Seat 2: Mahu2021 (big blind) collected (20)
Seat 3: ÉnMikike (button) folded before Flop (didn't bet)



PokerStars Hand #253473192355: Tournament #3825118135, $1.84+$0.16 USD Hold'em No Limit - Level I (10/20) - 2024/11/19 9:44:29 CET [2024/11/19 3:44:29 ET]
Table '3825118135 1' 3-max Seat #1 is the button
Seat 1: Daniel8001 (470 in chips) 
Seat 2: Mahu2021 (660 in chips) 
Seat 3: ÉnMikike (370 in chips) 
Mahu2021: posts small blind 10
ÉnMikike: posts big blind 20
*** HOLE CARDS ***
Dealt to Mahu2021 [Jc 3d]
Daniel8001: raises 40 to 60
Mahu2021: folds 
ÉnMikike: folds 
Uncalled bet (40) returned to Daniel8001
Daniel8001 collected 50 from pot
Daniel8001: doesn't show hand 
*** SUMMARY ***
Total pot 50 | Rake 0 
Seat 1: Daniel8001 (button) collected (50)
Seat 2: Mahu2021 (small blind) folded before Flop
Seat 3: ÉnMikike (big blind) folded before Flop



PokerStars Hand #253473194182: Tournament #3825118135, $1.84+$0.16 USD Hold'em No Limit - Level II (15/30) - 2024/11/19 9:44:51 CET [2024/11/19 3:44:51 ET]
Table '3825118135 1' 3-max Seat #2 is the button
Seat 1: Daniel8001 (500 in chips) 
Seat 2: Mahu2021 (650 in chips) 
Seat 3: ÉnMikike (350 in chips) 
ÉnMikike: posts small blind 15
Daniel8001: posts big blind 30
*** HOLE CARDS ***
Dealt to Mahu2021 [6s Ah]
Mahu2021: raises 30 to 60
ÉnMikike: raises 290 to 350 and is all-in
Daniel8001: folds 
Mahu2021: folds 
Uncalled bet (290) returned to ÉnMikike
ÉnMikike collected 150 from pot
ÉnMikike: doesn't show hand 
*** SUMMARY ***
Total pot 150 | Rake 0 
Seat 1: Daniel8001 (big blind) folded before Flop
Seat 2: Mahu2021 (button) folded before Flop
Seat 3: ÉnMikike (small blind) collected (150)



PokerStars Hand #253473195836: Tournament #3825118135, $1.84+$0.16 USD Hold'em No Limit - Level II (15/30) - 2024/11/19 9:45:12 CET [2024/11/19 3:45:12 ET]
Table '3825118135 1' 3-max Seat #3 is the button
Seat 1: Daniel8001 (470 in chips) 
Seat 2: Mahu2021 (590 in chips) 
Seat 3: ÉnMikike (440 in chips) 
Daniel8001: posts small blind 15
Mahu2021: posts big blind 30
*** HOLE CARDS ***
Dealt to Mahu2021 [3c Jd]
ÉnMikike: folds 
Daniel8001: raises 60 to 90
Mahu2021: folds 
Uncalled bet (60) returned to Daniel8001
Daniel8001 collected 60 from pot
Daniel8001: doesn't show hand 
*** SUMMARY ***
Total pot 60 | Rake 0 
Seat 1: Daniel8001 (small blind) collected (60)
Seat 2: Mahu2021 (big blind) folded before Flop
Seat 3: ÉnMikike (button) folded before Flop (didn't bet)



PokerStars Hand #253473196433: Tournament #3825118135, $1.84+$0.16 USD Hold'em No Limit - Level II (15/30) - 2024/11/19 9:45:19 CET [2024/11/19 3:45:19 ET]
Table '3825118135 1' 3-max Seat #1 is the button
Seat 1: Daniel8001 (500 in chips) 
Seat 2: Mahu2021 (560 in chips) 
Seat 3: ÉnMikike (440 in chips) 
Mahu2021: posts small blind 15
ÉnMikike: posts big blind 30
*** HOLE CARDS ***
Dealt to Mahu2021 [3d 6h]
Daniel8001: folds 
Mahu2021: folds 
Uncalled bet (15) returned to ÉnMikike
ÉnMikike collected 30 from pot
ÉnMikike: doesn't show hand 
*** SUMMARY ***
Total pot 30 | Rake 0 
Seat 1: Daniel8001 (button) folded before Flop (didn't bet)
Seat 2: Mahu2021 (small blind) folded before Flop
Seat 3: ÉnMikike (big blind) collected (30)



PokerStars Hand #253473197004: Tournament #3825118135, $1.84+$0.16 USD Hold'em No Limit - Level II (15/30) - 2024/11/19 9:45:27 CET [2024/11/19 3:45:27 ET]
Table '3825118135 1' 3-max Seat #2 is the button
Seat 1: Daniel8001 (500 in chips) 
Seat 2: Mahu2021 (545 in chips) 
Seat 3: ÉnMikike (455 in chips) 
ÉnMikike: posts small blind 15
Daniel8001: posts big blind 30
*** HOLE CARDS ***
Dealt to Mahu2021 [Qd 2s]
Mahu2021: folds 
ÉnMikike: raises 425 to 455 and is all-in
Daniel8001: calls 425
*** FLOP *** [3h 8h Qs]
*** TURN *** [3h 8h Qs] [4d]
*** RIVER *** [3h 8h Qs 4d] [7h]
*** SHOW DOWN ***
ÉnMikike: shows [Ad 8c] (a pair of Eights)
Daniel8001: shows [Ac 5h] (high card Ace)
ÉnMikike collected 910 from pot
*** SUMMARY ***
Total pot 910 | Rake 0 
Board [3h 8h Qs 4d 7h]
Seat 1: Daniel8001 (big blind) showed [Ac 5h] and lost with high card Ace
Seat 2: Mahu2021 (button) folded before Flop (didn't bet)
Seat 3: ÉnMikike (small blind) showed [Ad 8c] and won (910) with a pair of Eights



PokerStars Hand #253473198966: Tournament #3825118135, $1.84+$0.16 USD Hold'em No Limit - Level II (15/30) - 2024/11/19 9:45:51 CET [2024/11/19 3:45:51 ET]
Table '3825118135 1' 3-max Seat #3 is the button
Seat 1: Daniel8001 (45 in chips) 
Seat 2: Mahu2021 (545 in chips) 
Seat 3: ÉnMikike (910 in chips) 
Daniel8001: posts small blind 15
Mahu2021: posts big blind 30
*** HOLE CARDS ***
Dealt to Mahu2021 [Th 4s]
ÉnMikike: folds 
Daniel8001: raises 15 to 45 and is all-in
Mahu2021: calls 15
*** FLOP *** [Ks 5d 3d]
*** TURN *** [Ks 5d 3d] [4d]
*** RIVER *** [Ks 5d 3d 4d] [7s]
*** SHOW DOWN ***
Daniel8001: shows [Td Kh] (a pair of Kings)
Mahu2021: shows [Th 4s] (a pair of Fours)
Daniel8001 collected 90 from pot
*** SUMMARY ***
Total pot 90 | Rake 0 
Board [Ks 5d 3d 4d 7s]
Seat 1: Daniel8001 (small blind) showed [Td Kh] and won (90) with a pair of Kings
Seat 2: Mahu2021 (big blind) showed [Th 4s] and lost with a pair of Fours
Seat 3: ÉnMikike (button) folded before Flop (didn't bet)



PokerStars Hand #253473200128: Tournament #3825118135, $1.84+$0.16 USD Hold'em No Limit - Level II (15/30) - 2024/11/19 9:46:06 CET [2024/11/19 3:46:06 ET]
Table '3825118135 1' 3-max Seat #1 is the button
Seat 1: Daniel8001 (90 in chips) 
Seat 2: Mahu2021 (500 in chips) 
Seat 3: ÉnMikike (910 in chips) 
Mahu2021: posts small blind 15
ÉnMikike: posts big blind 30
*** HOLE CARDS ***
Dealt to Mahu2021 [7d As]
Daniel8001: folds 
Mahu2021: raises 60 to 90
ÉnMikike: folds 
Uncalled bet (60) returned to Mahu2021
Mahu2021 collected 60 from pot
Mahu2021: doesn't show hand 
*** SUMMARY ***
Total pot 60 | Rake 0 
Seat 1: Daniel8001 (button) folded before Flop (didn't bet)
Seat 2: Mahu2021 (small blind) collected (60)
Seat 3: ÉnMikike (big blind) folded before Flop



PokerStars Hand #253473201132: Tournament #3825118135, $1.84+$0.16 USD Hold'em No Limit - Level II (15/30) - 2024/11/19 9:46:18 CET [2024/11/19 3:46:18 ET]
Table '3825118135 1' 3-max Seat #2 is the button
Seat 1: Daniel8001 (90 in chips) 
Seat 2: Mahu2021 (530 in chips) 
Seat 3: ÉnMikike (880 in chips) 
ÉnMikike: posts small blind 15
Daniel8001: posts big blind 30
*** HOLE CARDS ***
Dealt to Mahu2021 [Qc 5c]
Mahu2021: folds 
ÉnMikike: raises 850 to 880 and is all-in
Daniel8001: calls 60 and is all-in
Uncalled bet (790) returned to ÉnMikike
*** FLOP *** [8s 7s 6h]
*** TURN *** [8s 7s 6h] [8d]
*** RIVER *** [8s 7s 6h 8d] [7d]
*** SHOW DOWN ***
ÉnMikike: shows [Jh 6d] (two pair, Eights and Sevens)
Daniel8001: shows [7h 8h] (a full house, Eights full of Sevens)
Daniel8001 collected 180 from pot
*** SUMMARY ***
Total pot 180 | Rake 0 
Board [8s 7s 6h 8d 7d]
Seat 1: Daniel8001 (big blind) showed [7h 8h] and won (180) with a full house, Eights full of Sevens
Seat 2: Mahu2021 (button) folded before Flop (didn't bet)
Seat 3: ÉnMikike (small blind) showed [Jh 6d] and lost with two pair, Eights and Sevens



PokerStars Hand #253473202671: Tournament #3825118135, $1.84+$0.16 USD Hold'em No Limit - Level II (15/30) - 2024/11/19 9:46:38 CET [2024/11/19 3:46:38 ET]
Table '3825118135 1' 3-max Seat #3 is the button
Seat 1: Daniel8001 (180 in chips) 
Seat 2: Mahu2021 (530 in chips) 
Seat 3: ÉnMikike (790 in chips) 
Daniel8001: posts small blind 15
Mahu2021: posts big blind 30
*** HOLE CARDS ***
Dealt to Mahu2021 [Ks 8s]
ÉnMikike: folds 
Daniel8001: folds 
Uncalled bet (15) returned to Mahu2021
Mahu2021 collected 30 from pot
Mahu2021: doesn't show hand 
*** SUMMARY ***
Total pot 30 | Rake 0 
Seat 1: Daniel8001 (small blind) folded before Flop
Seat 2: Mahu2021 (big blind) collected (30)
Seat 3: ÉnMikike (button) folded before Flop (didn't bet)



PokerStars Hand #253473203717: Tournament #3825118135, $1.84+$0.16 USD Hold'em No Limit - Level III (20/40) - 2024/11/19 9:46:51 CET [2024/11/19 3:46:51 ET]
Table '3825118135 1' 3-max Seat #1 is the button
Seat 1: Daniel8001 (165 in chips) 
Seat 2: Mahu2021 (545 in chips) 
Seat 3: ÉnMikike (790 in chips) 
Mahu2021: posts small blind 20
ÉnMikike: posts big blind 40
*** HOLE CARDS ***
Dealt to Mahu2021 [7s As]
Daniel8001: folds 
Mahu2021: raises 40 to 80
ÉnMikike: raises 710 to 790 and is all-in
Mahu2021: folds 
Uncalled bet (710) returned to ÉnMikike
ÉnMikike collected 160 from pot
ÉnMikike: doesn't show hand 
*** SUMMARY ***
Total pot 160 | Rake 0 
Seat 1: Daniel8001 (button) folded before Flop (didn't bet)
Seat 2: Mahu2021 (small blind) folded before Flop
Seat 3: ÉnMikike (big blind) collected (160)



PokerStars Hand #253473206684: Tournament #3825118135, $1.84+$0.16 USD Hold'em No Limit - Level III (20/40) - 2024/11/19 9:47:28 CET [2024/11/19 3:47:28 ET]
Table '3825118135 1' 3-max Seat #2 is the button
Seat 1: Daniel8001 (165 in chips) 
Seat 2: Mahu2021 (465 in chips) 
Seat 3: ÉnMikike (870 in chips) 
ÉnMikike: posts small blind 20
Daniel8001: posts big blind 40
*** HOLE CARDS ***
Dealt to Mahu2021 [Td Ks]
Mahu2021: calls 40
ÉnMikike: calls 20
Daniel8001: raises 125 to 165 and is all-in
Mahu2021: calls 125
ÉnMikike: folds 
*** FLOP *** [Ah Kh Th]
*** TURN *** [Ah Kh Th] [5d]
*** RIVER *** [Ah Kh Th 5d] [4h]
*** SHOW DOWN ***
Daniel8001: shows [6s 5h] (a flush, Ace high)
Mahu2021: shows [Td Ks] (two pair, Kings and Tens)
Daniel8001 collected 370 from pot
*** SUMMARY ***
Total pot 370 | Rake 0 
Board [Ah Kh Th 5d 4h]
Seat 1: Daniel8001 (big blind) showed [6s 5h] and won (370) with a flush, Ace high
Seat 2: Mahu2021 (button) showed [Td Ks] and lost with two pair, Kings and Tens
Seat 3: ÉnMikike (small blind) folded before Flop



PokerStars Hand #253473209235: Tournament #3825118135, $1.84+$0.16 USD Hold'em No Limit - Level III (20/40) - 2024/11/19 9:48:00 CET [2024/11/19 3:48:00 ET]
Table '3825118135 1' 3-max Seat #3 is the button
Seat 1: Daniel8001 (370 in chips) 
Seat 2: Mahu2021 (300 in chips) 
Seat 3: ÉnMikike (830 in chips) 
Daniel8001: posts small blind 20
Mahu2021: posts big blind 40
*** HOLE CARDS ***
Dealt to Mahu2021 [Qs 7s]
ÉnMikike: folds 
Daniel8001: raises 80 to 120
Mahu2021: calls 80
*** FLOP *** [5s 9d 9c]
Daniel8001: bets 200
Mahu2021: folds 
Uncalled bet (200) returned to Daniel8001
Daniel8001 collected 240 from pot
Daniel8001: doesn't show hand 
*** SUMMARY ***
Total pot 240 | Rake 0 
Board [5s 9d 9c]
Seat 1: Daniel8001 (small blind) collected (240)
Seat 2: Mahu2021 (big blind) folded on the Flop
Seat 3: ÉnMikike (button) folded before Flop (didn't bet)



PokerStars Hand #253473211276: Tournament #3825118135, $1.84+$0.16 USD Hold'em No Limit - Level III (20/40) - 2024/11/19 9:48:26 CET [2024/11/19 3:48:26 ET]
Table '3825118135 1' 3-max Seat #1 is the button
Seat 1: Daniel8001 (490 in chips) 
Seat 2: Mahu2021 (180 in chips) 
Seat 3: ÉnMikike (830 in chips) 
Mahu2021: posts small blind 20
ÉnMikike: posts big blind 40
*** HOLE CARDS ***
Dealt to Mahu2021 [5c Kh]
Daniel8001: folds 
Mahu2021: raises 140 to 180 and is all-in
ÉnMikike: folds 
Uncalled bet (140) returned to Mahu2021
Mahu2021 collected 80 from pot
Mahu2021: doesn't show hand 
*** SUMMARY ***
Total pot 80 | Rake 0 
Seat 1: Daniel8001 (button) folded before Flop (didn't bet)
Seat 2: Mahu2021 (small blind) collected (80)
Seat 3: ÉnMikike (big blind) folded before Flop



PokerStars Hand #253473213044: Tournament #3825118135, $1.84+$0.16 USD Hold'em No Limit - Level IV (30/60) - 2024/11/19 9:48:48 CET [2024/11/19 3:48:48 ET]
Table '3825118135 1' 3-max Seat #2 is the button
Seat 1: Daniel8001 (490 in chips) 
Seat 2: Mahu2021 (220 in chips) 
Seat 3: ÉnMikike (790 in chips) 
ÉnMikike: posts small blind 30
Daniel8001: posts big blind 60
*** HOLE CARDS ***
Dealt to Mahu2021 [6h Qh]
Mahu2021: folds 
ÉnMikike: raises 730 to 790 and is all-in
Daniel8001: folds 
Uncalled bet (730) returned to ÉnMikike
ÉnMikike collected 120 from pot
ÉnMikike: doesn't show hand 
*** SUMMARY ***
Total pot 120 | Rake 0 
Seat 1: Daniel8001 (big blind) folded before Flop
Seat 2: Mahu2021 (button) folded before Flop (didn't bet)
Seat 3: ÉnMikike (small blind) collected (120)



PokerStars Hand #253473214021: Tournament #3825118135, $1.84+$0.16 USD Hold'em No Limit - Level IV (30/60) - 2024/11/19 9:49:00 CET [2024/11/19 3:49:00 ET]
Table '3825118135 1' 3-max Seat #3 is the button
Seat 1: Daniel8001 (430 in chips) 
Seat 2: Mahu2021 (220 in chips) 
Seat 3: ÉnMikike (850 in chips) 
Daniel8001: posts small blind 30
Mahu2021: posts big blind 60
*** HOLE CARDS ***
Dealt to Mahu2021 [Qd Kc]
ÉnMikike: folds 
Daniel8001: calls 30
Mahu2021: raises 160 to 220 and is all-in
Daniel8001: calls 160
*** FLOP *** [5d 6h 7h]
*** TURN *** [5d 6h 7h] [3c]
*** RIVER *** [5d 6h 7h 3c] [4s]
*** SHOW DOWN ***
Daniel8001: shows [Ts 9c] (a straight, Three to Seven)
Mahu2021: shows [Qd Kc] (a straight, Three to Seven)
Daniel8001 collected 220 from pot
Mahu2021 collected 220 from pot
*** SUMMARY ***
Total pot 440 | Rake 0 
Board [5d 6h 7h 3c 4s]
Seat 1: Daniel8001 (small blind) showed [Ts 9c] and won (220) with a straight, Three to Seven
Seat 2: Mahu2021 (big blind) showed [Qd Kc] and won (220) with a straight, Three to Seven
Seat 3: ÉnMikike (button) folded before Flop (didn't bet)



PokerStars Hand #253473215665: Tournament #3825118135, $1.84+$0.16 USD Hold'em No Limit - Level IV (30/60) - 2024/11/19 9:49:21 CET [2024/11/19 3:49:21 ET]
Table '3825118135 1' 3-max Seat #1 is the button
Seat 1: Daniel8001 (430 in chips) 
Seat 2: Mahu2021 (220 in chips) 
Seat 3: ÉnMikike (850 in chips) 
Mahu2021: posts small blind 30
ÉnMikike: posts big blind 60
*** HOLE CARDS ***
Dealt to Mahu2021 [Ad Jd]
Daniel8001: folds 
Mahu2021: raises 160 to 220 and is all-in
ÉnMikike: folds 
Uncalled bet (160) returned to Mahu2021
Mahu2021 collected 120 from pot
Mahu2021: doesn't show hand 
*** SUMMARY ***
Total pot 120 | Rake 0 
Seat 1: Daniel8001 (button) folded before Flop (didn't bet)
Seat 2: Mahu2021 (small blind) collected (120)
Seat 3: ÉnMikike (big blind) folded before Flop



PokerStars Hand #253473217454: Tournament #3825118135, $1.84+$0.16 USD Hold'em No Limit - Level IV (30/60) - 2024/11/19 9:49:43 CET [2024/11/19 3:49:43 ET]
Table '3825118135 1' 3-max Seat #2 is the button
Seat 1: Daniel8001 (430 in chips) 
Seat 2: Mahu2021 (280 in chips) 
Seat 3: ÉnMikike (790 in chips) 
ÉnMikike: posts small blind 30
Daniel8001: posts big blind 60
*** HOLE CARDS ***
Dealt to Mahu2021 [Th Qc]
Mahu2021: folds 
ÉnMikike: raises 730 to 790 and is all-in
Daniel8001: calls 370 and is all-in
Uncalled bet (360) returned to ÉnMikike
*** FLOP *** [6h 3d 3c]
*** TURN *** [6h 3d 3c] [5c]
*** RIVER *** [6h 3d 3c 5c] [2d]
*** SHOW DOWN ***
ÉnMikike: shows [As 4s] (a straight, Deuce to Six)
Daniel8001: shows [Ac 3s] (three of a kind, Threes)
ÉnMikike collected 860 from pot
Daniel8001 finished the tournament in 3rd place
*** SUMMARY ***
Total pot 860 | Rake 0 
Board [6h 3d 3c 5c 2d]
Seat 1: Daniel8001 (big blind) showed [Ac 3s] and lost with three of a kind, Threes
Seat 2: Mahu2021 (button) folded before Flop (didn't bet)
Seat 3: ÉnMikike (small blind) showed [As 4s] and won (860) with a straight, Deuce to Six



PokerStars Hand #253473219263: Tournament #3825118135, $1.84+$0.16 USD Hold'em No Limit - Level IV (30/60) - 2024/11/19 9:50:06 CET [2024/11/19 3:50:06 ET]
Table '3825118135 1' 3-max Seat #3 is the button
Seat 2: Mahu2021 (280 in chips) 
Seat 3: ÉnMikike (1220 in chips) 
ÉnMikike: posts small blind 30
Mahu2021: posts big blind 60
*** HOLE CARDS ***
Dealt to Mahu2021 [4h Js]
ÉnMikike: raises 1160 to 1220 and is all-in
Mahu2021: folds 
Uncalled bet (1160) returned to ÉnMikike
ÉnMikike collected 120 from pot
ÉnMikike: doesn't show hand 
*** SUMMARY ***
Total pot 120 | Rake 0 
Seat 2: Mahu2021 (big blind) folded before Flop
Seat 3: ÉnMikike (button) (small blind) collected (120)



PokerStars Hand #253473219948: Tournament #3825118135, $1.84+$0.16 USD Hold'em No Limit - Level IV (30/60) - 2024/11/19 9:50:14 CET [2024/11/19 3:50:14 ET]
Table '3825118135 1' 3-max Seat #2 is the button
Seat 2: Mahu2021 (220 in chips) 
Seat 3: ÉnMikike (1280 in chips) 
Mahu2021: posts small blind 30
ÉnMikike: posts big blind 60
*** HOLE CARDS ***
Dealt to Mahu2021 [6d 8d]
Mahu2021: folds 
Uncalled bet (30) returned to ÉnMikike
ÉnMikike collected 60 from pot
ÉnMikike: doesn't show hand 
*** SUMMARY ***
Total pot 60 | Rake 0 
Seat 2: Mahu2021 (button) (small blind) folded before Flop
Seat 3: ÉnMikike (big blind) collected (60)



PokerStars Hand #253473220334: Tournament #3825118135, $1.84+$0.16 USD Hold'em No Limit - Level IV (30/60) - 2024/11/19 9:50:18 CET [2024/11/19 3:50:18 ET]
Table '3825118135 1' 3-max Seat #3 is the button
Seat 2: Mahu2021 (190 in chips) 
Seat 3: ÉnMikike (1310 in chips) 
ÉnMikike: posts small blind 30
Mahu2021: posts big blind 60
*** HOLE CARDS ***
Dealt to Mahu2021 [Js 7h]
ÉnMikike: raises 1250 to 1310 and is all-in
Mahu2021: calls 130 and is all-in
Uncalled bet (1120) returned to ÉnMikike
*** FLOP *** [5h 6s Jd]
*** TURN *** [5h 6s Jd] [Td]
*** RIVER *** [5h 6s Jd Td] [3h]
*** SHOW DOWN ***
Mahu2021: shows [Js 7h] (a pair of Jacks)
ÉnMikike: shows [8c Kh] (high card King)
Mahu2021 collected 380 from pot
*** SUMMARY ***
Total pot 380 | Rake 0 
Board [5h 6s Jd Td 3h]
Seat 2: Mahu2021 (big blind) showed [Js 7h] and won (380) with a pair of Jacks
Seat 3: ÉnMikike (button) (small blind) showed [8c Kh] and lost with high card King



PokerStars Hand #253473221905: Tournament #3825118135, $1.84+$0.16 USD Hold'em No Limit - Level IV (30/60) - 2024/11/19 9:50:39 CET [2024/11/19 3:50:39 ET]
Table '3825118135 1' 3-max Seat #2 is the button
Seat 2: Mahu2021 (380 in chips) 
Seat 3: ÉnMikike (1120 in chips) 
Mahu2021: posts small blind 30
ÉnMikike: posts big blind 60
*** HOLE CARDS ***
Dealt to Mahu2021 [3c Ac]
Mahu2021: raises 320 to 380 and is all-in
ÉnMikike: calls 320
*** FLOP *** [4s 5d 7s]
*** TURN *** [4s 5d 7s] [Ad]
*** RIVER *** [4s 5d 7s Ad] [Qd]
*** SHOW DOWN ***
ÉnMikike: shows [Kh Td] (high card Ace)
Mahu2021: shows [3c Ac] (a pair of Aces)
Mahu2021 collected 760 from pot
*** SUMMARY ***
Total pot 760 | Rake 0 
Board [4s 5d 7s Ad Qd]
Seat 2: Mahu2021 (button) (small blind) showed [3c Ac] and won (760) with a pair of Aces
Seat 3: ÉnMikike (big blind) showed [Kh Td] and lost with high card Ace



PokerStars Hand #253473224157: Tournament #3825118135, $1.84+$0.16 USD Hold'em No Limit - Level V (40/80) - 2024/11/19 9:51:06 CET [2024/11/19 3:51:06 ET]
Table '3825118135 1' 3-max Seat #3 is the button
Seat 2: Mahu2021 (760 in chips) 
Seat 3: ÉnMikike (740 in chips) 
ÉnMikike: posts small blind 40
Mahu2021: posts big blind 80
*** HOLE CARDS ***
Dealt to Mahu2021 [4s 8s]
ÉnMikike: calls 40
Mahu2021: checks 
*** FLOP *** [As 9c Jc]
Mahu2021: checks 
ÉnMikike: bets 80
Mahu2021: raises 80 to 160
ÉnMikike: folds 
Uncalled bet (80) returned to Mahu2021
Mahu2021 collected 320 from pot
Mahu2021: doesn't show hand 
*** SUMMARY ***
Total pot 320 | Rake 0 
Board [As 9c Jc]
Seat 2: Mahu2021 (big blind) collected (320)
Seat 3: ÉnMikike (button) (small blind) folded on the Flop



PokerStars Hand #253473227362: Tournament #3825118135, $1.84+$0.16 USD Hold'em No Limit - Level V (40/80) - 2024/11/19 9:51:47 CET [2024/11/19 3:51:47 ET]
Table '3825118135 1' 3-max Seat #2 is the button
Seat 2: Mahu2021 (920 in chips) 
Seat 3: ÉnMikike (580 in chips) 
Mahu2021: posts small blind 40
ÉnMikike: posts big blind 80
*** HOLE CARDS ***
Dealt to Mahu2021 [2d Td]
Mahu2021: folds 
Uncalled bet (40) returned to ÉnMikike
ÉnMikike collected 80 from pot
ÉnMikike: doesn't show hand 
*** SUMMARY ***
Total pot 80 | Rake 0 
Seat 2: Mahu2021 (button) (small blind) folded before Flop
Seat 3: ÉnMikike (big blind) collected (80)



PokerStars Hand #253473227822: Tournament #3825118135, $1.84+$0.16 USD Hold'em No Limit - Level V (40/80) - 2024/11/19 9:51:52 CET [2024/11/19 3:51:52 ET]
Table '3825118135 1' 3-max Seat #3 is the button
Seat 2: Mahu2021 (880 in chips) 
Seat 3: ÉnMikike (620 in chips) 
ÉnMikike: posts small blind 40
Mahu2021: posts big blind 80
*** HOLE CARDS ***
Dealt to Mahu2021 [Jd Td]
ÉnMikike: calls 40
Mahu2021: checks 
*** FLOP *** [Ac 3c 6d]
Mahu2021: checks 
ÉnMikike: bets 80
Mahu2021: folds 
Uncalled bet (80) returned to ÉnMikike
ÉnMikike collected 160 from pot
ÉnMikike: doesn't show hand 
*** SUMMARY ***
Total pot 160 | Rake 0 
Board [Ac 3c 6d]
Seat 2: Mahu2021 (big blind) folded on the Flop
Seat 3: ÉnMikike (button) (small blind) collected (160)



PokerStars Hand #253473229565: Tournament #3825118135, $1.84+$0.16 USD Hold'em No Limit - Level V (40/80) - 2024/11/19 9:52:14 CET [2024/11/19 3:52:14 ET]
Table '3825118135 1' 3-max Seat #2 is the button
Seat 2: Mahu2021 (800 in chips) 
Seat 3: ÉnMikike (700 in chips) 
Mahu2021: posts small blind 40
ÉnMikike: posts big blind 80
*** HOLE CARDS ***
Dealt to Mahu2021 [Ks 6s]
Mahu2021: raises 80 to 160
ÉnMikike: raises 540 to 700 and is all-in
Mahu2021: folds 
Uncalled bet (540) returned to ÉnMikike
ÉnMikike collected 320 from pot
ÉnMikike: doesn't show hand 
*** SUMMARY ***
Total pot 320 | Rake 0 
Seat 2: Mahu2021 (button) (small blind) folded before Flop
Seat 3: ÉnMikike (big blind) collected (320)



PokerStars Hand #253473231321: Tournament #3825118135, $1.84+$0.16 USD Hold'em No Limit - Level V (40/80) - 2024/11/19 9:52:35 CET [2024/11/19 3:52:35 ET]
Table '3825118135 1' 3-max Seat #3 is the button
Seat 2: Mahu2021 (640 in chips) 
Seat 3: ÉnMikike (860 in chips) 
ÉnMikike: posts small blind 40
Mahu2021: posts big blind 80
*** HOLE CARDS ***
Dealt to Mahu2021 [2h 8s]
ÉnMikike: raises 780 to 860 and is all-in
Mahu2021: folds 
Uncalled bet (780) returned to ÉnMikike
ÉnMikike collected 160 from pot
ÉnMikike: doesn't show hand 
*** SUMMARY ***
Total pot 160 | Rake 0 
Seat 2: Mahu2021 (big blind) folded before Flop
Seat 3: ÉnMikike (button) (small blind) collected (160)



PokerStars Hand #253473232586: Tournament #3825118135, $1.84+$0.16 USD Hold'em No Limit - Level VI (50/100) - 2024/11/19 9:52:50 CET [2024/11/19 3:52:50 ET]
Table '3825118135 1' 3-max Seat #2 is the button
Seat 2: Mahu2021 (560 in chips) 
Seat 3: ÉnMikike (940 in chips) 
Mahu2021: posts small blind 50
ÉnMikike: posts big blind 100
*** HOLE CARDS ***
Dealt to Mahu2021 [Jc Th]
Mahu2021: raises 100 to 200
ÉnMikike: folds 
Uncalled bet (100) returned to Mahu2021
Mahu2021 collected 200 from pot
Mahu2021: doesn't show hand 
*** SUMMARY ***
Total pot 200 | Rake 0 
Seat 2: Mahu2021 (button) (small blind) collected (200)
Seat 3: ÉnMikike (big blind) folded before Flop



PokerStars Hand #253473233127: Tournament #3825118135, $1.84+$0.16 USD Hold'em No Limit - Level VI (50/100) - 2024/11/19 9:52:56 CET [2024/11/19 3:52:56 ET]
Table '3825118135 1' 3-max Seat #3 is the button
Seat 2: Mahu2021 (660 in chips) 
Seat 3: ÉnMikike (840 in chips) 
ÉnMikike: posts small blind 50
Mahu2021: posts big blind 100
*** HOLE CARDS ***
Dealt to Mahu2021 [Kc Ks]
ÉnMikike: raises 740 to 840 and is all-in
Mahu2021: calls 560 and is all-in
Uncalled bet (180) returned to ÉnMikike
*** FLOP *** [9s 2d 8d]
*** TURN *** [9s 2d 8d] [5h]
*** RIVER *** [9s 2d 8d 5h] [6h]
*** SHOW DOWN ***
Mahu2021: shows [Kc Ks] (a pair of Kings)
ÉnMikike: shows [5s Qs] (a pair of Fives)
Mahu2021 collected 1320 from pot
*** SUMMARY ***
Total pot 1320 | Rake 0 
Board [9s 2d 8d 5h 6h]
Seat 2: Mahu2021 (big blind) showed [Kc Ks] and won (1320) with a pair of Kings
Seat 3: ÉnMikike (button) (small blind) showed [5s Qs] and lost with a pair of Fives



PokerStars Hand #253473234663: Tournament #3825118135, $1.84+$0.16 USD Hold'em No Limit - Level VI (50/100) - 2024/11/19 9:53:15 CET [2024/11/19 3:53:15 ET]
Table '3825118135 1' 3-max Seat #2 is the button
Seat 2: Mahu2021 (1320 in chips) 
Seat 3: ÉnMikike (180 in chips) 
Mahu2021: posts small blind 50
ÉnMikike: posts big blind 100
*** HOLE CARDS ***
Dealt to Mahu2021 [Kd 4s]
Mahu2021: raises 200 to 300
ÉnMikike: calls 80 and is all-in
Uncalled bet (120) returned to Mahu2021
*** FLOP *** [Ac 6s Kh]
*** TURN *** [Ac 6s Kh] [5s]
*** RIVER *** [Ac 6s Kh 5s] [3h]
*** SHOW DOWN ***
ÉnMikike: shows [Jd 6c] (a pair of Sixes)
Mahu2021: shows [Kd 4s] (a pair of Kings)
Mahu2021 collected 360 from pot
ÉnMikike finished the tournament in 2nd place
Mahu2021 wins the tournament and receives $4.00 - congratulations!
*** SUMMARY ***
Total pot 360 | Rake 0 
Board [Ac 6s Kh 5s 3h]
Seat 2: Mahu2021 (button) (small blind) showed [Kd 4s] and won (360) with a pair of Kings
Seat 3: ÉnMikike (big blind) showed [Jd 6c] and lost with a pair of Sixes



