PokerStars Hand #249102157795: Tournament #3721381903, $1.84+$0.16 USD Hold'em No Limit - Level I (10/20) - 2024/02/26 10:58:43 CET [2024/02/26 4:58:43 ET]
Table '3721381903 1' 3-max Seat #1 is the button
Seat 1: Mahu2021 (500 in chips) 
Seat 2: Tokarz222 (500 in chips) 
Seat 3: anne1949 (500 in chips) 
Tokarz222: posts small blind 10
anne1949: posts big blind 20
*** HOLE CARDS ***
Dealt to Mahu2021 [5h 9d]
Mahu2021: folds 
Tokarz222: raises 20 to 40
anne1949: folds 
Uncalled bet (20) returned to Tokarz222
Tokarz222 collected 40 from pot
Tokarz222: doesn't show hand 
*** SUMMARY ***
Total pot 40 | Rake 0 
Seat 1: Mahu2021 (button) folded before Flop (didn't bet)
Seat 2: Tokarz222 (small blind) collected (40)
Seat 3: anne1949 (big blind) folded before Flop



PokerStars Hand #249102158953: Tournament #3721381903, $1.84+$0.16 USD Hold'em No Limit - Level I (10/20) - 2024/02/26 10:58:54 CET [2024/02/26 4:58:54 ET]
Table '3721381903 1' 3-max Seat #2 is the button
Seat 1: Mahu2021 (500 in chips) 
Seat 2: Tokarz222 (520 in chips) 
Seat 3: anne1949 (480 in chips) 
anne1949: posts small blind 10
Mahu2021: posts big blind 20
*** HOLE CARDS ***
Dealt to Mahu2021 [4s 6h]
Tokarz222: folds 
anne1949: raises 460 to 480 and is all-in
Mahu2021: folds 
Uncalled bet (460) returned to anne1949
anne1949 collected 40 from pot
anne1949: doesn't show hand 
*** SUMMARY ***
Total pot 40 | Rake 0 
Seat 1: Mahu2021 (big blind) folded before Flop
Seat 2: Tokarz222 (button) folded before Flop (didn't bet)
Seat 3: anne1949 (small blind) collected (40)



PokerStars Hand #249102160157: Tournament #3721381903, $1.84+$0.16 USD Hold'em No Limit - Level I (10/20) - 2024/02/26 10:59:06 CET [2024/02/26 4:59:06 ET]
Table '3721381903 1' 3-max Seat #3 is the button
Seat 1: Mahu2021 (480 in chips) 
Seat 2: Tokarz222 (520 in chips) 
Seat 3: anne1949 (500 in chips) 
Mahu2021: posts small blind 10
Tokarz222: posts big blind 20
*** HOLE CARDS ***
Dealt to Mahu2021 [5h Qs]
anne1949: calls 20
Mahu2021: calls 10
Tokarz222: raises 500 to 520 and is all-in
anne1949: calls 480 and is all-in
Mahu2021: folds 
Uncalled bet (20) returned to Tokarz222
*** FLOP *** [4d 9d 4c]
*** TURN *** [4d 9d 4c] [6d]
*** RIVER *** [4d 9d 4c 6d] [Ad]
*** SHOW DOWN ***
Tokarz222: shows [4s As] (a full house, Fours full of Aces)
anne1949: shows [Qc Kh] (a pair of Fours)
Tokarz222 collected 1020 from pot
anne1949 finished the tournament in 3rd place
*** SUMMARY ***
Total pot 1020 | Rake 0 
Board [4d 9d 4c 6d Ad]
Seat 1: Mahu2021 (small blind) folded before Flop
Seat 2: Tokarz222 (big blind) showed [4s As] and won (1020) with a full house, Fours full of Aces
Seat 3: anne1949 (button) showed [Qc Kh] and lost with a pair of Fours



PokerStars Hand #249102162517: Tournament #3721381903, $1.84+$0.16 USD Hold'em No Limit - Level I (10/20) - 2024/02/26 10:59:30 CET [2024/02/26 4:59:30 ET]
Table '3721381903 1' 3-max Seat #2 is the button
Seat 1: Mahu2021 (460 in chips) 
Seat 2: Tokarz222 (1040 in chips) 
Tokarz222: posts small blind 10
Mahu2021: posts big blind 20
*** HOLE CARDS ***
Dealt to Mahu2021 [4c Jc]
Tokarz222: raises 20 to 40
Mahu2021: calls 20
*** FLOP *** [8d 3c Kd]
Mahu2021: checks 
Tokarz222: checks 
*** TURN *** [8d 3c Kd] [5c]
Mahu2021: bets 40
Tokarz222: calls 40
*** RIVER *** [8d 3c Kd 5c] [9h]
Mahu2021: checks 
Tokarz222: bets 60
Mahu2021: folds 
Uncalled bet (60) returned to Tokarz222
Tokarz222 collected 160 from pot
Tokarz222: doesn't show hand 
*** SUMMARY ***
Total pot 160 | Rake 0 
Board [8d 3c Kd 5c 9h]
Seat 1: Mahu2021 (big blind) folded on the River
Seat 2: Tokarz222 (button) (small blind) collected (160)



PokerStars Hand #249102164784: Tournament #3721381903, $1.84+$0.16 USD Hold'em No Limit - Level I (10/20) - 2024/02/26 10:59:52 CET [2024/02/26 4:59:52 ET]
Table '3721381903 1' 3-max Seat #1 is the button
Seat 1: Mahu2021 (380 in chips) 
Seat 2: Tokarz222 (1120 in chips) 
Mahu2021: posts small blind 10
Tokarz222: posts big blind 20
*** HOLE CARDS ***
Dealt to Mahu2021 [5s 9h]
Mahu2021: folds 
Uncalled bet (10) returned to Tokarz222
Tokarz222 collected 20 from pot
Tokarz222: doesn't show hand 
*** SUMMARY ***
Total pot 20 | Rake 0 
Seat 1: Mahu2021 (button) (small blind) folded before Flop
Seat 2: Tokarz222 (big blind) collected (20)



PokerStars Hand #249102165181: Tournament #3721381903, $1.84+$0.16 USD Hold'em No Limit - Level I (10/20) - 2024/02/26 10:59:56 CET [2024/02/26 4:59:56 ET]
Table '3721381903 1' 3-max Seat #2 is the button
Seat 1: Mahu2021 (370 in chips) 
Seat 2: Tokarz222 (1130 in chips) 
Tokarz222: posts small blind 10
Mahu2021: posts big blind 20
*** HOLE CARDS ***
Dealt to Mahu2021 [2h 5d]
Tokarz222: raises 20 to 40
Mahu2021: folds 
Uncalled bet (20) returned to Tokarz222
Tokarz222 collected 40 from pot
Tokarz222: doesn't show hand 
*** SUMMARY ***
Total pot 40 | Rake 0 
Seat 1: Mahu2021 (big blind) folded before Flop
Seat 2: Tokarz222 (button) (small blind) collected (40)



PokerStars Hand #249102165768: Tournament #3721381903, $1.84+$0.16 USD Hold'em No Limit - Level I (10/20) - 2024/02/26 11:00:02 CET [2024/02/26 5:00:02 ET]
Table '3721381903 1' 3-max Seat #1 is the button
Seat 1: Mahu2021 (350 in chips) 
Seat 2: Tokarz222 (1150 in chips) 
Mahu2021: posts small blind 10
Tokarz222: posts big blind 20
*** HOLE CARDS ***
Dealt to Mahu2021 [6h 9c]
Mahu2021: folds 
Uncalled bet (10) returned to Tokarz222
Tokarz222 collected 20 from pot
Tokarz222: doesn't show hand 
*** SUMMARY ***
Total pot 20 | Rake 0 
Seat 1: Mahu2021 (button) (small blind) folded before Flop
Seat 2: Tokarz222 (big blind) collected (20)



PokerStars Hand #249102166210: Tournament #3721381903, $1.84+$0.16 USD Hold'em No Limit - Level I (10/20) - 2024/02/26 11:00:06 CET [2024/02/26 5:00:06 ET]
Table '3721381903 1' 3-max Seat #2 is the button
Seat 1: Mahu2021 (340 in chips) 
Seat 2: Tokarz222 (1160 in chips) 
Tokarz222: posts small blind 10
Mahu2021: posts big blind 20
*** HOLE CARDS ***
Dealt to Mahu2021 [7c Kh]
Tokarz222: raises 20 to 40
Mahu2021: calls 20
*** FLOP *** [8s Tc Qd]
Mahu2021: checks 
Tokarz222: checks 
*** TURN *** [8s Tc Qd] [As]
Mahu2021: checks 
Tokarz222: bets 40
Mahu2021: calls 40
*** RIVER *** [8s Tc Qd As] [6h]
Mahu2021: checks 
Tokarz222: bets 80
Mahu2021: folds 
Uncalled bet (80) returned to Tokarz222
Tokarz222 collected 160 from pot
Tokarz222: doesn't show hand 
*** SUMMARY ***
Total pot 160 | Rake 0 
Board [8s Tc Qd As 6h]
Seat 1: Mahu2021 (big blind) folded on the River
Seat 2: Tokarz222 (button) (small blind) collected (160)



PokerStars Hand #249102168399: Tournament #3721381903, $1.84+$0.16 USD Hold'em No Limit - Level I (10/20) - 2024/02/26 11:00:27 CET [2024/02/26 5:00:27 ET]
Table '3721381903 1' 3-max Seat #1 is the button
Seat 1: Mahu2021 (260 in chips) 
Seat 2: Tokarz222 (1240 in chips) 
Mahu2021: posts small blind 10
Tokarz222: posts big blind 20
*** HOLE CARDS ***
Dealt to Mahu2021 [2s 8s]
Mahu2021: folds 
Uncalled bet (10) returned to Tokarz222
Tokarz222 collected 20 from pot
Tokarz222: doesn't show hand 
*** SUMMARY ***
Total pot 20 | Rake 0 
Seat 1: Mahu2021 (button) (small blind) folded before Flop
Seat 2: Tokarz222 (big blind) collected (20)



PokerStars Hand #249102168882: Tournament #3721381903, $1.84+$0.16 USD Hold'em No Limit - Level I (10/20) - 2024/02/26 11:00:31 CET [2024/02/26 5:00:31 ET]
Table '3721381903 1' 3-max Seat #2 is the button
Seat 1: Mahu2021 (250 in chips) 
Seat 2: Tokarz222 (1250 in chips) 
Tokarz222: posts small blind 10
Mahu2021: posts big blind 20
*** HOLE CARDS ***
Dealt to Mahu2021 [Td 2s]
Tokarz222: raises 20 to 40
Mahu2021: folds 
Uncalled bet (20) returned to Tokarz222
Tokarz222 collected 40 from pot
Tokarz222: doesn't show hand 
*** SUMMARY ***
Total pot 40 | Rake 0 
Seat 1: Mahu2021 (big blind) folded before Flop
Seat 2: Tokarz222 (button) (small blind) collected (40)



PokerStars Hand #249102169423: Tournament #3721381903, $1.84+$0.16 USD Hold'em No Limit - Level I (10/20) - 2024/02/26 11:00:36 CET [2024/02/26 5:00:36 ET]
Table '3721381903 1' 3-max Seat #1 is the button
Seat 1: Mahu2021 (230 in chips) 
Seat 2: Tokarz222 (1270 in chips) 
Mahu2021: posts small blind 10
Tokarz222: posts big blind 20
*** HOLE CARDS ***
Dealt to Mahu2021 [Jh 8h]
Mahu2021: raises 210 to 230 and is all-in
Tokarz222: calls 210
*** FLOP *** [6h 2d 8s]
*** TURN *** [6h 2d 8s] [6s]
*** RIVER *** [6h 2d 8s 6s] [7h]
*** SHOW DOWN ***
Tokarz222: shows [Qh Qd] (two pair, Queens and Sixes)
Mahu2021: shows [Jh 8h] (two pair, Eights and Sixes)
Tokarz222 collected 460 from pot
Mahu2021 finished the tournament in 2nd place
Tokarz222 wins the tournament and receives $4.00 - congratulations!
*** SUMMARY ***
Total pot 460 | Rake 0 
Board [6h 2d 8s 6s 7h]
Seat 1: Mahu2021 (button) (small blind) showed [Jh 8h] and lost with two pair, Eights and Sixes
Seat 2: Tokarz222 (big blind) showed [Qh Qd] and won (460) with two pair, Queens and Sixes



