PokerStars Hand #251596268904: Tournament #3780310589, $1.84+$0.16 USD Hold'em No Limit - Level I (10/20) - 2024/07/21 17:26:05 CET [2024/07/21 11:26:05 ET]
Table '3780310589 1' 3-max Seat #1 is the button
Seat 1: alessandrobrt (500 in chips) 
Seat 2: Mahu2021 (500 in chips) 
Seat 3: 99711721 (500 in chips) 
Mahu2021: posts small blind 10
99711721: posts big blind 20
*** HOLE CARDS ***
Dealt to Mahu2021 [2c 5c]
alessandrobrt: calls 20
Mahu2021: calls 10
99711721: checks 
*** FLOP *** [9d Kc As]
Mahu2021: checks 
99711721: checks 
alessandrobrt: checks 
*** TURN *** [9d Kc As] [4c]
Mahu2021: bets 40
99711721: calls 40
alessandrobrt: calls 40
*** RIVER *** [9d Kc As 4c] [Qh]
Mahu2021: checks 
99711721: bets 90
alessandrobrt: folds 
Mahu2021: folds 
Uncalled bet (90) returned to 99711721
99711721 collected 180 from pot
*** SUMMARY ***
Total pot 180 | Rake 0 
Board [9d Kc As 4c Qh]
Seat 1: alessandrobrt (button) folded on the River
Seat 2: Mahu2021 (small blind) folded on the River
Seat 3: 99711721 (big blind) collected (180)



PokerStars Hand #251596275088: Tournament #3780310589, $1.84+$0.16 USD Hold'em No Limit - Level I (10/20) - 2024/07/21 17:26:29 CET [2024/07/21 11:26:29 ET]
Table '3780310589 1' 3-max Seat #2 is the button
Seat 1: alessandrobrt (440 in chips) 
Seat 2: Mahu2021 (440 in chips) 
Seat 3: 99711721 (620 in chips) 
99711721: posts small blind 10
alessandrobrt: posts big blind 20
*** HOLE CARDS ***
Dealt to Mahu2021 [4c Tc]
Mahu2021: calls 20
99711721: calls 10
alessandrobrt: raises 40 to 60
Mahu2021: folds 
99711721: raises 60 to 120
alessandrobrt: raises 320 to 440 and is all-in
99711721: calls 320
*** FLOP *** [8c 9s 4h]
*** TURN *** [8c 9s 4h] [4d]
*** RIVER *** [8c 9s 4h 4d] [Ad]
*** SHOW DOWN ***
99711721: shows [Th Td] (two pair, Tens and Fours)
alessandrobrt: shows [8d Kh] (two pair, Eights and Fours)
99711721 collected 900 from pot
alessandrobrt finished the tournament in 3rd place
*** SUMMARY ***
Total pot 900 | Rake 0 
Board [8c 9s 4h 4d Ad]
Seat 1: alessandrobrt (big blind) showed [8d Kh] and lost with two pair, Eights and Fours
Seat 2: Mahu2021 (button) folded before Flop
Seat 3: 99711721 (small blind) showed [Th Td] and won (900) with two pair, Tens and Fours



PokerStars Hand #251596281618: Tournament #3780310589, $1.84+$0.16 USD Hold'em No Limit - Level I (10/20) - 2024/07/21 17:26:54 CET [2024/07/21 11:26:54 ET]
Table '3780310589 1' 3-max Seat #3 is the button
Seat 2: Mahu2021 (420 in chips) 
Seat 3: 99711721 (1080 in chips) 
99711721: posts small blind 10
Mahu2021: posts big blind 20
*** HOLE CARDS ***
Dealt to Mahu2021 [Th 2c]
99711721: calls 10
Mahu2021: checks 
*** FLOP *** [Ah 7h As]
Mahu2021: checks 
99711721: checks 
*** TURN *** [Ah 7h As] [3d]
Mahu2021: checks 
99711721: checks 
*** RIVER *** [Ah 7h As 3d] [Qh]
Mahu2021: checks 
99711721: bets 60
Mahu2021: folds 
Uncalled bet (60) returned to 99711721
99711721 collected 40 from pot
*** SUMMARY ***
Total pot 40 | Rake 0 
Board [Ah 7h As 3d Qh]
Seat 2: Mahu2021 (big blind) folded on the River
Seat 3: 99711721 (button) (small blind) collected (40)



PokerStars Hand #251596285701: Tournament #3780310589, $1.84+$0.16 USD Hold'em No Limit - Level I (10/20) - 2024/07/21 17:27:10 CET [2024/07/21 11:27:10 ET]
Table '3780310589 1' 3-max Seat #2 is the button
Seat 2: Mahu2021 (400 in chips) 
Seat 3: 99711721 (1100 in chips) 
Mahu2021: posts small blind 10
99711721: posts big blind 20
*** HOLE CARDS ***
Dealt to Mahu2021 [Kd 3s]
Mahu2021: calls 10
99711721: checks 
*** FLOP *** [7h 8s 4h]
99711721: checks 
Mahu2021: checks 
*** TURN *** [7h 8s 4h] [Qs]
99711721: checks 
Mahu2021: checks 
*** RIVER *** [7h 8s 4h Qs] [Ts]
99711721: checks 
Mahu2021: checks 
*** SHOW DOWN ***
99711721: shows [9d 5d] (high card Queen)
Mahu2021: shows [Kd 3s] (high card King)
Mahu2021 collected 40 from pot
*** SUMMARY ***
Total pot 40 | Rake 0 
Board [7h 8s 4h Qs Ts]
Seat 2: Mahu2021 (button) (small blind) showed [Kd 3s] and won (40) with high card King
Seat 3: 99711721 (big blind) showed [9d 5d] and lost with high card Queen



PokerStars Hand #251596289855: Tournament #3780310589, $1.84+$0.16 USD Hold'em No Limit - Level I (10/20) - 2024/07/21 17:27:26 CET [2024/07/21 11:27:26 ET]
Table '3780310589 1' 3-max Seat #3 is the button
Seat 2: Mahu2021 (420 in chips) 
Seat 3: 99711721 (1080 in chips) 
99711721: posts small blind 10
Mahu2021: posts big blind 20
*** HOLE CARDS ***
Dealt to Mahu2021 [Qc 7h]
99711721: raises 20 to 40
Mahu2021: calls 20
*** FLOP *** [Ac 3s Qh]
Mahu2021: checks 
99711721: bets 20
Mahu2021: calls 20
*** TURN *** [Ac 3s Qh] [7d]
Mahu2021: checks 
99711721: bets 20
Mahu2021: raises 20 to 40
99711721: calls 20
*** RIVER *** [Ac 3s Qh 7d] [Jh]
Mahu2021: bets 200
99711721: folds 
Uncalled bet (200) returned to Mahu2021
Mahu2021 collected 200 from pot
Mahu2021: doesn't show hand 
*** SUMMARY ***
Total pot 200 | Rake 0 
Board [Ac 3s Qh 7d Jh]
Seat 2: Mahu2021 (big blind) collected (200)
Seat 3: 99711721 (button) (small blind) folded on the River



PokerStars Hand #251596296057: Tournament #3780310589, $1.84+$0.16 USD Hold'em No Limit - Level I (10/20) - 2024/07/21 17:27:49 CET [2024/07/21 11:27:49 ET]
Table '3780310589 1' 3-max Seat #2 is the button
Seat 2: Mahu2021 (520 in chips) 
Seat 3: 99711721 (980 in chips) 
Mahu2021: posts small blind 10
99711721: posts big blind 20
*** HOLE CARDS ***
Dealt to Mahu2021 [Qh Kd]
Mahu2021: raises 20 to 40
99711721: calls 20
*** FLOP *** [As 4s 5c]
99711721: checks 
Mahu2021: checks 
*** TURN *** [As 4s 5c] [7c]
99711721: checks 
Mahu2021: checks 
*** RIVER *** [As 4s 5c 7c] [Qd]
99711721: checks 
Mahu2021: bets 80
99711721: folds 
Uncalled bet (80) returned to Mahu2021
Mahu2021 collected 80 from pot
Mahu2021: doesn't show hand 
*** SUMMARY ***
Total pot 80 | Rake 0 
Board [As 4s 5c 7c Qd]
Seat 2: Mahu2021 (button) (small blind) collected (80)
Seat 3: 99711721 (big blind) folded on the River



PokerStars Hand #251596300384: Tournament #3780310589, $1.84+$0.16 USD Hold'em No Limit - Level I (10/20) - 2024/07/21 17:28:06 CET [2024/07/21 11:28:06 ET]
Table '3780310589 1' 3-max Seat #3 is the button
Seat 2: Mahu2021 (560 in chips) 
Seat 3: 99711721 (940 in chips) 
99711721: posts small blind 10
Mahu2021: posts big blind 20
*** HOLE CARDS ***
Dealt to Mahu2021 [Th Td]
99711721: raises 20 to 40
Mahu2021: raises 520 to 560 and is all-in
99711721: folds 
Uncalled bet (520) returned to Mahu2021
Mahu2021 collected 80 from pot
Mahu2021: doesn't show hand 
*** SUMMARY ***
Total pot 80 | Rake 0 
Seat 2: Mahu2021 (big blind) collected (80)
Seat 3: 99711721 (button) (small blind) folded before Flop



PokerStars Hand #251596302607: Tournament #3780310589, $1.84+$0.16 USD Hold'em No Limit - Level I (10/20) - 2024/07/21 17:28:14 CET [2024/07/21 11:28:14 ET]
Table '3780310589 1' 3-max Seat #2 is the button
Seat 2: Mahu2021 (600 in chips) 
Seat 3: 99711721 (900 in chips) 
Mahu2021: posts small blind 10
99711721: posts big blind 20
*** HOLE CARDS ***
Dealt to Mahu2021 [2d 8s]
Mahu2021: folds 
Uncalled bet (10) returned to 99711721
99711721 collected 20 from pot
*** SUMMARY ***
Total pot 20 | Rake 0 
Seat 2: Mahu2021 (button) (small blind) folded before Flop
Seat 3: 99711721 (big blind) collected (20)



PokerStars Hand #251596304028: Tournament #3780310589, $1.84+$0.16 USD Hold'em No Limit - Level I (10/20) - 2024/07/21 17:28:20 CET [2024/07/21 11:28:20 ET]
Table '3780310589 1' 3-max Seat #3 is the button
Seat 2: Mahu2021 (590 in chips) 
Seat 3: 99711721 (910 in chips) 
99711721: posts small blind 10
Mahu2021: posts big blind 20
*** HOLE CARDS ***
Dealt to Mahu2021 [4c Kh]
99711721: calls 10
Mahu2021: checks 
*** FLOP *** [Qc Tc Ah]
Mahu2021: checks 
99711721: bets 20
Mahu2021: calls 20
*** TURN *** [Qc Tc Ah] [7c]
Mahu2021: checks 
99711721: bets 20
Mahu2021: calls 20
*** RIVER *** [Qc Tc Ah 7c] [3h]
Mahu2021: checks 
99711721: checks 
*** SHOW DOWN ***
Mahu2021: shows [4c Kh] (high card Ace)
99711721: shows [5c Qh] (a pair of Queens)
99711721 collected 120 from pot
*** SUMMARY ***
Total pot 120 | Rake 0 
Board [Qc Tc Ah 7c 3h]
Seat 2: Mahu2021 (big blind) showed [4c Kh] and lost with high card Ace
Seat 3: 99711721 (button) (small blind) showed [5c Qh] and won (120) with a pair of Queens



PokerStars Hand #251596308186: Tournament #3780310589, $1.84+$0.16 USD Hold'em No Limit - Level I (10/20) - 2024/07/21 17:28:35 CET [2024/07/21 11:28:35 ET]
Table '3780310589 1' 3-max Seat #2 is the button
Seat 2: Mahu2021 (530 in chips) 
Seat 3: 99711721 (970 in chips) 
Mahu2021: posts small blind 10
99711721: posts big blind 20
*** HOLE CARDS ***
Dealt to Mahu2021 [Tc Th]
Mahu2021: raises 20 to 40
99711721: calls 20
*** FLOP *** [8h Kh 4c]
99711721: checks 
Mahu2021: checks 
*** TURN *** [8h Kh 4c] [Jh]
99711721: checks 
Mahu2021: checks 
*** RIVER *** [8h Kh 4c Jh] [3h]
99711721: checks 
Mahu2021: bets 80
99711721: calls 80
*** SHOW DOWN ***
Mahu2021: shows [Tc Th] (a flush, King high)
99711721: mucks hand 
Mahu2021 collected 240 from pot
*** SUMMARY ***
Total pot 240 | Rake 0 
Board [8h Kh 4c Jh 3h]
Seat 2: Mahu2021 (button) (small blind) showed [Tc Th] and won (240) with a flush, King high
Seat 3: 99711721 (big blind) mucked [8s 5s]



PokerStars Hand #251596313049: Tournament #3780310589, $1.84+$0.16 USD Hold'em No Limit - Level I (10/20) - 2024/07/21 17:28:54 CET [2024/07/21 11:28:54 ET]
Table '3780310589 1' 3-max Seat #3 is the button
Seat 2: Mahu2021 (650 in chips) 
Seat 3: 99711721 (850 in chips) 
99711721: posts small blind 10
Mahu2021: posts big blind 20
*** HOLE CARDS ***
Dealt to Mahu2021 [8c 8d]
99711721: calls 10
Mahu2021: raises 630 to 650 and is all-in
99711721: folds 
Uncalled bet (630) returned to Mahu2021
Mahu2021 collected 40 from pot
Mahu2021: doesn't show hand 
*** SUMMARY ***
Total pot 40 | Rake 0 
Seat 2: Mahu2021 (big blind) collected (40)
Seat 3: 99711721 (button) (small blind) folded before Flop



PokerStars Hand #251596314930: Tournament #3780310589, $1.84+$0.16 USD Hold'em No Limit - Level I (10/20) - 2024/07/21 17:29:02 CET [2024/07/21 11:29:02 ET]
Table '3780310589 1' 3-max Seat #2 is the button
Seat 2: Mahu2021 (670 in chips) 
Seat 3: 99711721 (830 in chips) 
Mahu2021: posts small blind 10
99711721: posts big blind 20
*** HOLE CARDS ***
Dealt to Mahu2021 [8d Ah]
Mahu2021: raises 20 to 40
99711721: calls 20
*** FLOP *** [7d 4c 2d]
99711721: checks 
Mahu2021: checks 
*** TURN *** [7d 4c 2d] [9c]
99711721: bets 20
Mahu2021: calls 20
*** RIVER *** [7d 4c 2d 9c] [Td]
99711721: bets 60
Mahu2021: folds 
Uncalled bet (60) returned to 99711721
99711721 collected 120 from pot
*** SUMMARY ***
Total pot 120 | Rake 0 
Board [7d 4c 2d 9c Td]
Seat 2: Mahu2021 (button) (small blind) folded on the River
Seat 3: 99711721 (big blind) collected (120)



PokerStars Hand #251596320074: Tournament #3780310589, $1.84+$0.16 USD Hold'em No Limit - Level II (15/30) - 2024/07/21 17:29:22 CET [2024/07/21 11:29:22 ET]
Table '3780310589 1' 3-max Seat #3 is the button
Seat 2: Mahu2021 (610 in chips) 
Seat 3: 99711721 (890 in chips) 
99711721: posts small blind 15
Mahu2021: posts big blind 30
*** HOLE CARDS ***
Dealt to Mahu2021 [Td Jc]
99711721: raises 30 to 60
Mahu2021: calls 30
*** FLOP *** [Jd 5h 4s]
Mahu2021: bets 60
99711721: calls 60
*** TURN *** [Jd 5h 4s] [4d]
Mahu2021: bets 60
99711721: calls 60
*** RIVER *** [Jd 5h 4s 4d] [Qd]
Mahu2021: bets 60
99711721: folds 
Uncalled bet (60) returned to Mahu2021
Mahu2021 collected 360 from pot
Mahu2021: doesn't show hand 
*** SUMMARY ***
Total pot 360 | Rake 0 
Board [Jd 5h 4s 4d Qd]
Seat 2: Mahu2021 (big blind) collected (360)
Seat 3: 99711721 (button) (small blind) folded on the River



PokerStars Hand #251596325235: Tournament #3780310589, $1.84+$0.16 USD Hold'em No Limit - Level II (15/30) - 2024/07/21 17:29:42 CET [2024/07/21 11:29:42 ET]
Table '3780310589 1' 3-max Seat #2 is the button
Seat 2: Mahu2021 (790 in chips) 
Seat 3: 99711721 (710 in chips) 
Mahu2021: posts small blind 15
99711721: posts big blind 30
*** HOLE CARDS ***
Dealt to Mahu2021 [8c Ts]
Mahu2021: calls 15
99711721: raises 30 to 60
Mahu2021: calls 30
*** FLOP *** [9h 4h Ah]
99711721: checks 
Mahu2021: checks 
*** TURN *** [9h 4h Ah] [Qh]
99711721: checks 
Mahu2021: bets 30
99711721: calls 30
*** RIVER *** [9h 4h Ah Qh] [As]
99711721: checks 
Mahu2021: bets 180
99711721: raises 180 to 360
Mahu2021: folds 
Uncalled bet (180) returned to 99711721
99711721 collected 540 from pot
*** SUMMARY ***
Total pot 540 | Rake 0 
Board [9h 4h Ah Qh As]
Seat 2: Mahu2021 (button) (small blind) folded on the River
Seat 3: 99711721 (big blind) collected (540)



PokerStars Hand #251596331422: Tournament #3780310589, $1.84+$0.16 USD Hold'em No Limit - Level II (15/30) - 2024/07/21 17:30:06 CET [2024/07/21 11:30:06 ET]
Table '3780310589 1' 3-max Seat #3 is the button
Seat 2: Mahu2021 (520 in chips) 
Seat 3: 99711721 (980 in chips) 
99711721: posts small blind 15
Mahu2021: posts big blind 30
*** HOLE CARDS ***
Dealt to Mahu2021 [Kc 6c]
99711721: calls 15
Mahu2021: checks 
*** FLOP *** [8s Kh Tc]
Mahu2021: bets 30
99711721: folds 
Uncalled bet (30) returned to Mahu2021
Mahu2021 collected 60 from pot
Mahu2021: doesn't show hand 
*** SUMMARY ***
Total pot 60 | Rake 0 
Board [8s Kh Tc]
Seat 2: Mahu2021 (big blind) collected (60)
Seat 3: 99711721 (button) (small blind) folded on the Flop



PokerStars Hand #251596334136: Tournament #3780310589, $1.84+$0.16 USD Hold'em No Limit - Level II (15/30) - 2024/07/21 17:30:16 CET [2024/07/21 11:30:16 ET]
Table '3780310589 1' 3-max Seat #2 is the button
Seat 2: Mahu2021 (550 in chips) 
Seat 3: 99711721 (950 in chips) 
Mahu2021: posts small blind 15
99711721: posts big blind 30
*** HOLE CARDS ***
Dealt to Mahu2021 [7h Kh]
Mahu2021: raises 30 to 60
99711721: calls 30
*** FLOP *** [Jh 9d Ks]
99711721: checks 
Mahu2021: bets 60
99711721: folds 
Uncalled bet (60) returned to Mahu2021
Mahu2021 collected 120 from pot
Mahu2021: doesn't show hand 
*** SUMMARY ***
Total pot 120 | Rake 0 
Board [Jh 9d Ks]
Seat 2: Mahu2021 (button) (small blind) collected (120)
Seat 3: 99711721 (big blind) folded on the Flop



PokerStars Hand #251596337356: Tournament #3780310589, $1.84+$0.16 USD Hold'em No Limit - Level II (15/30) - 2024/07/21 17:30:28 CET [2024/07/21 11:30:28 ET]
Table '3780310589 1' 3-max Seat #3 is the button
Seat 2: Mahu2021 (610 in chips) 
Seat 3: 99711721 (890 in chips) 
99711721: posts small blind 15
Mahu2021: posts big blind 30
*** HOLE CARDS ***
Dealt to Mahu2021 [6c Qc]
99711721: raises 30 to 60
Mahu2021: calls 30
*** FLOP *** [8d Qs Kh]
Mahu2021: checks 
99711721: bets 30
Mahu2021: calls 30
*** TURN *** [8d Qs Kh] [Ts]
Mahu2021: checks 
99711721: bets 60
Mahu2021: calls 60
*** RIVER *** [8d Qs Kh Ts] [Kc]
Mahu2021: checks 
99711721: bets 150
Mahu2021: raises 310 to 460 and is all-in
99711721: calls 310
*** SHOW DOWN ***
Mahu2021: shows [6c Qc] (two pair, Kings and Queens)
99711721: shows [6s Ks] (three of a kind, Kings)
99711721 collected 1220 from pot
Mahu2021 finished the tournament in 2nd place
99711721 wins the tournament and receives $6.00 - congratulations!
*** SUMMARY ***
Total pot 1220 | Rake 0 
Board [8d Qs Kh Ts Kc]
Seat 2: Mahu2021 (big blind) showed [6c Qc] and lost with two pair, Kings and Queens
Seat 3: 99711721 (button) (small blind) showed [6s Ks] and won (1220) with three of a kind, Kings



