PokerStars Hand #247968243610: Tournament #3693859977, $1.84+$0.16 USD Hold'em No Limit - Level I (10/20) - 2023/12/30 23:03:55 CET [2023/12/30 17:03:55 ET]
Table '3693859977 1' 3-max Seat #1 is the button
Seat 1: Mahu2021 (500 in chips) 
Seat 2: gytis_ltb (500 in chips) 
Seat 3: maju1406 (500 in chips) 
gytis_ltb: posts small blind 10
maju1406: posts big blind 20
*** HOLE CARDS ***
Dealt to Mahu2021 [5h 8c]
Mahu2021: folds 
gytis_ltb: folds 
Uncalled bet (10) returned to maju1406
maju1406 collected 20 from pot
maju1406: doesn't show hand 
*** SUMMARY ***
Total pot 20 | Rake 0 
Seat 1: Mahu2021 (button) folded before Flop (didn't bet)
Seat 2: gytis_ltb (small blind) folded before Flop
Seat 3: maju1406 (big blind) collected (20)



PokerStars Hand #247968247452: Tournament #3693859977, $1.84+$0.16 USD Hold'em No Limit - Level I (10/20) - 2023/12/30 23:04:04 CET [2023/12/30 17:04:04 ET]
Table '3693859977 1' 3-max Seat #2 is the button
Seat 1: Mahu2021 (500 in chips) 
Seat 2: gytis_ltb (490 in chips) 
Seat 3: maju1406 (510 in chips) 
maju1406: posts small blind 10
Mahu2021: posts big blind 20
*** HOLE CARDS ***
Dealt to Mahu2021 [Ah Kd]
gytis_ltb: folds 
maju1406: raises 30 to 50
Mahu2021: calls 30
*** FLOP *** [Ks Th Kc]
maju1406: bets 30
Mahu2021: raises 50 to 80
maju1406: folds 
Uncalled bet (50) returned to Mahu2021
Mahu2021 collected 160 from pot
Mahu2021: doesn't show hand 
*** SUMMARY ***
Total pot 160 | Rake 0 
Board [Ks Th Kc]
Seat 1: Mahu2021 (big blind) collected (160)
Seat 2: gytis_ltb (button) folded before Flop (didn't bet)
Seat 3: maju1406 (small blind) folded on the Flop



PokerStars Hand #247968258194: Tournament #3693859977, $1.84+$0.16 USD Hold'em No Limit - Level I (10/20) - 2023/12/30 23:04:31 CET [2023/12/30 17:04:31 ET]
Table '3693859977 1' 3-max Seat #3 is the button
Seat 1: Mahu2021 (580 in chips) 
Seat 2: gytis_ltb (490 in chips) 
Seat 3: maju1406 (430 in chips) 
Mahu2021: posts small blind 10
gytis_ltb: posts big blind 20
*** HOLE CARDS ***
Dealt to Mahu2021 [Jd 6c]
maju1406: folds 
Mahu2021: folds 
Uncalled bet (10) returned to gytis_ltb
gytis_ltb collected 20 from pot
*** SUMMARY ***
Total pot 20 | Rake 0 
Seat 1: Mahu2021 (small blind) folded before Flop
Seat 2: gytis_ltb (big blind) collected (20)
Seat 3: maju1406 (button) folded before Flop (didn't bet)



PokerStars Hand #247968260479: Tournament #3693859977, $1.84+$0.16 USD Hold'em No Limit - Level I (10/20) - 2023/12/30 23:04:37 CET [2023/12/30 17:04:37 ET]
Table '3693859977 1' 3-max Seat #1 is the button
Seat 1: Mahu2021 (570 in chips) 
Seat 2: gytis_ltb (500 in chips) 
Seat 3: maju1406 (430 in chips) 
gytis_ltb: posts small blind 10
maju1406: posts big blind 20
*** HOLE CARDS ***
Dealt to Mahu2021 [7h 5s]
Mahu2021: folds 
gytis_ltb: folds 
Uncalled bet (10) returned to maju1406
maju1406 collected 20 from pot
maju1406: doesn't show hand 
*** SUMMARY ***
Total pot 20 | Rake 0 
Seat 1: Mahu2021 (button) folded before Flop (didn't bet)
Seat 2: gytis_ltb (small blind) folded before Flop
Seat 3: maju1406 (big blind) collected (20)



PokerStars Hand #247968262358: Tournament #3693859977, $1.84+$0.16 USD Hold'em No Limit - Level I (10/20) - 2023/12/30 23:04:42 CET [2023/12/30 17:04:42 ET]
Table '3693859977 1' 3-max Seat #2 is the button
Seat 1: Mahu2021 (570 in chips) 
Seat 2: gytis_ltb (490 in chips) 
Seat 3: maju1406 (440 in chips) 
maju1406: posts small blind 10
Mahu2021: posts big blind 20
*** HOLE CARDS ***
Dealt to Mahu2021 [8h Th]
gytis_ltb: folds 
maju1406: raises 30 to 50
Mahu2021: calls 30
*** FLOP *** [5h 3c 7s]
maju1406: checks 
Mahu2021: checks 
*** TURN *** [5h 3c 7s] [7c]
maju1406: checks 
Mahu2021: checks 
*** RIVER *** [5h 3c 7s 7c] [5c]
maju1406: checks 
Mahu2021: checks 
*** SHOW DOWN ***
maju1406: shows [Ad Ks] (two pair, Sevens and Fives)
Mahu2021: mucks hand 
maju1406 collected 100 from pot
*** SUMMARY ***
Total pot 100 | Rake 0 
Board [5h 3c 7s 7c 5c]
Seat 1: Mahu2021 (big blind) mucked [8h Th]
Seat 2: gytis_ltb (button) folded before Flop (didn't bet)
Seat 3: maju1406 (small blind) showed [Ad Ks] and won (100) with two pair, Sevens and Fives



PokerStars Hand #247968270522: Tournament #3693859977, $1.84+$0.16 USD Hold'em No Limit - Level I (10/20) - 2023/12/30 23:05:03 CET [2023/12/30 17:05:03 ET]
Table '3693859977 1' 3-max Seat #3 is the button
Seat 1: Mahu2021 (520 in chips) 
Seat 2: gytis_ltb (490 in chips) 
Seat 3: maju1406 (490 in chips) 
Mahu2021: posts small blind 10
gytis_ltb: posts big blind 20
*** HOLE CARDS ***
Dealt to Mahu2021 [7c 2d]
maju1406: folds 
Mahu2021: folds 
Uncalled bet (10) returned to gytis_ltb
gytis_ltb collected 20 from pot
*** SUMMARY ***
Total pot 20 | Rake 0 
Seat 1: Mahu2021 (small blind) folded before Flop
Seat 2: gytis_ltb (big blind) collected (20)
Seat 3: maju1406 (button) folded before Flop (didn't bet)



PokerStars Hand #247968272317: Tournament #3693859977, $1.84+$0.16 USD Hold'em No Limit - Level I (10/20) - 2023/12/30 23:05:07 CET [2023/12/30 17:05:07 ET]
Table '3693859977 1' 3-max Seat #1 is the button
Seat 1: Mahu2021 (510 in chips) 
Seat 2: gytis_ltb (500 in chips) 
Seat 3: maju1406 (490 in chips) 
gytis_ltb: posts small blind 10
maju1406: posts big blind 20
*** HOLE CARDS ***
Dealt to Mahu2021 [Qc Th]
Mahu2021: raises 20 to 40
gytis_ltb: folds 
maju1406: folds 
Uncalled bet (20) returned to Mahu2021
Mahu2021 collected 50 from pot
Mahu2021: doesn't show hand 
*** SUMMARY ***
Total pot 50 | Rake 0 
Seat 1: Mahu2021 (button) collected (50)
Seat 2: gytis_ltb (small blind) folded before Flop
Seat 3: maju1406 (big blind) folded before Flop



PokerStars Hand #247968275040: Tournament #3693859977, $1.84+$0.16 USD Hold'em No Limit - Level I (10/20) - 2023/12/30 23:05:14 CET [2023/12/30 17:05:14 ET]
Table '3693859977 1' 3-max Seat #2 is the button
Seat 1: Mahu2021 (540 in chips) 
Seat 2: gytis_ltb (490 in chips) 
Seat 3: maju1406 (470 in chips) 
maju1406: posts small blind 10
Mahu2021: posts big blind 20
*** HOLE CARDS ***
Dealt to Mahu2021 [6c 2s]
gytis_ltb: folds 
maju1406: calls 10
Mahu2021: checks 
*** FLOP *** [9c 7c 3c]
maju1406: bets 20
Mahu2021: calls 20
*** TURN *** [9c 7c 3c] [Kh]
maju1406: bets 80
Mahu2021: folds 
Uncalled bet (80) returned to maju1406
maju1406 collected 80 from pot
maju1406: doesn't show hand 
*** SUMMARY ***
Total pot 80 | Rake 0 
Board [9c 7c 3c Kh]
Seat 1: Mahu2021 (big blind) folded on the Turn
Seat 2: gytis_ltb (button) folded before Flop (didn't bet)
Seat 3: maju1406 (small blind) collected (80)



PokerStars Hand #247968280694: Tournament #3693859977, $1.84+$0.16 USD Hold'em No Limit - Level I (10/20) - 2023/12/30 23:05:28 CET [2023/12/30 17:05:28 ET]
Table '3693859977 1' 3-max Seat #3 is the button
Seat 1: Mahu2021 (500 in chips) 
Seat 2: gytis_ltb (490 in chips) 
Seat 3: maju1406 (510 in chips) 
Mahu2021: posts small blind 10
gytis_ltb: posts big blind 20
*** HOLE CARDS ***
Dealt to Mahu2021 [4d 4h]
maju1406: folds 
Mahu2021: raises 20 to 40
gytis_ltb: folds 
Uncalled bet (20) returned to Mahu2021
Mahu2021 collected 40 from pot
Mahu2021: doesn't show hand 
*** SUMMARY ***
Total pot 40 | Rake 0 
Seat 1: Mahu2021 (small blind) collected (40)
Seat 2: gytis_ltb (big blind) folded before Flop
Seat 3: maju1406 (button) folded before Flop (didn't bet)



PokerStars Hand #247968285069: Tournament #3693859977, $1.84+$0.16 USD Hold'em No Limit - Level I (10/20) - 2023/12/30 23:05:40 CET [2023/12/30 17:05:40 ET]
Table '3693859977 1' 3-max Seat #1 is the button
Seat 1: Mahu2021 (520 in chips) 
Seat 2: gytis_ltb (470 in chips) 
Seat 3: maju1406 (510 in chips) 
gytis_ltb: posts small blind 10
maju1406: posts big blind 20
*** HOLE CARDS ***
Dealt to Mahu2021 [Kd Ac]
Mahu2021: raises 20 to 40
gytis_ltb: calls 30
maju1406: calls 20
*** FLOP *** [8h Qs 5c]
gytis_ltb: checks 
maju1406: checks 
Mahu2021: checks 
*** TURN *** [8h Qs 5c] [Jd]
gytis_ltb: checks 
maju1406: checks 
Mahu2021: bets 40
gytis_ltb: folds 
maju1406: folds 
Uncalled bet (40) returned to Mahu2021
Mahu2021 collected 120 from pot
Mahu2021: doesn't show hand 
*** SUMMARY ***
Total pot 120 | Rake 0 
Board [8h Qs 5c Jd]
Seat 1: Mahu2021 (button) collected (120)
Seat 2: gytis_ltb (small blind) folded on the Turn
Seat 3: maju1406 (big blind) folded on the Turn



PokerStars Hand #247968293611: Tournament #3693859977, $1.84+$0.16 USD Hold'em No Limit - Level I (10/20) - 2023/12/30 23:06:02 CET [2023/12/30 17:06:02 ET]
Table '3693859977 1' 3-max Seat #2 is the button
Seat 1: Mahu2021 (600 in chips) 
Seat 2: gytis_ltb (430 in chips) 
Seat 3: maju1406 (470 in chips) 
maju1406: posts small blind 10
Mahu2021: posts big blind 20
*** HOLE CARDS ***
Dealt to Mahu2021 [2c 7h]
gytis_ltb: folds 
maju1406: folds 
Uncalled bet (10) returned to Mahu2021
Mahu2021 collected 20 from pot
Mahu2021: doesn't show hand 
*** SUMMARY ***
Total pot 20 | Rake 0 
Seat 1: Mahu2021 (big blind) collected (20)
Seat 2: gytis_ltb (button) folded before Flop (didn't bet)
Seat 3: maju1406 (small blind) folded before Flop



PokerStars Hand #247968297346: Tournament #3693859977, $1.84+$0.16 USD Hold'em No Limit - Level I (10/20) - 2023/12/30 23:06:11 CET [2023/12/30 17:06:11 ET]
Table '3693859977 1' 3-max Seat #3 is the button
Seat 1: Mahu2021 (610 in chips) 
Seat 2: gytis_ltb (430 in chips) 
Seat 3: maju1406 (460 in chips) 
Mahu2021: posts small blind 10
gytis_ltb: posts big blind 20
*** HOLE CARDS ***
Dealt to Mahu2021 [Tc 6s]
maju1406: folds 
Mahu2021: folds 
Uncalled bet (10) returned to gytis_ltb
gytis_ltb collected 20 from pot
*** SUMMARY ***
Total pot 20 | Rake 0 
Seat 1: Mahu2021 (small blind) folded before Flop
Seat 2: gytis_ltb (big blind) collected (20)
Seat 3: maju1406 (button) folded before Flop (didn't bet)



PokerStars Hand #247968299287: Tournament #3693859977, $1.84+$0.16 USD Hold'em No Limit - Level I (10/20) - 2023/12/30 23:06:16 CET [2023/12/30 17:06:16 ET]
Table '3693859977 1' 3-max Seat #1 is the button
Seat 1: Mahu2021 (600 in chips) 
Seat 2: gytis_ltb (440 in chips) 
Seat 3: maju1406 (460 in chips) 
gytis_ltb: posts small blind 10
maju1406: posts big blind 20
*** HOLE CARDS ***
Dealt to Mahu2021 [Qs 8c]
Mahu2021: folds 
gytis_ltb: folds 
Uncalled bet (10) returned to maju1406
maju1406 collected 20 from pot
maju1406: doesn't show hand 
*** SUMMARY ***
Total pot 20 | Rake 0 
Seat 1: Mahu2021 (button) folded before Flop (didn't bet)
Seat 2: gytis_ltb (small blind) folded before Flop
Seat 3: maju1406 (big blind) collected (20)



PokerStars Hand #247968301169: Tournament #3693859977, $1.84+$0.16 USD Hold'em No Limit - Level I (10/20) - 2023/12/30 23:06:20 CET [2023/12/30 17:06:20 ET]
Table '3693859977 1' 3-max Seat #2 is the button
Seat 1: Mahu2021 (600 in chips) 
Seat 2: gytis_ltb (430 in chips) 
Seat 3: maju1406 (470 in chips) 
maju1406: posts small blind 10
Mahu2021: posts big blind 20
*** HOLE CARDS ***
Dealt to Mahu2021 [3h 2c]
gytis_ltb: folds 
maju1406: calls 10
Mahu2021: checks 
*** FLOP *** [4c Qs 9h]
maju1406: bets 20
Mahu2021: folds 
Uncalled bet (20) returned to maju1406
maju1406 collected 40 from pot
maju1406: doesn't show hand 
*** SUMMARY ***
Total pot 40 | Rake 0 
Board [4c Qs 9h]
Seat 1: Mahu2021 (big blind) folded on the Flop
Seat 2: gytis_ltb (button) folded before Flop (didn't bet)
Seat 3: maju1406 (small blind) collected (40)



PokerStars Hand #247968308178: Tournament #3693859977, $1.84+$0.16 USD Hold'em No Limit - Level I (10/20) - 2023/12/30 23:06:38 CET [2023/12/30 17:06:38 ET]
Table '3693859977 1' 3-max Seat #3 is the button
Seat 1: Mahu2021 (580 in chips) 
Seat 2: gytis_ltb (430 in chips) 
Seat 3: maju1406 (490 in chips) 
Mahu2021: posts small blind 10
gytis_ltb: posts big blind 20
*** HOLE CARDS ***
Dealt to Mahu2021 [5s 3c]
maju1406: folds 
Mahu2021: calls 10
gytis_ltb: checks 
*** FLOP *** [5d Js Kd]
Mahu2021: bets 20
gytis_ltb: folds 
Uncalled bet (20) returned to Mahu2021
Mahu2021 collected 40 from pot
Mahu2021: doesn't show hand 
*** SUMMARY ***
Total pot 40 | Rake 0 
Board [5d Js Kd]
Seat 1: Mahu2021 (small blind) collected (40)
Seat 2: gytis_ltb (big blind) folded on the Flop
Seat 3: maju1406 (button) folded before Flop (didn't bet)



PokerStars Hand #247968311973: Tournament #3693859977, $1.84+$0.16 USD Hold'em No Limit - Level I (10/20) - 2023/12/30 23:06:48 CET [2023/12/30 17:06:48 ET]
Table '3693859977 1' 3-max Seat #1 is the button
Seat 1: Mahu2021 (600 in chips) 
Seat 2: gytis_ltb (410 in chips) 
Seat 3: maju1406 (490 in chips) 
gytis_ltb: posts small blind 10
maju1406: posts big blind 20
*** HOLE CARDS ***
Dealt to Mahu2021 [6d Jd]
Mahu2021: calls 20
gytis_ltb: raises 390 to 410 and is all-in
maju1406: folds 
Mahu2021: folds 
Uncalled bet (390) returned to gytis_ltb
gytis_ltb collected 60 from pot
*** SUMMARY ***
Total pot 60 | Rake 0 
Seat 1: Mahu2021 (button) folded before Flop
Seat 2: gytis_ltb (small blind) collected (60)
Seat 3: maju1406 (big blind) folded before Flop



PokerStars Hand #247968317491: Tournament #3693859977, $1.84+$0.16 USD Hold'em No Limit - Level II (15/30) - 2023/12/30 23:07:02 CET [2023/12/30 17:07:02 ET]
Table '3693859977 1' 3-max Seat #2 is the button
Seat 1: Mahu2021 (580 in chips) 
Seat 2: gytis_ltb (450 in chips) 
Seat 3: maju1406 (470 in chips) 
maju1406: posts small blind 15
Mahu2021: posts big blind 30
*** HOLE CARDS ***
Dealt to Mahu2021 [2s 2c]
gytis_ltb: folds 
maju1406: calls 15
Mahu2021: checks 
*** FLOP *** [3d 6s Th]
maju1406: bets 30
Mahu2021: folds 
Uncalled bet (30) returned to maju1406
maju1406 collected 60 from pot
maju1406: doesn't show hand 
*** SUMMARY ***
Total pot 60 | Rake 0 
Board [3d 6s Th]
Seat 1: Mahu2021 (big blind) folded on the Flop
Seat 2: gytis_ltb (button) folded before Flop (didn't bet)
Seat 3: maju1406 (small blind) collected (60)



PokerStars Hand #247968321558: Tournament #3693859977, $1.84+$0.16 USD Hold'em No Limit - Level II (15/30) - 2023/12/30 23:07:12 CET [2023/12/30 17:07:12 ET]
Table '3693859977 1' 3-max Seat #3 is the button
Seat 1: Mahu2021 (550 in chips) 
Seat 2: gytis_ltb (450 in chips) 
Seat 3: maju1406 (500 in chips) 
Mahu2021: posts small blind 15
gytis_ltb: posts big blind 30
*** HOLE CARDS ***
Dealt to Mahu2021 [7h Ah]
maju1406: folds 
Mahu2021: calls 15
gytis_ltb: checks 
*** FLOP *** [5s 6d 3d]
Mahu2021: bets 30
gytis_ltb: calls 30
*** TURN *** [5s 6d 3d] [7s]
Mahu2021: checks 
gytis_ltb: bets 90
Mahu2021: calls 90
*** RIVER *** [5s 6d 3d 7s] [8s]
Mahu2021: checks 
gytis_ltb: checks 
*** SHOW DOWN ***
Mahu2021: shows [7h Ah] (a pair of Sevens)
gytis_ltb: mucks hand 
Mahu2021 collected 300 from pot
*** SUMMARY ***
Total pot 300 | Rake 0 
Board [5s 6d 3d 7s 8s]
Seat 1: Mahu2021 (small blind) showed [7h Ah] and won (300) with a pair of Sevens
Seat 2: gytis_ltb (big blind) mucked [Jh Qs]
Seat 3: maju1406 (button) folded before Flop (didn't bet)



PokerStars Hand #247968330158: Tournament #3693859977, $1.84+$0.16 USD Hold'em No Limit - Level II (15/30) - 2023/12/30 23:07:34 CET [2023/12/30 17:07:34 ET]
Table '3693859977 1' 3-max Seat #1 is the button
Seat 1: Mahu2021 (700 in chips) 
Seat 2: gytis_ltb (300 in chips) 
Seat 3: maju1406 (500 in chips) 
gytis_ltb: posts small blind 15
maju1406: posts big blind 30
*** HOLE CARDS ***
Dealt to Mahu2021 [2c Ac]
Mahu2021: calls 30
gytis_ltb: folds 
maju1406: checks 
*** FLOP *** [Kh 5d Ad]
maju1406: checks 
Mahu2021: bets 30
maju1406: folds 
Uncalled bet (30) returned to Mahu2021
Mahu2021 collected 75 from pot
Mahu2021: doesn't show hand 
*** SUMMARY ***
Total pot 75 | Rake 0 
Board [Kh 5d Ad]
Seat 1: Mahu2021 (button) collected (75)
Seat 2: gytis_ltb (small blind) folded before Flop
Seat 3: maju1406 (big blind) folded on the Flop



PokerStars Hand #247968336065: Tournament #3693859977, $1.84+$0.16 USD Hold'em No Limit - Level II (15/30) - 2023/12/30 23:07:49 CET [2023/12/30 17:07:49 ET]
Table '3693859977 1' 3-max Seat #2 is the button
Seat 1: Mahu2021 (745 in chips) 
Seat 2: gytis_ltb (285 in chips) 
Seat 3: maju1406 (470 in chips) 
maju1406: posts small blind 15
Mahu2021: posts big blind 30
*** HOLE CARDS ***
Dealt to Mahu2021 [3c 6h]
gytis_ltb: raises 255 to 285 and is all-in
maju1406: folds 
Mahu2021: folds 
Uncalled bet (255) returned to gytis_ltb
gytis_ltb collected 75 from pot
*** SUMMARY ***
Total pot 75 | Rake 0 
Seat 1: Mahu2021 (big blind) folded before Flop
Seat 2: gytis_ltb (button) collected (75)
Seat 3: maju1406 (small blind) folded before Flop



PokerStars Hand #247968338408: Tournament #3693859977, $1.84+$0.16 USD Hold'em No Limit - Level II (15/30) - 2023/12/30 23:07:55 CET [2023/12/30 17:07:55 ET]
Table '3693859977 1' 3-max Seat #3 is the button
Seat 1: Mahu2021 (715 in chips) 
Seat 2: gytis_ltb (330 in chips) 
Seat 3: maju1406 (455 in chips) 
Mahu2021: posts small blind 15
gytis_ltb: posts big blind 30
*** HOLE CARDS ***
Dealt to Mahu2021 [3h Ac]
maju1406: folds 
Mahu2021: calls 15
gytis_ltb: raises 300 to 330 and is all-in
Mahu2021: folds 
Uncalled bet (300) returned to gytis_ltb
gytis_ltb collected 60 from pot
*** SUMMARY ***
Total pot 60 | Rake 0 
Seat 1: Mahu2021 (small blind) folded before Flop
Seat 2: gytis_ltb (big blind) collected (60)
Seat 3: maju1406 (button) folded before Flop (didn't bet)



PokerStars Hand #247968341547: Tournament #3693859977, $1.84+$0.16 USD Hold'em No Limit - Level II (15/30) - 2023/12/30 23:08:03 CET [2023/12/30 17:08:03 ET]
Table '3693859977 1' 3-max Seat #1 is the button
Seat 1: Mahu2021 (685 in chips) 
Seat 2: gytis_ltb (360 in chips) 
Seat 3: maju1406 (455 in chips) 
gytis_ltb: posts small blind 15
maju1406: posts big blind 30
*** HOLE CARDS ***
Dealt to Mahu2021 [6s Td]
Mahu2021: folds 
gytis_ltb: folds 
Uncalled bet (15) returned to maju1406
maju1406 collected 30 from pot
maju1406: doesn't show hand 
*** SUMMARY ***
Total pot 30 | Rake 0 
Seat 1: Mahu2021 (button) folded before Flop (didn't bet)
Seat 2: gytis_ltb (small blind) folded before Flop
Seat 3: maju1406 (big blind) collected (30)



PokerStars Hand #247968344479: Tournament #3693859977, $1.84+$0.16 USD Hold'em No Limit - Level II (15/30) - 2023/12/30 23:08:10 CET [2023/12/30 17:08:10 ET]
Table '3693859977 1' 3-max Seat #2 is the button
Seat 1: Mahu2021 (685 in chips) 
Seat 2: gytis_ltb (345 in chips) 
Seat 3: maju1406 (470 in chips) 
maju1406: posts small blind 15
Mahu2021: posts big blind 30
*** HOLE CARDS ***
Dealt to Mahu2021 [7d 3s]
gytis_ltb: folds 
maju1406: folds 
Uncalled bet (15) returned to Mahu2021
Mahu2021 collected 30 from pot
Mahu2021: doesn't show hand 
*** SUMMARY ***
Total pot 30 | Rake 0 
Seat 1: Mahu2021 (big blind) collected (30)
Seat 2: gytis_ltb (button) folded before Flop (didn't bet)
Seat 3: maju1406 (small blind) folded before Flop



PokerStars Hand #247968346614: Tournament #3693859977, $1.84+$0.16 USD Hold'em No Limit - Level II (15/30) - 2023/12/30 23:08:15 CET [2023/12/30 17:08:15 ET]
Table '3693859977 1' 3-max Seat #3 is the button
Seat 1: Mahu2021 (700 in chips) 
Seat 2: gytis_ltb (345 in chips) 
Seat 3: maju1406 (455 in chips) 
Mahu2021: posts small blind 15
gytis_ltb: posts big blind 30
*** HOLE CARDS ***
Dealt to Mahu2021 [Qc 3s]
maju1406: folds 
Mahu2021: calls 15
gytis_ltb: checks 
*** FLOP *** [Kd Ts 6d]
Mahu2021: bets 30
gytis_ltb: calls 30
*** TURN *** [Kd Ts 6d] [Td]
Mahu2021: checks 
gytis_ltb: bets 285 and is all-in
Mahu2021: folds 
Uncalled bet (285) returned to gytis_ltb
gytis_ltb collected 120 from pot
*** SUMMARY ***
Total pot 120 | Rake 0 
Board [Kd Ts 6d Td]
Seat 1: Mahu2021 (small blind) folded on the Turn
Seat 2: gytis_ltb (big blind) collected (120)
Seat 3: maju1406 (button) folded before Flop (didn't bet)



PokerStars Hand #247968354010: Tournament #3693859977, $1.84+$0.16 USD Hold'em No Limit - Level II (15/30) - 2023/12/30 23:08:34 CET [2023/12/30 17:08:34 ET]
Table '3693859977 1' 3-max Seat #1 is the button
Seat 1: Mahu2021 (640 in chips) 
Seat 2: gytis_ltb (405 in chips) 
Seat 3: maju1406 (455 in chips) 
gytis_ltb: posts small blind 15
maju1406: posts big blind 30
*** HOLE CARDS ***
Dealt to Mahu2021 [Kh 5s]
Mahu2021: folds 
gytis_ltb: folds 
Uncalled bet (15) returned to maju1406
maju1406 collected 30 from pot
maju1406: doesn't show hand 
*** SUMMARY ***
Total pot 30 | Rake 0 
Seat 1: Mahu2021 (button) folded before Flop (didn't bet)
Seat 2: gytis_ltb (small blind) folded before Flop
Seat 3: maju1406 (big blind) collected (30)



PokerStars Hand #247968357167: Tournament #3693859977, $1.84+$0.16 USD Hold'em No Limit - Level II (15/30) - 2023/12/30 23:08:43 CET [2023/12/30 17:08:43 ET]
Table '3693859977 1' 3-max Seat #2 is the button
Seat 1: Mahu2021 (640 in chips) 
Seat 2: gytis_ltb (390 in chips) 
Seat 3: maju1406 (470 in chips) 
maju1406: posts small blind 15
Mahu2021: posts big blind 30
*** HOLE CARDS ***
Dealt to Mahu2021 [3s 9h]
gytis_ltb: calls 30
maju1406: raises 440 to 470 and is all-in
Mahu2021: folds 
gytis_ltb: folds 
Uncalled bet (440) returned to maju1406
maju1406 collected 90 from pot
maju1406: doesn't show hand 
*** SUMMARY ***
Total pot 90 | Rake 0 
Seat 1: Mahu2021 (big blind) folded before Flop
Seat 2: gytis_ltb (button) folded before Flop
Seat 3: maju1406 (small blind) collected (90)



PokerStars Hand #247968360743: Tournament #3693859977, $1.84+$0.16 USD Hold'em No Limit - Level II (15/30) - 2023/12/30 23:08:52 CET [2023/12/30 17:08:52 ET]
Table '3693859977 1' 3-max Seat #3 is the button
Seat 1: Mahu2021 (610 in chips) 
Seat 2: gytis_ltb (360 in chips) 
Seat 3: maju1406 (530 in chips) 
Mahu2021: posts small blind 15
gytis_ltb: posts big blind 30
*** HOLE CARDS ***
Dealt to Mahu2021 [6h Qd]
maju1406: folds 
Mahu2021: folds 
Uncalled bet (15) returned to gytis_ltb
gytis_ltb collected 30 from pot
*** SUMMARY ***
Total pot 30 | Rake 0 
Seat 1: Mahu2021 (small blind) folded before Flop
Seat 2: gytis_ltb (big blind) collected (30)
Seat 3: maju1406 (button) folded before Flop (didn't bet)



PokerStars Hand #247968362712: Tournament #3693859977, $1.84+$0.16 USD Hold'em No Limit - Level II (15/30) - 2023/12/30 23:08:57 CET [2023/12/30 17:08:57 ET]
Table '3693859977 1' 3-max Seat #1 is the button
Seat 1: Mahu2021 (595 in chips) 
Seat 2: gytis_ltb (375 in chips) 
Seat 3: maju1406 (530 in chips) 
gytis_ltb: posts small blind 15
maju1406: posts big blind 30
*** HOLE CARDS ***
Dealt to Mahu2021 [6s Kc]
Mahu2021: folds 
gytis_ltb: raises 345 to 375 and is all-in
maju1406: folds 
Uncalled bet (345) returned to gytis_ltb
gytis_ltb collected 60 from pot
*** SUMMARY ***
Total pot 60 | Rake 0 
Seat 1: Mahu2021 (button) folded before Flop (didn't bet)
Seat 2: gytis_ltb (small blind) collected (60)
Seat 3: maju1406 (big blind) folded before Flop



PokerStars Hand #247968365915: Tournament #3693859977, $1.84+$0.16 USD Hold'em No Limit - Level II (15/30) - 2023/12/30 23:09:05 CET [2023/12/30 17:09:05 ET]
Table '3693859977 1' 3-max Seat #2 is the button
Seat 1: Mahu2021 (595 in chips) 
Seat 2: gytis_ltb (405 in chips) 
Seat 3: maju1406 (500 in chips) 
maju1406: posts small blind 15
Mahu2021: posts big blind 30
*** HOLE CARDS ***
Dealt to Mahu2021 [Js Jc]
gytis_ltb: folds 
maju1406: raises 30 to 60
Mahu2021: raises 535 to 595 and is all-in
maju1406: folds 
Uncalled bet (535) returned to Mahu2021
Mahu2021 collected 120 from pot
Mahu2021: doesn't show hand 
*** SUMMARY ***
Total pot 120 | Rake 0 
Seat 1: Mahu2021 (big blind) collected (120)
Seat 2: gytis_ltb (button) folded before Flop (didn't bet)
Seat 3: maju1406 (small blind) folded before Flop



PokerStars Hand #247968371305: Tournament #3693859977, $1.84+$0.16 USD Hold'em No Limit - Level II (15/30) - 2023/12/30 23:09:19 CET [2023/12/30 17:09:19 ET]
Table '3693859977 1' 3-max Seat #3 is the button
Seat 1: Mahu2021 (655 in chips) 
Seat 2: gytis_ltb (405 in chips) 
Seat 3: maju1406 (440 in chips) 
Mahu2021: posts small blind 15
gytis_ltb: posts big blind 30
*** HOLE CARDS ***
Dealt to Mahu2021 [Qd 4s]
maju1406: raises 30 to 60
Mahu2021: folds 
gytis_ltb: folds 
Uncalled bet (30) returned to maju1406
maju1406 collected 75 from pot
maju1406: doesn't show hand 
*** SUMMARY ***
Total pot 75 | Rake 0 
Seat 1: Mahu2021 (small blind) folded before Flop
Seat 2: gytis_ltb (big blind) folded before Flop
Seat 3: maju1406 (button) collected (75)



PokerStars Hand #247968375146: Tournament #3693859977, $1.84+$0.16 USD Hold'em No Limit - Level II (15/30) - 2023/12/30 23:09:28 CET [2023/12/30 17:09:28 ET]
Table '3693859977 1' 3-max Seat #1 is the button
Seat 1: Mahu2021 (640 in chips) 
Seat 2: gytis_ltb (375 in chips) 
Seat 3: maju1406 (485 in chips) 
gytis_ltb: posts small blind 15
maju1406: posts big blind 30
*** HOLE CARDS ***
Dealt to Mahu2021 [9c 8h]
Mahu2021: calls 30
gytis_ltb: raises 345 to 375 and is all-in
maju1406: folds 
Mahu2021: folds 
Uncalled bet (345) returned to gytis_ltb
gytis_ltb collected 90 from pot
*** SUMMARY ***
Total pot 90 | Rake 0 
Seat 1: Mahu2021 (button) folded before Flop
Seat 2: gytis_ltb (small blind) collected (90)
Seat 3: maju1406 (big blind) folded before Flop



PokerStars Hand #247968378053: Tournament #3693859977, $1.84+$0.16 USD Hold'em No Limit - Level II (15/30) - 2023/12/30 23:09:36 CET [2023/12/30 17:09:36 ET]
Table '3693859977 1' 3-max Seat #2 is the button
Seat 1: Mahu2021 (610 in chips) 
Seat 2: gytis_ltb (435 in chips) 
Seat 3: maju1406 (455 in chips) 
maju1406: posts small blind 15
Mahu2021: posts big blind 30
*** HOLE CARDS ***
Dealt to Mahu2021 [8s Ac]
gytis_ltb: folds 
maju1406: folds 
Uncalled bet (15) returned to Mahu2021
Mahu2021 collected 30 from pot
Mahu2021: doesn't show hand 
*** SUMMARY ***
Total pot 30 | Rake 0 
Seat 1: Mahu2021 (big blind) collected (30)
Seat 2: gytis_ltb (button) folded before Flop (didn't bet)
Seat 3: maju1406 (small blind) folded before Flop



PokerStars Hand #247968379954: Tournament #3693859977, $1.84+$0.16 USD Hold'em No Limit - Level II (15/30) - 2023/12/30 23:09:40 CET [2023/12/30 17:09:40 ET]
Table '3693859977 1' 3-max Seat #3 is the button
Seat 1: Mahu2021 (625 in chips) 
Seat 2: gytis_ltb (435 in chips) 
Seat 3: maju1406 (440 in chips) 
Mahu2021: posts small blind 15
gytis_ltb: posts big blind 30
*** HOLE CARDS ***
Dealt to Mahu2021 [Ad 7d]
maju1406: folds 
Mahu2021: calls 15
gytis_ltb: checks 
*** FLOP *** [3h 6d 4c]
Mahu2021: checks 
gytis_ltb: checks 
*** TURN *** [3h 6d 4c] [5s]
Mahu2021: checks 
gytis_ltb: bets 30
Mahu2021: raises 30 to 60
gytis_ltb: calls 30
*** RIVER *** [3h 6d 4c 5s] [3s]
Mahu2021: checks 
gytis_ltb: checks 
*** SHOW DOWN ***
Mahu2021: shows [Ad 7d] (a straight, Three to Seven)
gytis_ltb: mucks hand 
Mahu2021 collected 180 from pot
*** SUMMARY ***
Total pot 180 | Rake 0 
Board [3h 6d 4c 5s 3s]
Seat 1: Mahu2021 (small blind) showed [Ad 7d] and won (180) with a straight, Three to Seven
Seat 2: gytis_ltb (big blind) mucked [2d Qh]
Seat 3: maju1406 (button) folded before Flop (didn't bet)



PokerStars Hand #247968393263: Tournament #3693859977, $1.84+$0.16 USD Hold'em No Limit - Level III (20/40) - 2023/12/30 23:10:14 CET [2023/12/30 17:10:14 ET]
Table '3693859977 1' 3-max Seat #1 is the button
Seat 1: Mahu2021 (715 in chips) 
Seat 2: gytis_ltb (345 in chips) 
Seat 3: maju1406 (440 in chips) 
gytis_ltb: posts small blind 20
maju1406: posts big blind 40
*** HOLE CARDS ***
Dealt to Mahu2021 [Ah 4c]
Mahu2021: folds 
gytis_ltb: raises 305 to 345 and is all-in
maju1406: folds 
Uncalled bet (305) returned to gytis_ltb
gytis_ltb collected 80 from pot
*** SUMMARY ***
Total pot 80 | Rake 0 
Seat 1: Mahu2021 (button) folded before Flop (didn't bet)
Seat 2: gytis_ltb (small blind) collected (80)
Seat 3: maju1406 (big blind) folded before Flop



PokerStars Hand #247968396640: Tournament #3693859977, $1.84+$0.16 USD Hold'em No Limit - Level III (20/40) - 2023/12/30 23:10:22 CET [2023/12/30 17:10:22 ET]
Table '3693859977 1' 3-max Seat #2 is the button
Seat 1: Mahu2021 (715 in chips) 
Seat 2: gytis_ltb (385 in chips) 
Seat 3: maju1406 (400 in chips) 
maju1406: posts small blind 20
Mahu2021: posts big blind 40
*** HOLE CARDS ***
Dealt to Mahu2021 [8d 4s]
gytis_ltb: folds 
maju1406: folds 
Uncalled bet (20) returned to Mahu2021
Mahu2021 collected 40 from pot
Mahu2021: doesn't show hand 
*** SUMMARY ***
Total pot 40 | Rake 0 
Seat 1: Mahu2021 (big blind) collected (40)
Seat 2: gytis_ltb (button) folded before Flop (didn't bet)
Seat 3: maju1406 (small blind) folded before Flop



PokerStars Hand #247968398460: Tournament #3693859977, $1.84+$0.16 USD Hold'em No Limit - Level III (20/40) - 2023/12/30 23:10:27 CET [2023/12/30 17:10:27 ET]
Table '3693859977 1' 3-max Seat #3 is the button
Seat 1: Mahu2021 (735 in chips) 
Seat 2: gytis_ltb (385 in chips) 
Seat 3: maju1406 (380 in chips) 
Mahu2021: posts small blind 20
gytis_ltb: posts big blind 40
*** HOLE CARDS ***
Dealt to Mahu2021 [9d Kh]
maju1406: folds 
Mahu2021: raises 695 to 735 and is all-in
gytis_ltb: folds 
Uncalled bet (695) returned to Mahu2021
Mahu2021 collected 80 from pot
Mahu2021: doesn't show hand 
*** SUMMARY ***
Total pot 80 | Rake 0 
Seat 1: Mahu2021 (small blind) collected (80)
Seat 2: gytis_ltb (big blind) folded before Flop
Seat 3: maju1406 (button) folded before Flop (didn't bet)



PokerStars Hand #247968401820: Tournament #3693859977, $1.84+$0.16 USD Hold'em No Limit - Level III (20/40) - 2023/12/30 23:10:35 CET [2023/12/30 17:10:35 ET]
Table '3693859977 1' 3-max Seat #1 is the button
Seat 1: Mahu2021 (775 in chips) 
Seat 2: gytis_ltb (345 in chips) 
Seat 3: maju1406 (380 in chips) 
gytis_ltb: posts small blind 20
maju1406: posts big blind 40
*** HOLE CARDS ***
Dealt to Mahu2021 [2s 4d]
Mahu2021: folds 
gytis_ltb: folds 
Uncalled bet (20) returned to maju1406
maju1406 collected 40 from pot
maju1406: doesn't show hand 
*** SUMMARY ***
Total pot 40 | Rake 0 
Seat 1: Mahu2021 (button) folded before Flop (didn't bet)
Seat 2: gytis_ltb (small blind) folded before Flop
Seat 3: maju1406 (big blind) collected (40)



PokerStars Hand #247968403650: Tournament #3693859977, $1.84+$0.16 USD Hold'em No Limit - Level III (20/40) - 2023/12/30 23:10:40 CET [2023/12/30 17:10:40 ET]
Table '3693859977 1' 3-max Seat #2 is the button
Seat 1: Mahu2021 (775 in chips) 
Seat 2: gytis_ltb (325 in chips) 
Seat 3: maju1406 (400 in chips) 
maju1406: posts small blind 20
Mahu2021: posts big blind 40
*** HOLE CARDS ***
Dealt to Mahu2021 [5d 4c]
gytis_ltb: folds 
maju1406: calls 20
Mahu2021: checks 
*** FLOP *** [3h Ts 5h]
maju1406: bets 40
Mahu2021: calls 40
*** TURN *** [3h Ts 5h] [9s]
maju1406: bets 114
Mahu2021: folds 
Uncalled bet (114) returned to maju1406
maju1406 collected 160 from pot
maju1406: doesn't show hand 
*** SUMMARY ***
Total pot 160 | Rake 0 
Board [3h Ts 5h 9s]
Seat 1: Mahu2021 (big blind) folded on the Turn
Seat 2: gytis_ltb (button) folded before Flop (didn't bet)
Seat 3: maju1406 (small blind) collected (160)



PokerStars Hand #247968410556: Tournament #3693859977, $1.84+$0.16 USD Hold'em No Limit - Level III (20/40) - 2023/12/30 23:10:58 CET [2023/12/30 17:10:58 ET]
Table '3693859977 1' 3-max Seat #3 is the button
Seat 1: Mahu2021 (695 in chips) 
Seat 2: gytis_ltb (325 in chips) 
Seat 3: maju1406 (480 in chips) 
Mahu2021: posts small blind 20
gytis_ltb: posts big blind 40
*** HOLE CARDS ***
Dealt to Mahu2021 [5s 6c]
maju1406: raises 440 to 480 and is all-in
Mahu2021: folds 
gytis_ltb: folds 
Uncalled bet (440) returned to maju1406
maju1406 collected 100 from pot
maju1406: doesn't show hand 
*** SUMMARY ***
Total pot 100 | Rake 0 
Seat 1: Mahu2021 (small blind) folded before Flop
Seat 2: gytis_ltb (big blind) folded before Flop
Seat 3: maju1406 (button) collected (100)



PokerStars Hand #247968413570: Tournament #3693859977, $1.84+$0.16 USD Hold'em No Limit - Level III (20/40) - 2023/12/30 23:11:05 CET [2023/12/30 17:11:05 ET]
Table '3693859977 1' 3-max Seat #1 is the button
Seat 1: Mahu2021 (675 in chips) 
Seat 2: gytis_ltb (285 in chips) 
Seat 3: maju1406 (540 in chips) 
gytis_ltb: posts small blind 20
maju1406: posts big blind 40
*** HOLE CARDS ***
Dealt to Mahu2021 [9c 5h]
Mahu2021: folds 
gytis_ltb: raises 245 to 285 and is all-in
maju1406: folds 
Uncalled bet (245) returned to gytis_ltb
gytis_ltb collected 80 from pot
*** SUMMARY ***
Total pot 80 | Rake 0 
Seat 1: Mahu2021 (button) folded before Flop (didn't bet)
Seat 2: gytis_ltb (small blind) collected (80)
Seat 3: maju1406 (big blind) folded before Flop



PokerStars Hand #247968416292: Tournament #3693859977, $1.84+$0.16 USD Hold'em No Limit - Level III (20/40) - 2023/12/30 23:11:12 CET [2023/12/30 17:11:12 ET]
Table '3693859977 1' 3-max Seat #2 is the button
Seat 1: Mahu2021 (675 in chips) 
Seat 2: gytis_ltb (325 in chips) 
Seat 3: maju1406 (500 in chips) 
maju1406: posts small blind 20
Mahu2021: posts big blind 40
*** HOLE CARDS ***
Dealt to Mahu2021 [Ad 3h]
gytis_ltb: raises 285 to 325 and is all-in
maju1406: folds 
Mahu2021: folds 
Uncalled bet (285) returned to gytis_ltb
gytis_ltb collected 100 from pot
*** SUMMARY ***
Total pot 100 | Rake 0 
Seat 1: Mahu2021 (big blind) folded before Flop
Seat 2: gytis_ltb (button) collected (100)
Seat 3: maju1406 (small blind) folded before Flop



PokerStars Hand #247968418627: Tournament #3693859977, $1.84+$0.16 USD Hold'em No Limit - Level III (20/40) - 2023/12/30 23:11:18 CET [2023/12/30 17:11:18 ET]
Table '3693859977 1' 3-max Seat #3 is the button
Seat 1: Mahu2021 (635 in chips) 
Seat 2: gytis_ltb (385 in chips) 
Seat 3: maju1406 (480 in chips) 
Mahu2021: posts small blind 20
gytis_ltb: posts big blind 40
*** HOLE CARDS ***
Dealt to Mahu2021 [7c Ad]
maju1406: raises 440 to 480 and is all-in
Mahu2021: folds 
gytis_ltb: folds 
Uncalled bet (440) returned to maju1406
maju1406 collected 100 from pot
maju1406: doesn't show hand 
*** SUMMARY ***
Total pot 100 | Rake 0 
Seat 1: Mahu2021 (small blind) folded before Flop
Seat 2: gytis_ltb (big blind) folded before Flop
Seat 3: maju1406 (button) collected (100)



PokerStars Hand #247968421959: Tournament #3693859977, $1.84+$0.16 USD Hold'em No Limit - Level III (20/40) - 2023/12/30 23:11:27 CET [2023/12/30 17:11:27 ET]
Table '3693859977 1' 3-max Seat #1 is the button
Seat 1: Mahu2021 (615 in chips) 
Seat 2: gytis_ltb (345 in chips) 
Seat 3: maju1406 (540 in chips) 
gytis_ltb: posts small blind 20
maju1406: posts big blind 40
*** HOLE CARDS ***
Dealt to Mahu2021 [4s 2d]
Mahu2021: folds 
gytis_ltb: raises 305 to 345 and is all-in
maju1406: folds 
Uncalled bet (305) returned to gytis_ltb
gytis_ltb collected 80 from pot
*** SUMMARY ***
Total pot 80 | Rake 0 
Seat 1: Mahu2021 (button) folded before Flop (didn't bet)
Seat 2: gytis_ltb (small blind) collected (80)
Seat 3: maju1406 (big blind) folded before Flop



PokerStars Hand #247968424957: Tournament #3693859977, $1.84+$0.16 USD Hold'em No Limit - Level III (20/40) - 2023/12/30 23:11:34 CET [2023/12/30 17:11:34 ET]
Table '3693859977 1' 3-max Seat #2 is the button
Seat 1: Mahu2021 (615 in chips) 
Seat 2: gytis_ltb (385 in chips) 
Seat 3: maju1406 (500 in chips) 
maju1406: posts small blind 20
Mahu2021: posts big blind 40
*** HOLE CARDS ***
Dealt to Mahu2021 [9c Jh]
gytis_ltb: folds 
maju1406: calls 20
Mahu2021: checks 
*** FLOP *** [Ad 6d 7s]
maju1406: bets 40
Mahu2021: folds 
Uncalled bet (40) returned to maju1406
maju1406 collected 80 from pot
maju1406: doesn't show hand 
*** SUMMARY ***
Total pot 80 | Rake 0 
Board [Ad 6d 7s]
Seat 1: Mahu2021 (big blind) folded on the Flop
Seat 2: gytis_ltb (button) folded before Flop (didn't bet)
Seat 3: maju1406 (small blind) collected (80)



PokerStars Hand #247968429028: Tournament #3693859977, $1.84+$0.16 USD Hold'em No Limit - Level III (20/40) - 2023/12/30 23:11:44 CET [2023/12/30 17:11:44 ET]
Table '3693859977 1' 3-max Seat #3 is the button
Seat 1: Mahu2021 (575 in chips) 
Seat 2: gytis_ltb (385 in chips) 
Seat 3: maju1406 (540 in chips) 
Mahu2021: posts small blind 20
gytis_ltb: posts big blind 40
*** HOLE CARDS ***
Dealt to Mahu2021 [2d 6s]
maju1406: folds 
Mahu2021: folds 
Uncalled bet (20) returned to gytis_ltb
gytis_ltb collected 40 from pot
*** SUMMARY ***
Total pot 40 | Rake 0 
Seat 1: Mahu2021 (small blind) folded before Flop
Seat 2: gytis_ltb (big blind) collected (40)
Seat 3: maju1406 (button) folded before Flop (didn't bet)



PokerStars Hand #247968431087: Tournament #3693859977, $1.84+$0.16 USD Hold'em No Limit - Level III (20/40) - 2023/12/30 23:11:50 CET [2023/12/30 17:11:50 ET]
Table '3693859977 1' 3-max Seat #1 is the button
Seat 1: Mahu2021 (555 in chips) 
Seat 2: gytis_ltb (405 in chips) 
Seat 3: maju1406 (540 in chips) 
gytis_ltb: posts small blind 20
maju1406: posts big blind 40
*** HOLE CARDS ***
Dealt to Mahu2021 [2d 6h]
Mahu2021: folds 
gytis_ltb: raises 365 to 405 and is all-in
maju1406: folds 
Uncalled bet (365) returned to gytis_ltb
gytis_ltb collected 80 from pot
*** SUMMARY ***
Total pot 80 | Rake 0 
Seat 1: Mahu2021 (button) folded before Flop (didn't bet)
Seat 2: gytis_ltb (small blind) collected (80)
Seat 3: maju1406 (big blind) folded before Flop



PokerStars Hand #247968433731: Tournament #3693859977, $1.84+$0.16 USD Hold'em No Limit - Level III (20/40) - 2023/12/30 23:11:57 CET [2023/12/30 17:11:57 ET]
Table '3693859977 1' 3-max Seat #2 is the button
Seat 1: Mahu2021 (555 in chips) 
Seat 2: gytis_ltb (445 in chips) 
Seat 3: maju1406 (500 in chips) 
maju1406: posts small blind 20
Mahu2021: posts big blind 40
*** HOLE CARDS ***
Dealt to Mahu2021 [3h Jh]
gytis_ltb: folds 
maju1406: raises 460 to 500 and is all-in
Mahu2021: folds 
Uncalled bet (460) returned to maju1406
maju1406 collected 80 from pot
maju1406: doesn't show hand 
*** SUMMARY ***
Total pot 80 | Rake 0 
Seat 1: Mahu2021 (big blind) folded before Flop
Seat 2: gytis_ltb (button) folded before Flop (didn't bet)
Seat 3: maju1406 (small blind) collected (80)



PokerStars Hand #247968436600: Tournament #3693859977, $1.84+$0.16 USD Hold'em No Limit - Level III (20/40) - 2023/12/30 23:12:04 CET [2023/12/30 17:12:04 ET]
Table '3693859977 1' 3-max Seat #3 is the button
Seat 1: Mahu2021 (515 in chips) 
Seat 2: gytis_ltb (445 in chips) 
Seat 3: maju1406 (540 in chips) 
Mahu2021: posts small blind 20
gytis_ltb: posts big blind 40
*** HOLE CARDS ***
Dealt to Mahu2021 [9h Td]
maju1406: folds 
Mahu2021: calls 20
gytis_ltb: checks 
*** FLOP *** [Kc 9s 3d]
Mahu2021: bets 40
gytis_ltb: folds 
Uncalled bet (40) returned to Mahu2021
Mahu2021 collected 80 from pot
Mahu2021: doesn't show hand 
*** SUMMARY ***
Total pot 80 | Rake 0 
Board [Kc 9s 3d]
Seat 1: Mahu2021 (small blind) collected (80)
Seat 2: gytis_ltb (big blind) folded on the Flop
Seat 3: maju1406 (button) folded before Flop (didn't bet)



PokerStars Hand #247968440514: Tournament #3693859977, $1.84+$0.16 USD Hold'em No Limit - Level III (20/40) - 2023/12/30 23:12:14 CET [2023/12/30 17:12:14 ET]
Table '3693859977 1' 3-max Seat #1 is the button
Seat 1: Mahu2021 (555 in chips) 
Seat 2: gytis_ltb (405 in chips) 
Seat 3: maju1406 (540 in chips) 
gytis_ltb: posts small blind 20
maju1406: posts big blind 40
*** HOLE CARDS ***
Dealt to Mahu2021 [7s 4h]
Mahu2021: folds 
gytis_ltb: raises 365 to 405 and is all-in
maju1406: folds 
Uncalled bet (365) returned to gytis_ltb
gytis_ltb collected 80 from pot
*** SUMMARY ***
Total pot 80 | Rake 0 
Seat 1: Mahu2021 (button) folded before Flop (didn't bet)
Seat 2: gytis_ltb (small blind) collected (80)
Seat 3: maju1406 (big blind) folded before Flop



PokerStars Hand #247968443179: Tournament #3693859977, $1.84+$0.16 USD Hold'em No Limit - Level III (20/40) - 2023/12/30 23:12:20 CET [2023/12/30 17:12:20 ET]
Table '3693859977 1' 3-max Seat #2 is the button
Seat 1: Mahu2021 (555 in chips) 
Seat 2: gytis_ltb (445 in chips) 
Seat 3: maju1406 (500 in chips) 
maju1406: posts small blind 20
Mahu2021: posts big blind 40
*** HOLE CARDS ***
Dealt to Mahu2021 [7h Js]
gytis_ltb: raises 405 to 445 and is all-in
maju1406: folds 
Mahu2021: folds 
Uncalled bet (405) returned to gytis_ltb
gytis_ltb collected 100 from pot
*** SUMMARY ***
Total pot 100 | Rake 0 
Seat 1: Mahu2021 (big blind) folded before Flop
Seat 2: gytis_ltb (button) collected (100)
Seat 3: maju1406 (small blind) folded before Flop



PokerStars Hand #247968448666: Tournament #3693859977, $1.84+$0.16 USD Hold'em No Limit - Level III (20/40) - 2023/12/30 23:12:34 CET [2023/12/30 17:12:34 ET]
Table '3693859977 1' 3-max Seat #3 is the button
Seat 1: Mahu2021 (515 in chips) 
Seat 2: gytis_ltb (505 in chips) 
Seat 3: maju1406 (480 in chips) 
Mahu2021: posts small blind 20
gytis_ltb: posts big blind 40
*** HOLE CARDS ***
Dealt to Mahu2021 [3d Kc]
maju1406: folds 
Mahu2021: folds 
Uncalled bet (20) returned to gytis_ltb
gytis_ltb collected 40 from pot
*** SUMMARY ***
Total pot 40 | Rake 0 
Seat 1: Mahu2021 (small blind) folded before Flop
Seat 2: gytis_ltb (big blind) collected (40)
Seat 3: maju1406 (button) folded before Flop (didn't bet)



PokerStars Hand #247968450697: Tournament #3693859977, $1.84+$0.16 USD Hold'em No Limit - Level III (20/40) - 2023/12/30 23:12:40 CET [2023/12/30 17:12:40 ET]
Table '3693859977 1' 3-max Seat #1 is the button
Seat 1: Mahu2021 (495 in chips) 
Seat 2: gytis_ltb (525 in chips) 
Seat 3: maju1406 (480 in chips) 
gytis_ltb: posts small blind 20
maju1406: posts big blind 40
*** HOLE CARDS ***
Dealt to Mahu2021 [Th 5c]
Mahu2021: folds 
gytis_ltb: folds 
Uncalled bet (20) returned to maju1406
maju1406 collected 40 from pot
maju1406: doesn't show hand 
*** SUMMARY ***
Total pot 40 | Rake 0 
Seat 1: Mahu2021 (button) folded before Flop (didn't bet)
Seat 2: gytis_ltb (small blind) folded before Flop
Seat 3: maju1406 (big blind) collected (40)



PokerStars Hand #247968454801: Tournament #3693859977, $1.84+$0.16 USD Hold'em No Limit - Level III (20/40) - 2023/12/30 23:12:50 CET [2023/12/30 17:12:50 ET]
Table '3693859977 1' 3-max Seat #2 is the button
Seat 1: Mahu2021 (495 in chips) 
Seat 2: gytis_ltb (505 in chips) 
Seat 3: maju1406 (500 in chips) 
maju1406: posts small blind 20
Mahu2021: posts big blind 40
*** HOLE CARDS ***
Dealt to Mahu2021 [9d Tc]
gytis_ltb: folds 
maju1406: folds 
Uncalled bet (20) returned to Mahu2021
Mahu2021 collected 40 from pot
Mahu2021: doesn't show hand 
*** SUMMARY ***
Total pot 40 | Rake 0 
Seat 1: Mahu2021 (big blind) collected (40)
Seat 2: gytis_ltb (button) folded before Flop (didn't bet)
Seat 3: maju1406 (small blind) folded before Flop



PokerStars Hand #247968459366: Tournament #3693859977, $1.84+$0.16 USD Hold'em No Limit - Level IV (30/60) - 2023/12/30 23:13:02 CET [2023/12/30 17:13:02 ET]
Table '3693859977 1' 3-max Seat #3 is the button
Seat 1: Mahu2021 (515 in chips) 
Seat 2: gytis_ltb (505 in chips) 
Seat 3: maju1406 (480 in chips) 
Mahu2021: posts small blind 30
gytis_ltb: posts big blind 60
*** HOLE CARDS ***
Dealt to Mahu2021 [Qc Kc]
maju1406: folds 
Mahu2021: raises 60 to 120
gytis_ltb: folds 
Uncalled bet (60) returned to Mahu2021
Mahu2021 collected 120 from pot
Mahu2021: doesn't show hand 
*** SUMMARY ***
Total pot 120 | Rake 0 
Seat 1: Mahu2021 (small blind) collected (120)
Seat 2: gytis_ltb (big blind) folded before Flop
Seat 3: maju1406 (button) folded before Flop (didn't bet)



PokerStars Hand #247968463164: Tournament #3693859977, $1.84+$0.16 USD Hold'em No Limit - Level IV (30/60) - 2023/12/30 23:13:11 CET [2023/12/30 17:13:11 ET]
Table '3693859977 1' 3-max Seat #1 is the button
Seat 1: Mahu2021 (575 in chips) 
Seat 2: gytis_ltb (445 in chips) 
Seat 3: maju1406 (480 in chips) 
gytis_ltb: posts small blind 30
maju1406: posts big blind 60
*** HOLE CARDS ***
Dealt to Mahu2021 [Jd Th]
Mahu2021: calls 60
gytis_ltb: raises 385 to 445 and is all-in
maju1406: folds 
Mahu2021: calls 385
*** FLOP *** [Ks 5h Tc]
*** TURN *** [Ks 5h Tc] [4d]
*** RIVER *** [Ks 5h Tc 4d] [9h]
*** SHOW DOWN ***
gytis_ltb: shows [Kd 8s] (a pair of Kings)
Mahu2021: shows [Jd Th] (a pair of Tens)
gytis_ltb collected 950 from pot
*** SUMMARY ***
Total pot 950 | Rake 0 
Board [Ks 5h Tc 4d 9h]
Seat 1: Mahu2021 (button) showed [Jd Th] and lost with a pair of Tens
Seat 2: gytis_ltb (small blind) showed [Kd 8s] and won (950) with a pair of Kings
Seat 3: maju1406 (big blind) folded before Flop



PokerStars Hand #247968469371: Tournament #3693859977, $1.84+$0.16 USD Hold'em No Limit - Level IV (30/60) - 2023/12/30 23:13:27 CET [2023/12/30 17:13:27 ET]
Table '3693859977 1' 3-max Seat #2 is the button
Seat 1: Mahu2021 (130 in chips) 
Seat 2: gytis_ltb (950 in chips) 
Seat 3: maju1406 (420 in chips) 
maju1406: posts small blind 30
Mahu2021: posts big blind 60
*** HOLE CARDS ***
Dealt to Mahu2021 [Qd Th]
gytis_ltb: calls 60
maju1406: calls 30
Mahu2021: raises 70 to 130 and is all-in
gytis_ltb: calls 70
maju1406: calls 70
*** FLOP *** [8h As Ah]
maju1406: checks 
gytis_ltb: checks 
*** TURN *** [8h As Ah] [6s]
maju1406: checks 
gytis_ltb: checks 
*** RIVER *** [8h As Ah 6s] [Ks]
maju1406: checks 
gytis_ltb: checks 
*** SHOW DOWN ***
maju1406: shows [Td 5d] (a pair of Aces)
Mahu2021: shows [Qd Th] (a pair of Aces - King+Queen kicker)
gytis_ltb: shows [Kd Tc] (two pair, Aces and Kings)
gytis_ltb collected 390 from pot
Mahu2021 finished the tournament in 3rd place
*** SUMMARY ***
Total pot 390 | Rake 0 
Board [8h As Ah 6s Ks]
Seat 1: Mahu2021 (big blind) showed [Qd Th] and lost with a pair of Aces
Seat 2: gytis_ltb (button) showed [Kd Tc] and won (390) with two pair, Aces and Kings
Seat 3: maju1406 (small blind) showed [Td 5d] and lost with a pair of Aces



