PokerStars Hand #247084388771: Tournament #3672624276, $1.84+$0.16 USD Hold'em No Limit - Level I (10/20) - 2023/11/13 13:29:16 CET [2023/11/13 7:29:16 ET]
Table '3672624276 1' 3-max Seat #1 is the button
Seat 1: maestrocaggi (500 in chips) 
Seat 2: arthurslz7 (500 in chips) 
Seat 3: Mahu2021 (500 in chips) 
arthurslz7: posts small blind 10
Mahu2021: posts big blind 20
*** HOLE CARDS ***
Dealt to Mahu2021 [9s Qd]
maestrocaggi has timed out
maestrocaggi: folds 
maestrocaggi is sitting out
arthurslz7: raises 20 to 40
Mahu2021: calls 20
*** FLOP *** [9c Kh Ts]
arthurslz7: bets 40
maestrocaggi has returned
Mahu2021: raises 420 to 460 and is all-in
arthurslz7: folds 
Uncalled bet (420) returned to Mahu2021
Mahu2021 collected 160 from pot
Mahu2021: doesn't show hand 
*** SUMMARY ***
Total pot 160 | Rake 0 
Board [9c Kh Ts]
Seat 1: maestrocaggi (button) folded before Flop (didn't bet)
Seat 2: arthurslz7 (small blind) folded on the Flop
Seat 3: Mahu2021 (big blind) collected (160)



PokerStars Hand #247084393191: Tournament #3672624276, $1.84+$0.16 USD Hold'em No Limit - Level I (10/20) - 2023/11/13 13:29:44 CET [2023/11/13 7:29:44 ET]
Table '3672624276 1' 3-max Seat #2 is the button
Seat 1: maestrocaggi (500 in chips) 
Seat 2: arthurslz7 (420 in chips) 
Seat 3: Mahu2021 (580 in chips) 
Mahu2021: posts small blind 10
maestrocaggi: posts big blind 20
*** HOLE CARDS ***
Dealt to Mahu2021 [5d Th]
arthurslz7: raises 20 to 40
Mahu2021: folds 
maestrocaggi: folds 
Uncalled bet (20) returned to arthurslz7
arthurslz7 collected 50 from pot
arthurslz7: doesn't show hand 
*** SUMMARY ***
Total pot 50 | Rake 0 
Seat 1: maestrocaggi (big blind) folded before Flop
Seat 2: arthurslz7 (button) collected (50)
Seat 3: Mahu2021 (small blind) folded before Flop



PokerStars Hand #247084394603: Tournament #3672624276, $1.84+$0.16 USD Hold'em No Limit - Level I (10/20) - 2023/11/13 13:29:53 CET [2023/11/13 7:29:53 ET]
Table '3672624276 1' 3-max Seat #3 is the button
Seat 1: maestrocaggi (480 in chips) 
Seat 2: arthurslz7 (450 in chips) 
Seat 3: Mahu2021 (570 in chips) 
maestrocaggi: posts small blind 10
arthurslz7: posts big blind 20
*** HOLE CARDS ***
Dealt to Mahu2021 [Tc Qc]
Mahu2021: raises 20 to 40
maestrocaggi: folds 
arthurslz7: calls 20
*** FLOP *** [5d 7s Ah]
arthurslz7: checks 
Mahu2021: checks 
*** TURN *** [5d 7s Ah] [Jh]
arthurslz7: checks 
Mahu2021: checks 
*** RIVER *** [5d 7s Ah Jh] [Jc]
arthurslz7: checks 
Mahu2021: checks 
*** SHOW DOWN ***
arthurslz7: shows [2d Th] (a pair of Jacks)
Mahu2021: shows [Tc Qc] (a pair of Jacks - Ace+Queen kicker)
Mahu2021 collected 90 from pot
*** SUMMARY ***
Total pot 90 | Rake 0 
Board [5d 7s Ah Jh Jc]
Seat 1: maestrocaggi (small blind) folded before Flop
Seat 2: arthurslz7 (big blind) showed [2d Th] and lost with a pair of Jacks
Seat 3: Mahu2021 (button) showed [Tc Qc] and won (90) with a pair of Jacks



PokerStars Hand #247084397443: Tournament #3672624276, $1.84+$0.16 USD Hold'em No Limit - Level I (10/20) - 2023/11/13 13:30:10 CET [2023/11/13 7:30:10 ET]
Table '3672624276 1' 3-max Seat #1 is the button
Seat 1: maestrocaggi (470 in chips) 
Seat 2: arthurslz7 (410 in chips) 
Seat 3: Mahu2021 (620 in chips) 
arthurslz7: posts small blind 10
Mahu2021: posts big blind 20
*** HOLE CARDS ***
Dealt to Mahu2021 [Td 8h]
maestrocaggi: raises 20 to 40
arthurslz7: raises 20 to 60
Mahu2021: folds 
maestrocaggi: calls 20
*** FLOP *** [Kh Jd Qc]
arthurslz7: bets 70
maestrocaggi: raises 280 to 350
arthurslz7: calls 280 and is all-in
*** TURN *** [Kh Jd Qc] [8d]
*** RIVER *** [Kh Jd Qc 8d] [5d]
*** SHOW DOWN ***
arthurslz7: shows [7h Kd] (a pair of Kings)
maestrocaggi: shows [Ks 8s] (two pair, Kings and Eights)
maestrocaggi collected 840 from pot
arthurslz7 finished the tournament in 3rd place
*** SUMMARY ***
Total pot 840 | Rake 0 
Board [Kh Jd Qc 8d 5d]
Seat 1: maestrocaggi (button) showed [Ks 8s] and won (840) with two pair, Kings and Eights
Seat 2: arthurslz7 (small blind) showed [7h Kd] and lost with a pair of Kings
Seat 3: Mahu2021 (big blind) folded before Flop



PokerStars Hand #247084403115: Tournament #3672624276, $1.84+$0.16 USD Hold'em No Limit - Level I (10/20) - 2023/11/13 13:30:44 CET [2023/11/13 7:30:44 ET]
Table '3672624276 1' 3-max Seat #3 is the button
Seat 1: maestrocaggi (900 in chips) 
Seat 3: Mahu2021 (600 in chips) 
Mahu2021: posts small blind 10
maestrocaggi: posts big blind 20
*** HOLE CARDS ***
Dealt to Mahu2021 [5d 6h]
Mahu2021: calls 10
maestrocaggi: raises 40 to 60
Mahu2021: calls 40
*** FLOP *** [4d 2h Qh]
maestrocaggi: checks 
Mahu2021: checks 
*** TURN *** [4d 2h Qh] [9h]
maestrocaggi: checks 
Mahu2021: bets 120
maestrocaggi: folds 
Uncalled bet (120) returned to Mahu2021
Mahu2021 collected 120 from pot
Mahu2021: doesn't show hand 
*** SUMMARY ***
Total pot 120 | Rake 0 
Board [4d 2h Qh 9h]
Seat 1: maestrocaggi (big blind) folded on the Turn
Seat 3: Mahu2021 (button) (small blind) collected (120)



PokerStars Hand #247084406724: Tournament #3672624276, $1.84+$0.16 USD Hold'em No Limit - Level I (10/20) - 2023/11/13 13:31:06 CET [2023/11/13 7:31:06 ET]
Table '3672624276 1' 3-max Seat #1 is the button
Seat 1: maestrocaggi (840 in chips) 
Seat 3: Mahu2021 (660 in chips) 
maestrocaggi: posts small blind 10
Mahu2021: posts big blind 20
*** HOLE CARDS ***
Dealt to Mahu2021 [2h Kc]
maestrocaggi: calls 10
Mahu2021: checks 
*** FLOP *** [Jd 2s Jc]
Mahu2021: bets 20
maestrocaggi: calls 20
*** TURN *** [Jd 2s Jc] [6h]
Mahu2021: checks 
maestrocaggi: bets 40
Mahu2021: folds 
Uncalled bet (40) returned to maestrocaggi
maestrocaggi collected 80 from pot
maestrocaggi: doesn't show hand 
*** SUMMARY ***
Total pot 80 | Rake 0 
Board [Jd 2s Jc 6h]
Seat 1: maestrocaggi (button) (small blind) collected (80)
Seat 3: Mahu2021 (big blind) folded on the Turn



PokerStars Hand #247084410223: Tournament #3672624276, $1.84+$0.16 USD Hold'em No Limit - Level II (15/30) - 2023/11/13 13:31:28 CET [2023/11/13 7:31:28 ET]
Table '3672624276 1' 3-max Seat #3 is the button
Seat 1: maestrocaggi (880 in chips) 
Seat 3: Mahu2021 (620 in chips) 
Mahu2021: posts small blind 15
maestrocaggi: posts big blind 30
*** HOLE CARDS ***
Dealt to Mahu2021 [Ah 8s]
Mahu2021: raises 30 to 60
maestrocaggi: calls 30
*** FLOP *** [Ad Qd 3s]
maestrocaggi: checks 
Mahu2021: bets 60
maestrocaggi: folds 
Uncalled bet (60) returned to Mahu2021
Mahu2021 collected 120 from pot
Mahu2021: doesn't show hand 
*** SUMMARY ***
Total pot 120 | Rake 0 
Board [Ad Qd 3s]
Seat 1: maestrocaggi (big blind) folded on the Flop
Seat 3: Mahu2021 (button) (small blind) collected (120)



PokerStars Hand #247084414431: Tournament #3672624276, $1.84+$0.16 USD Hold'em No Limit - Level II (15/30) - 2023/11/13 13:31:53 CET [2023/11/13 7:31:53 ET]
Table '3672624276 1' 3-max Seat #1 is the button
Seat 1: maestrocaggi (820 in chips) 
Seat 3: Mahu2021 (680 in chips) 
maestrocaggi: posts small blind 15
Mahu2021: posts big blind 30
*** HOLE CARDS ***
Dealt to Mahu2021 [5d 6d]
maestrocaggi: raises 30 to 60
Mahu2021: calls 30
*** FLOP *** [4h 6s Tc]
Mahu2021: bets 620 and is all-in
maestrocaggi: folds 
Uncalled bet (620) returned to Mahu2021
Mahu2021 collected 120 from pot
Mahu2021: doesn't show hand 
*** SUMMARY ***
Total pot 120 | Rake 0 
Board [4h 6s Tc]
Seat 1: maestrocaggi (button) (small blind) folded on the Flop
Seat 3: Mahu2021 (big blind) collected (120)



PokerStars Hand #247084416976: Tournament #3672624276, $1.84+$0.16 USD Hold'em No Limit - Level II (15/30) - 2023/11/13 13:32:09 CET [2023/11/13 7:32:09 ET]
Table '3672624276 1' 3-max Seat #3 is the button
Seat 1: maestrocaggi (760 in chips) 
Seat 3: Mahu2021 (740 in chips) 
Mahu2021: posts small blind 15
maestrocaggi: posts big blind 30
*** HOLE CARDS ***
Dealt to Mahu2021 [9s 4d]
Mahu2021: folds 
Uncalled bet (15) returned to maestrocaggi
maestrocaggi collected 30 from pot
maestrocaggi: doesn't show hand 
*** SUMMARY ***
Total pot 30 | Rake 0 
Seat 1: maestrocaggi (big blind) collected (30)
Seat 3: Mahu2021 (button) (small blind) folded before Flop



PokerStars Hand #247084417786: Tournament #3672624276, $1.84+$0.16 USD Hold'em No Limit - Level II (15/30) - 2023/11/13 13:32:14 CET [2023/11/13 7:32:14 ET]
Table '3672624276 1' 3-max Seat #1 is the button
Seat 1: maestrocaggi (775 in chips) 
Seat 3: Mahu2021 (725 in chips) 
maestrocaggi: posts small blind 15
Mahu2021: posts big blind 30
*** HOLE CARDS ***
Dealt to Mahu2021 [6c Qh]
maestrocaggi: calls 15
Mahu2021: checks 
*** FLOP *** [5d 4h 8c]
Mahu2021: checks 
maestrocaggi: bets 30
Mahu2021: calls 30
*** TURN *** [5d 4h 8c] [Js]
Mahu2021: checks 
maestrocaggi: bets 60
Mahu2021: calls 60
*** RIVER *** [5d 4h 8c Js] [6d]
Mahu2021: checks 
maestrocaggi: bets 120
Mahu2021: calls 120
*** SHOW DOWN ***
maestrocaggi: shows [8d 4d] (two pair, Eights and Fours)
Mahu2021: mucks hand 
maestrocaggi collected 480 from pot
*** SUMMARY ***
Total pot 480 | Rake 0 
Board [5d 4h 8c Js 6d]
Seat 1: maestrocaggi (button) (small blind) showed [8d 4d] and won (480) with two pair, Eights and Fours
Seat 3: Mahu2021 (big blind) mucked [6c Qh]



PokerStars Hand #247084421343: Tournament #3672624276, $1.84+$0.16 USD Hold'em No Limit - Level II (15/30) - 2023/11/13 13:32:35 CET [2023/11/13 7:32:35 ET]
Table '3672624276 1' 3-max Seat #3 is the button
Seat 1: maestrocaggi (1015 in chips) 
Seat 3: Mahu2021 (485 in chips) 
Mahu2021: posts small blind 15
maestrocaggi: posts big blind 30
*** HOLE CARDS ***
Dealt to Mahu2021 [Ks 9c]
Mahu2021: raises 455 to 485 and is all-in
maestrocaggi: calls 455
*** FLOP *** [5c 9h 7c]
*** TURN *** [5c 9h 7c] [Kh]
*** RIVER *** [5c 9h 7c Kh] [6s]
*** SHOW DOWN ***
maestrocaggi: shows [Qd Qh] (a pair of Queens)
Mahu2021: shows [Ks 9c] (two pair, Kings and Nines)
Mahu2021 collected 970 from pot
*** SUMMARY ***
Total pot 970 | Rake 0 
Board [5c 9h 7c Kh 6s]
Seat 1: maestrocaggi (big blind) showed [Qd Qh] and lost with a pair of Queens
Seat 3: Mahu2021 (button) (small blind) showed [Ks 9c] and won (970) with two pair, Kings and Nines



PokerStars Hand #247084423617: Tournament #3672624276, $1.84+$0.16 USD Hold'em No Limit - Level II (15/30) - 2023/11/13 13:32:48 CET [2023/11/13 7:32:48 ET]
Table '3672624276 1' 3-max Seat #1 is the button
Seat 1: maestrocaggi (530 in chips) 
Seat 3: Mahu2021 (970 in chips) 
maestrocaggi: posts small blind 15
Mahu2021: posts big blind 30
*** HOLE CARDS ***
Dealt to Mahu2021 [3d Jd]
maestrocaggi: folds 
Uncalled bet (15) returned to Mahu2021
Mahu2021 collected 30 from pot
Mahu2021: doesn't show hand 
*** SUMMARY ***
Total pot 30 | Rake 0 
Seat 1: maestrocaggi (button) (small blind) folded before Flop
Seat 3: Mahu2021 (big blind) collected (30)



PokerStars Hand #247084424478: Tournament #3672624276, $1.84+$0.16 USD Hold'em No Limit - Level II (15/30) - 2023/11/13 13:32:53 CET [2023/11/13 7:32:53 ET]
Table '3672624276 1' 3-max Seat #3 is the button
Seat 1: maestrocaggi (515 in chips) 
Seat 3: Mahu2021 (985 in chips) 
Mahu2021: posts small blind 15
maestrocaggi: posts big blind 30
*** HOLE CARDS ***
Dealt to Mahu2021 [2h 3s]
Mahu2021: folds 
Uncalled bet (15) returned to maestrocaggi
maestrocaggi collected 30 from pot
maestrocaggi: doesn't show hand 
*** SUMMARY ***
Total pot 30 | Rake 0 
Seat 1: maestrocaggi (big blind) collected (30)
Seat 3: Mahu2021 (button) (small blind) folded before Flop



PokerStars Hand #247084425217: Tournament #3672624276, $1.84+$0.16 USD Hold'em No Limit - Level II (15/30) - 2023/11/13 13:32:58 CET [2023/11/13 7:32:58 ET]
Table '3672624276 1' 3-max Seat #1 is the button
Seat 1: maestrocaggi (530 in chips) 
Seat 3: Mahu2021 (970 in chips) 
maestrocaggi: posts small blind 15
Mahu2021: posts big blind 30
*** HOLE CARDS ***
Dealt to Mahu2021 [Qc 5d]
maestrocaggi: folds 
Uncalled bet (15) returned to Mahu2021
Mahu2021 collected 30 from pot
Mahu2021: doesn't show hand 
*** SUMMARY ***
Total pot 30 | Rake 0 
Seat 1: maestrocaggi (button) (small blind) folded before Flop
Seat 3: Mahu2021 (big blind) collected (30)



PokerStars Hand #247084426010: Tournament #3672624276, $1.84+$0.16 USD Hold'em No Limit - Level II (15/30) - 2023/11/13 13:33:03 CET [2023/11/13 7:33:03 ET]
Table '3672624276 1' 3-max Seat #3 is the button
Seat 1: maestrocaggi (515 in chips) 
Seat 3: Mahu2021 (985 in chips) 
Mahu2021: posts small blind 15
maestrocaggi: posts big blind 30
*** HOLE CARDS ***
Dealt to Mahu2021 [2s Kh]
Mahu2021: raises 30 to 60
maestrocaggi: calls 30
*** FLOP *** [3s 6h 6d]
maestrocaggi: checks 
Mahu2021: bets 60
maestrocaggi: calls 60
*** TURN *** [3s 6h 6d] [5h]
maestrocaggi: checks 
Mahu2021: bets 865 and is all-in
maestrocaggi: folds 
Uncalled bet (865) returned to Mahu2021
Mahu2021 collected 240 from pot
Mahu2021: doesn't show hand 
*** SUMMARY ***
Total pot 240 | Rake 0 
Board [3s 6h 6d 5h]
Seat 1: maestrocaggi (big blind) folded on the Turn
Seat 3: Mahu2021 (button) (small blind) collected (240)



PokerStars Hand #247084429857: Tournament #3672624276, $1.84+$0.16 USD Hold'em No Limit - Level III (20/40) - 2023/11/13 13:33:26 CET [2023/11/13 7:33:26 ET]
Table '3672624276 1' 3-max Seat #1 is the button
Seat 1: maestrocaggi (395 in chips) 
Seat 3: Mahu2021 (1105 in chips) 
maestrocaggi: posts small blind 20
Mahu2021: posts big blind 40
*** HOLE CARDS ***
Dealt to Mahu2021 [Qd Ks]
maestrocaggi: folds 
Uncalled bet (20) returned to Mahu2021
Mahu2021 collected 40 from pot
Mahu2021: doesn't show hand 
*** SUMMARY ***
Total pot 40 | Rake 0 
Seat 1: maestrocaggi (button) (small blind) folded before Flop
Seat 3: Mahu2021 (big blind) collected (40)



PokerStars Hand #247084430719: Tournament #3672624276, $1.84+$0.16 USD Hold'em No Limit - Level III (20/40) - 2023/11/13 13:33:31 CET [2023/11/13 7:33:31 ET]
Table '3672624276 1' 3-max Seat #3 is the button
Seat 1: maestrocaggi (375 in chips) 
Seat 3: Mahu2021 (1125 in chips) 
Mahu2021: posts small blind 20
maestrocaggi: posts big blind 40
*** HOLE CARDS ***
Dealt to Mahu2021 [6s 4h]
Mahu2021: folds 
Uncalled bet (20) returned to maestrocaggi
maestrocaggi collected 40 from pot
maestrocaggi: doesn't show hand 
*** SUMMARY ***
Total pot 40 | Rake 0 
Seat 1: maestrocaggi (big blind) collected (40)
Seat 3: Mahu2021 (button) (small blind) folded before Flop



PokerStars Hand #247084431487: Tournament #3672624276, $1.84+$0.16 USD Hold'em No Limit - Level III (20/40) - 2023/11/13 13:33:36 CET [2023/11/13 7:33:36 ET]
Table '3672624276 1' 3-max Seat #1 is the button
Seat 1: maestrocaggi (395 in chips) 
Seat 3: Mahu2021 (1105 in chips) 
maestrocaggi: posts small blind 20
Mahu2021: posts big blind 40
*** HOLE CARDS ***
Dealt to Mahu2021 [2d 6h]
maestrocaggi: raises 355 to 395 and is all-in
Mahu2021: folds 
Uncalled bet (355) returned to maestrocaggi
maestrocaggi collected 80 from pot
maestrocaggi: doesn't show hand 
*** SUMMARY ***
Total pot 80 | Rake 0 
Seat 1: maestrocaggi (button) (small blind) collected (80)
Seat 3: Mahu2021 (big blind) folded before Flop



PokerStars Hand #247084432557: Tournament #3672624276, $1.84+$0.16 USD Hold'em No Limit - Level III (20/40) - 2023/11/13 13:33:42 CET [2023/11/13 7:33:42 ET]
Table '3672624276 1' 3-max Seat #3 is the button
Seat 1: maestrocaggi (435 in chips) 
Seat 3: Mahu2021 (1065 in chips) 
Mahu2021: posts small blind 20
maestrocaggi: posts big blind 40
*** HOLE CARDS ***
Dealt to Mahu2021 [Js Ks]
Mahu2021: raises 40 to 80
maestrocaggi: calls 40
*** FLOP *** [9s Kh 6s]
maestrocaggi: checks 
Mahu2021: checks 
*** TURN *** [9s Kh 6s] [8c]
maestrocaggi: checks 
Mahu2021: checks 
*** RIVER *** [9s Kh 6s 8c] [6d]
maestrocaggi: checks 
Mahu2021: bets 80
maestrocaggi: folds 
Uncalled bet (80) returned to Mahu2021
Mahu2021 collected 160 from pot
Mahu2021: doesn't show hand 
*** SUMMARY ***
Total pot 160 | Rake 0 
Board [9s Kh 6s 8c 6d]
Seat 1: maestrocaggi (big blind) folded on the River
Seat 3: Mahu2021 (button) (small blind) collected (160)



PokerStars Hand #247084437536: Tournament #3672624276, $1.84+$0.16 USD Hold'em No Limit - Level III (20/40) - 2023/11/13 13:34:13 CET [2023/11/13 7:34:13 ET]
Table '3672624276 1' 3-max Seat #1 is the button
Seat 1: maestrocaggi (355 in chips) 
Seat 3: Mahu2021 (1145 in chips) 
maestrocaggi: posts small blind 20
Mahu2021: posts big blind 40
*** HOLE CARDS ***
Dealt to Mahu2021 [2s 4h]
maestrocaggi: raises 315 to 355 and is all-in
Mahu2021: folds 
Uncalled bet (315) returned to maestrocaggi
maestrocaggi collected 80 from pot
maestrocaggi: doesn't show hand 
*** SUMMARY ***
Total pot 80 | Rake 0 
Seat 1: maestrocaggi (button) (small blind) collected (80)
Seat 3: Mahu2021 (big blind) folded before Flop



PokerStars Hand #247084438526: Tournament #3672624276, $1.84+$0.16 USD Hold'em No Limit - Level III (20/40) - 2023/11/13 13:34:19 CET [2023/11/13 7:34:19 ET]
Table '3672624276 1' 3-max Seat #3 is the button
Seat 1: maestrocaggi (395 in chips) 
Seat 3: Mahu2021 (1105 in chips) 
Mahu2021: posts small blind 20
maestrocaggi: posts big blind 40
*** HOLE CARDS ***
Dealt to Mahu2021 [7c 2h]
Mahu2021: folds 
Uncalled bet (20) returned to maestrocaggi
maestrocaggi collected 40 from pot
maestrocaggi: doesn't show hand 
*** SUMMARY ***
Total pot 40 | Rake 0 
Seat 1: maestrocaggi (big blind) collected (40)
Seat 3: Mahu2021 (button) (small blind) folded before Flop



PokerStars Hand #247084439268: Tournament #3672624276, $1.84+$0.16 USD Hold'em No Limit - Level III (20/40) - 2023/11/13 13:34:23 CET [2023/11/13 7:34:23 ET]
Table '3672624276 1' 3-max Seat #1 is the button
Seat 1: maestrocaggi (415 in chips) 
Seat 3: Mahu2021 (1085 in chips) 
maestrocaggi: posts small blind 20
Mahu2021: posts big blind 40
*** HOLE CARDS ***
Dealt to Mahu2021 [3h 5c]
maestrocaggi: raises 375 to 415 and is all-in
Mahu2021: folds 
Uncalled bet (375) returned to maestrocaggi
maestrocaggi collected 80 from pot
maestrocaggi: doesn't show hand 
*** SUMMARY ***
Total pot 80 | Rake 0 
Seat 1: maestrocaggi (button) (small blind) collected (80)
Seat 3: Mahu2021 (big blind) folded before Flop



PokerStars Hand #247084440117: Tournament #3672624276, $1.84+$0.16 USD Hold'em No Limit - Level III (20/40) - 2023/11/13 13:34:28 CET [2023/11/13 7:34:28 ET]
Table '3672624276 1' 3-max Seat #3 is the button
Seat 1: maestrocaggi (455 in chips) 
Seat 3: Mahu2021 (1045 in chips) 
Mahu2021: posts small blind 20
maestrocaggi: posts big blind 40
*** HOLE CARDS ***
Dealt to Mahu2021 [8d 6s]
Mahu2021: folds 
Uncalled bet (20) returned to maestrocaggi
maestrocaggi collected 40 from pot
maestrocaggi: doesn't show hand 
*** SUMMARY ***
Total pot 40 | Rake 0 
Seat 1: maestrocaggi (big blind) collected (40)
Seat 3: Mahu2021 (button) (small blind) folded before Flop



PokerStars Hand #247084440841: Tournament #3672624276, $1.84+$0.16 USD Hold'em No Limit - Level III (20/40) - 2023/11/13 13:34:33 CET [2023/11/13 7:34:33 ET]
Table '3672624276 1' 3-max Seat #1 is the button
Seat 1: maestrocaggi (475 in chips) 
Seat 3: Mahu2021 (1025 in chips) 
maestrocaggi: posts small blind 20
Mahu2021: posts big blind 40
*** HOLE CARDS ***
Dealt to Mahu2021 [9c Jh]
maestrocaggi: calls 20
Mahu2021: checks 
*** FLOP *** [Th 2h Qs]
Mahu2021: checks 
maestrocaggi: bets 40
Mahu2021: raises 945 to 985 and is all-in
maestrocaggi: calls 395 and is all-in
Uncalled bet (550) returned to Mahu2021
*** TURN *** [Th 2h Qs] [Ac]
*** RIVER *** [Th 2h Qs Ac] [Qd]
*** SHOW DOWN ***
Mahu2021: shows [9c Jh] (a pair of Queens)
maestrocaggi: shows [6h Qh] (three of a kind, Queens)
maestrocaggi collected 950 from pot
*** SUMMARY ***
Total pot 950 | Rake 0 
Board [Th 2h Qs Ac Qd]
Seat 1: maestrocaggi (button) (small blind) showed [6h Qh] and won (950) with three of a kind, Queens
Seat 3: Mahu2021 (big blind) showed [9c Jh] and lost with a pair of Queens



PokerStars Hand #247084444074: Tournament #3672624276, $1.84+$0.16 USD Hold'em No Limit - Level III (20/40) - 2023/11/13 13:34:52 CET [2023/11/13 7:34:52 ET]
Table '3672624276 1' 3-max Seat #3 is the button
Seat 1: maestrocaggi (950 in chips) 
Seat 3: Mahu2021 (550 in chips) 
Mahu2021: posts small blind 20
maestrocaggi: posts big blind 40
*** HOLE CARDS ***
Dealt to Mahu2021 [7s Qd]
Mahu2021: raises 510 to 550 and is all-in
maestrocaggi: folds 
Uncalled bet (510) returned to Mahu2021
Mahu2021 collected 80 from pot
Mahu2021: doesn't show hand 
*** SUMMARY ***
Total pot 80 | Rake 0 
Seat 1: maestrocaggi (big blind) folded before Flop
Seat 3: Mahu2021 (button) (small blind) collected (80)



PokerStars Hand #247084445393: Tournament #3672624276, $1.84+$0.16 USD Hold'em No Limit - Level III (20/40) - 2023/11/13 13:35:00 CET [2023/11/13 7:35:00 ET]
Table '3672624276 1' 3-max Seat #1 is the button
Seat 1: maestrocaggi (910 in chips) 
Seat 3: Mahu2021 (590 in chips) 
maestrocaggi: posts small blind 20
Mahu2021: posts big blind 40
*** HOLE CARDS ***
Dealt to Mahu2021 [Js 4d]
maestrocaggi: folds 
Uncalled bet (20) returned to Mahu2021
Mahu2021 collected 40 from pot
Mahu2021: doesn't show hand 
*** SUMMARY ***
Total pot 40 | Rake 0 
Seat 1: maestrocaggi (button) (small blind) folded before Flop
Seat 3: Mahu2021 (big blind) collected (40)



PokerStars Hand #247084446146: Tournament #3672624276, $1.84+$0.16 USD Hold'em No Limit - Level III (20/40) - 2023/11/13 13:35:05 CET [2023/11/13 7:35:05 ET]
Table '3672624276 1' 3-max Seat #3 is the button
Seat 1: maestrocaggi (890 in chips) 
Seat 3: Mahu2021 (610 in chips) 
Mahu2021: posts small blind 20
maestrocaggi: posts big blind 40
*** HOLE CARDS ***
Dealt to Mahu2021 [8d 9s]
Mahu2021: calls 20
maestrocaggi: raises 850 to 890 and is all-in
Mahu2021: folds 
Uncalled bet (850) returned to maestrocaggi
maestrocaggi collected 80 from pot
maestrocaggi: doesn't show hand 
*** SUMMARY ***
Total pot 80 | Rake 0 
Seat 1: maestrocaggi (big blind) collected (80)
Seat 3: Mahu2021 (button) (small blind) folded before Flop



PokerStars Hand #247084447604: Tournament #3672624276, $1.84+$0.16 USD Hold'em No Limit - Level III (20/40) - 2023/11/13 13:35:13 CET [2023/11/13 7:35:13 ET]
Table '3672624276 1' 3-max Seat #1 is the button
Seat 1: maestrocaggi (930 in chips) 
Seat 3: Mahu2021 (570 in chips) 
maestrocaggi: posts small blind 20
Mahu2021: posts big blind 40
*** HOLE CARDS ***
Dealt to Mahu2021 [8h Tc]
maestrocaggi: folds 
Uncalled bet (20) returned to Mahu2021
Mahu2021 collected 40 from pot
Mahu2021: doesn't show hand 
*** SUMMARY ***
Total pot 40 | Rake 0 
Seat 1: maestrocaggi (button) (small blind) folded before Flop
Seat 3: Mahu2021 (big blind) collected (40)



PokerStars Hand #247084448883: Tournament #3672624276, $1.84+$0.16 USD Hold'em No Limit - Level IV (30/60) - 2023/11/13 13:35:21 CET [2023/11/13 7:35:21 ET]
Table '3672624276 1' 3-max Seat #3 is the button
Seat 1: maestrocaggi (910 in chips) 
Seat 3: Mahu2021 (590 in chips) 
Mahu2021: posts small blind 30
maestrocaggi: posts big blind 60
*** HOLE CARDS ***
Dealt to Mahu2021 [3h 9h]
Mahu2021: folds 
Uncalled bet (30) returned to maestrocaggi
maestrocaggi collected 60 from pot
maestrocaggi: doesn't show hand 
*** SUMMARY ***
Total pot 60 | Rake 0 
Seat 1: maestrocaggi (big blind) collected (60)
Seat 3: Mahu2021 (button) (small blind) folded before Flop



PokerStars Hand #247084449572: Tournament #3672624276, $1.84+$0.16 USD Hold'em No Limit - Level IV (30/60) - 2023/11/13 13:35:25 CET [2023/11/13 7:35:25 ET]
Table '3672624276 1' 3-max Seat #1 is the button
Seat 1: maestrocaggi (940 in chips) 
Seat 3: Mahu2021 (560 in chips) 
maestrocaggi: posts small blind 30
Mahu2021: posts big blind 60
*** HOLE CARDS ***
Dealt to Mahu2021 [As Ks]
maestrocaggi: calls 30
Mahu2021: raises 500 to 560 and is all-in
maestrocaggi: folds 
Uncalled bet (500) returned to Mahu2021
Mahu2021 collected 120 from pot
Mahu2021: doesn't show hand 
*** SUMMARY ***
Total pot 120 | Rake 0 
Seat 1: maestrocaggi (button) (small blind) folded before Flop
Seat 3: Mahu2021 (big blind) collected (120)



PokerStars Hand #247084451001: Tournament #3672624276, $1.84+$0.16 USD Hold'em No Limit - Level IV (30/60) - 2023/11/13 13:35:34 CET [2023/11/13 7:35:34 ET]
Table '3672624276 1' 3-max Seat #3 is the button
Seat 1: maestrocaggi (880 in chips) 
Seat 3: Mahu2021 (620 in chips) 
Mahu2021: posts small blind 30
maestrocaggi: posts big blind 60
*** HOLE CARDS ***
Dealt to Mahu2021 [9c Th]
Mahu2021: calls 30
maestrocaggi: raises 820 to 880 and is all-in
Mahu2021: calls 560 and is all-in
Uncalled bet (260) returned to maestrocaggi
*** FLOP *** [Ac 2h Ks]
*** TURN *** [Ac 2h Ks] [9d]
*** RIVER *** [Ac 2h Ks 9d] [Js]
*** SHOW DOWN ***
maestrocaggi: shows [2d 2c] (three of a kind, Deuces)
Mahu2021: shows [9c Th] (a pair of Nines)
maestrocaggi collected 1240 from pot
Mahu2021 finished the tournament in 2nd place
maestrocaggi wins the tournament and receives $4.00 - congratulations!
*** SUMMARY ***
Total pot 1240 | Rake 0 
Board [Ac 2h Ks 9d Js]
Seat 1: maestrocaggi (big blind) showed [2d 2c] and won (1240) with three of a kind, Deuces
Seat 3: Mahu2021 (button) (small blind) showed [9c Th] and lost with a pair of Nines



