PokerStars Hand #244318413056: Tournament #3605586898, $0.92+$0.08 USD Hold'em No Limit - Level I (10/20) - 2023/06/17 16:19:27 CET [2023/06/17 10:19:27 ET]
Table '3605586898 1' 3-max Seat #1 is the button
Seat 1: Mafella (500 in chips) 
Seat 2: bingozero31 (500 in chips) 
Seat 3: Mahu2021 (500 in chips) 
bingozero31: posts small blind 10
Mahu2021: posts big blind 20
*** HOLE CARDS ***
Dealt to Mahu2021 [Tc 7d]
Mafella: raises 20 to 40
bingozero31: calls 30
Mahu2021: folds 
*** FLOP *** [9h 4c 5d]
bingozero31: checks 
Mafella: bets 40
bingozero31: raises 90 to 130
Mafella: folds 
Uncalled bet (90) returned to bingozero31
bingozero31 collected 180 from pot
*** SUMMARY ***
Total pot 180 | Rake 0 
Board [9h 4c 5d]
Seat 1: Mafella (button) folded on the Flop
Seat 2: bingozero31 (small blind) collected (180)
Seat 3: Mahu2021 (big blind) folded before Flop



PokerStars Hand #244318421055: Tournament #3605586898, $0.92+$0.08 USD Hold'em No Limit - Level I (10/20) - 2023/06/17 16:20:01 CET [2023/06/17 10:20:01 ET]
Table '3605586898 1' 3-max Seat #2 is the button
Seat 1: Mafella (420 in chips) 
Seat 2: bingozero31 (600 in chips) 
Seat 3: Mahu2021 (480 in chips) 
Mahu2021: posts small blind 10
Mafella: posts big blind 20
*** HOLE CARDS ***
Dealt to Mahu2021 [Qs 8h]
bingozero31: calls 20
Mahu2021: calls 10
Mafella: checks 
*** FLOP *** [6d Ad 5d]
Mahu2021: checks 
Mafella: checks 
bingozero31: checks 
*** TURN *** [6d Ad 5d] [Qc]
Mahu2021: bets 20
Mafella: calls 20
bingozero31: folds 
*** RIVER *** [6d Ad 5d Qc] [9c]
Mahu2021: bets 20
Mafella: folds 
Uncalled bet (20) returned to Mahu2021
Mahu2021 collected 100 from pot
Mahu2021: doesn't show hand 
*** SUMMARY ***
Total pot 100 | Rake 0 
Board [6d Ad 5d Qc 9c]
Seat 1: Mafella (big blind) folded on the River
Seat 2: bingozero31 (button) folded on the Turn
Seat 3: Mahu2021 (small blind) collected (100)



PokerStars Hand #244318429146: Tournament #3605586898, $0.92+$0.08 USD Hold'em No Limit - Level I (10/20) - 2023/06/17 16:20:36 CET [2023/06/17 10:20:36 ET]
Table '3605586898 1' 3-max Seat #3 is the button
Seat 1: Mafella (380 in chips) 
Seat 2: bingozero31 (580 in chips) 
Seat 3: Mahu2021 (540 in chips) 
Mafella: posts small blind 10
bingozero31: posts big blind 20
*** HOLE CARDS ***
Dealt to Mahu2021 [3d 9h]
Mahu2021 has timed out
Mahu2021: folds 
Mahu2021 is sitting out
Mahu2021 has returned
Mafella: calls 10
bingozero31: raises 560 to 580 and is all-in
Mafella: folds 
Uncalled bet (560) returned to bingozero31
bingozero31 collected 40 from pot
*** SUMMARY ***
Total pot 40 | Rake 0 
Seat 1: Mafella (small blind) folded before Flop
Seat 2: bingozero31 (big blind) collected (40)
Seat 3: Mahu2021 (button) folded before Flop (didn't bet)



PokerStars Hand #244318436112: Tournament #3605586898, $0.92+$0.08 USD Hold'em No Limit - Level I (10/20) - 2023/06/17 16:21:05 CET [2023/06/17 10:21:05 ET]
Table '3605586898 1' 3-max Seat #1 is the button
Seat 1: Mafella (360 in chips) 
Seat 2: bingozero31 (600 in chips) 
Seat 3: Mahu2021 (540 in chips) 
bingozero31: posts small blind 10
Mahu2021: posts big blind 20
*** HOLE CARDS ***
Dealt to Mahu2021 [7d 3c]
Mafella: folds 
bingozero31: raises 40 to 60
Mahu2021: folds 
Uncalled bet (40) returned to bingozero31
bingozero31 collected 40 from pot
*** SUMMARY ***
Total pot 40 | Rake 0 
Seat 1: Mafella (button) folded before Flop (didn't bet)
Seat 2: bingozero31 (small blind) collected (40)
Seat 3: Mahu2021 (big blind) folded before Flop



PokerStars Hand #244318437943: Tournament #3605586898, $0.92+$0.08 USD Hold'em No Limit - Level I (10/20) - 2023/06/17 16:21:13 CET [2023/06/17 10:21:13 ET]
Table '3605586898 1' 3-max Seat #2 is the button
Seat 1: Mafella (360 in chips) 
Seat 2: bingozero31 (620 in chips) 
Seat 3: Mahu2021 (520 in chips) 
Mahu2021: posts small blind 10
Mafella: posts big blind 20
*** HOLE CARDS ***
Dealt to Mahu2021 [Js Qs]
bingozero31: raises 50 to 70
Mahu2021: folds 
Mafella: folds 
Uncalled bet (50) returned to bingozero31
bingozero31 collected 50 from pot
*** SUMMARY ***
Total pot 50 | Rake 0 
Seat 1: Mafella (big blind) folded before Flop
Seat 2: bingozero31 (button) collected (50)
Seat 3: Mahu2021 (small blind) folded before Flop



PokerStars Hand #244318440580: Tournament #3605586898, $0.92+$0.08 USD Hold'em No Limit - Level I (10/20) - 2023/06/17 16:21:25 CET [2023/06/17 10:21:25 ET]
Table '3605586898 1' 3-max Seat #3 is the button
Seat 1: Mafella (340 in chips) 
Seat 2: bingozero31 (650 in chips) 
Seat 3: Mahu2021 (510 in chips) 
Mafella: posts small blind 10
bingozero31: posts big blind 20
*** HOLE CARDS ***
Dealt to Mahu2021 [As Kd]
Mahu2021: raises 40 to 60
Mafella: folds 
bingozero31: calls 40
*** FLOP *** [9c 4c 2d]
bingozero31: checks 
Mahu2021: bets 60
bingozero31: folds 
Uncalled bet (60) returned to Mahu2021
Mahu2021 collected 130 from pot
Mahu2021: doesn't show hand 
*** SUMMARY ***
Total pot 130 | Rake 0 
Board [9c 4c 2d]
Seat 1: Mafella (small blind) folded before Flop
Seat 2: bingozero31 (big blind) folded on the Flop
Seat 3: Mahu2021 (button) collected (130)



PokerStars Hand #244318444069: Tournament #3605586898, $0.92+$0.08 USD Hold'em No Limit - Level I (10/20) - 2023/06/17 16:21:39 CET [2023/06/17 10:21:39 ET]
Table '3605586898 1' 3-max Seat #1 is the button
Seat 1: Mafella (330 in chips) 
Seat 2: bingozero31 (590 in chips) 
Seat 3: Mahu2021 (580 in chips) 
bingozero31: posts small blind 10
Mahu2021: posts big blind 20
*** HOLE CARDS ***
Dealt to Mahu2021 [8h 8s]
Mafella: folds 
bingozero31: folds 
Uncalled bet (10) returned to Mahu2021
Mahu2021 collected 20 from pot
Mahu2021: doesn't show hand 
*** SUMMARY ***
Total pot 20 | Rake 0 
Seat 1: Mafella (button) folded before Flop (didn't bet)
Seat 2: bingozero31 (small blind) folded before Flop
Seat 3: Mahu2021 (big blind) collected (20)



PokerStars Hand #244318445661: Tournament #3605586898, $0.92+$0.08 USD Hold'em No Limit - Level I (10/20) - 2023/06/17 16:21:46 CET [2023/06/17 10:21:46 ET]
Table '3605586898 1' 3-max Seat #2 is the button
Seat 1: Mafella (330 in chips) 
Seat 2: bingozero31 (580 in chips) 
Seat 3: Mahu2021 (590 in chips) 
Mahu2021: posts small blind 10
Mafella: posts big blind 20
*** HOLE CARDS ***
Dealt to Mahu2021 [Jc Kh]
bingozero31: folds 
Mahu2021: raises 20 to 40
Mafella: calls 20
*** FLOP *** [2d 5d 8d]
Mahu2021: checks 
Mafella: checks 
*** TURN *** [2d 5d 8d] [Ad]
Mahu2021: checks 
Mafella: checks 
*** RIVER *** [2d 5d 8d Ad] [9d]
Mahu2021: bets 60
Mafella: folds 
Uncalled bet (60) returned to Mahu2021
Mahu2021 collected 80 from pot
Mahu2021: doesn't show hand 
*** SUMMARY ***
Total pot 80 | Rake 0 
Board [2d 5d 8d Ad 9d]
Seat 1: Mafella (big blind) folded on the River
Seat 2: bingozero31 (button) folded before Flop (didn't bet)
Seat 3: Mahu2021 (small blind) collected (80)



PokerStars Hand #244318454098: Tournament #3605586898, $0.92+$0.08 USD Hold'em No Limit - Level I (10/20) - 2023/06/17 16:22:21 CET [2023/06/17 10:22:21 ET]
Table '3605586898 1' 3-max Seat #3 is the button
Seat 1: Mafella (290 in chips) 
Seat 2: bingozero31 (580 in chips) 
Seat 3: Mahu2021 (630 in chips) 
Mafella: posts small blind 10
bingozero31: posts big blind 20
*** HOLE CARDS ***
Dealt to Mahu2021 [Td 6s]
Mahu2021: folds 
Mafella: folds 
Uncalled bet (10) returned to bingozero31
bingozero31 collected 20 from pot
*** SUMMARY ***
Total pot 20 | Rake 0 
Seat 1: Mafella (small blind) folded before Flop
Seat 2: bingozero31 (big blind) collected (20)
Seat 3: Mahu2021 (button) folded before Flop (didn't bet)



PokerStars Hand #244318455615: Tournament #3605586898, $0.92+$0.08 USD Hold'em No Limit - Level I (10/20) - 2023/06/17 16:22:27 CET [2023/06/17 10:22:27 ET]
Table '3605586898 1' 3-max Seat #1 is the button
Seat 1: Mafella (280 in chips) 
Seat 2: bingozero31 (590 in chips) 
Seat 3: Mahu2021 (630 in chips) 
bingozero31: posts small blind 10
Mahu2021: posts big blind 20
*** HOLE CARDS ***
Dealt to Mahu2021 [9s 6d]
Mafella: folds 
bingozero31: folds 
Uncalled bet (10) returned to Mahu2021
Mahu2021 collected 20 from pot
Mahu2021: doesn't show hand 
*** SUMMARY ***
Total pot 20 | Rake 0 
Seat 1: Mafella (button) folded before Flop (didn't bet)
Seat 2: bingozero31 (small blind) folded before Flop
Seat 3: Mahu2021 (big blind) collected (20)



PokerStars Hand #244318458126: Tournament #3605586898, $0.92+$0.08 USD Hold'em No Limit - Level I (10/20) - 2023/06/17 16:22:38 CET [2023/06/17 10:22:38 ET]
Table '3605586898 1' 3-max Seat #2 is the button
Seat 1: Mafella (280 in chips) 
Seat 2: bingozero31 (580 in chips) 
Seat 3: Mahu2021 (640 in chips) 
Mahu2021: posts small blind 10
Mafella: posts big blind 20
*** HOLE CARDS ***
Dealt to Mahu2021 [7c 7h]
bingozero31: folds 
Mahu2021: raises 20 to 40
Mafella: calls 20
*** FLOP *** [5d 9s Th]
Mahu2021: bets 40
Mafella: calls 40
*** TURN *** [5d 9s Th] [Ts]
Mahu2021: checks 
Mafella: bets 80
Mahu2021: folds 
Uncalled bet (80) returned to Mafella
Mafella collected 160 from pot
Mafella: doesn't show hand 
*** SUMMARY ***
Total pot 160 | Rake 0 
Board [5d 9s Th Ts]
Seat 1: Mafella (big blind) collected (160)
Seat 2: bingozero31 (button) folded before Flop (didn't bet)
Seat 3: Mahu2021 (small blind) folded on the Turn



PokerStars Hand #244318463654: Tournament #3605586898, $0.92+$0.08 USD Hold'em No Limit - Level I (10/20) - 2023/06/17 16:23:01 CET [2023/06/17 10:23:01 ET]
Table '3605586898 1' 3-max Seat #3 is the button
Seat 1: Mafella (360 in chips) 
Seat 2: bingozero31 (580 in chips) 
Seat 3: Mahu2021 (560 in chips) 
Mafella: posts small blind 10
bingozero31: posts big blind 20
*** HOLE CARDS ***
Dealt to Mahu2021 [5h Jc]
Mahu2021: folds 
Mafella: calls 10
bingozero31: checks 
*** FLOP *** [Qc 6c 9h]
Mafella: checks 
bingozero31: checks 
*** TURN *** [Qc 6c 9h] [8c]
Mafella: checks 
bingozero31: checks 
*** RIVER *** [Qc 6c 9h 8c] [Js]
Mafella: bets 40
bingozero31: calls 40
*** SHOW DOWN ***
Mafella: shows [Ts Ah] (a straight, Eight to Queen)
bingozero31: mucks hand 
Mafella collected 120 from pot
*** SUMMARY ***
Total pot 120 | Rake 0 
Board [Qc 6c 9h 8c Js]
Seat 1: Mafella (small blind) showed [Ts Ah] and won (120) with a straight, Eight to Queen
Seat 2: bingozero31 (big blind) mucked [7s Jh]
Seat 3: Mahu2021 (button) folded before Flop (didn't bet)



PokerStars Hand #244318471103: Tournament #3605586898, $0.92+$0.08 USD Hold'em No Limit - Level II (15/30) - 2023/06/17 16:23:33 CET [2023/06/17 10:23:33 ET]
Table '3605586898 1' 3-max Seat #1 is the button
Seat 1: Mafella (420 in chips) 
Seat 2: bingozero31 (520 in chips) 
Seat 3: Mahu2021 (560 in chips) 
bingozero31: posts small blind 15
Mahu2021: posts big blind 30
*** HOLE CARDS ***
Dealt to Mahu2021 [Jh Ts]
Mafella: folds 
bingozero31: raises 60 to 90
Mahu2021: calls 60
*** FLOP *** [5s 4h 9h]
bingozero31: bets 430 and is all-in
Mahu2021: folds 
Uncalled bet (430) returned to bingozero31
bingozero31 collected 180 from pot
*** SUMMARY ***
Total pot 180 | Rake 0 
Board [5s 4h 9h]
Seat 1: Mafella (button) folded before Flop (didn't bet)
Seat 2: bingozero31 (small blind) collected (180)
Seat 3: Mahu2021 (big blind) folded on the Flop



PokerStars Hand #244318474461: Tournament #3605586898, $0.92+$0.08 USD Hold'em No Limit - Level II (15/30) - 2023/06/17 16:23:47 CET [2023/06/17 10:23:47 ET]
Table '3605586898 1' 3-max Seat #2 is the button
Seat 1: Mafella (420 in chips) 
Seat 2: bingozero31 (610 in chips) 
Seat 3: Mahu2021 (470 in chips) 
Mahu2021: posts small blind 15
Mafella: posts big blind 30
*** HOLE CARDS ***
Dealt to Mahu2021 [Qh 3s]
bingozero31: raises 75 to 105
Mahu2021: folds 
Mafella: folds 
Uncalled bet (75) returned to bingozero31
bingozero31 collected 75 from pot
*** SUMMARY ***
Total pot 75 | Rake 0 
Seat 1: Mafella (big blind) folded before Flop
Seat 2: bingozero31 (button) collected (75)
Seat 3: Mahu2021 (small blind) folded before Flop



PokerStars Hand #244318476562: Tournament #3605586898, $0.92+$0.08 USD Hold'em No Limit - Level II (15/30) - 2023/06/17 16:23:56 CET [2023/06/17 10:23:56 ET]
Table '3605586898 1' 3-max Seat #3 is the button
Seat 1: Mafella (390 in chips) 
Seat 2: bingozero31 (655 in chips) 
Seat 3: Mahu2021 (455 in chips) 
Mafella: posts small blind 15
bingozero31: posts big blind 30
*** HOLE CARDS ***
Dealt to Mahu2021 [As Ac]
Mahu2021: raises 425 to 455 and is all-in
Mafella: folds 
bingozero31: folds 
Uncalled bet (425) returned to Mahu2021
Mahu2021 collected 75 from pot
Mahu2021: doesn't show hand 
*** SUMMARY ***
Total pot 75 | Rake 0 
Seat 1: Mafella (small blind) folded before Flop
Seat 2: bingozero31 (big blind) folded before Flop
Seat 3: Mahu2021 (button) collected (75)



PokerStars Hand #244318478841: Tournament #3605586898, $0.92+$0.08 USD Hold'em No Limit - Level II (15/30) - 2023/06/17 16:24:06 CET [2023/06/17 10:24:06 ET]
Table '3605586898 1' 3-max Seat #1 is the button
Seat 1: Mafella (375 in chips) 
Seat 2: bingozero31 (625 in chips) 
Seat 3: Mahu2021 (500 in chips) 
bingozero31: posts small blind 15
Mahu2021: posts big blind 30
*** HOLE CARDS ***
Dealt to Mahu2021 [Jc 2h]
Mafella: folds 
bingozero31: raises 595 to 625 and is all-in
Mahu2021: folds 
Uncalled bet (595) returned to bingozero31
bingozero31 collected 60 from pot
*** SUMMARY ***
Total pot 60 | Rake 0 
Seat 1: Mafella (button) folded before Flop (didn't bet)
Seat 2: bingozero31 (small blind) collected (60)
Seat 3: Mahu2021 (big blind) folded before Flop



PokerStars Hand #244318481034: Tournament #3605586898, $0.92+$0.08 USD Hold'em No Limit - Level II (15/30) - 2023/06/17 16:24:15 CET [2023/06/17 10:24:15 ET]
Table '3605586898 1' 3-max Seat #2 is the button
Seat 1: Mafella (375 in chips) 
Seat 2: bingozero31 (655 in chips) 
Seat 3: Mahu2021 (470 in chips) 
Mahu2021: posts small blind 15
Mafella: posts big blind 30
*** HOLE CARDS ***
Dealt to Mahu2021 [Td 7s]
bingozero31: folds 
Mahu2021: folds 
Uncalled bet (15) returned to Mafella
Mafella collected 30 from pot
Mafella: doesn't show hand 
*** SUMMARY ***
Total pot 30 | Rake 0 
Seat 1: Mafella (big blind) collected (30)
Seat 2: bingozero31 (button) folded before Flop (didn't bet)
Seat 3: Mahu2021 (small blind) folded before Flop



PokerStars Hand #244318482354: Tournament #3605586898, $0.92+$0.08 USD Hold'em No Limit - Level II (15/30) - 2023/06/17 16:24:20 CET [2023/06/17 10:24:20 ET]
Table '3605586898 1' 3-max Seat #3 is the button
Seat 1: Mafella (390 in chips) 
Seat 2: bingozero31 (655 in chips) 
Seat 3: Mahu2021 (455 in chips) 
Mafella: posts small blind 15
bingozero31: posts big blind 30
*** HOLE CARDS ***
Dealt to Mahu2021 [3s 7c]
Mahu2021: folds 
Mafella: folds 
Uncalled bet (15) returned to bingozero31
bingozero31 collected 30 from pot
*** SUMMARY ***
Total pot 30 | Rake 0 
Seat 1: Mafella (small blind) folded before Flop
Seat 2: bingozero31 (big blind) collected (30)
Seat 3: Mahu2021 (button) folded before Flop (didn't bet)



PokerStars Hand #244318484210: Tournament #3605586898, $0.92+$0.08 USD Hold'em No Limit - Level II (15/30) - 2023/06/17 16:24:28 CET [2023/06/17 10:24:28 ET]
Table '3605586898 1' 3-max Seat #1 is the button
Seat 1: Mafella (375 in chips) 
Seat 2: bingozero31 (670 in chips) 
Seat 3: Mahu2021 (455 in chips) 
bingozero31: posts small blind 15
Mahu2021: posts big blind 30
*** HOLE CARDS ***
Dealt to Mahu2021 [2h 4d]
Mafella: calls 30
bingozero31: folds 
Mahu2021: checks 
*** FLOP *** [Jh 7c 6d]
Mahu2021: checks 
Mafella: checks 
*** TURN *** [Jh 7c 6d] [Ah]
Mahu2021: checks 
Mafella: bets 50
Mahu2021: folds 
Uncalled bet (50) returned to Mafella
Mafella collected 75 from pot
Mafella: doesn't show hand 
*** SUMMARY ***
Total pot 75 | Rake 0 
Board [Jh 7c 6d Ah]
Seat 1: Mafella (button) collected (75)
Seat 2: bingozero31 (small blind) folded before Flop
Seat 3: Mahu2021 (big blind) folded on the Turn



PokerStars Hand #244318489511: Tournament #3605586898, $0.92+$0.08 USD Hold'em No Limit - Level II (15/30) - 2023/06/17 16:24:51 CET [2023/06/17 10:24:51 ET]
Table '3605586898 1' 3-max Seat #2 is the button
Seat 1: Mafella (420 in chips) 
Seat 2: bingozero31 (655 in chips) 
Seat 3: Mahu2021 (425 in chips) 
Mahu2021: posts small blind 15
Mafella: posts big blind 30
*** HOLE CARDS ***
Dealt to Mahu2021 [4h Kh]
bingozero31: raises 625 to 655 and is all-in
Mahu2021: folds 
Mafella: folds 
Uncalled bet (625) returned to bingozero31
bingozero31 collected 75 from pot
*** SUMMARY ***
Total pot 75 | Rake 0 
Seat 1: Mafella (big blind) folded before Flop
Seat 2: bingozero31 (button) collected (75)
Seat 3: Mahu2021 (small blind) folded before Flop



PokerStars Hand #244318493313: Tournament #3605586898, $0.92+$0.08 USD Hold'em No Limit - Level II (15/30) - 2023/06/17 16:25:07 CET [2023/06/17 10:25:07 ET]
Table '3605586898 1' 3-max Seat #3 is the button
Seat 1: Mafella (390 in chips) 
Seat 2: bingozero31 (700 in chips) 
Seat 3: Mahu2021 (410 in chips) 
Mafella: posts small blind 15
bingozero31: posts big blind 30
*** HOLE CARDS ***
Dealt to Mahu2021 [As Kc]
Mahu2021: raises 60 to 90
Mafella: folds 
bingozero31: folds 
Uncalled bet (60) returned to Mahu2021
Mahu2021 collected 75 from pot
Mahu2021: doesn't show hand 
*** SUMMARY ***
Total pot 75 | Rake 0 
Seat 1: Mafella (small blind) folded before Flop
Seat 2: bingozero31 (big blind) folded before Flop
Seat 3: Mahu2021 (button) collected (75)



PokerStars Hand #244318495399: Tournament #3605586898, $0.92+$0.08 USD Hold'em No Limit - Level II (15/30) - 2023/06/17 16:25:15 CET [2023/06/17 10:25:15 ET]
Table '3605586898 1' 3-max Seat #1 is the button
Seat 1: Mafella (375 in chips) 
Seat 2: bingozero31 (670 in chips) 
Seat 3: Mahu2021 (455 in chips) 
bingozero31: posts small blind 15
Mahu2021: posts big blind 30
*** HOLE CARDS ***
Dealt to Mahu2021 [Ac 7s]
Mafella: folds 
bingozero31: calls 15
Mahu2021: checks 
*** FLOP *** [3c 3d Qd]
bingozero31: bets 30
Mahu2021: calls 30
*** TURN *** [3c 3d Qd] [8c]
bingozero31: bets 30
Mahu2021: calls 30
*** RIVER *** [3c 3d Qd 8c] [9d]
bingozero31: bets 30
Mahu2021: folds 
Uncalled bet (30) returned to bingozero31
bingozero31 collected 180 from pot
*** SUMMARY ***
Total pot 180 | Rake 0 
Board [3c 3d Qd 8c 9d]
Seat 1: Mafella (button) folded before Flop (didn't bet)
Seat 2: bingozero31 (small blind) collected (180)
Seat 3: Mahu2021 (big blind) folded on the River



PokerStars Hand #244318499896: Tournament #3605586898, $0.92+$0.08 USD Hold'em No Limit - Level II (15/30) - 2023/06/17 16:25:35 CET [2023/06/17 10:25:35 ET]
Table '3605586898 1' 3-max Seat #2 is the button
Seat 1: Mafella (375 in chips) 
Seat 2: bingozero31 (760 in chips) 
Seat 3: Mahu2021 (365 in chips) 
Mahu2021: posts small blind 15
Mafella: posts big blind 30
*** HOLE CARDS ***
Dealt to Mahu2021 [8h 7d]
bingozero31: folds 
Mahu2021: calls 15
Mafella: checks 
*** FLOP *** [3h Ah 6d]
Mahu2021: checks 
Mafella: checks 
*** TURN *** [3h Ah 6d] [Ks]
Mahu2021: bets 30
Mafella: calls 30
*** RIVER *** [3h Ah 6d Ks] [Td]
Mahu2021: checks 
Mafella: bets 60
Mahu2021: folds 
Uncalled bet (60) returned to Mafella
Mafella collected 120 from pot
Mafella: doesn't show hand 
*** SUMMARY ***
Total pot 120 | Rake 0 
Board [3h Ah 6d Ks Td]
Seat 1: Mafella (big blind) collected (120)
Seat 2: bingozero31 (button) folded before Flop (didn't bet)
Seat 3: Mahu2021 (small blind) folded on the River



PokerStars Hand #244318505939: Tournament #3605586898, $0.92+$0.08 USD Hold'em No Limit - Level II (15/30) - 2023/06/17 16:26:00 CET [2023/06/17 10:26:00 ET]
Table '3605586898 1' 3-max Seat #3 is the button
Seat 1: Mafella (435 in chips) 
Seat 2: bingozero31 (760 in chips) 
Seat 3: Mahu2021 (305 in chips) 
Mafella: posts small blind 15
bingozero31: posts big blind 30
*** HOLE CARDS ***
Dealt to Mahu2021 [2s 2h]
Mahu2021: raises 30 to 60
Mafella: raises 375 to 435 and is all-in
bingozero31: folds 
Mahu2021: calls 245 and is all-in
Uncalled bet (130) returned to Mafella
*** FLOP *** [4h 7s 5d]
*** TURN *** [4h 7s 5d] [Ac]
*** RIVER *** [4h 7s 5d Ac] [3s]
*** SHOW DOWN ***
Mafella: shows [Ad Kh] (a pair of Aces)
Mahu2021: shows [2s 2h] (a straight, Ace to Five)
Mahu2021 collected 640 from pot
*** SUMMARY ***
Total pot 640 | Rake 0 
Board [4h 7s 5d Ac 3s]
Seat 1: Mafella (small blind) showed [Ad Kh] and lost with a pair of Aces
Seat 2: bingozero31 (big blind) folded before Flop
Seat 3: Mahu2021 (button) showed [2s 2h] and won (640) with a straight, Ace to Five



PokerStars Hand #244318510764: Tournament #3605586898, $0.92+$0.08 USD Hold'em No Limit - Level II (15/30) - 2023/06/17 16:26:20 CET [2023/06/17 10:26:20 ET]
Table '3605586898 1' 3-max Seat #1 is the button
Seat 1: Mafella (130 in chips) 
Seat 2: bingozero31 (730 in chips) 
Seat 3: Mahu2021 (640 in chips) 
bingozero31: posts small blind 15
Mahu2021: posts big blind 30
*** HOLE CARDS ***
Dealt to Mahu2021 [Ac 5d]
Mafella: calls 30
bingozero31: calls 15
Mahu2021: checks 
*** FLOP *** [2c 9s Td]
bingozero31: bets 60
Mahu2021: folds 
Mafella: folds 
Uncalled bet (60) returned to bingozero31
bingozero31 collected 90 from pot
*** SUMMARY ***
Total pot 90 | Rake 0 
Board [2c 9s Td]
Seat 1: Mafella (button) folded on the Flop
Seat 2: bingozero31 (small blind) collected (90)
Seat 3: Mahu2021 (big blind) folded on the Flop



PokerStars Hand #244318516083: Tournament #3605586898, $0.92+$0.08 USD Hold'em No Limit - Level II (15/30) - 2023/06/17 16:26:43 CET [2023/06/17 10:26:43 ET]
Table '3605586898 1' 3-max Seat #2 is the button
Seat 1: Mafella (100 in chips) 
Seat 2: bingozero31 (790 in chips) 
Seat 3: Mahu2021 (610 in chips) 
Mahu2021: posts small blind 15
Mafella: posts big blind 30
*** HOLE CARDS ***
Dealt to Mahu2021 [5h 8d]
bingozero31: folds 
Mahu2021: folds 
Uncalled bet (15) returned to Mafella
Mafella collected 30 from pot
Mafella: doesn't show hand 
*** SUMMARY ***
Total pot 30 | Rake 0 
Seat 1: Mafella (big blind) collected (30)
Seat 2: bingozero31 (button) folded before Flop (didn't bet)
Seat 3: Mahu2021 (small blind) folded before Flop



PokerStars Hand #244318517396: Tournament #3605586898, $0.92+$0.08 USD Hold'em No Limit - Level II (15/30) - 2023/06/17 16:26:48 CET [2023/06/17 10:26:48 ET]
Table '3605586898 1' 3-max Seat #3 is the button
Seat 1: Mafella (115 in chips) 
Seat 2: bingozero31 (790 in chips) 
Seat 3: Mahu2021 (595 in chips) 
Mafella: posts small blind 15
bingozero31: posts big blind 30
*** HOLE CARDS ***
Dealt to Mahu2021 [Td 6s]
Mahu2021: folds 
Mafella: folds 
Uncalled bet (15) returned to bingozero31
bingozero31 collected 30 from pot
bingozero31: shows [7c As] (high card Ace)
*** SUMMARY ***
Total pot 30 | Rake 0 
Seat 1: Mafella (small blind) folded before Flop
Seat 2: bingozero31 (big blind) collected (30)
Seat 3: Mahu2021 (button) folded before Flop (didn't bet)



PokerStars Hand #244318518936: Tournament #3605586898, $0.92+$0.08 USD Hold'em No Limit - Level II (15/30) - 2023/06/17 16:26:54 CET [2023/06/17 10:26:54 ET]
Table '3605586898 1' 3-max Seat #1 is the button
Seat 1: Mafella (100 in chips) 
Seat 2: bingozero31 (805 in chips) 
Seat 3: Mahu2021 (595 in chips) 
bingozero31: posts small blind 15
Mahu2021: posts big blind 30
*** HOLE CARDS ***
Dealt to Mahu2021 [3h 3c]
Mafella: raises 70 to 100 and is all-in
bingozero31: calls 85
Mahu2021: calls 70
*** FLOP *** [6d 2d Ac]
bingozero31: bets 705 and is all-in
Mahu2021: folds 
Uncalled bet (705) returned to bingozero31
*** TURN *** [6d 2d Ac] [Kh]
*** RIVER *** [6d 2d Ac Kh] [5c]
*** SHOW DOWN ***
bingozero31: shows [2s Ad] (two pair, Aces and Deuces)
Mafella: shows [6h 6c] (three of a kind, Sixes)
Mafella collected 300 from pot
*** SUMMARY ***
Total pot 300 | Rake 0 
Board [6d 2d Ac Kh 5c]
Seat 1: Mafella (button) showed [6h 6c] and won (300) with three of a kind, Sixes
Seat 2: bingozero31 (small blind) showed [2s Ad] and lost with two pair, Aces and Deuces
Seat 3: Mahu2021 (big blind) folded on the Flop



PokerStars Hand #244318523902: Tournament #3605586898, $0.92+$0.08 USD Hold'em No Limit - Level II (15/30) - 2023/06/17 16:27:15 CET [2023/06/17 10:27:15 ET]
Table '3605586898 1' 3-max Seat #2 is the button
Seat 1: Mafella (300 in chips) 
Seat 2: bingozero31 (705 in chips) 
Seat 3: Mahu2021 (495 in chips) 
Mahu2021: posts small blind 15
Mafella: posts big blind 30
*** HOLE CARDS ***
Dealt to Mahu2021 [5s 5h]
bingozero31: folds 
Mahu2021: raises 30 to 60
Mafella: folds 
Uncalled bet (30) returned to Mahu2021
Mahu2021 collected 60 from pot
Mahu2021: doesn't show hand 
*** SUMMARY ***
Total pot 60 | Rake 0 
Seat 1: Mafella (big blind) folded before Flop
Seat 2: bingozero31 (button) folded before Flop (didn't bet)
Seat 3: Mahu2021 (small blind) collected (60)



PokerStars Hand #244318526684: Tournament #3605586898, $0.92+$0.08 USD Hold'em No Limit - Level II (15/30) - 2023/06/17 16:27:27 CET [2023/06/17 10:27:27 ET]
Table '3605586898 1' 3-max Seat #3 is the button
Seat 1: Mafella (270 in chips) 
Seat 2: bingozero31 (705 in chips) 
Seat 3: Mahu2021 (525 in chips) 
Mafella: posts small blind 15
bingozero31: posts big blind 30
*** HOLE CARDS ***
Dealt to Mahu2021 [Jd Jc]
Mahu2021: raises 495 to 525 and is all-in
Mafella: folds 
bingozero31: calls 495
*** FLOP *** [6c Jh 4s]
*** TURN *** [6c Jh 4s] [8h]
*** RIVER *** [6c Jh 4s 8h] [9s]
*** SHOW DOWN ***
bingozero31: shows [As Qd] (high card Ace)
Mahu2021: shows [Jd Jc] (three of a kind, Jacks)
Mahu2021 collected 1065 from pot
*** SUMMARY ***
Total pot 1065 | Rake 0 
Board [6c Jh 4s 8h 9s]
Seat 1: Mafella (small blind) folded before Flop
Seat 2: bingozero31 (big blind) showed [As Qd] and lost with high card Ace
Seat 3: Mahu2021 (button) showed [Jd Jc] and won (1065) with three of a kind, Jacks



PokerStars Hand #244318531124: Tournament #3605586898, $0.92+$0.08 USD Hold'em No Limit - Level III (20/40) - 2023/06/17 16:27:46 CET [2023/06/17 10:27:46 ET]
Table '3605586898 1' 3-max Seat #1 is the button
Seat 1: Mafella (255 in chips) 
Seat 2: bingozero31 (180 in chips) 
Seat 3: Mahu2021 (1065 in chips) 
bingozero31: posts small blind 20
Mahu2021: posts big blind 40
*** HOLE CARDS ***
Dealt to Mahu2021 [4d Kc]
Mafella: folds 
bingozero31: folds 
Uncalled bet (20) returned to Mahu2021
Mahu2021 collected 40 from pot
Mahu2021: doesn't show hand 
*** SUMMARY ***
Total pot 40 | Rake 0 
Seat 1: Mafella (button) folded before Flop (didn't bet)
Seat 2: bingozero31 (small blind) folded before Flop
Seat 3: Mahu2021 (big blind) collected (40)



PokerStars Hand #244318532774: Tournament #3605586898, $0.92+$0.08 USD Hold'em No Limit - Level III (20/40) - 2023/06/17 16:27:53 CET [2023/06/17 10:27:53 ET]
Table '3605586898 1' 3-max Seat #2 is the button
Seat 1: Mafella (255 in chips) 
Seat 2: bingozero31 (160 in chips) 
Seat 3: Mahu2021 (1085 in chips) 
Mahu2021: posts small blind 20
Mafella: posts big blind 40
*** HOLE CARDS ***
Dealt to Mahu2021 [5c 2h]
bingozero31: raises 120 to 160 and is all-in
Mahu2021: folds 
Mafella: calls 120
*** FLOP *** [As Qc Tc]
*** TURN *** [As Qc Tc] [2s]
*** RIVER *** [As Qc Tc 2s] [4d]
*** SHOW DOWN ***
Mafella: shows [Qh 6s] (a pair of Queens)
bingozero31: shows [Ad 4h] (two pair, Aces and Fours)
bingozero31 collected 340 from pot
*** SUMMARY ***
Total pot 340 | Rake 0 
Board [As Qc Tc 2s 4d]
Seat 1: Mafella (big blind) showed [Qh 6s] and lost with a pair of Queens
Seat 2: bingozero31 (button) showed [Ad 4h] and won (340) with two pair, Aces and Fours
Seat 3: Mahu2021 (small blind) folded before Flop



PokerStars Hand #244318536833: Tournament #3605586898, $0.92+$0.08 USD Hold'em No Limit - Level III (20/40) - 2023/06/17 16:28:10 CET [2023/06/17 10:28:10 ET]
Table '3605586898 1' 3-max Seat #3 is the button
Seat 1: Mafella (95 in chips) 
Seat 2: bingozero31 (340 in chips) 
Seat 3: Mahu2021 (1065 in chips) 
Mafella: posts small blind 20
bingozero31: posts big blind 40
*** HOLE CARDS ***
Dealt to Mahu2021 [2c 9d]
Mahu2021: folds 
Mafella: raises 55 to 95 and is all-in
bingozero31: calls 55
*** FLOP *** [3d Ad Qc]
*** TURN *** [3d Ad Qc] [Th]
*** RIVER *** [3d Ad Qc Th] [Qs]
*** SHOW DOWN ***
Mafella: shows [7h 3h] (two pair, Queens and Threes)
bingozero31: shows [4s 3s] (two pair, Queens and Threes)
Mafella collected 95 from pot
bingozero31 collected 95 from pot
*** SUMMARY ***
Total pot 190 | Rake 0 
Board [3d Ad Qc Th Qs]
Seat 1: Mafella (small blind) showed [7h 3h] and won (95) with two pair, Queens and Threes
Seat 2: bingozero31 (big blind) showed [4s 3s] and won (95) with two pair, Queens and Threes
Seat 3: Mahu2021 (button) folded before Flop (didn't bet)



PokerStars Hand #244318541274: Tournament #3605586898, $0.92+$0.08 USD Hold'em No Limit - Level III (20/40) - 2023/06/17 16:28:29 CET [2023/06/17 10:28:29 ET]
Table '3605586898 1' 3-max Seat #1 is the button
Seat 1: Mafella (95 in chips) 
Seat 2: bingozero31 (340 in chips) 
Seat 3: Mahu2021 (1065 in chips) 
bingozero31: posts small blind 20
Mahu2021: posts big blind 40
*** HOLE CARDS ***
Dealt to Mahu2021 [7h 3c]
Mafella: folds 
bingozero31: folds 
Uncalled bet (20) returned to Mahu2021
Mahu2021 collected 40 from pot
Mahu2021: doesn't show hand 
*** SUMMARY ***
Total pot 40 | Rake 0 
Seat 1: Mafella (button) folded before Flop (didn't bet)
Seat 2: bingozero31 (small blind) folded before Flop
Seat 3: Mahu2021 (big blind) collected (40)



PokerStars Hand #244318542949: Tournament #3605586898, $0.92+$0.08 USD Hold'em No Limit - Level III (20/40) - 2023/06/17 16:28:36 CET [2023/06/17 10:28:36 ET]
Table '3605586898 1' 3-max Seat #2 is the button
Seat 1: Mafella (95 in chips) 
Seat 2: bingozero31 (320 in chips) 
Seat 3: Mahu2021 (1085 in chips) 
Mahu2021: posts small blind 20
Mafella: posts big blind 40
*** HOLE CARDS ***
Dealt to Mahu2021 [Qh Qd]
bingozero31: folds 
Mahu2021: raises 80 to 120
Mafella: calls 55 and is all-in
Uncalled bet (25) returned to Mahu2021
*** FLOP *** [Ah Ts 9h]
*** TURN *** [Ah Ts 9h] [Kc]
*** RIVER *** [Ah Ts 9h Kc] [Ad]
*** SHOW DOWN ***
Mahu2021: shows [Qh Qd] (two pair, Aces and Queens)
Mafella: shows [9d 2h] (two pair, Aces and Nines)
Mahu2021 collected 190 from pot
Mafella finished the tournament in 3rd place and received $2.00.
*** SUMMARY ***
Total pot 190 | Rake 0 
Board [Ah Ts 9h Kc Ad]
Seat 1: Mafella (big blind) showed [9d 2h] and lost with two pair, Aces and Nines
Seat 2: bingozero31 (button) folded before Flop (didn't bet)
Seat 3: Mahu2021 (small blind) showed [Qh Qd] and won (190) with two pair, Aces and Queens



PokerStars Hand #244318547300: Tournament #3605586898, $0.92+$0.08 USD Hold'em No Limit - Level III (20/40) - 2023/06/17 16:28:54 CET [2023/06/17 10:28:54 ET]
Table '3605586898 1' 3-max Seat #3 is the button
Seat 2: bingozero31 (320 in chips) 
Seat 3: Mahu2021 (1180 in chips) 
Mahu2021: posts small blind 20
bingozero31: posts big blind 40
*** HOLE CARDS ***
Dealt to Mahu2021 [3d 3h]
Mahu2021: raises 1140 to 1180 and is all-in
bingozero31: calls 280 and is all-in
Uncalled bet (860) returned to Mahu2021
*** FLOP *** [3c Ks Jd]
*** TURN *** [3c Ks Jd] [Jc]
*** RIVER *** [3c Ks Jd Jc] [8d]
*** SHOW DOWN ***
bingozero31: shows [7c Ad] (a pair of Jacks)
Mahu2021: shows [3d 3h] (a full house, Threes full of Jacks)
Mahu2021 collected 640 from pot
bingozero31 finished the tournament in 2nd place and received $3.00.
Mahu2021 wins the tournament and receives $20.00 - congratulations!
*** SUMMARY ***
Total pot 640 | Rake 0 
Board [3c Ks Jd Jc 8d]
Seat 2: bingozero31 (big blind) showed [7c Ad] and lost with a pair of Jacks
Seat 3: Mahu2021 (button) (small blind) showed [3d 3h] and won (640) with a full house, Threes full of Jacks



