PokerStars Hand #247052598152: Tournament #3671908823, $1.84+$0.16 USD Hold'em No Limit - Level I (10/20) - 2023/11/11 20:23:12 CET [2023/11/11 14:23:12 ET]
Table '3671908823 1' 3-max Seat #1 is the button
Seat 1: Mahu2021 (500 in chips) 
Seat 2: EliasAlen5 (500 in chips) 
Seat 3: Gigi1066 (500 in chips) 
EliasAlen5: posts small blind 10
Gigi1066: posts big blind 20
*** HOLE CARDS ***
Dealt to Mahu2021 [3s 3c]
Mahu2021: raises 20 to 40
EliasAlen5: folds 
Gigi1066: folds 
Uncalled bet (20) returned to Mahu2021
Mahu2021 collected 50 from pot
Mahu2021: doesn't show hand 
*** SUMMARY ***
Total pot 50 | Rake 0 
Seat 1: Mahu2021 (button) collected (50)
Seat 2: EliasAlen5 (small blind) folded before Flop
Seat 3: Gigi1066 (big blind) folded before Flop



PokerStars Hand #247052601438: Tournament #3671908823, $1.84+$0.16 USD Hold'em No Limit - Level I (10/20) - 2023/11/11 20:23:21 CET [2023/11/11 14:23:21 ET]
Table '3671908823 1' 3-max Seat #2 is the button
Seat 1: Mahu2021 (530 in chips) 
Seat 2: EliasAlen5 (490 in chips) 
Seat 3: Gigi1066 (480 in chips) 
Gigi1066: posts small blind 10
Mahu2021: posts big blind 20
*** HOLE CARDS ***
Dealt to Mahu2021 [Th 9h]
EliasAlen5: folds 
Gigi1066: raises 20 to 40
Mahu2021: calls 20
*** FLOP *** [2c 4s Jc]
Gigi1066: bets 40
Mahu2021: folds 
Uncalled bet (40) returned to Gigi1066
Gigi1066 collected 80 from pot
*** SUMMARY ***
Total pot 80 | Rake 0 
Board [2c 4s Jc]
Seat 1: Mahu2021 (big blind) folded on the Flop
Seat 2: EliasAlen5 (button) folded before Flop (didn't bet)
Seat 3: Gigi1066 (small blind) collected (80)



PokerStars Hand #247052607598: Tournament #3671908823, $1.84+$0.16 USD Hold'em No Limit - Level I (10/20) - 2023/11/11 20:23:38 CET [2023/11/11 14:23:38 ET]
Table '3671908823 1' 3-max Seat #3 is the button
Seat 1: Mahu2021 (490 in chips) 
Seat 2: EliasAlen5 (490 in chips) 
Seat 3: Gigi1066 (520 in chips) 
Mahu2021: posts small blind 10
EliasAlen5: posts big blind 20
*** HOLE CARDS ***
Dealt to Mahu2021 [3d 7d]
Gigi1066: folds 
Mahu2021: calls 10
EliasAlen5: raises 40 to 60
Mahu2021: calls 40
*** FLOP *** [3h Td 6d]
Mahu2021: bets 120
EliasAlen5: folds 
Uncalled bet (120) returned to Mahu2021
Mahu2021 collected 120 from pot
Mahu2021: doesn't show hand 
*** SUMMARY ***
Total pot 120 | Rake 0 
Board [3h Td 6d]
Seat 1: Mahu2021 (small blind) collected (120)
Seat 2: EliasAlen5 (big blind) folded on the Flop
Seat 3: Gigi1066 (button) folded before Flop (didn't bet)



PokerStars Hand #247052617196: Tournament #3671908823, $1.84+$0.16 USD Hold'em No Limit - Level I (10/20) - 2023/11/11 20:24:05 CET [2023/11/11 14:24:05 ET]
Table '3671908823 1' 3-max Seat #1 is the button
Seat 1: Mahu2021 (550 in chips) 
Seat 2: EliasAlen5 (430 in chips) 
Seat 3: Gigi1066 (520 in chips) 
EliasAlen5: posts small blind 10
Gigi1066: posts big blind 20
*** HOLE CARDS ***
Dealt to Mahu2021 [5s 3h]
Mahu2021: folds 
EliasAlen5: calls 10
Gigi1066: raises 80 to 100
EliasAlen5: folds 
Uncalled bet (80) returned to Gigi1066
Gigi1066 collected 40 from pot
*** SUMMARY ***
Total pot 40 | Rake 0 
Seat 1: Mahu2021 (button) folded before Flop (didn't bet)
Seat 2: EliasAlen5 (small blind) folded before Flop
Seat 3: Gigi1066 (big blind) collected (40)



PokerStars Hand #247052622624: Tournament #3671908823, $1.84+$0.16 USD Hold'em No Limit - Level I (10/20) - 2023/11/11 20:24:21 CET [2023/11/11 14:24:21 ET]
Table '3671908823 1' 3-max Seat #2 is the button
Seat 1: Mahu2021 (550 in chips) 
Seat 2: EliasAlen5 (410 in chips) 
Seat 3: Gigi1066 (540 in chips) 
Gigi1066: posts small blind 10
Mahu2021: posts big blind 20
*** HOLE CARDS ***
Dealt to Mahu2021 [9c 6s]
EliasAlen5: raises 20 to 40
Gigi1066: calls 30
Mahu2021: folds 
*** FLOP *** [Ts Ac 4d]
Gigi1066: checks 
EliasAlen5: bets 40
Gigi1066: folds 
Uncalled bet (40) returned to EliasAlen5
EliasAlen5 collected 100 from pot
EliasAlen5: doesn't show hand 
*** SUMMARY ***
Total pot 100 | Rake 0 
Board [Ts Ac 4d]
Seat 1: Mahu2021 (big blind) folded before Flop
Seat 2: EliasAlen5 (button) collected (100)
Seat 3: Gigi1066 (small blind) folded on the Flop



PokerStars Hand #247052631608: Tournament #3671908823, $1.84+$0.16 USD Hold'em No Limit - Level I (10/20) - 2023/11/11 20:24:46 CET [2023/11/11 14:24:46 ET]
Table '3671908823 1' 3-max Seat #3 is the button
Seat 1: Mahu2021 (530 in chips) 
Seat 2: EliasAlen5 (470 in chips) 
Seat 3: Gigi1066 (500 in chips) 
Mahu2021: posts small blind 10
EliasAlen5: posts big blind 20
*** HOLE CARDS ***
Dealt to Mahu2021 [3h 5h]
Gigi1066: calls 20
Mahu2021: calls 10
EliasAlen5: checks 
*** FLOP *** [2c Tc As]
Mahu2021: checks 
EliasAlen5: bets 20
Gigi1066: calls 20
Mahu2021: folds 
*** TURN *** [2c Tc As] [2d]
EliasAlen5: bets 100
Gigi1066: calls 100
*** RIVER *** [2c Tc As 2d] [Kc]
EliasAlen5: bets 150
Gigi1066: calls 150
*** SHOW DOWN ***
EliasAlen5: shows [2s 7d] (three of a kind, Deuces)
Gigi1066: mucks hand 
EliasAlen5 collected 600 from pot
*** SUMMARY ***
Total pot 600 | Rake 0 
Board [2c Tc As 2d Kc]
Seat 1: Mahu2021 (small blind) folded on the Flop
Seat 2: EliasAlen5 (big blind) showed [2s 7d] and won (600) with three of a kind, Deuces
Seat 3: Gigi1066 (button) mucked [Jd Jc]



PokerStars Hand #247052648973: Tournament #3671908823, $1.84+$0.16 USD Hold'em No Limit - Level I (10/20) - 2023/11/11 20:25:35 CET [2023/11/11 14:25:35 ET]
Table '3671908823 1' 3-max Seat #1 is the button
Seat 1: Mahu2021 (510 in chips) 
Seat 2: EliasAlen5 (780 in chips) 
Seat 3: Gigi1066 (210 in chips) 
EliasAlen5: posts small blind 10
Gigi1066: posts big blind 20
*** HOLE CARDS ***
Dealt to Mahu2021 [Qs 3d]
Mahu2021: folds 
EliasAlen5: raises 760 to 780 and is all-in
Gigi1066: folds 
Uncalled bet (760) returned to EliasAlen5
EliasAlen5 collected 40 from pot
EliasAlen5: doesn't show hand 
*** SUMMARY ***
Total pot 40 | Rake 0 
Seat 1: Mahu2021 (button) folded before Flop (didn't bet)
Seat 2: EliasAlen5 (small blind) collected (40)
Seat 3: Gigi1066 (big blind) folded before Flop



PokerStars Hand #247052656253: Tournament #3671908823, $1.84+$0.16 USD Hold'em No Limit - Level I (10/20) - 2023/11/11 20:25:56 CET [2023/11/11 14:25:56 ET]
Table '3671908823 1' 3-max Seat #2 is the button
Seat 1: Mahu2021 (510 in chips) 
Seat 2: EliasAlen5 (800 in chips) 
Seat 3: Gigi1066 (190 in chips) 
Gigi1066: posts small blind 10
Mahu2021: posts big blind 20
*** HOLE CARDS ***
Dealt to Mahu2021 [Js Kd]
EliasAlen5: folds 
Gigi1066: raises 20 to 40
Mahu2021: calls 20
*** FLOP *** [Kc Qc Tc]
Gigi1066: bets 150 and is all-in
Mahu2021: calls 150
*** TURN *** [Kc Qc Tc] [Jh]
*** RIVER *** [Kc Qc Tc Jh] [Ad]
*** SHOW DOWN ***
Gigi1066: shows [9s Jc] (a straight, Ten to Ace)
Mahu2021: shows [Js Kd] (a straight, Ten to Ace)
Gigi1066 collected 190 from pot
Mahu2021 collected 190 from pot
*** SUMMARY ***
Total pot 380 | Rake 0 
Board [Kc Qc Tc Jh Ad]
Seat 1: Mahu2021 (big blind) showed [Js Kd] and won (190) with a straight, Ten to Ace
Seat 2: EliasAlen5 (button) folded before Flop (didn't bet)
Seat 3: Gigi1066 (small blind) showed [9s Jc] and won (190) with a straight, Ten to Ace



PokerStars Hand #247052665530: Tournament #3671908823, $1.84+$0.16 USD Hold'em No Limit - Level II (15/30) - 2023/11/11 20:26:23 CET [2023/11/11 14:26:23 ET]
Table '3671908823 1' 3-max Seat #3 is the button
Seat 1: Mahu2021 (510 in chips) 
Seat 2: EliasAlen5 (800 in chips) 
Seat 3: Gigi1066 (190 in chips) 
Mahu2021: posts small blind 15
EliasAlen5: posts big blind 30
*** HOLE CARDS ***
Dealt to Mahu2021 [5d 4s]
Gigi1066: raises 160 to 190 and is all-in
Mahu2021: folds 
EliasAlen5: calls 160
*** FLOP *** [2h 6s 7c]
*** TURN *** [2h 6s 7c] [Kd]
*** RIVER *** [2h 6s 7c Kd] [5h]
*** SHOW DOWN ***
EliasAlen5: shows [Jd As] (high card Ace)
Gigi1066: shows [2c Ah] (a pair of Deuces)
Gigi1066 collected 395 from pot
*** SUMMARY ***
Total pot 395 | Rake 0 
Board [2h 6s 7c Kd 5h]
Seat 1: Mahu2021 (small blind) folded before Flop
Seat 2: EliasAlen5 (big blind) showed [Jd As] and lost with high card Ace
Seat 3: Gigi1066 (button) showed [2c Ah] and won (395) with a pair of Deuces



PokerStars Hand #247052671515: Tournament #3671908823, $1.84+$0.16 USD Hold'em No Limit - Level II (15/30) - 2023/11/11 20:26:40 CET [2023/11/11 14:26:40 ET]
Table '3671908823 1' 3-max Seat #1 is the button
Seat 1: Mahu2021 (495 in chips) 
Seat 2: EliasAlen5 (610 in chips) 
Seat 3: Gigi1066 (395 in chips) 
EliasAlen5: posts small blind 15
Gigi1066: posts big blind 30
*** HOLE CARDS ***
Dealt to Mahu2021 [4c 8s]
Mahu2021: folds 
EliasAlen5: raises 45 to 75
Gigi1066: folds 
Uncalled bet (45) returned to EliasAlen5
EliasAlen5 collected 60 from pot
EliasAlen5: doesn't show hand 
*** SUMMARY ***
Total pot 60 | Rake 0 
Seat 1: Mahu2021 (button) folded before Flop (didn't bet)
Seat 2: EliasAlen5 (small blind) collected (60)
Seat 3: Gigi1066 (big blind) folded before Flop



PokerStars Hand #247052675914: Tournament #3671908823, $1.84+$0.16 USD Hold'em No Limit - Level II (15/30) - 2023/11/11 20:26:52 CET [2023/11/11 14:26:52 ET]
Table '3671908823 1' 3-max Seat #2 is the button
Seat 1: Mahu2021 (495 in chips) 
Seat 2: EliasAlen5 (640 in chips) 
Seat 3: Gigi1066 (365 in chips) 
Gigi1066: posts small blind 15
Mahu2021: posts big blind 30
*** HOLE CARDS ***
Dealt to Mahu2021 [4s Js]
EliasAlen5: folds 
Gigi1066: calls 15
Mahu2021: checks 
*** FLOP *** [8d 7h Qh]
Gigi1066: checks 
Mahu2021: checks 
*** TURN *** [8d 7h Qh] [2h]
Gigi1066: checks 
Mahu2021: checks 
*** RIVER *** [8d 7h Qh 2h] [9s]
Gigi1066: bets 60
Mahu2021: folds 
Uncalled bet (60) returned to Gigi1066
Gigi1066 collected 60 from pot
*** SUMMARY ***
Total pot 60 | Rake 0 
Board [8d 7h Qh 2h 9s]
Seat 1: Mahu2021 (big blind) folded on the River
Seat 2: EliasAlen5 (button) folded before Flop (didn't bet)
Seat 3: Gigi1066 (small blind) collected (60)



PokerStars Hand #247052684850: Tournament #3671908823, $1.84+$0.16 USD Hold'em No Limit - Level II (15/30) - 2023/11/11 20:27:18 CET [2023/11/11 14:27:18 ET]
Table '3671908823 1' 3-max Seat #3 is the button
Seat 1: Mahu2021 (465 in chips) 
Seat 2: EliasAlen5 (640 in chips) 
Seat 3: Gigi1066 (395 in chips) 
Mahu2021: posts small blind 15
EliasAlen5: posts big blind 30
*** HOLE CARDS ***
Dealt to Mahu2021 [Kc 4c]
Gigi1066: calls 30
Mahu2021: calls 15
EliasAlen5: checks 
*** FLOP *** [Jh 9h Qs]
Mahu2021: checks 
EliasAlen5: bets 30
Gigi1066: folds 
Mahu2021: folds 
Uncalled bet (30) returned to EliasAlen5
EliasAlen5 collected 90 from pot
*** SUMMARY ***
Total pot 90 | Rake 0 
Board [Jh 9h Qs]
Seat 1: Mahu2021 (small blind) folded on the Flop
Seat 2: EliasAlen5 (big blind) collected (90)
Seat 3: Gigi1066 (button) folded on the Flop



PokerStars Hand #247052694009: Tournament #3671908823, $1.84+$0.16 USD Hold'em No Limit - Level II (15/30) - 2023/11/11 20:27:44 CET [2023/11/11 14:27:44 ET]
Table '3671908823 1' 3-max Seat #1 is the button
Seat 1: Mahu2021 (435 in chips) 
Seat 2: EliasAlen5 (700 in chips) 
Seat 3: Gigi1066 (365 in chips) 
EliasAlen5: posts small blind 15
Gigi1066: posts big blind 30
*** HOLE CARDS ***
Dealt to Mahu2021 [Ad Qh]
Mahu2021: raises 60 to 90
EliasAlen5: folds 
Gigi1066: folds 
Uncalled bet (60) returned to Mahu2021
Mahu2021 collected 75 from pot
Mahu2021: doesn't show hand 
*** SUMMARY ***
Total pot 75 | Rake 0 
Seat 1: Mahu2021 (button) collected (75)
Seat 2: EliasAlen5 (small blind) folded before Flop
Seat 3: Gigi1066 (big blind) folded before Flop



PokerStars Hand #247052701195: Tournament #3671908823, $1.84+$0.16 USD Hold'em No Limit - Level II (15/30) - 2023/11/11 20:28:04 CET [2023/11/11 14:28:04 ET]
Table '3671908823 1' 3-max Seat #2 is the button
Seat 1: Mahu2021 (480 in chips) 
Seat 2: EliasAlen5 (685 in chips) 
Seat 3: Gigi1066 (335 in chips) 
Gigi1066: posts small blind 15
Mahu2021: posts big blind 30
*** HOLE CARDS ***
Dealt to Mahu2021 [Th 2c]
EliasAlen5: raises 30 to 60
Gigi1066: calls 45
Mahu2021: folds 
*** FLOP *** [3h 2s 7s]
Gigi1066: bets 150
EliasAlen5: folds 
Uncalled bet (150) returned to Gigi1066
Gigi1066 collected 150 from pot
*** SUMMARY ***
Total pot 150 | Rake 0 
Board [3h 2s 7s]
Seat 1: Mahu2021 (big blind) folded before Flop
Seat 2: EliasAlen5 (button) folded on the Flop
Seat 3: Gigi1066 (small blind) collected (150)



PokerStars Hand #247052709112: Tournament #3671908823, $1.84+$0.16 USD Hold'em No Limit - Level II (15/30) - 2023/11/11 20:28:27 CET [2023/11/11 14:28:27 ET]
Table '3671908823 1' 3-max Seat #3 is the button
Seat 1: Mahu2021 (450 in chips) 
Seat 2: EliasAlen5 (625 in chips) 
Seat 3: Gigi1066 (425 in chips) 
Mahu2021: posts small blind 15
EliasAlen5: posts big blind 30
*** HOLE CARDS ***
Dealt to Mahu2021 [Kd 4s]
Gigi1066: raises 30 to 60
Mahu2021: folds 
EliasAlen5: raises 565 to 625 and is all-in
Gigi1066: calls 365 and is all-in
Uncalled bet (200) returned to EliasAlen5
*** FLOP *** [5d 4h Kc]
*** TURN *** [5d 4h Kc] [6s]
*** RIVER *** [5d 4h Kc 6s] [9s]
*** SHOW DOWN ***
EliasAlen5: shows [8h 8d] (a pair of Eights)
Gigi1066: shows [Ac Th] (high card Ace)
EliasAlen5 collected 865 from pot
Gigi1066 finished the tournament in 3rd place
*** SUMMARY ***
Total pot 865 | Rake 0 
Board [5d 4h Kc 6s 9s]
Seat 1: Mahu2021 (small blind) folded before Flop
Seat 2: EliasAlen5 (big blind) showed [8h 8d] and won (865) with a pair of Eights
Seat 3: Gigi1066 (button) showed [Ac Th] and lost with high card Ace



PokerStars Hand #247052719555: Tournament #3671908823, $1.84+$0.16 USD Hold'em No Limit - Level II (15/30) - 2023/11/11 20:28:57 CET [2023/11/11 14:28:57 ET]
Table '3671908823 1' 3-max Seat #2 is the button
Seat 1: Mahu2021 (435 in chips) 
Seat 2: EliasAlen5 (1065 in chips) 
EliasAlen5: posts small blind 15
Mahu2021: posts big blind 30
*** HOLE CARDS ***
Dealt to Mahu2021 [4c Jh]
EliasAlen5: raises 30 to 60
Mahu2021: calls 30
*** FLOP *** [Kd 3s 5h]
Mahu2021: checks 
EliasAlen5: bets 30
Mahu2021: calls 30
*** TURN *** [Kd 3s 5h] [8c]
Mahu2021: checks 
EliasAlen5: bets 135
Mahu2021: folds 
Uncalled bet (135) returned to EliasAlen5
EliasAlen5 collected 180 from pot
*** SUMMARY ***
Total pot 180 | Rake 0 
Board [Kd 3s 5h 8c]
Seat 1: Mahu2021 (big blind) folded on the Turn
Seat 2: EliasAlen5 (button) (small blind) collected (180)



PokerStars Hand #247052731415: Tournament #3671908823, $1.84+$0.16 USD Hold'em No Limit - Level III (20/40) - 2023/11/11 20:29:32 CET [2023/11/11 14:29:32 ET]
Table '3671908823 1' 3-max Seat #1 is the button
Seat 1: Mahu2021 (345 in chips) 
Seat 2: EliasAlen5 (1155 in chips) 
Mahu2021: posts small blind 20
EliasAlen5: posts big blind 40
*** HOLE CARDS ***
Dealt to Mahu2021 [7s 4h]
Mahu2021: folds 
Uncalled bet (20) returned to EliasAlen5
EliasAlen5 collected 40 from pot
EliasAlen5: doesn't show hand 
*** SUMMARY ***
Total pot 40 | Rake 0 
Seat 1: Mahu2021 (button) (small blind) folded before Flop
Seat 2: EliasAlen5 (big blind) collected (40)



PokerStars Hand #247052733015: Tournament #3671908823, $1.84+$0.16 USD Hold'em No Limit - Level III (20/40) - 2023/11/11 20:29:37 CET [2023/11/11 14:29:37 ET]
Table '3671908823 1' 3-max Seat #2 is the button
Seat 1: Mahu2021 (325 in chips) 
Seat 2: EliasAlen5 (1175 in chips) 
EliasAlen5: posts small blind 20
Mahu2021: posts big blind 40
*** HOLE CARDS ***
Dealt to Mahu2021 [8d Ts]
EliasAlen5: calls 20
Mahu2021: checks 
*** FLOP *** [5h Th Jd]
Mahu2021: bets 285 and is all-in
EliasAlen5 is disconnected 
EliasAlen5 is connected 
EliasAlen5 is connected 
EliasAlen5 has timed out
EliasAlen5: folds 
EliasAlen5 is sitting out
Uncalled bet (285) returned to Mahu2021
Mahu2021 collected 80 from pot
Mahu2021: doesn't show hand 
*** SUMMARY ***
Total pot 80 | Rake 0 
Board [5h Th Jd]
Seat 1: Mahu2021 (big blind) collected (80)
Seat 2: EliasAlen5 (button) (small blind) folded on the Flop



PokerStars Hand #247052752281: Tournament #3671908823, $1.84+$0.16 USD Hold'em No Limit - Level III (20/40) - 2023/11/11 20:30:31 CET [2023/11/11 14:30:31 ET]
Table '3671908823 1' 3-max Seat #1 is the button
Seat 1: Mahu2021 (365 in chips) 
Seat 2: EliasAlen5 (1135 in chips) is sitting out
Mahu2021: posts small blind 20
EliasAlen5: posts big blind 40
*** HOLE CARDS ***
Dealt to Mahu2021 [Kc 6s]
EliasAlen5 has returned
Mahu2021: raises 325 to 365 and is all-in
EliasAlen5: folds 
Uncalled bet (325) returned to Mahu2021
Mahu2021 collected 80 from pot
Mahu2021: doesn't show hand 
*** SUMMARY ***
Total pot 80 | Rake 0 
Seat 1: Mahu2021 (button) (small blind) collected (80)
Seat 2: EliasAlen5 (big blind) folded before Flop



