PokerStars Hand #249846292281: Tournament #3738882698, $1.84+$0.16 USD Hold'em No Limit - Level I (10/20) - 2024/04/07 18:06:35 CET [2024/04/07 12:06:35 ET]
Table '3738882698 1' 3-max Seat #1 is the button
Seat 1: Mahu2021 (500 in chips) 
Seat 2: Martin Yauri (500 in chips) 
Seat 3: cal1um2 (500 in chips) 
Martin Yauri: posts small blind 10
cal1um2: posts big blind 20
*** HOLE CARDS ***
Dealt to Mahu2021 [Tc Ac]
Mahu2021: raises 20 to 40
Martin Yauri: calls 30
cal1um2: calls 20
*** FLOP *** [8d Th 9c]
Martin Yauri: checks 
cal1um2: bets 40
Mahu2021: calls 40
Martin Yauri: calls 40
*** TURN *** [8d Th 9c] [4h]
Martin Yauri: checks 
cal1um2: bets 39
Mahu2021: calls 39
Martin Yauri: calls 39
*** RIVER *** [8d Th 9c 4h] [Qc]
Martin Yauri: checks 
cal1um2: checks 
Mahu2021: checks 
*** SHOW DOWN ***
Martin Yauri: shows [5h Qh] (a pair of Queens)
cal1um2: mucks hand 
Mahu2021: mucks hand 
Martin Yauri collected 357 from pot
*** SUMMARY ***
Total pot 357 | Rake 0 
Board [8d Th 9c 4h Qc]
Seat 1: Mahu2021 (button) mucked [Tc Ac]
Seat 2: Martin Yauri (small blind) showed [5h Qh] and won (357) with a pair of Queens
Seat 3: cal1um2 (big blind) mucked [Td 7h]



PokerStars Hand #249846304687: Tournament #3738882698, $1.84+$0.16 USD Hold'em No Limit - Level I (10/20) - 2024/04/07 18:07:12 CET [2024/04/07 12:07:12 ET]
Table '3738882698 1' 3-max Seat #2 is the button
Seat 1: Mahu2021 (381 in chips) 
Seat 2: Martin Yauri (738 in chips) 
Seat 3: cal1um2 (381 in chips) 
cal1um2: posts small blind 10
Mahu2021: posts big blind 20
*** HOLE CARDS ***
Dealt to Mahu2021 [4h 4d]
Martin Yauri: calls 20
cal1um2: calls 10
Mahu2021: checks 
*** FLOP *** [Kc 2s Tc]
cal1um2: bets 40
Mahu2021: folds 
Martin Yauri: folds 
Uncalled bet (40) returned to cal1um2
cal1um2 collected 60 from pot
cal1um2: doesn't show hand 
*** SUMMARY ***
Total pot 60 | Rake 0 
Board [Kc 2s Tc]
Seat 1: Mahu2021 (big blind) folded on the Flop
Seat 2: Martin Yauri (button) folded on the Flop
Seat 3: cal1um2 (small blind) collected (60)



PokerStars Hand #249846311032: Tournament #3738882698, $1.84+$0.16 USD Hold'em No Limit - Level I (10/20) - 2024/04/07 18:07:30 CET [2024/04/07 12:07:30 ET]
Table '3738882698 1' 3-max Seat #3 is the button
Seat 1: Mahu2021 (361 in chips) 
Seat 2: Martin Yauri (718 in chips) 
Seat 3: cal1um2 (421 in chips) 
Mahu2021: posts small blind 10
Martin Yauri: posts big blind 20
*** HOLE CARDS ***
Dealt to Mahu2021 [Qc Jc]
cal1um2: folds 
Mahu2021: raises 40 to 60
Martin Yauri: calls 40
*** FLOP *** [Ad 5s Ah]
Mahu2021: bets 120
Martin Yauri: calls 120
*** TURN *** [Ad 5s Ah] [4s]
Mahu2021: bets 181 and is all-in
Martin Yauri: calls 181
*** RIVER *** [Ad 5s Ah 4s] [Ts]
*** SHOW DOWN ***
Mahu2021: shows [Qc Jc] (a pair of Aces)
Martin Yauri: shows [4h 3s] (two pair, Aces and Fours)
Martin Yauri collected 722 from pot
Mahu2021 finished the tournament in 3rd place
*** SUMMARY ***
Total pot 722 | Rake 0 
Board [Ad 5s Ah 4s Ts]
Seat 1: Mahu2021 (small blind) showed [Qc Jc] and lost with a pair of Aces
Seat 2: Martin Yauri (big blind) showed [4h 3s] and won (722) with two pair, Aces and Fours
Seat 3: cal1um2 (button) folded before Flop (didn't bet)



