PokerStars Hand #247977426467: Tournament #3694086691, $1.84+$0.16 USD Hold'em No Limit - Level I (10/20) - 2023/12/31 11:57:23 CET [2023/12/31 5:57:23 ET]
Table '3694086691 1' 3-max Seat #1 is the button
Seat 1: firefriend (500 in chips) 
Seat 2: Mahu2021 (500 in chips) 
Seat 3: tomaszsm (500 in chips) 
Mahu2021: posts small blind 10
tomaszsm: posts big blind 20
*** HOLE CARDS ***
Dealt to Mahu2021 [7h Kd]
firefriend: raises 40 to 60
Mahu2021: folds 
tomaszsm: calls 40
*** FLOP *** [9c 4d 3c]
tomaszsm: checks 
firefriend: bets 40
tomaszsm: calls 40
*** TURN *** [9c 4d 3c] [Qs]
tomaszsm: checks 
firefriend: bets 60
tomaszsm: calls 60
*** RIVER *** [9c 4d 3c Qs] [8d]
tomaszsm: checks 
firefriend: checks 
*** SHOW DOWN ***
tomaszsm: shows [8c 6c] (a pair of Eights)
firefriend: mucks hand 
tomaszsm collected 330 from pot
*** SUMMARY ***
Total pot 330 | Rake 0 
Board [9c 4d 3c Qs 8d]
Seat 1: firefriend (button) mucked [As Jd]
Seat 2: Mahu2021 (small blind) folded before Flop
Seat 3: tomaszsm (big blind) showed [8c 6c] and won (330) with a pair of Eights



PokerStars Hand #247977429130: Tournament #3694086691, $1.84+$0.16 USD Hold'em No Limit - Level I (10/20) - 2023/12/31 11:57:42 CET [2023/12/31 5:57:42 ET]
Table '3694086691 1' 3-max Seat #2 is the button
Seat 1: firefriend (340 in chips) 
Seat 2: Mahu2021 (490 in chips) 
Seat 3: tomaszsm (670 in chips) 
tomaszsm: posts small blind 10
firefriend: posts big blind 20
*** HOLE CARDS ***
Dealt to Mahu2021 [As Ac]
Mahu2021: raises 470 to 490 and is all-in
tomaszsm: calls 480
firefriend: folds 
*** FLOP *** [3c Qd 3h]
*** TURN *** [3c Qd 3h] [7c]
*** RIVER *** [3c Qd 3h 7c] [Jd]
*** SHOW DOWN ***
tomaszsm: shows [Qs Ks] (two pair, Queens and Threes)
Mahu2021: shows [As Ac] (two pair, Aces and Threes)
Mahu2021 collected 1000 from pot
*** SUMMARY ***
Total pot 1000 | Rake 0 
Board [3c Qd 3h 7c Jd]
Seat 1: firefriend (big blind) folded before Flop
Seat 2: Mahu2021 (button) showed [As Ac] and won (1000) with two pair, Aces and Threes
Seat 3: tomaszsm (small blind) showed [Qs Ks] and lost with two pair, Queens and Threes



PokerStars Hand #247977431384: Tournament #3694086691, $1.84+$0.16 USD Hold'em No Limit - Level I (10/20) - 2023/12/31 11:57:58 CET [2023/12/31 5:57:58 ET]
Table '3694086691 1' 3-max Seat #3 is the button
Seat 1: firefriend (320 in chips) 
Seat 2: Mahu2021 (1000 in chips) 
Seat 3: tomaszsm (180 in chips) 
firefriend: posts small blind 10
Mahu2021: posts big blind 20
*** HOLE CARDS ***
Dealt to Mahu2021 [6s 3d]
tomaszsm: calls 20
firefriend: folds 
Mahu2021: checks 
*** FLOP *** [Qh 5d 7c]
Mahu2021: checks 
tomaszsm: bets 40
Mahu2021: folds 
Uncalled bet (40) returned to tomaszsm
tomaszsm collected 50 from pot
*** SUMMARY ***
Total pot 50 | Rake 0 
Board [Qh 5d 7c]
Seat 1: firefriend (small blind) folded before Flop
Seat 2: Mahu2021 (big blind) folded on the Flop
Seat 3: tomaszsm (button) collected (50)



PokerStars Hand #247977434099: Tournament #3694086691, $1.84+$0.16 USD Hold'em No Limit - Level I (10/20) - 2023/12/31 11:58:18 CET [2023/12/31 5:58:18 ET]
Table '3694086691 1' 3-max Seat #1 is the button
Seat 1: firefriend (310 in chips) 
Seat 2: Mahu2021 (980 in chips) 
Seat 3: tomaszsm (210 in chips) 
Mahu2021: posts small blind 10
tomaszsm: posts big blind 20
*** HOLE CARDS ***
Dealt to Mahu2021 [Ts Js]
firefriend: raises 290 to 310 and is all-in
Mahu2021: folds 
tomaszsm: folds 
Uncalled bet (290) returned to firefriend
firefriend collected 50 from pot
*** SUMMARY ***
Total pot 50 | Rake 0 
Seat 1: firefriend (button) collected (50)
Seat 2: Mahu2021 (small blind) folded before Flop
Seat 3: tomaszsm (big blind) folded before Flop



PokerStars Hand #247977435031: Tournament #3694086691, $1.84+$0.16 USD Hold'em No Limit - Level I (10/20) - 2023/12/31 11:58:25 CET [2023/12/31 5:58:25 ET]
Table '3694086691 1' 3-max Seat #2 is the button
Seat 1: firefriend (340 in chips) 
Seat 2: Mahu2021 (970 in chips) 
Seat 3: tomaszsm (190 in chips) 
tomaszsm: posts small blind 10
firefriend: posts big blind 20
*** HOLE CARDS ***
Dealt to Mahu2021 [Tc 5c]
Mahu2021: folds 
tomaszsm: calls 10
firefriend: checks 
*** FLOP *** [8d Ac 9s]
tomaszsm: checks 
firefriend: checks 
*** TURN *** [8d Ac 9s] [Jd]
tomaszsm: checks 
firefriend: checks 
*** RIVER *** [8d Ac 9s Jd] [Kd]
tomaszsm: checks 
firefriend: checks 
*** SHOW DOWN ***
tomaszsm: shows [9h 7h] (a pair of Nines)
firefriend: shows [2h Kc] (a pair of Kings)
firefriend collected 40 from pot
*** SUMMARY ***
Total pot 40 | Rake 0 
Board [8d Ac 9s Jd Kd]
Seat 1: firefriend (big blind) showed [2h Kc] and won (40) with a pair of Kings
Seat 2: Mahu2021 (button) folded before Flop (didn't bet)
Seat 3: tomaszsm (small blind) showed [9h 7h] and lost with a pair of Nines



PokerStars Hand #247977436796: Tournament #3694086691, $1.84+$0.16 USD Hold'em No Limit - Level I (10/20) - 2023/12/31 11:58:38 CET [2023/12/31 5:58:38 ET]
Table '3694086691 1' 3-max Seat #3 is the button
Seat 1: firefriend (360 in chips) 
Seat 2: Mahu2021 (970 in chips) 
Seat 3: tomaszsm (170 in chips) 
firefriend: posts small blind 10
Mahu2021: posts big blind 20
*** HOLE CARDS ***
Dealt to Mahu2021 [7s 2h]
tomaszsm: calls 20
firefriend: folds 
Mahu2021: checks 
*** FLOP *** [5d 7c Qh]
Mahu2021: bets 20
tomaszsm: calls 20
*** TURN *** [5d 7c Qh] [3h]
Mahu2021: bets 20
tomaszsm: calls 20
*** RIVER *** [5d 7c Qh 3h] [3s]
Mahu2021: bets 20
tomaszsm: calls 20
*** SHOW DOWN ***
Mahu2021: shows [7s 2h] (two pair, Sevens and Threes)
tomaszsm: mucks hand 
Mahu2021 collected 170 from pot
*** SUMMARY ***
Total pot 170 | Rake 0 
Board [5d 7c Qh 3h 3s]
Seat 1: firefriend (small blind) folded before Flop
Seat 2: Mahu2021 (big blind) showed [7s 2h] and won (170) with two pair, Sevens and Threes
Seat 3: tomaszsm (button) mucked [6c As]



PokerStars Hand #247977439140: Tournament #3694086691, $1.84+$0.16 USD Hold'em No Limit - Level I (10/20) - 2023/12/31 11:58:55 CET [2023/12/31 5:58:55 ET]
Table '3694086691 1' 3-max Seat #1 is the button
Seat 1: firefriend (350 in chips) 
Seat 2: Mahu2021 (1060 in chips) 
Seat 3: tomaszsm (90 in chips) 
Mahu2021: posts small blind 10
tomaszsm: posts big blind 20
*** HOLE CARDS ***
Dealt to Mahu2021 [7s Kh]
firefriend: folds 
Mahu2021: raises 1040 to 1060 and is all-in
tomaszsm: calls 70 and is all-in
Uncalled bet (970) returned to Mahu2021
*** FLOP *** [2s 8d 8c]
*** TURN *** [2s 8d 8c] [7c]
*** RIVER *** [2s 8d 8c 7c] [6c]
*** SHOW DOWN ***
Mahu2021: shows [7s Kh] (two pair, Eights and Sevens)
tomaszsm: shows [5h 7h] (two pair, Eights and Sevens - lower kicker)
Mahu2021 collected 180 from pot
tomaszsm finished the tournament in 3rd place
*** SUMMARY ***
Total pot 180 | Rake 0 
Board [2s 8d 8c 7c 6c]
Seat 1: firefriend (button) folded before Flop (didn't bet)
Seat 2: Mahu2021 (small blind) showed [7s Kh] and won (180) with two pair, Eights and Sevens
Seat 3: tomaszsm (big blind) showed [5h 7h] and lost with two pair, Eights and Sevens



PokerStars Hand #247977441390: Tournament #3694086691, $1.84+$0.16 USD Hold'em No Limit - Level I (10/20) - 2023/12/31 11:59:11 CET [2023/12/31 5:59:11 ET]
Table '3694086691 1' 3-max Seat #2 is the button
Seat 1: firefriend (350 in chips) 
Seat 2: Mahu2021 (1150 in chips) 
Mahu2021: posts small blind 10
firefriend: posts big blind 20
*** HOLE CARDS ***
Dealt to Mahu2021 [Ts 2s]
Mahu2021: calls 10
firefriend: checks 
*** FLOP *** [Jd 6d 2d]
firefriend: checks 
Mahu2021: bets 20
firefriend: calls 20
*** TURN *** [Jd 6d 2d] [7d]
firefriend: checks 
Mahu2021: checks 
*** RIVER *** [Jd 6d 2d 7d] [5h]
firefriend: checks 
Mahu2021: checks 
*** SHOW DOWN ***
firefriend: shows [Qs 2h] (a pair of Deuces)
Mahu2021: mucks hand 
firefriend collected 80 from pot
*** SUMMARY ***
Total pot 80 | Rake 0 
Board [Jd 6d 2d 7d 5h]
Seat 1: firefriend (big blind) showed [Qs 2h] and won (80) with a pair of Deuces
Seat 2: Mahu2021 (button) (small blind) mucked [Ts 2s]



PokerStars Hand #247977443158: Tournament #3694086691, $1.84+$0.16 USD Hold'em No Limit - Level I (10/20) - 2023/12/31 11:59:23 CET [2023/12/31 5:59:23 ET]
Table '3694086691 1' 3-max Seat #1 is the button
Seat 1: firefriend (390 in chips) 
Seat 2: Mahu2021 (1110 in chips) 
firefriend: posts small blind 10
Mahu2021: posts big blind 20
*** HOLE CARDS ***
Dealt to Mahu2021 [4s Qd]
firefriend: calls 10
Mahu2021: checks 
*** FLOP *** [8s 8d Jc]
Mahu2021: checks 
firefriend: checks 
*** TURN *** [8s 8d Jc] [Ks]
Mahu2021: checks 
firefriend: checks 
*** RIVER *** [8s 8d Jc Ks] [Ts]
Mahu2021: checks 
firefriend: bets 20
Mahu2021: folds 
Uncalled bet (20) returned to firefriend
firefriend collected 40 from pot
*** SUMMARY ***
Total pot 40 | Rake 0 
Board [8s 8d Jc Ks Ts]
Seat 1: firefriend (button) (small blind) collected (40)
Seat 2: Mahu2021 (big blind) folded on the River



PokerStars Hand #247977444903: Tournament #3694086691, $1.84+$0.16 USD Hold'em No Limit - Level I (10/20) - 2023/12/31 11:59:36 CET [2023/12/31 5:59:36 ET]
Table '3694086691 1' 3-max Seat #2 is the button
Seat 1: firefriend (410 in chips) 
Seat 2: Mahu2021 (1090 in chips) 
Mahu2021: posts small blind 10
firefriend: posts big blind 20
*** HOLE CARDS ***
Dealt to Mahu2021 [Jd Qd]
Mahu2021: raises 20 to 40
firefriend: calls 20
*** FLOP *** [3s Ah 4d]
firefriend: checks 
Mahu2021: bets 40
firefriend: calls 40
*** TURN *** [3s Ah 4d] [6s]
firefriend: checks 
Mahu2021: checks 
*** RIVER *** [3s Ah 4d 6s] [7s]
firefriend: bets 160
Mahu2021: folds 
Uncalled bet (160) returned to firefriend
firefriend collected 160 from pot
*** SUMMARY ***
Total pot 160 | Rake 0 
Board [3s Ah 4d 6s 7s]
Seat 1: firefriend (big blind) collected (160)
Seat 2: Mahu2021 (button) (small blind) folded on the River



PokerStars Hand #247977447129: Tournament #3694086691, $1.84+$0.16 USD Hold'em No Limit - Level I (10/20) - 2023/12/31 11:59:52 CET [2023/12/31 5:59:52 ET]
Table '3694086691 1' 3-max Seat #1 is the button
Seat 1: firefriend (490 in chips) 
Seat 2: Mahu2021 (1010 in chips) 
firefriend: posts small blind 10
Mahu2021: posts big blind 20
*** HOLE CARDS ***
Dealt to Mahu2021 [7c 4h]
firefriend: calls 10
Mahu2021: checks 
*** FLOP *** [8c Js 2d]
Mahu2021: checks 
firefriend: bets 20
Mahu2021: folds 
Uncalled bet (20) returned to firefriend
firefriend collected 40 from pot
*** SUMMARY ***
Total pot 40 | Rake 0 
Board [8c Js 2d]
Seat 1: firefriend (button) (small blind) collected (40)
Seat 2: Mahu2021 (big blind) folded on the Flop



PokerStars Hand #247977448314: Tournament #3694086691, $1.84+$0.16 USD Hold'em No Limit - Level I (10/20) - 2023/12/31 12:00:01 CET [2023/12/31 6:00:01 ET]
Table '3694086691 1' 3-max Seat #2 is the button
Seat 1: firefriend (510 in chips) 
Seat 2: Mahu2021 (990 in chips) 
Mahu2021: posts small blind 10
firefriend: posts big blind 20
*** HOLE CARDS ***
Dealt to Mahu2021 [5d 6s]
Mahu2021: raises 20 to 40
firefriend: calls 20
*** FLOP *** [Js 2s 9c]
firefriend: checks 
Mahu2021: bets 80
firefriend: folds 
Uncalled bet (80) returned to Mahu2021
Mahu2021 collected 80 from pot
Mahu2021: doesn't show hand 
*** SUMMARY ***
Total pot 80 | Rake 0 
Board [Js 2s 9c]
Seat 1: firefriend (big blind) folded on the Flop
Seat 2: Mahu2021 (button) (small blind) collected (80)



PokerStars Hand #247977449861: Tournament #3694086691, $1.84+$0.16 USD Hold'em No Limit - Level I (10/20) - 2023/12/31 12:00:12 CET [2023/12/31 6:00:12 ET]
Table '3694086691 1' 3-max Seat #1 is the button
Seat 1: firefriend (470 in chips) 
Seat 2: Mahu2021 (1030 in chips) 
firefriend: posts small blind 10
Mahu2021: posts big blind 20
*** HOLE CARDS ***
Dealt to Mahu2021 [4s 5h]
firefriend: folds 
Uncalled bet (10) returned to Mahu2021
Mahu2021 collected 20 from pot
Mahu2021: doesn't show hand 
*** SUMMARY ***
Total pot 20 | Rake 0 
Seat 1: firefriend (button) (small blind) folded before Flop
Seat 2: Mahu2021 (big blind) collected (20)



PokerStars Hand #247977450489: Tournament #3694086691, $1.84+$0.16 USD Hold'em No Limit - Level I (10/20) - 2023/12/31 12:00:16 CET [2023/12/31 6:00:16 ET]
Table '3694086691 1' 3-max Seat #2 is the button
Seat 1: firefriend (460 in chips) 
Seat 2: Mahu2021 (1040 in chips) 
Mahu2021: posts small blind 10
firefriend: posts big blind 20
*** HOLE CARDS ***
Dealt to Mahu2021 [3s 7d]
Mahu2021: folds 
Uncalled bet (10) returned to firefriend
firefriend collected 20 from pot
*** SUMMARY ***
Total pot 20 | Rake 0 
Seat 1: firefriend (big blind) collected (20)
Seat 2: Mahu2021 (button) (small blind) folded before Flop



PokerStars Hand #247977451117: Tournament #3694086691, $1.84+$0.16 USD Hold'em No Limit - Level I (10/20) - 2023/12/31 12:00:20 CET [2023/12/31 6:00:20 ET]
Table '3694086691 1' 3-max Seat #1 is the button
Seat 1: firefriend (470 in chips) 
Seat 2: Mahu2021 (1030 in chips) 
firefriend: posts small blind 10
Mahu2021: posts big blind 20
*** HOLE CARDS ***
Dealt to Mahu2021 [4d 6h]
firefriend: calls 10
Mahu2021: checks 
*** FLOP *** [Jh 8s 7c]
Mahu2021: checks 
firefriend: checks 
*** TURN *** [Jh 8s 7c] [5h]
Mahu2021: bets 20
firefriend: raises 80 to 100
Mahu2021: raises 910 to 1010 and is all-in
firefriend: calls 350 and is all-in
Uncalled bet (560) returned to Mahu2021
*** RIVER *** [Jh 8s 7c 5h] [4h]
*** SHOW DOWN ***
Mahu2021: shows [4d 6h] (a straight, Four to Eight)
firefriend: shows [Jc Jd] (three of a kind, Jacks)
Mahu2021 collected 940 from pot
firefriend finished the tournament in 2nd place
Mahu2021 wins the tournament and receives $6.00 - congratulations!
*** SUMMARY ***
Total pot 940 | Rake 0 
Board [Jh 8s 7c 5h 4h]
Seat 1: firefriend (button) (small blind) showed [Jc Jd] and lost with three of a kind, Jacks
Seat 2: Mahu2021 (big blind) showed [4d 6h] and won (940) with a straight, Four to Eight



