PokerStars Hand #243221901773: Tournament #3580489763, $0.92+$0.08 USD Hold'em No Limit - Level I (10/20) - 2023/04/21 7:20:34 CET [2023/04/21 1:20:34 ET]
Table '3580489763 1' 3-max Seat #1 is the button
Seat 1: papag113 (500 in chips) is sitting out
Seat 2: Mahu2021 (500 in chips) 
Seat 3: Rod_Frazão (500 in chips) 
Mahu2021: posts small blind 10
Rod_Frazão: posts big blind 20
*** HOLE CARDS ***
Dealt to Mahu2021 [Jh 6s]
papag113: folds 
Mahu2021: folds 
Uncalled bet (10) returned to Rod_Frazão
Rod_Frazão collected 20 from pot
*** SUMMARY ***
Total pot 20 | Rake 0 
Seat 1: papag113 (button) folded before Flop (didn't bet)
Seat 2: Mahu2021 (small blind) folded before Flop
Seat 3: Rod_Frazão (big blind) collected (20)



PokerStars Hand #243221902317: Tournament #3580489763, $0.92+$0.08 USD Hold'em No Limit - Level I (10/20) - 2023/04/21 7:20:39 CET [2023/04/21 1:20:39 ET]
Table '3580489763 1' 3-max Seat #2 is the button
Seat 1: papag113 (500 in chips) is sitting out
Seat 2: Mahu2021 (490 in chips) 
Seat 3: Rod_Frazão (510 in chips) 
Rod_Frazão: posts small blind 10
papag113: posts big blind 20
*** HOLE CARDS ***
Dealt to Mahu2021 [7c Ts]
Mahu2021: folds 
Rod_Frazão: calls 10
papag113: folds 
Rod_Frazão collected 40 from pot
*** SUMMARY ***
Total pot 40 | Rake 0 
Seat 1: papag113 (big blind) folded before Flop
Seat 2: Mahu2021 (button) folded before Flop (didn't bet)
Seat 3: Rod_Frazão (small blind) collected (40)



PokerStars Hand #243221903028: Tournament #3580489763, $0.92+$0.08 USD Hold'em No Limit - Level I (10/20) - 2023/04/21 7:20:46 CET [2023/04/21 1:20:46 ET]
Table '3580489763 1' 3-max Seat #3 is the button
Seat 1: papag113 (480 in chips) is sitting out
Seat 2: Mahu2021 (490 in chips) 
Seat 3: Rod_Frazão (530 in chips) 
papag113: posts small blind 10
Mahu2021: posts big blind 20
*** HOLE CARDS ***
Dealt to Mahu2021 [8d 6h]
Rod_Frazão: raises 20 to 40
papag113: folds 
Mahu2021: calls 20
*** FLOP *** [Ts 2s As]
Mahu2021: checks 
Rod_Frazão: bets 40
Mahu2021: folds 
Uncalled bet (40) returned to Rod_Frazão
Rod_Frazão collected 90 from pot
*** SUMMARY ***
Total pot 90 | Rake 0 
Board [Ts 2s As]
Seat 1: papag113 (small blind) folded before Flop
Seat 2: Mahu2021 (big blind) folded on the Flop
Seat 3: Rod_Frazão (button) collected (90)



PokerStars Hand #243221904414: Tournament #3580489763, $0.92+$0.08 USD Hold'em No Limit - Level I (10/20) - 2023/04/21 7:20:58 CET [2023/04/21 1:20:58 ET]
Table '3580489763 1' 3-max Seat #1 is the button
Seat 1: papag113 (470 in chips) is sitting out
Seat 2: Mahu2021 (450 in chips) 
Seat 3: Rod_Frazão (580 in chips) 
Mahu2021: posts small blind 10
Rod_Frazão: posts big blind 20
*** HOLE CARDS ***
Dealt to Mahu2021 [Jd 2d]
papag113: folds 
Mahu2021: folds 
Uncalled bet (10) returned to Rod_Frazão
Rod_Frazão collected 20 from pot
*** SUMMARY ***
Total pot 20 | Rake 0 
Seat 1: papag113 (button) folded before Flop (didn't bet)
Seat 2: Mahu2021 (small blind) folded before Flop
Seat 3: Rod_Frazão (big blind) collected (20)



PokerStars Hand #243221905046: Tournament #3580489763, $0.92+$0.08 USD Hold'em No Limit - Level I (10/20) - 2023/04/21 7:21:04 CET [2023/04/21 1:21:04 ET]
Table '3580489763 1' 3-max Seat #2 is the button
Seat 1: papag113 (470 in chips) is sitting out
Seat 2: Mahu2021 (440 in chips) 
Seat 3: Rod_Frazão (590 in chips) 
Rod_Frazão: posts small blind 10
papag113: posts big blind 20
*** HOLE CARDS ***
Dealt to Mahu2021 [3c 6s]
papag113 is disconnected 
Mahu2021: folds 
Rod_Frazão: raises 20 to 40
papag113: folds 
Uncalled bet (20) returned to Rod_Frazão
Rod_Frazão collected 40 from pot
*** SUMMARY ***
Total pot 40 | Rake 0 
Seat 1: papag113 (big blind) folded before Flop
Seat 2: Mahu2021 (button) folded before Flop (didn't bet)
Seat 3: Rod_Frazão (small blind) collected (40)



PokerStars Hand #243221905718: Tournament #3580489763, $0.92+$0.08 USD Hold'em No Limit - Level I (10/20) - 2023/04/21 7:21:10 CET [2023/04/21 1:21:10 ET]
Table '3580489763 1' 3-max Seat #3 is the button
Seat 1: papag113 (450 in chips) 
Seat 2: Mahu2021 (440 in chips) 
Seat 3: Rod_Frazão (610 in chips) 
papag113: posts small blind 10
Mahu2021: posts big blind 20
*** HOLE CARDS ***
Dealt to Mahu2021 [Jc 7h]
Rod_Frazão: calls 20
papag113: calls 10
Mahu2021: checks 
*** FLOP *** [9c 7d 5c]
papag113: checks 
Mahu2021: bets 40
Rod_Frazão: calls 40
papag113: calls 40
*** TURN *** [9c 7d 5c] [6s]
papag113: checks 
Mahu2021: checks 
Rod_Frazão: bets 40
papag113: calls 40
Mahu2021: calls 40
*** RIVER *** [9c 7d 5c 6s] [Tc]
papag113: checks 
Mahu2021: bets 100
Rod_Frazão: calls 100
papag113: folds 
*** SHOW DOWN ***
Mahu2021: shows [Jc 7h] (a pair of Sevens)
Rod_Frazão: shows [6d Ts] (two pair, Tens and Sixes)
Rod_Frazão collected 500 from pot
*** SUMMARY ***
Total pot 500 | Rake 0 
Board [9c 7d 5c 6s Tc]
Seat 1: papag113 (small blind) folded on the River
Seat 2: Mahu2021 (big blind) showed [Jc 7h] and lost with a pair of Sevens
Seat 3: Rod_Frazão (button) showed [6d Ts] and won (500) with two pair, Tens and Sixes



PokerStars Hand #243221912366: Tournament #3580489763, $0.92+$0.08 USD Hold'em No Limit - Level I (10/20) - 2023/04/21 7:22:12 CET [2023/04/21 1:22:12 ET]
Table '3580489763 1' 3-max Seat #1 is the button
Seat 1: papag113 (350 in chips) 
Seat 2: Mahu2021 (240 in chips) 
Seat 3: Rod_Frazão (910 in chips) 
Mahu2021: posts small blind 10
Rod_Frazão: posts big blind 20
*** HOLE CARDS ***
Dealt to Mahu2021 [4h Ts]
papag113: calls 20
Mahu2021: folds 
Rod_Frazão: checks 
*** FLOP *** [7d 3s 7h]
Rod_Frazão: checks 
papag113: bets 50
Rod_Frazão: folds 
Uncalled bet (50) returned to papag113
papag113 collected 50 from pot
papag113: doesn't show hand 
*** SUMMARY ***
Total pot 50 | Rake 0 
Board [7d 3s 7h]
Seat 1: papag113 (button) collected (50)
Seat 2: Mahu2021 (small blind) folded before Flop
Seat 3: Rod_Frazão (big blind) folded on the Flop



PokerStars Hand #243221915167: Tournament #3580489763, $0.92+$0.08 USD Hold'em No Limit - Level I (10/20) - 2023/04/21 7:22:38 CET [2023/04/21 1:22:38 ET]
Table '3580489763 1' 3-max Seat #2 is the button
Seat 1: papag113 (380 in chips) 
Seat 2: Mahu2021 (230 in chips) 
Seat 3: Rod_Frazão (890 in chips) 
Rod_Frazão: posts small blind 10
papag113: posts big blind 20
*** HOLE CARDS ***
Dealt to Mahu2021 [Jh 7s]
Mahu2021: folds 
Rod_Frazão: calls 10
papag113: checks 
*** FLOP *** [6d Ad Jd]
Rod_Frazão: checks 
papag113: bets 20
Rod_Frazão: folds 
Uncalled bet (20) returned to papag113
papag113 collected 40 from pot
papag113: doesn't show hand 
*** SUMMARY ***
Total pot 40 | Rake 0 
Board [6d Ad Jd]
Seat 1: papag113 (big blind) collected (40)
Seat 2: Mahu2021 (button) folded before Flop (didn't bet)
Seat 3: Rod_Frazão (small blind) folded on the Flop



PokerStars Hand #243221917129: Tournament #3580489763, $0.92+$0.08 USD Hold'em No Limit - Level I (10/20) - 2023/04/21 7:22:56 CET [2023/04/21 1:22:56 ET]
Table '3580489763 1' 3-max Seat #3 is the button
Seat 1: papag113 (400 in chips) 
Seat 2: Mahu2021 (230 in chips) 
Seat 3: Rod_Frazão (870 in chips) 
papag113: posts small blind 10
Mahu2021: posts big blind 20
*** HOLE CARDS ***
Dealt to Mahu2021 [Qc 7h]
Rod_Frazão: folds 
papag113: calls 10
Mahu2021: checks 
*** FLOP *** [3h Qs 7s]
papag113: checks 
Mahu2021: bets 40
papag113: folds 
Uncalled bet (40) returned to Mahu2021
Mahu2021 collected 40 from pot
Mahu2021: doesn't show hand 
*** SUMMARY ***
Total pot 40 | Rake 0 
Board [3h Qs 7s]
Seat 1: papag113 (small blind) folded on the Flop
Seat 2: Mahu2021 (big blind) collected (40)
Seat 3: Rod_Frazão (button) folded before Flop (didn't bet)



PokerStars Hand #243221919252: Tournament #3580489763, $0.92+$0.08 USD Hold'em No Limit - Level I (10/20) - 2023/04/21 7:23:15 CET [2023/04/21 1:23:15 ET]
Table '3580489763 1' 3-max Seat #1 is the button
Seat 1: papag113 (380 in chips) 
Seat 2: Mahu2021 (250 in chips) 
Seat 3: Rod_Frazão (870 in chips) 
Mahu2021: posts small blind 10
Rod_Frazão: posts big blind 20
*** HOLE CARDS ***
Dealt to Mahu2021 [Jc As]
papag113: folds 
Mahu2021: raises 40 to 60
Rod_Frazão: folds 
Uncalled bet (40) returned to Mahu2021
Mahu2021 collected 40 from pot
Mahu2021: doesn't show hand 
*** SUMMARY ***
Total pot 40 | Rake 0 
Seat 1: papag113 (button) folded before Flop (didn't bet)
Seat 2: Mahu2021 (small blind) collected (40)
Seat 3: Rod_Frazão (big blind) folded before Flop



PokerStars Hand #243221920663: Tournament #3580489763, $0.92+$0.08 USD Hold'em No Limit - Level I (10/20) - 2023/04/21 7:23:28 CET [2023/04/21 1:23:28 ET]
Table '3580489763 1' 3-max Seat #2 is the button
Seat 1: papag113 (380 in chips) 
Seat 2: Mahu2021 (270 in chips) 
Seat 3: Rod_Frazão (850 in chips) 
Rod_Frazão: posts small blind 10
papag113: posts big blind 20
*** HOLE CARDS ***
Dealt to Mahu2021 [Th 3h]
Mahu2021: folds 
Rod_Frazão: calls 10
papag113: checks 
*** FLOP *** [Jd 8c Js]
Rod_Frazão: bets 20
papag113: raises 20 to 40
Rod_Frazão: calls 20
*** TURN *** [Jd 8c Js] [Qs]
Rod_Frazão: bets 20
papag113: raises 80 to 100
Rod_Frazão: calls 80
*** RIVER *** [Jd 8c Js Qs] [Kh]
Rod_Frazão: checks 
papag113: bets 220 and is all-in
Rod_Frazão: folds 
Uncalled bet (220) returned to papag113
papag113 collected 320 from pot
papag113: doesn't show hand 
*** SUMMARY ***
Total pot 320 | Rake 0 
Board [Jd 8c Js Qs Kh]
Seat 1: papag113 (big blind) collected (320)
Seat 2: Mahu2021 (button) folded before Flop (didn't bet)
Seat 3: Rod_Frazão (small blind) folded on the River



PokerStars Hand #243221926047: Tournament #3580489763, $0.92+$0.08 USD Hold'em No Limit - Level II (15/30) - 2023/04/21 7:24:17 CET [2023/04/21 1:24:17 ET]
Table '3580489763 1' 3-max Seat #3 is the button
Seat 1: papag113 (540 in chips) 
Seat 2: Mahu2021 (270 in chips) 
Seat 3: Rod_Frazão (690 in chips) 
papag113: posts small blind 15
Mahu2021: posts big blind 30
*** HOLE CARDS ***
Dealt to Mahu2021 [9c Qd]
Rod_Frazão: raises 30 to 60
papag113: calls 45
Mahu2021: calls 30
*** FLOP *** [Qs 4h 7h]
papag113: checks 
Mahu2021: bets 210 and is all-in
Rod_Frazão: calls 210
papag113: raises 210 to 420
Rod_Frazão: calls 210
*** TURN *** [Qs 4h 7h] [As]
papag113: bets 60 and is all-in
Rod_Frazão: calls 60
*** RIVER *** [Qs 4h 7h As] [Js]
*** SHOW DOWN ***
papag113: shows [4s 4c] (three of a kind, Fours)
Rod_Frazão: shows [Ts Tc] (a pair of Tens)
papag113 collected 540 from side pot
Mahu2021: shows [9c Qd] (a pair of Queens)
papag113 collected 810 from main pot
Mahu2021 finished the tournament in 3rd place
*** SUMMARY ***
Total pot 1350 Main pot 810. Side pot 540. | Rake 0 
Board [Qs 4h 7h As Js]
Seat 1: papag113 (small blind) showed [4s 4c] and won (1350) with three of a kind, Fours
Seat 2: Mahu2021 (big blind) showed [9c Qd] and lost with a pair of Queens
Seat 3: Rod_Frazão (button) showed [Ts Tc] and lost with a pair of Tens



