PokerStars Hand #248105165818: Tournament #3697095626, $1.84+$0.16 USD Hold'em No Limit - Level I (10/20) - 2024/01/06 20:15:15 CET [2024/01/06 14:15:15 ET]
Table '3697095626 1' 3-max Seat #1 is the button
Seat 1: FunnyBeaver (500 in chips) 
Seat 2: Saffer151 (500 in chips) 
Seat 3: Mahu2021 (500 in chips) 
Saffer151: posts small blind 10
Mahu2021: posts big blind 20
*** HOLE CARDS ***
Dealt to Mahu2021 [2h 8d]
FunnyBeaver: raises 20 to 40
Saffer151: folds 
Mahu2021: folds 
Uncalled bet (20) returned to FunnyBeaver
FunnyBeaver collected 50 from pot
FunnyBeaver: doesn't show hand 
*** SUMMARY ***
Total pot 50 | Rake 0 
Seat 1: FunnyBeaver (button) collected (50)
Seat 2: Saffer151 (small blind) folded before Flop
Seat 3: Mahu2021 (big blind) folded before Flop



PokerStars Hand #248105170000: Tournament #3697095626, $1.84+$0.16 USD Hold'em No Limit - Level I (10/20) - 2024/01/06 20:15:25 CET [2024/01/06 14:15:25 ET]
Table '3697095626 1' 3-max Seat #2 is the button
Seat 1: FunnyBeaver (530 in chips) 
Seat 2: Saffer151 (490 in chips) 
Seat 3: Mahu2021 (480 in chips) 
Mahu2021: posts small blind 10
FunnyBeaver: posts big blind 20
*** HOLE CARDS ***
Dealt to Mahu2021 [Qd 4d]
Saffer151: folds 
Mahu2021: calls 10
FunnyBeaver: checks 
*** FLOP *** [Jh Qs Jd]
Mahu2021: bets 20
FunnyBeaver: folds 
Uncalled bet (20) returned to Mahu2021
Mahu2021 collected 40 from pot
Mahu2021: doesn't show hand 
*** SUMMARY ***
Total pot 40 | Rake 0 
Board [Jh Qs Jd]
Seat 1: FunnyBeaver (big blind) folded on the Flop
Seat 2: Saffer151 (button) folded before Flop (didn't bet)
Seat 3: Mahu2021 (small blind) collected (40)



PokerStars Hand #248105178064: Tournament #3697095626, $1.84+$0.16 USD Hold'em No Limit - Level I (10/20) - 2024/01/06 20:15:45 CET [2024/01/06 14:15:45 ET]
Table '3697095626 1' 3-max Seat #3 is the button
Seat 1: FunnyBeaver (510 in chips) 
Seat 2: Saffer151 (490 in chips) 
Seat 3: Mahu2021 (500 in chips) 
FunnyBeaver: posts small blind 10
Saffer151: posts big blind 20
*** HOLE CARDS ***
Dealt to Mahu2021 [2h 9d]
Mahu2021: calls 20
FunnyBeaver: folds 
Saffer151: checks 
*** FLOP *** [Js Qs 7c]
Saffer151: checks 
Mahu2021: bets 20
Saffer151: folds 
Uncalled bet (20) returned to Mahu2021
Mahu2021 collected 50 from pot
Mahu2021: doesn't show hand 
*** SUMMARY ***
Total pot 50 | Rake 0 
Board [Js Qs 7c]
Seat 1: FunnyBeaver (small blind) folded before Flop
Seat 2: Saffer151 (big blind) folded on the Flop
Seat 3: Mahu2021 (button) collected (50)



PokerStars Hand #248105184664: Tournament #3697095626, $1.84+$0.16 USD Hold'em No Limit - Level I (10/20) - 2024/01/06 20:16:02 CET [2024/01/06 14:16:02 ET]
Table '3697095626 1' 3-max Seat #1 is the button
Seat 1: FunnyBeaver (500 in chips) 
Seat 2: Saffer151 (470 in chips) 
Seat 3: Mahu2021 (530 in chips) 
Saffer151: posts small blind 10
Mahu2021: posts big blind 20
*** HOLE CARDS ***
Dealt to Mahu2021 [5d 8h]
FunnyBeaver: folds 
Saffer151: calls 10
Mahu2021: checks 
*** FLOP *** [9s Jd 9d]
Saffer151: checks 
Mahu2021: checks 
*** TURN *** [9s Jd 9d] [6d]
Saffer151: bets 20
Mahu2021: calls 20
*** RIVER *** [9s Jd 9d 6d] [7h]
Saffer151: bets 80
Mahu2021: raises 410 to 490 and is all-in
Saffer151: calls 350 and is all-in
Uncalled bet (60) returned to Mahu2021
*** SHOW DOWN ***
Mahu2021: shows [5d 8h] (a straight, Five to Nine)
Saffer151: shows [3h Js] (two pair, Jacks and Nines)
Mahu2021 collected 940 from pot
Saffer151 finished the tournament in 3rd place
*** SUMMARY ***
Total pot 940 | Rake 0 
Board [9s Jd 9d 6d 7h]
Seat 1: FunnyBeaver (button) folded before Flop (didn't bet)
Seat 2: Saffer151 (small blind) showed [3h Js] and lost with two pair, Jacks and Nines
Seat 3: Mahu2021 (big blind) showed [5d 8h] and won (940) with a straight, Five to Nine



PokerStars Hand #248105197271: Tournament #3697095626, $1.84+$0.16 USD Hold'em No Limit - Level I (10/20) - 2024/01/06 20:16:33 CET [2024/01/06 14:16:33 ET]
Table '3697095626 1' 3-max Seat #3 is the button
Seat 1: FunnyBeaver (500 in chips) 
Seat 3: Mahu2021 (1000 in chips) 
Mahu2021: posts small blind 10
FunnyBeaver: posts big blind 20
*** HOLE CARDS ***
Dealt to Mahu2021 [7d 4d]
Mahu2021: calls 10
FunnyBeaver: checks 
*** FLOP *** [3d 5s 9c]
FunnyBeaver: checks 
Mahu2021: bets 20
FunnyBeaver: calls 20
*** TURN *** [3d 5s 9c] [Ad]
FunnyBeaver: checks 
Mahu2021: bets 20
FunnyBeaver: calls 20
*** RIVER *** [3d 5s 9c Ad] [2h]
FunnyBeaver: checks 
Mahu2021: bets 20
FunnyBeaver: calls 20
*** SHOW DOWN ***
Mahu2021: shows [7d 4d] (a straight, Ace to Five)
FunnyBeaver: mucks hand 
Mahu2021 collected 160 from pot
*** SUMMARY ***
Total pot 160 | Rake 0 
Board [3d 5s 9c Ad 2h]
Seat 1: FunnyBeaver (big blind) mucked [5c Jc]
Seat 3: Mahu2021 (button) (small blind) showed [7d 4d] and won (160) with a straight, Ace to Five



PokerStars Hand #248105209613: Tournament #3697095626, $1.84+$0.16 USD Hold'em No Limit - Level I (10/20) - 2024/01/06 20:17:03 CET [2024/01/06 14:17:03 ET]
Table '3697095626 1' 3-max Seat #1 is the button
Seat 1: FunnyBeaver (420 in chips) 
Seat 3: Mahu2021 (1080 in chips) 
FunnyBeaver: posts small blind 10
Mahu2021: posts big blind 20
*** HOLE CARDS ***
Dealt to Mahu2021 [2c Qs]
FunnyBeaver: calls 10
Mahu2021: checks 
*** FLOP *** [5c 4d Qh]
Mahu2021: checks 
FunnyBeaver: bets 20
Mahu2021: calls 20
*** TURN *** [5c 4d Qh] [Ts]
Mahu2021: checks 
FunnyBeaver: checks 
*** RIVER *** [5c 4d Qh Ts] [3c]
Mahu2021: bets 20
FunnyBeaver: folds 
Uncalled bet (20) returned to Mahu2021
Mahu2021 collected 80 from pot
Mahu2021: doesn't show hand 
*** SUMMARY ***
Total pot 80 | Rake 0 
Board [5c 4d Qh Ts 3c]
Seat 1: FunnyBeaver (button) (small blind) folded on the River
Seat 3: Mahu2021 (big blind) collected (80)



PokerStars Hand #248105217542: Tournament #3697095626, $1.84+$0.16 USD Hold'em No Limit - Level II (15/30) - 2024/01/06 20:17:22 CET [2024/01/06 14:17:22 ET]
Table '3697095626 1' 3-max Seat #3 is the button
Seat 1: FunnyBeaver (380 in chips) 
Seat 3: Mahu2021 (1120 in chips) 
Mahu2021: posts small blind 15
FunnyBeaver: posts big blind 30
*** HOLE CARDS ***
Dealt to Mahu2021 [9d 6d]
Mahu2021: calls 15
FunnyBeaver: checks 
*** FLOP *** [Kh Tc 8d]
FunnyBeaver: checks 
Mahu2021: bets 30
FunnyBeaver: calls 30
*** TURN *** [Kh Tc 8d] [Ah]
FunnyBeaver: checks 
Mahu2021: bets 120
FunnyBeaver: folds 
Uncalled bet (120) returned to Mahu2021
Mahu2021 collected 120 from pot
Mahu2021: doesn't show hand 
*** SUMMARY ***
Total pot 120 | Rake 0 
Board [Kh Tc 8d Ah]
Seat 1: FunnyBeaver (big blind) folded on the Turn
Seat 3: Mahu2021 (button) (small blind) collected (120)



PokerStars Hand #248105224075: Tournament #3697095626, $1.84+$0.16 USD Hold'em No Limit - Level II (15/30) - 2024/01/06 20:17:38 CET [2024/01/06 14:17:38 ET]
Table '3697095626 1' 3-max Seat #1 is the button
Seat 1: FunnyBeaver (320 in chips) 
Seat 3: Mahu2021 (1180 in chips) 
FunnyBeaver: posts small blind 15
Mahu2021: posts big blind 30
*** HOLE CARDS ***
Dealt to Mahu2021 [5h Jc]
FunnyBeaver: calls 15
Mahu2021: checks 
*** FLOP *** [Qs Qh 8s]
Mahu2021: checks 
FunnyBeaver: bets 30
Mahu2021: folds 
Uncalled bet (30) returned to FunnyBeaver
FunnyBeaver collected 60 from pot
FunnyBeaver: doesn't show hand 
*** SUMMARY ***
Total pot 60 | Rake 0 
Board [Qs Qh 8s]
Seat 1: FunnyBeaver (button) (small blind) collected (60)
Seat 3: Mahu2021 (big blind) folded on the Flop



PokerStars Hand #248105229109: Tournament #3697095626, $1.84+$0.16 USD Hold'em No Limit - Level II (15/30) - 2024/01/06 20:17:50 CET [2024/01/06 14:17:50 ET]
Table '3697095626 1' 3-max Seat #3 is the button
Seat 1: FunnyBeaver (350 in chips) 
Seat 3: Mahu2021 (1150 in chips) 
Mahu2021: posts small blind 15
FunnyBeaver: posts big blind 30
*** HOLE CARDS ***
Dealt to Mahu2021 [Ad 5d]
Mahu2021: raises 30 to 60
FunnyBeaver: folds 
Uncalled bet (30) returned to Mahu2021
Mahu2021 collected 60 from pot
Mahu2021: doesn't show hand 
*** SUMMARY ***
Total pot 60 | Rake 0 
Seat 1: FunnyBeaver (big blind) folded before Flop
Seat 3: Mahu2021 (button) (small blind) collected (60)



PokerStars Hand #248105231302: Tournament #3697095626, $1.84+$0.16 USD Hold'em No Limit - Level II (15/30) - 2024/01/06 20:17:56 CET [2024/01/06 14:17:56 ET]
Table '3697095626 1' 3-max Seat #1 is the button
Seat 1: FunnyBeaver (320 in chips) 
Seat 3: Mahu2021 (1180 in chips) 
FunnyBeaver: posts small blind 15
Mahu2021: posts big blind 30
*** HOLE CARDS ***
Dealt to Mahu2021 [9c Qd]
FunnyBeaver: calls 15
Mahu2021: raises 1150 to 1180 and is all-in
FunnyBeaver: folds 
Uncalled bet (1150) returned to Mahu2021
Mahu2021 collected 60 from pot
Mahu2021: doesn't show hand 
*** SUMMARY ***
Total pot 60 | Rake 0 
Seat 1: FunnyBeaver (button) (small blind) folded before Flop
Seat 3: Mahu2021 (big blind) collected (60)



PokerStars Hand #248105234719: Tournament #3697095626, $1.84+$0.16 USD Hold'em No Limit - Level II (15/30) - 2024/01/06 20:18:04 CET [2024/01/06 14:18:04 ET]
Table '3697095626 1' 3-max Seat #3 is the button
Seat 1: FunnyBeaver (290 in chips) 
Seat 3: Mahu2021 (1210 in chips) 
Mahu2021: posts small blind 15
FunnyBeaver: posts big blind 30
*** HOLE CARDS ***
Dealt to Mahu2021 [Kd 6h]
Mahu2021: raises 30 to 60
FunnyBeaver: folds 
Uncalled bet (30) returned to Mahu2021
Mahu2021 collected 60 from pot
Mahu2021: doesn't show hand 
*** SUMMARY ***
Total pot 60 | Rake 0 
Seat 1: FunnyBeaver (big blind) folded before Flop
Seat 3: Mahu2021 (button) (small blind) collected (60)



PokerStars Hand #248105236798: Tournament #3697095626, $1.84+$0.16 USD Hold'em No Limit - Level II (15/30) - 2024/01/06 20:18:09 CET [2024/01/06 14:18:09 ET]
Table '3697095626 1' 3-max Seat #1 is the button
Seat 1: FunnyBeaver (260 in chips) 
Seat 3: Mahu2021 (1240 in chips) 
FunnyBeaver: posts small blind 15
Mahu2021: posts big blind 30
*** HOLE CARDS ***
Dealt to Mahu2021 [Ad Qs]
FunnyBeaver: calls 15
Mahu2021: raises 60 to 90
FunnyBeaver: folds 
Uncalled bet (60) returned to Mahu2021
Mahu2021 collected 60 from pot
Mahu2021: doesn't show hand 
*** SUMMARY ***
Total pot 60 | Rake 0 
Seat 1: FunnyBeaver (button) (small blind) folded before Flop
Seat 3: Mahu2021 (big blind) collected (60)



PokerStars Hand #248105239915: Tournament #3697095626, $1.84+$0.16 USD Hold'em No Limit - Level II (15/30) - 2024/01/06 20:18:17 CET [2024/01/06 14:18:17 ET]
Table '3697095626 1' 3-max Seat #3 is the button
Seat 1: FunnyBeaver (230 in chips) 
Seat 3: Mahu2021 (1270 in chips) 
Mahu2021: posts small blind 15
FunnyBeaver: posts big blind 30
*** HOLE CARDS ***
Dealt to Mahu2021 [4h Ah]
Mahu2021: raises 60 to 90
FunnyBeaver: raises 140 to 230 and is all-in
Mahu2021: calls 140
*** FLOP *** [8s 4d Td]
*** TURN *** [8s 4d Td] [7d]
*** RIVER *** [8s 4d Td 7d] [5h]
*** SHOW DOWN ***
FunnyBeaver: shows [As 9d] (high card Ace)
Mahu2021: shows [4h Ah] (a pair of Fours)
Mahu2021 collected 460 from pot
FunnyBeaver finished the tournament in 2nd place
Mahu2021 wins the tournament and receives $4.00 - congratulations!
*** SUMMARY ***
Total pot 460 | Rake 0 
Board [8s 4d Td 7d 5h]
Seat 1: FunnyBeaver (big blind) showed [As 9d] and lost with high card Ace
Seat 3: Mahu2021 (button) (small blind) showed [4h Ah] and won (460) with a pair of Fours



