PokerStars Hand #247524913235: Tournament #3683176805, $1.84+$0.16 USD Hold'em No Limit - Level I (10/20) - 2023/12/07 12:23:17 CET [2023/12/07 6:23:17 ET]
Table '3683176805 1' 3-max Seat #1 is the button
Seat 1: Mahu2021 (500 in chips) 
Seat 2: stefanov80 (500 in chips) 
Seat 3: V.J. Kayden (500 in chips) 
stefanov80: posts small blind 10
V.J. Kayden: posts big blind 20
*** HOLE CARDS ***
Dealt to Mahu2021 [8h Qc]
Mahu2021: folds 
stefanov80: calls 10
V.J. Kayden: checks 
*** FLOP *** [7s 6s Ad]
stefanov80: checks 
V.J. Kayden: bets 20
stefanov80: folds 
Uncalled bet (20) returned to V.J. Kayden
V.J. Kayden collected 40 from pot
V.J. Kayden: doesn't show hand 
*** SUMMARY ***
Total pot 40 | Rake 0 
Board [7s 6s Ad]
Seat 1: Mahu2021 (button) folded before Flop (didn't bet)
Seat 2: stefanov80 (small blind) folded on the Flop
Seat 3: V.J. Kayden (big blind) collected (40)



PokerStars Hand #247524915610: Tournament #3683176805, $1.84+$0.16 USD Hold'em No Limit - Level I (10/20) - 2023/12/07 12:23:33 CET [2023/12/07 6:23:33 ET]
Table '3683176805 1' 3-max Seat #2 is the button
Seat 1: Mahu2021 (500 in chips) 
Seat 2: stefanov80 (480 in chips) 
Seat 3: V.J. Kayden (520 in chips) 
V.J. Kayden: posts small blind 10
Mahu2021: posts big blind 20
*** HOLE CARDS ***
Dealt to Mahu2021 [4d 9s]
stefanov80: folds 
V.J. Kayden: raises 20 to 40
Mahu2021: folds 
Uncalled bet (20) returned to V.J. Kayden
V.J. Kayden collected 40 from pot
V.J. Kayden: doesn't show hand 
*** SUMMARY ***
Total pot 40 | Rake 0 
Seat 1: Mahu2021 (big blind) folded before Flop
Seat 2: stefanov80 (button) folded before Flop (didn't bet)
Seat 3: V.J. Kayden (small blind) collected (40)



PokerStars Hand #247524916881: Tournament #3683176805, $1.84+$0.16 USD Hold'em No Limit - Level I (10/20) - 2023/12/07 12:23:41 CET [2023/12/07 6:23:41 ET]
Table '3683176805 1' 3-max Seat #3 is the button
Seat 1: Mahu2021 (480 in chips) 
Seat 2: stefanov80 (480 in chips) 
Seat 3: V.J. Kayden (540 in chips) 
Mahu2021: posts small blind 10
stefanov80: posts big blind 20
*** HOLE CARDS ***
Dealt to Mahu2021 [4c Kc]
V.J. Kayden: folds 
Mahu2021: raises 20 to 40
stefanov80: calls 20
*** FLOP *** [5s 2d 8c]
Mahu2021: checks 
stefanov80: checks 
*** TURN *** [5s 2d 8c] [Qh]
Mahu2021: checks 
stefanov80: checks 
*** RIVER *** [5s 2d 8c Qh] [5d]
Mahu2021: checks 
stefanov80: bets 40
Mahu2021: calls 40
*** SHOW DOWN ***
stefanov80: shows [Qd Jd] (two pair, Queens and Fives)
Mahu2021: mucks hand 
stefanov80 collected 160 from pot
*** SUMMARY ***
Total pot 160 | Rake 0 
Board [5s 2d 8c Qh 5d]
Seat 1: Mahu2021 (small blind) mucked [4c Kc]
Seat 2: stefanov80 (big blind) showed [Qd Jd] and won (160) with two pair, Queens and Fives
Seat 3: V.J. Kayden (button) folded before Flop (didn't bet)



PokerStars Hand #247524920017: Tournament #3683176805, $1.84+$0.16 USD Hold'em No Limit - Level I (10/20) - 2023/12/07 12:24:02 CET [2023/12/07 6:24:02 ET]
Table '3683176805 1' 3-max Seat #1 is the button
Seat 1: Mahu2021 (400 in chips) 
Seat 2: stefanov80 (560 in chips) 
Seat 3: V.J. Kayden (540 in chips) 
stefanov80: posts small blind 10
V.J. Kayden: posts big blind 20
*** HOLE CARDS ***
Dealt to Mahu2021 [9s 3s]
Mahu2021: folds 
stefanov80: calls 10
V.J. Kayden: checks 
*** FLOP *** [Jc 6d 7c]
stefanov80: checks 
V.J. Kayden: bets 40
stefanov80: folds 
Uncalled bet (40) returned to V.J. Kayden
V.J. Kayden collected 40 from pot
V.J. Kayden: doesn't show hand 
*** SUMMARY ***
Total pot 40 | Rake 0 
Board [Jc 6d 7c]
Seat 1: Mahu2021 (button) folded before Flop (didn't bet)
Seat 2: stefanov80 (small blind) folded on the Flop
Seat 3: V.J. Kayden (big blind) collected (40)



PokerStars Hand #247524922703: Tournament #3683176805, $1.84+$0.16 USD Hold'em No Limit - Level I (10/20) - 2023/12/07 12:24:20 CET [2023/12/07 6:24:20 ET]
Table '3683176805 1' 3-max Seat #2 is the button
Seat 1: Mahu2021 (400 in chips) 
Seat 2: stefanov80 (540 in chips) 
Seat 3: V.J. Kayden (560 in chips) 
V.J. Kayden: posts small blind 10
Mahu2021: posts big blind 20
*** HOLE CARDS ***
Dealt to Mahu2021 [As Ad]
stefanov80: folds 
V.J. Kayden: calls 10
Mahu2021: raises 380 to 400 and is all-in
V.J. Kayden: folds 
Uncalled bet (380) returned to Mahu2021
Mahu2021 collected 40 from pot
Mahu2021: doesn't show hand 
*** SUMMARY ***
Total pot 40 | Rake 0 
Seat 1: Mahu2021 (big blind) collected (40)
Seat 2: stefanov80 (button) folded before Flop (didn't bet)
Seat 3: V.J. Kayden (small blind) folded before Flop



PokerStars Hand #247524924472: Tournament #3683176805, $1.84+$0.16 USD Hold'em No Limit - Level I (10/20) - 2023/12/07 12:24:32 CET [2023/12/07 6:24:32 ET]
Table '3683176805 1' 3-max Seat #3 is the button
Seat 1: Mahu2021 (420 in chips) 
Seat 2: stefanov80 (540 in chips) 
Seat 3: V.J. Kayden (540 in chips) 
Mahu2021: posts small blind 10
stefanov80: posts big blind 20
*** HOLE CARDS ***
Dealt to Mahu2021 [Kh 3h]
V.J. Kayden: folds 
Mahu2021: raises 20 to 40
stefanov80: calls 20
*** FLOP *** [4c 3d Qh]
Mahu2021: checks 
stefanov80: checks 
*** TURN *** [4c 3d Qh] [2d]
Mahu2021: bets 20
stefanov80: calls 20
*** RIVER *** [4c 3d Qh 2d] [As]
Mahu2021: checks 
stefanov80: bets 120
Mahu2021: folds 
Uncalled bet (120) returned to stefanov80
stefanov80 collected 120 from pot
*** SUMMARY ***
Total pot 120 | Rake 0 
Board [4c 3d Qh 2d As]
Seat 1: Mahu2021 (small blind) folded on the River
Seat 2: stefanov80 (big blind) collected (120)
Seat 3: V.J. Kayden (button) folded before Flop (didn't bet)



PokerStars Hand #247524927557: Tournament #3683176805, $1.84+$0.16 USD Hold'em No Limit - Level I (10/20) - 2023/12/07 12:24:53 CET [2023/12/07 6:24:53 ET]
Table '3683176805 1' 3-max Seat #1 is the button
Seat 1: Mahu2021 (360 in chips) 
Seat 2: stefanov80 (600 in chips) 
Seat 3: V.J. Kayden (540 in chips) 
stefanov80: posts small blind 10
V.J. Kayden: posts big blind 20
*** HOLE CARDS ***
Dealt to Mahu2021 [9c Qc]
Mahu2021: raises 20 to 40
stefanov80: calls 30
V.J. Kayden: calls 20
*** FLOP *** [7d Kc 3h]
stefanov80: checks 
V.J. Kayden: bets 40
Mahu2021: folds 
stefanov80: folds 
Uncalled bet (40) returned to V.J. Kayden
V.J. Kayden collected 120 from pot
V.J. Kayden: doesn't show hand 
*** SUMMARY ***
Total pot 120 | Rake 0 
Board [7d Kc 3h]
Seat 1: Mahu2021 (button) folded on the Flop
Seat 2: stefanov80 (small blind) folded on the Flop
Seat 3: V.J. Kayden (big blind) collected (120)



PokerStars Hand #247524930336: Tournament #3683176805, $1.84+$0.16 USD Hold'em No Limit - Level I (10/20) - 2023/12/07 12:25:11 CET [2023/12/07 6:25:11 ET]
Table '3683176805 1' 3-max Seat #2 is the button
Seat 1: Mahu2021 (320 in chips) 
Seat 2: stefanov80 (560 in chips) 
Seat 3: V.J. Kayden (620 in chips) 
V.J. Kayden: posts small blind 10
Mahu2021: posts big blind 20
*** HOLE CARDS ***
Dealt to Mahu2021 [Ts 2c]
stefanov80: calls 20
V.J. Kayden: raises 20 to 40
Mahu2021: folds 
stefanov80: calls 20
*** FLOP *** [9c Jc 6h]
V.J. Kayden: bets 20
stefanov80: folds 
Uncalled bet (20) returned to V.J. Kayden
V.J. Kayden collected 100 from pot
V.J. Kayden: doesn't show hand 
*** SUMMARY ***
Total pot 100 | Rake 0 
Board [9c Jc 6h]
Seat 1: Mahu2021 (big blind) folded before Flop
Seat 2: stefanov80 (button) folded on the Flop
Seat 3: V.J. Kayden (small blind) collected (100)



PokerStars Hand #247524933046: Tournament #3683176805, $1.84+$0.16 USD Hold'em No Limit - Level I (10/20) - 2023/12/07 12:25:30 CET [2023/12/07 6:25:30 ET]
Table '3683176805 1' 3-max Seat #3 is the button
Seat 1: Mahu2021 (300 in chips) 
Seat 2: stefanov80 (520 in chips) 
Seat 3: V.J. Kayden (680 in chips) 
Mahu2021: posts small blind 10
stefanov80: posts big blind 20
*** HOLE CARDS ***
Dealt to Mahu2021 [8d 7h]
V.J. Kayden: calls 20
Mahu2021: calls 10
stefanov80: checks 
*** FLOP *** [3s Qd Js]
Mahu2021: checks 
stefanov80: checks 
V.J. Kayden: checks 
*** TURN *** [3s Qd Js] [Jh]
Mahu2021: checks 
stefanov80: checks 
V.J. Kayden: checks 
*** RIVER *** [3s Qd Js Jh] [9h]
Mahu2021: checks 
stefanov80: checks 
V.J. Kayden: checks 
*** SHOW DOWN ***
Mahu2021: shows [8d 7h] (a pair of Jacks)
stefanov80: shows [9s 5c] (two pair, Jacks and Nines)
V.J. Kayden: mucks hand 
stefanov80 collected 60 from pot
*** SUMMARY ***
Total pot 60 | Rake 0 
Board [3s Qd Js Jh 9h]
Seat 1: Mahu2021 (small blind) showed [8d 7h] and lost with a pair of Jacks
Seat 2: stefanov80 (big blind) showed [9s 5c] and won (60) with two pair, Jacks and Nines
Seat 3: V.J. Kayden (button) mucked [5d 6d]



PokerStars Hand #247524936400: Tournament #3683176805, $1.84+$0.16 USD Hold'em No Limit - Level I (10/20) - 2023/12/07 12:25:52 CET [2023/12/07 6:25:52 ET]
Table '3683176805 1' 3-max Seat #1 is the button
Seat 1: Mahu2021 (280 in chips) 
Seat 2: stefanov80 (560 in chips) 
Seat 3: V.J. Kayden (660 in chips) 
stefanov80: posts small blind 10
V.J. Kayden: posts big blind 20
*** HOLE CARDS ***
Dealt to Mahu2021 [9c 7c]
Mahu2021: calls 20
stefanov80: calls 10
V.J. Kayden: raises 640 to 660 and is all-in
Mahu2021: folds 
stefanov80: folds 
Uncalled bet (640) returned to V.J. Kayden
V.J. Kayden collected 60 from pot
V.J. Kayden: doesn't show hand 
*** SUMMARY ***
Total pot 60 | Rake 0 
Seat 1: Mahu2021 (button) folded before Flop
Seat 2: stefanov80 (small blind) folded before Flop
Seat 3: V.J. Kayden (big blind) collected (60)



PokerStars Hand #247524938260: Tournament #3683176805, $1.84+$0.16 USD Hold'em No Limit - Level I (10/20) - 2023/12/07 12:26:05 CET [2023/12/07 6:26:05 ET]
Table '3683176805 1' 3-max Seat #2 is the button
Seat 1: Mahu2021 (260 in chips) 
Seat 2: stefanov80 (540 in chips) 
Seat 3: V.J. Kayden (700 in chips) 
V.J. Kayden: posts small blind 10
Mahu2021: posts big blind 20
*** HOLE CARDS ***
Dealt to Mahu2021 [5s 8c]
stefanov80: calls 20
V.J. Kayden: folds 
Mahu2021: checks 
*** FLOP *** [Kc Qd 9s]
Mahu2021: checks 
stefanov80: checks 
*** TURN *** [Kc Qd 9s] [4c]
Mahu2021: checks 
stefanov80: checks 
*** RIVER *** [Kc Qd 9s 4c] [Ad]
Mahu2021: checks 
stefanov80: checks 
*** SHOW DOWN ***
Mahu2021: shows [5s 8c] (high card Ace)
stefanov80: shows [2c As] (a pair of Aces)
stefanov80 collected 50 from pot
*** SUMMARY ***
Total pot 50 | Rake 0 
Board [Kc Qd 9s 4c Ad]
Seat 1: Mahu2021 (big blind) showed [5s 8c] and lost with high card Ace
Seat 2: stefanov80 (button) showed [2c As] and won (50) with a pair of Aces
Seat 3: V.J. Kayden (small blind) folded before Flop



PokerStars Hand #247524941087: Tournament #3683176805, $1.84+$0.16 USD Hold'em No Limit - Level II (15/30) - 2023/12/07 12:26:23 CET [2023/12/07 6:26:23 ET]
Table '3683176805 1' 3-max Seat #3 is the button
Seat 1: Mahu2021 (240 in chips) 
Seat 2: stefanov80 (570 in chips) 
Seat 3: V.J. Kayden (690 in chips) 
Mahu2021: posts small blind 15
stefanov80: posts big blind 30
*** HOLE CARDS ***
Dealt to Mahu2021 [Th Td]
V.J. Kayden: raises 30 to 60
Mahu2021: raises 180 to 240 and is all-in
stefanov80: folds 
V.J. Kayden: calls 180
*** FLOP *** [5d 3c Kh]
*** TURN *** [5d 3c Kh] [8c]
*** RIVER *** [5d 3c Kh 8c] [9h]
*** SHOW DOWN ***
Mahu2021: shows [Th Td] (a pair of Tens)
V.J. Kayden: shows [4s Ah] (high card Ace)
Mahu2021 collected 510 from pot
*** SUMMARY ***
Total pot 510 | Rake 0 
Board [5d 3c Kh 8c 9h]
Seat 1: Mahu2021 (small blind) showed [Th Td] and won (510) with a pair of Tens
Seat 2: stefanov80 (big blind) folded before Flop
Seat 3: V.J. Kayden (button) showed [4s Ah] and lost with high card Ace



PokerStars Hand #247524943878: Tournament #3683176805, $1.84+$0.16 USD Hold'em No Limit - Level II (15/30) - 2023/12/07 12:26:42 CET [2023/12/07 6:26:42 ET]
Table '3683176805 1' 3-max Seat #1 is the button
Seat 1: Mahu2021 (510 in chips) 
Seat 2: stefanov80 (540 in chips) 
Seat 3: V.J. Kayden (450 in chips) 
stefanov80: posts small blind 15
V.J. Kayden: posts big blind 30
*** HOLE CARDS ***
Dealt to Mahu2021 [Qs 8c]
Mahu2021: folds 
stefanov80: calls 15
V.J. Kayden: raises 420 to 450 and is all-in
stefanov80: folds 
Uncalled bet (420) returned to V.J. Kayden
V.J. Kayden collected 60 from pot
V.J. Kayden: doesn't show hand 
*** SUMMARY ***
Total pot 60 | Rake 0 
Seat 1: Mahu2021 (button) folded before Flop (didn't bet)
Seat 2: stefanov80 (small blind) folded before Flop
Seat 3: V.J. Kayden (big blind) collected (60)



PokerStars Hand #247524945446: Tournament #3683176805, $1.84+$0.16 USD Hold'em No Limit - Level II (15/30) - 2023/12/07 12:26:52 CET [2023/12/07 6:26:52 ET]
Table '3683176805 1' 3-max Seat #2 is the button
Seat 1: Mahu2021 (510 in chips) 
Seat 2: stefanov80 (510 in chips) 
Seat 3: V.J. Kayden (480 in chips) 
V.J. Kayden: posts small blind 15
Mahu2021: posts big blind 30
*** HOLE CARDS ***
Dealt to Mahu2021 [2h 4s]
stefanov80: calls 30
V.J. Kayden: calls 15
Mahu2021: checks 
*** FLOP *** [2c 8d 4d]
V.J. Kayden: checks 
Mahu2021: checks 
stefanov80: checks 
*** TURN *** [2c 8d 4d] [Js]
V.J. Kayden: checks 
Mahu2021: bets 30
stefanov80: folds 
V.J. Kayden: folds 
Uncalled bet (30) returned to Mahu2021
Mahu2021 collected 90 from pot
Mahu2021: doesn't show hand 
*** SUMMARY ***
Total pot 90 | Rake 0 
Board [2c 8d 4d Js]
Seat 1: Mahu2021 (big blind) collected (90)
Seat 2: stefanov80 (button) folded on the Turn
Seat 3: V.J. Kayden (small blind) folded on the Turn



PokerStars Hand #247524949124: Tournament #3683176805, $1.84+$0.16 USD Hold'em No Limit - Level II (15/30) - 2023/12/07 12:27:17 CET [2023/12/07 6:27:17 ET]
Table '3683176805 1' 3-max Seat #3 is the button
Seat 1: Mahu2021 (570 in chips) 
Seat 2: stefanov80 (480 in chips) 
Seat 3: V.J. Kayden (450 in chips) 
Mahu2021: posts small blind 15
stefanov80: posts big blind 30
*** HOLE CARDS ***
Dealt to Mahu2021 [4c 3h]
V.J. Kayden: folds 
Mahu2021: calls 15
stefanov80: checks 
*** FLOP *** [As Jh 3s]
Mahu2021: bets 30
stefanov80: folds 
Uncalled bet (30) returned to Mahu2021
Mahu2021 collected 60 from pot
Mahu2021: doesn't show hand 
*** SUMMARY ***
Total pot 60 | Rake 0 
Board [As Jh 3s]
Seat 1: Mahu2021 (small blind) collected (60)
Seat 2: stefanov80 (big blind) folded on the Flop
Seat 3: V.J. Kayden (button) folded before Flop (didn't bet)



PokerStars Hand #247524951028: Tournament #3683176805, $1.84+$0.16 USD Hold'em No Limit - Level II (15/30) - 2023/12/07 12:27:30 CET [2023/12/07 6:27:30 ET]
Table '3683176805 1' 3-max Seat #1 is the button
Seat 1: Mahu2021 (600 in chips) 
Seat 2: stefanov80 (450 in chips) 
Seat 3: V.J. Kayden (450 in chips) 
stefanov80: posts small blind 15
V.J. Kayden: posts big blind 30
*** HOLE CARDS ***
Dealt to Mahu2021 [Ad Jh]
Mahu2021: raises 60 to 90
stefanov80: folds 
V.J. Kayden: folds 
Uncalled bet (60) returned to Mahu2021
Mahu2021 collected 75 from pot
Mahu2021: doesn't show hand 
*** SUMMARY ***
Total pot 75 | Rake 0 
Seat 1: Mahu2021 (button) collected (75)
Seat 2: stefanov80 (small blind) folded before Flop
Seat 3: V.J. Kayden (big blind) folded before Flop



PokerStars Hand #247524952297: Tournament #3683176805, $1.84+$0.16 USD Hold'em No Limit - Level II (15/30) - 2023/12/07 12:27:39 CET [2023/12/07 6:27:39 ET]
Table '3683176805 1' 3-max Seat #2 is the button
Seat 1: Mahu2021 (645 in chips) 
Seat 2: stefanov80 (435 in chips) 
Seat 3: V.J. Kayden (420 in chips) 
V.J. Kayden: posts small blind 15
Mahu2021: posts big blind 30
*** HOLE CARDS ***
Dealt to Mahu2021 [2s 9s]
stefanov80: folds 
V.J. Kayden: folds 
Uncalled bet (15) returned to Mahu2021
Mahu2021 collected 30 from pot
Mahu2021: doesn't show hand 
*** SUMMARY ***
Total pot 30 | Rake 0 
Seat 1: Mahu2021 (big blind) collected (30)
Seat 2: stefanov80 (button) folded before Flop (didn't bet)
Seat 3: V.J. Kayden (small blind) folded before Flop



PokerStars Hand #247524953261: Tournament #3683176805, $1.84+$0.16 USD Hold'em No Limit - Level II (15/30) - 2023/12/07 12:27:45 CET [2023/12/07 6:27:45 ET]
Table '3683176805 1' 3-max Seat #3 is the button
Seat 1: Mahu2021 (660 in chips) 
Seat 2: stefanov80 (435 in chips) 
Seat 3: V.J. Kayden (405 in chips) 
Mahu2021: posts small blind 15
stefanov80: posts big blind 30
*** HOLE CARDS ***
Dealt to Mahu2021 [9h 7s]
V.J. Kayden: raises 30 to 60
Mahu2021: folds 
stefanov80: folds 
Uncalled bet (30) returned to V.J. Kayden
V.J. Kayden collected 75 from pot
V.J. Kayden: doesn't show hand 
*** SUMMARY ***
Total pot 75 | Rake 0 
Seat 1: Mahu2021 (small blind) folded before Flop
Seat 2: stefanov80 (big blind) folded before Flop
Seat 3: V.J. Kayden (button) collected (75)



PokerStars Hand #247524954809: Tournament #3683176805, $1.84+$0.16 USD Hold'em No Limit - Level II (15/30) - 2023/12/07 12:27:56 CET [2023/12/07 6:27:56 ET]
Table '3683176805 1' 3-max Seat #1 is the button
Seat 1: Mahu2021 (645 in chips) 
Seat 2: stefanov80 (405 in chips) 
Seat 3: V.J. Kayden (450 in chips) 
stefanov80: posts small blind 15
V.J. Kayden: posts big blind 30
*** HOLE CARDS ***
Dealt to Mahu2021 [7h 9s]
Mahu2021: folds 
stefanov80: raises 30 to 60
V.J. Kayden: calls 30
*** FLOP *** [Ac 5c 3h]
stefanov80: bets 60
V.J. Kayden: calls 60
*** TURN *** [Ac 5c 3h] [2s]
stefanov80: checks 
V.J. Kayden: bets 60
stefanov80: folds 
Uncalled bet (60) returned to V.J. Kayden
V.J. Kayden collected 240 from pot
V.J. Kayden: doesn't show hand 
*** SUMMARY ***
Total pot 240 | Rake 0 
Board [Ac 5c 3h 2s]
Seat 1: Mahu2021 (button) folded before Flop (didn't bet)
Seat 2: stefanov80 (small blind) folded on the Turn
Seat 3: V.J. Kayden (big blind) collected (240)



PokerStars Hand #247524958834: Tournament #3683176805, $1.84+$0.16 USD Hold'em No Limit - Level II (15/30) - 2023/12/07 12:28:21 CET [2023/12/07 6:28:21 ET]
Table '3683176805 1' 3-max Seat #2 is the button
Seat 1: Mahu2021 (645 in chips) 
Seat 2: stefanov80 (285 in chips) 
Seat 3: V.J. Kayden (570 in chips) 
V.J. Kayden: posts small blind 15
Mahu2021: posts big blind 30
*** HOLE CARDS ***
Dealt to Mahu2021 [Kc 8c]
stefanov80: raises 60 to 90
V.J. Kayden: folds 
Mahu2021: calls 60
*** FLOP *** [Tc Jh Js]
Mahu2021: checks 
stefanov80: bets 195 and is all-in
Mahu2021: folds 
Uncalled bet (195) returned to stefanov80
stefanov80 collected 195 from pot
*** SUMMARY ***
Total pot 195 | Rake 0 
Board [Tc Jh Js]
Seat 1: Mahu2021 (big blind) folded on the Flop
Seat 2: stefanov80 (button) collected (195)
Seat 3: V.J. Kayden (small blind) folded before Flop



PokerStars Hand #247524961017: Tournament #3683176805, $1.84+$0.16 USD Hold'em No Limit - Level II (15/30) - 2023/12/07 12:28:36 CET [2023/12/07 6:28:36 ET]
Table '3683176805 1' 3-max Seat #3 is the button
Seat 1: Mahu2021 (555 in chips) 
Seat 2: stefanov80 (390 in chips) 
Seat 3: V.J. Kayden (555 in chips) 
Mahu2021: posts small blind 15
stefanov80: posts big blind 30
*** HOLE CARDS ***
Dealt to Mahu2021 [Jc 8d]
V.J. Kayden: folds 
Mahu2021: calls 15
stefanov80: checks 
*** FLOP *** [Ac Td Qd]
Mahu2021: bets 30
stefanov80: folds 
Uncalled bet (30) returned to Mahu2021
Mahu2021 collected 60 from pot
Mahu2021: doesn't show hand 
*** SUMMARY ***
Total pot 60 | Rake 0 
Board [Ac Td Qd]
Seat 1: Mahu2021 (small blind) collected (60)
Seat 2: stefanov80 (big blind) folded on the Flop
Seat 3: V.J. Kayden (button) folded before Flop (didn't bet)



PokerStars Hand #247524963338: Tournament #3683176805, $1.84+$0.16 USD Hold'em No Limit - Level II (15/30) - 2023/12/07 12:28:51 CET [2023/12/07 6:28:51 ET]
Table '3683176805 1' 3-max Seat #1 is the button
Seat 1: Mahu2021 (585 in chips) 
Seat 2: stefanov80 (360 in chips) 
Seat 3: V.J. Kayden (555 in chips) 
stefanov80: posts small blind 15
V.J. Kayden: posts big blind 30
*** HOLE CARDS ***
Dealt to Mahu2021 [6d Qs]
Mahu2021: folds 
stefanov80: calls 15
V.J. Kayden: checks 
*** FLOP *** [6s 5c 4s]
stefanov80: checks 
V.J. Kayden: bets 525 and is all-in
stefanov80: folds 
Uncalled bet (525) returned to V.J. Kayden
V.J. Kayden collected 60 from pot
V.J. Kayden: doesn't show hand 
*** SUMMARY ***
Total pot 60 | Rake 0 
Board [6s 5c 4s]
Seat 1: Mahu2021 (button) folded before Flop (didn't bet)
Seat 2: stefanov80 (small blind) folded on the Flop
Seat 3: V.J. Kayden (big blind) collected (60)



PokerStars Hand #247524966474: Tournament #3683176805, $1.84+$0.16 USD Hold'em No Limit - Level II (15/30) - 2023/12/07 12:29:12 CET [2023/12/07 6:29:12 ET]
Table '3683176805 1' 3-max Seat #2 is the button
Seat 1: Mahu2021 (585 in chips) 
Seat 2: stefanov80 (330 in chips) 
Seat 3: V.J. Kayden (585 in chips) 
V.J. Kayden: posts small blind 15
Mahu2021: posts big blind 30
*** HOLE CARDS ***
Dealt to Mahu2021 [As 9h]
stefanov80: folds 
V.J. Kayden: calls 15
Mahu2021: checks 
*** FLOP *** [Kd Kh Jd]
V.J. Kayden: checks 
Mahu2021: bets 60
V.J. Kayden: folds 
Uncalled bet (60) returned to Mahu2021
Mahu2021 collected 60 from pot
Mahu2021: doesn't show hand 
*** SUMMARY ***
Total pot 60 | Rake 0 
Board [Kd Kh Jd]
Seat 1: Mahu2021 (big blind) collected (60)
Seat 2: stefanov80 (button) folded before Flop (didn't bet)
Seat 3: V.J. Kayden (small blind) folded on the Flop



PokerStars Hand #247524970239: Tournament #3683176805, $1.84+$0.16 USD Hold'em No Limit - Level III (20/40) - 2023/12/07 12:29:38 CET [2023/12/07 6:29:38 ET]
Table '3683176805 1' 3-max Seat #3 is the button
Seat 1: Mahu2021 (615 in chips) 
Seat 2: stefanov80 (330 in chips) 
Seat 3: V.J. Kayden (555 in chips) 
Mahu2021: posts small blind 20
stefanov80: posts big blind 40
*** HOLE CARDS ***
Dealt to Mahu2021 [Ac Kh]
V.J. Kayden: raises 40 to 80
Mahu2021: calls 60
stefanov80: calls 40
*** FLOP *** [Ks Jh 7d]
Mahu2021: bets 80
stefanov80: folds 
V.J. Kayden: folds 
Uncalled bet (80) returned to Mahu2021
Mahu2021 collected 240 from pot
Mahu2021: doesn't show hand 
*** SUMMARY ***
Total pot 240 | Rake 0 
Board [Ks Jh 7d]
Seat 1: Mahu2021 (small blind) collected (240)
Seat 2: stefanov80 (big blind) folded on the Flop
Seat 3: V.J. Kayden (button) folded on the Flop



PokerStars Hand #247524973592: Tournament #3683176805, $1.84+$0.16 USD Hold'em No Limit - Level III (20/40) - 2023/12/07 12:30:01 CET [2023/12/07 6:30:01 ET]
Table '3683176805 1' 3-max Seat #1 is the button
Seat 1: Mahu2021 (775 in chips) 
Seat 2: stefanov80 (250 in chips) 
Seat 3: V.J. Kayden (475 in chips) 
stefanov80: posts small blind 20
V.J. Kayden: posts big blind 40
*** HOLE CARDS ***
Dealt to Mahu2021 [6d 3d]
Mahu2021: folds 
stefanov80: raises 210 to 250 and is all-in
V.J. Kayden: folds 
Uncalled bet (210) returned to stefanov80
stefanov80 collected 80 from pot
*** SUMMARY ***
Total pot 80 | Rake 0 
Seat 1: Mahu2021 (button) folded before Flop (didn't bet)
Seat 2: stefanov80 (small blind) collected (80)
Seat 3: V.J. Kayden (big blind) folded before Flop



PokerStars Hand #247524975246: Tournament #3683176805, $1.84+$0.16 USD Hold'em No Limit - Level III (20/40) - 2023/12/07 12:30:12 CET [2023/12/07 6:30:12 ET]
Table '3683176805 1' 3-max Seat #2 is the button
Seat 1: Mahu2021 (775 in chips) 
Seat 2: stefanov80 (290 in chips) 
Seat 3: V.J. Kayden (435 in chips) 
V.J. Kayden: posts small blind 20
Mahu2021: posts big blind 40
*** HOLE CARDS ***
Dealt to Mahu2021 [Kd 4d]
stefanov80: folds 
V.J. Kayden: raises 395 to 435 and is all-in
Mahu2021: folds 
Uncalled bet (395) returned to V.J. Kayden
V.J. Kayden collected 80 from pot
V.J. Kayden: doesn't show hand 
*** SUMMARY ***
Total pot 80 | Rake 0 
Seat 1: Mahu2021 (big blind) folded before Flop
Seat 2: stefanov80 (button) folded before Flop (didn't bet)
Seat 3: V.J. Kayden (small blind) collected (80)



PokerStars Hand #247524976842: Tournament #3683176805, $1.84+$0.16 USD Hold'em No Limit - Level III (20/40) - 2023/12/07 12:30:22 CET [2023/12/07 6:30:22 ET]
Table '3683176805 1' 3-max Seat #3 is the button
Seat 1: Mahu2021 (735 in chips) 
Seat 2: stefanov80 (290 in chips) 
Seat 3: V.J. Kayden (475 in chips) 
Mahu2021: posts small blind 20
stefanov80: posts big blind 40
*** HOLE CARDS ***
Dealt to Mahu2021 [Kh Tc]
V.J. Kayden: folds 
Mahu2021: raises 40 to 80
stefanov80: raises 210 to 290 and is all-in
Mahu2021: calls 210
*** FLOP *** [7d Qh Jh]
*** TURN *** [7d Qh Jh] [Ad]
*** RIVER *** [7d Qh Jh Ad] [6c]
*** SHOW DOWN ***
Mahu2021: shows [Kh Tc] (a straight, Ten to Ace)
stefanov80: shows [Ks Th] (a straight, Ten to Ace)
Mahu2021 collected 290 from pot
stefanov80 collected 290 from pot
*** SUMMARY ***
Total pot 580 | Rake 0 
Board [7d Qh Jh Ad 6c]
Seat 1: Mahu2021 (small blind) showed [Kh Tc] and won (290) with a straight, Ten to Ace
Seat 2: stefanov80 (big blind) showed [Ks Th] and won (290) with a straight, Ten to Ace
Seat 3: V.J. Kayden (button) folded before Flop (didn't bet)



PokerStars Hand #247524979146: Tournament #3683176805, $1.84+$0.16 USD Hold'em No Limit - Level III (20/40) - 2023/12/07 12:30:38 CET [2023/12/07 6:30:38 ET]
Table '3683176805 1' 3-max Seat #1 is the button
Seat 1: Mahu2021 (735 in chips) 
Seat 2: stefanov80 (290 in chips) 
Seat 3: V.J. Kayden (475 in chips) 
stefanov80: posts small blind 20
V.J. Kayden: posts big blind 40
*** HOLE CARDS ***
Dealt to Mahu2021 [8s 9c]
Mahu2021: folds 
stefanov80: calls 20
V.J. Kayden: raises 435 to 475 and is all-in
stefanov80: folds 
Uncalled bet (435) returned to V.J. Kayden
V.J. Kayden collected 80 from pot
V.J. Kayden: doesn't show hand 
*** SUMMARY ***
Total pot 80 | Rake 0 
Seat 1: Mahu2021 (button) folded before Flop (didn't bet)
Seat 2: stefanov80 (small blind) folded before Flop
Seat 3: V.J. Kayden (big blind) collected (80)



PokerStars Hand #247524980892: Tournament #3683176805, $1.84+$0.16 USD Hold'em No Limit - Level III (20/40) - 2023/12/07 12:30:50 CET [2023/12/07 6:30:50 ET]
Table '3683176805 1' 3-max Seat #2 is the button
Seat 1: Mahu2021 (735 in chips) 
Seat 2: stefanov80 (250 in chips) 
Seat 3: V.J. Kayden (515 in chips) 
V.J. Kayden: posts small blind 20
Mahu2021: posts big blind 40
*** HOLE CARDS ***
Dealt to Mahu2021 [Jh 2h]
stefanov80: raises 210 to 250 and is all-in
V.J. Kayden: folds 
Mahu2021: folds 
Uncalled bet (210) returned to stefanov80
stefanov80 collected 100 from pot
*** SUMMARY ***
Total pot 100 | Rake 0 
Seat 1: Mahu2021 (big blind) folded before Flop
Seat 2: stefanov80 (button) collected (100)
Seat 3: V.J. Kayden (small blind) folded before Flop



PokerStars Hand #247524982587: Tournament #3683176805, $1.84+$0.16 USD Hold'em No Limit - Level III (20/40) - 2023/12/07 12:31:01 CET [2023/12/07 6:31:01 ET]
Table '3683176805 1' 3-max Seat #3 is the button
Seat 1: Mahu2021 (695 in chips) 
Seat 2: stefanov80 (310 in chips) 
Seat 3: V.J. Kayden (495 in chips) 
Mahu2021: posts small blind 20
stefanov80: posts big blind 40
*** HOLE CARDS ***
Dealt to Mahu2021 [Ac Kh]
V.J. Kayden: folds 
Mahu2021: raises 40 to 80
stefanov80: calls 40
*** FLOP *** [3c Tc 5d]
Mahu2021: bets 615 and is all-in
stefanov80: folds 
Uncalled bet (615) returned to Mahu2021
Mahu2021 collected 160 from pot
Mahu2021: doesn't show hand 
*** SUMMARY ***
Total pot 160 | Rake 0 
Board [3c Tc 5d]
Seat 1: Mahu2021 (small blind) collected (160)
Seat 2: stefanov80 (big blind) folded on the Flop
Seat 3: V.J. Kayden (button) folded before Flop (didn't bet)



PokerStars Hand #247524985228: Tournament #3683176805, $1.84+$0.16 USD Hold'em No Limit - Level III (20/40) - 2023/12/07 12:31:20 CET [2023/12/07 6:31:20 ET]
Table '3683176805 1' 3-max Seat #1 is the button
Seat 1: Mahu2021 (775 in chips) 
Seat 2: stefanov80 (230 in chips) 
Seat 3: V.J. Kayden (495 in chips) 
stefanov80: posts small blind 20
V.J. Kayden: posts big blind 40
*** HOLE CARDS ***
Dealt to Mahu2021 [Ks 5c]
Mahu2021: folds 
stefanov80: calls 20
V.J. Kayden: raises 40 to 80
stefanov80: calls 40
*** FLOP *** [6h Td 6d]
stefanov80: bets 150 and is all-in
V.J. Kayden: calls 150
*** TURN *** [6h Td 6d] [Jh]
*** RIVER *** [6h Td 6d Jh] [Ah]
*** SHOW DOWN ***
stefanov80: shows [7d Ts] (two pair, Tens and Sixes)
V.J. Kayden: shows [As Ad] (a full house, Aces full of Sixes)
V.J. Kayden collected 460 from pot
stefanov80 finished the tournament in 3rd place
*** SUMMARY ***
Total pot 460 | Rake 0 
Board [6h Td 6d Jh Ah]
Seat 1: Mahu2021 (button) folded before Flop (didn't bet)
Seat 2: stefanov80 (small blind) showed [7d Ts] and lost with two pair, Tens and Sixes
Seat 3: V.J. Kayden (big blind) showed [As Ad] and won (460) with a full house, Aces full of Sixes



PokerStars Hand #247524989172: Tournament #3683176805, $1.84+$0.16 USD Hold'em No Limit - Level III (20/40) - 2023/12/07 12:31:46 CET [2023/12/07 6:31:46 ET]
Table '3683176805 1' 3-max Seat #3 is the button
Seat 1: Mahu2021 (775 in chips) 
Seat 3: V.J. Kayden (725 in chips) 
V.J. Kayden: posts small blind 20
Mahu2021: posts big blind 40
*** HOLE CARDS ***
Dealt to Mahu2021 [5s 7s]
V.J. Kayden: folds 
Uncalled bet (20) returned to Mahu2021
Mahu2021 collected 40 from pot
Mahu2021: doesn't show hand 
*** SUMMARY ***
Total pot 40 | Rake 0 
Seat 1: Mahu2021 (big blind) collected (40)
Seat 3: V.J. Kayden (button) (small blind) folded before Flop



PokerStars Hand #247524989893: Tournament #3683176805, $1.84+$0.16 USD Hold'em No Limit - Level III (20/40) - 2023/12/07 12:31:51 CET [2023/12/07 6:31:51 ET]
Table '3683176805 1' 3-max Seat #1 is the button
Seat 1: Mahu2021 (795 in chips) 
Seat 3: V.J. Kayden (705 in chips) 
Mahu2021: posts small blind 20
V.J. Kayden: posts big blind 40
*** HOLE CARDS ***
Dealt to Mahu2021 [Jd 6c]
Mahu2021: calls 20
V.J. Kayden: checks 
*** FLOP *** [6s Jh 9h]
V.J. Kayden: checks 
Mahu2021: checks 
*** TURN *** [6s Jh 9h] [Ad]
V.J. Kayden: bets 40
Mahu2021: raises 40 to 80
V.J. Kayden: calls 40
*** RIVER *** [6s Jh 9h Ad] [6h]
V.J. Kayden: checks 
Mahu2021: bets 80
V.J. Kayden: calls 80
*** SHOW DOWN ***
Mahu2021: shows [Jd 6c] (a full house, Sixes full of Jacks)
V.J. Kayden: mucks hand 
Mahu2021 collected 400 from pot
*** SUMMARY ***
Total pot 400 | Rake 0 
Board [6s Jh 9h Ad 6h]
Seat 1: Mahu2021 (button) (small blind) showed [Jd 6c] and won (400) with a full house, Sixes full of Jacks
Seat 3: V.J. Kayden (big blind) mucked [Qh Js]



PokerStars Hand #247524995451: Tournament #3683176805, $1.84+$0.16 USD Hold'em No Limit - Level IV (30/60) - 2023/12/07 12:32:29 CET [2023/12/07 6:32:29 ET]
Table '3683176805 1' 3-max Seat #3 is the button
Seat 1: Mahu2021 (995 in chips) 
Seat 3: V.J. Kayden (505 in chips) 
V.J. Kayden: posts small blind 30
Mahu2021: posts big blind 60
*** HOLE CARDS ***
Dealt to Mahu2021 [Kc 8h]
V.J. Kayden: folds 
Uncalled bet (30) returned to Mahu2021
Mahu2021 collected 60 from pot
Mahu2021: doesn't show hand 
*** SUMMARY ***
Total pot 60 | Rake 0 
Seat 1: Mahu2021 (big blind) collected (60)
Seat 3: V.J. Kayden (button) (small blind) folded before Flop



PokerStars Hand #247524996680: Tournament #3683176805, $1.84+$0.16 USD Hold'em No Limit - Level IV (30/60) - 2023/12/07 12:32:37 CET [2023/12/07 6:32:37 ET]
Table '3683176805 1' 3-max Seat #1 is the button
Seat 1: Mahu2021 (1025 in chips) 
Seat 3: V.J. Kayden (475 in chips) 
Mahu2021: posts small blind 30
V.J. Kayden: posts big blind 60
*** HOLE CARDS ***
Dealt to Mahu2021 [9c 8h]
Mahu2021: calls 30
V.J. Kayden: raises 415 to 475 and is all-in
Mahu2021: folds 
Uncalled bet (415) returned to V.J. Kayden
V.J. Kayden collected 120 from pot
V.J. Kayden: doesn't show hand 
*** SUMMARY ***
Total pot 120 | Rake 0 
Seat 1: Mahu2021 (button) (small blind) folded before Flop
Seat 3: V.J. Kayden (big blind) collected (120)



PokerStars Hand #247524998229: Tournament #3683176805, $1.84+$0.16 USD Hold'em No Limit - Level IV (30/60) - 2023/12/07 12:32:47 CET [2023/12/07 6:32:47 ET]
Table '3683176805 1' 3-max Seat #3 is the button
Seat 1: Mahu2021 (965 in chips) 
Seat 3: V.J. Kayden (535 in chips) 
V.J. Kayden: posts small blind 30
Mahu2021: posts big blind 60
*** HOLE CARDS ***
Dealt to Mahu2021 [Th Kc]
V.J. Kayden: calls 30
Mahu2021: raises 120 to 180
V.J. Kayden: folds 
Uncalled bet (120) returned to Mahu2021
Mahu2021 collected 120 from pot
Mahu2021: doesn't show hand 
*** SUMMARY ***
Total pot 120 | Rake 0 
Seat 1: Mahu2021 (big blind) collected (120)
Seat 3: V.J. Kayden (button) (small blind) folded before Flop



PokerStars Hand #247525000288: Tournament #3683176805, $1.84+$0.16 USD Hold'em No Limit - Level IV (30/60) - 2023/12/07 12:33:00 CET [2023/12/07 6:33:00 ET]
Table '3683176805 1' 3-max Seat #1 is the button
Seat 1: Mahu2021 (1025 in chips) 
Seat 3: V.J. Kayden (475 in chips) 
Mahu2021: posts small blind 30
V.J. Kayden: posts big blind 60
*** HOLE CARDS ***
Dealt to Mahu2021 [2c Jh]
Mahu2021: calls 30
V.J. Kayden: raises 415 to 475 and is all-in
Mahu2021: folds 
Uncalled bet (415) returned to V.J. Kayden
V.J. Kayden collected 120 from pot
V.J. Kayden: doesn't show hand 
*** SUMMARY ***
Total pot 120 | Rake 0 
Seat 1: Mahu2021 (button) (small blind) folded before Flop
Seat 3: V.J. Kayden (big blind) collected (120)



PokerStars Hand #247525001821: Tournament #3683176805, $1.84+$0.16 USD Hold'em No Limit - Level IV (30/60) - 2023/12/07 12:33:10 CET [2023/12/07 6:33:10 ET]
Table '3683176805 1' 3-max Seat #3 is the button
Seat 1: Mahu2021 (965 in chips) 
Seat 3: V.J. Kayden (535 in chips) 
V.J. Kayden: posts small blind 30
Mahu2021: posts big blind 60
*** HOLE CARDS ***
Dealt to Mahu2021 [4d 7h]
V.J. Kayden: calls 30
Mahu2021: checks 
*** FLOP *** [5c Ah As]
Mahu2021: checks 
V.J. Kayden: checks 
*** TURN *** [5c Ah As] [Jd]
Mahu2021: checks 
V.J. Kayden: checks 
*** RIVER *** [5c Ah As Jd] [8h]
Mahu2021: bets 240
V.J. Kayden: folds 
Uncalled bet (240) returned to Mahu2021
Mahu2021 collected 120 from pot
Mahu2021: doesn't show hand 
*** SUMMARY ***
Total pot 120 | Rake 0 
Board [5c Ah As Jd 8h]
Seat 1: Mahu2021 (big blind) collected (120)
Seat 3: V.J. Kayden (button) (small blind) folded on the River



PokerStars Hand #247525006212: Tournament #3683176805, $1.84+$0.16 USD Hold'em No Limit - Level IV (30/60) - 2023/12/07 12:33:39 CET [2023/12/07 6:33:39 ET]
Table '3683176805 1' 3-max Seat #1 is the button
Seat 1: Mahu2021 (1025 in chips) 
Seat 3: V.J. Kayden (475 in chips) 
Mahu2021: posts small blind 30
V.J. Kayden: posts big blind 60
*** HOLE CARDS ***
Dealt to Mahu2021 [9d Kc]
Mahu2021: calls 30
V.J. Kayden: checks 
*** FLOP *** [Tc Ac Ah]
V.J. Kayden: bets 120
Mahu2021: folds 
Uncalled bet (120) returned to V.J. Kayden
V.J. Kayden collected 120 from pot
V.J. Kayden: doesn't show hand 
*** SUMMARY ***
Total pot 120 | Rake 0 
Board [Tc Ac Ah]
Seat 1: Mahu2021 (button) (small blind) folded on the Flop
Seat 3: V.J. Kayden (big blind) collected (120)



PokerStars Hand #247525011201: Tournament #3683176805, $1.84+$0.16 USD Hold'em No Limit - Level IV (30/60) - 2023/12/07 12:34:12 CET [2023/12/07 6:34:12 ET]
Table '3683176805 1' 3-max Seat #3 is the button
Seat 1: Mahu2021 (965 in chips) 
Seat 3: V.J. Kayden (535 in chips) 
V.J. Kayden: posts small blind 30
Mahu2021: posts big blind 60
*** HOLE CARDS ***
Dealt to Mahu2021 [9s 4c]
V.J. Kayden: calls 30
Mahu2021: checks 
*** FLOP *** [Qh 7c 4d]
Mahu2021: bets 60
V.J. Kayden: folds 
Uncalled bet (60) returned to Mahu2021
Mahu2021 collected 120 from pot
Mahu2021: doesn't show hand 
*** SUMMARY ***
Total pot 120 | Rake 0 
Board [Qh 7c 4d]
Seat 1: Mahu2021 (big blind) collected (120)
Seat 3: V.J. Kayden (button) (small blind) folded on the Flop



PokerStars Hand #247525013727: Tournament #3683176805, $1.84+$0.16 USD Hold'em No Limit - Level IV (30/60) - 2023/12/07 12:34:28 CET [2023/12/07 6:34:28 ET]
Table '3683176805 1' 3-max Seat #1 is the button
Seat 1: Mahu2021 (1025 in chips) 
Seat 3: V.J. Kayden (475 in chips) 
Mahu2021: posts small blind 30
V.J. Kayden: posts big blind 60
*** HOLE CARDS ***
Dealt to Mahu2021 [Jd Ad]
Mahu2021: calls 30
V.J. Kayden: checks 
*** FLOP *** [9s 8h Qs]
V.J. Kayden: bets 60
Mahu2021: calls 60
*** TURN *** [9s 8h Qs] [2d]
V.J. Kayden: bets 60
Mahu2021: calls 60
*** RIVER *** [9s 8h Qs 2d] [5s]
V.J. Kayden: bets 180
Mahu2021: folds 
Uncalled bet (180) returned to V.J. Kayden
V.J. Kayden collected 360 from pot
V.J. Kayden: doesn't show hand 
*** SUMMARY ***
Total pot 360 | Rake 0 
Board [9s 8h Qs 2d 5s]
Seat 1: Mahu2021 (button) (small blind) folded on the River
Seat 3: V.J. Kayden (big blind) collected (360)



PokerStars Hand #247525017123: Tournament #3683176805, $1.84+$0.16 USD Hold'em No Limit - Level IV (30/60) - 2023/12/07 12:34:50 CET [2023/12/07 6:34:50 ET]
Table '3683176805 1' 3-max Seat #3 is the button
Seat 1: Mahu2021 (845 in chips) 
Seat 3: V.J. Kayden (655 in chips) 
V.J. Kayden: posts small blind 30
Mahu2021: posts big blind 60
*** HOLE CARDS ***
Dealt to Mahu2021 [Ks Tc]
V.J. Kayden: folds 
Uncalled bet (30) returned to Mahu2021
Mahu2021 collected 60 from pot
Mahu2021: doesn't show hand 
*** SUMMARY ***
Total pot 60 | Rake 0 
Seat 1: Mahu2021 (big blind) collected (60)
Seat 3: V.J. Kayden (button) (small blind) folded before Flop



PokerStars Hand #247525017865: Tournament #3683176805, $1.84+$0.16 USD Hold'em No Limit - Level IV (30/60) - 2023/12/07 12:34:55 CET [2023/12/07 6:34:55 ET]
Table '3683176805 1' 3-max Seat #1 is the button
Seat 1: Mahu2021 (875 in chips) 
Seat 3: V.J. Kayden (625 in chips) 
Mahu2021: posts small blind 30
V.J. Kayden: posts big blind 60
*** HOLE CARDS ***
Dealt to Mahu2021 [4s 4c]
Mahu2021: raises 815 to 875 and is all-in
V.J. Kayden: folds 
Uncalled bet (815) returned to Mahu2021
Mahu2021 collected 120 from pot
Mahu2021: doesn't show hand 
*** SUMMARY ***
Total pot 120 | Rake 0 
Seat 1: Mahu2021 (button) (small blind) collected (120)
Seat 3: V.J. Kayden (big blind) folded before Flop



PokerStars Hand #247525018976: Tournament #3683176805, $1.84+$0.16 USD Hold'em No Limit - Level IV (30/60) - 2023/12/07 12:35:03 CET [2023/12/07 6:35:03 ET]
Table '3683176805 1' 3-max Seat #3 is the button
Seat 1: Mahu2021 (935 in chips) 
Seat 3: V.J. Kayden (565 in chips) 
V.J. Kayden: posts small blind 30
Mahu2021: posts big blind 60
*** HOLE CARDS ***
Dealt to Mahu2021 [4s 3d]
V.J. Kayden: folds 
Uncalled bet (30) returned to Mahu2021
Mahu2021 collected 60 from pot
Mahu2021: doesn't show hand 
*** SUMMARY ***
Total pot 60 | Rake 0 
Seat 1: Mahu2021 (big blind) collected (60)
Seat 3: V.J. Kayden (button) (small blind) folded before Flop



PokerStars Hand #247525019638: Tournament #3683176805, $1.84+$0.16 USD Hold'em No Limit - Level IV (30/60) - 2023/12/07 12:35:07 CET [2023/12/07 6:35:07 ET]
Table '3683176805 1' 3-max Seat #1 is the button
Seat 1: Mahu2021 (965 in chips) 
Seat 3: V.J. Kayden (535 in chips) 
Mahu2021: posts small blind 30
V.J. Kayden: posts big blind 60
*** HOLE CARDS ***
Dealt to Mahu2021 [7d Jc]
Mahu2021: calls 30
V.J. Kayden: raises 475 to 535 and is all-in
Mahu2021: folds 
Uncalled bet (475) returned to V.J. Kayden
V.J. Kayden collected 120 from pot
V.J. Kayden: doesn't show hand 
*** SUMMARY ***
Total pot 120 | Rake 0 
Seat 1: Mahu2021 (button) (small blind) folded before Flop
Seat 3: V.J. Kayden (big blind) collected (120)



PokerStars Hand #247525021886: Tournament #3683176805, $1.84+$0.16 USD Hold'em No Limit - Level V (40/80) - 2023/12/07 12:35:22 CET [2023/12/07 6:35:22 ET]
Table '3683176805 1' 3-max Seat #3 is the button
Seat 1: Mahu2021 (905 in chips) 
Seat 3: V.J. Kayden (595 in chips) 
V.J. Kayden: posts small blind 40
Mahu2021: posts big blind 80
*** HOLE CARDS ***
Dealt to Mahu2021 [5c Tc]
V.J. Kayden: raises 515 to 595 and is all-in
Mahu2021: folds 
Uncalled bet (515) returned to V.J. Kayden
V.J. Kayden collected 160 from pot
V.J. Kayden: doesn't show hand 
*** SUMMARY ***
Total pot 160 | Rake 0 
Seat 1: Mahu2021 (big blind) folded before Flop
Seat 3: V.J. Kayden (button) (small blind) collected (160)



PokerStars Hand #247525023086: Tournament #3683176805, $1.84+$0.16 USD Hold'em No Limit - Level V (40/80) - 2023/12/07 12:35:30 CET [2023/12/07 6:35:30 ET]
Table '3683176805 1' 3-max Seat #1 is the button
Seat 1: Mahu2021 (825 in chips) 
Seat 3: V.J. Kayden (675 in chips) 
Mahu2021: posts small blind 40
V.J. Kayden: posts big blind 80
*** HOLE CARDS ***
Dealt to Mahu2021 [8h Td]
Mahu2021: calls 40
V.J. Kayden: checks 
*** FLOP *** [Kh Tc 7h]
V.J. Kayden: checks 
Mahu2021: bets 80
V.J. Kayden: calls 80
*** TURN *** [Kh Tc 7h] [6c]
V.J. Kayden: checks 
Mahu2021: bets 320
V.J. Kayden: folds 
Uncalled bet (320) returned to Mahu2021
Mahu2021 collected 320 from pot
Mahu2021: doesn't show hand 
*** SUMMARY ***
Total pot 320 | Rake 0 
Board [Kh Tc 7h 6c]
Seat 1: Mahu2021 (button) (small blind) collected (320)
Seat 3: V.J. Kayden (big blind) folded on the Turn



PokerStars Hand #247525025757: Tournament #3683176805, $1.84+$0.16 USD Hold'em No Limit - Level V (40/80) - 2023/12/07 12:35:47 CET [2023/12/07 6:35:47 ET]
Table '3683176805 1' 3-max Seat #3 is the button
Seat 1: Mahu2021 (985 in chips) 
Seat 3: V.J. Kayden (515 in chips) 
V.J. Kayden: posts small blind 40
Mahu2021: posts big blind 80
*** HOLE CARDS ***
Dealt to Mahu2021 [5h 2s]
V.J. Kayden: raises 435 to 515 and is all-in
Mahu2021: folds 
Uncalled bet (435) returned to V.J. Kayden
V.J. Kayden collected 160 from pot
V.J. Kayden: doesn't show hand 
*** SUMMARY ***
Total pot 160 | Rake 0 
Seat 1: Mahu2021 (big blind) folded before Flop
Seat 3: V.J. Kayden (button) (small blind) collected (160)



PokerStars Hand #247525026924: Tournament #3683176805, $1.84+$0.16 USD Hold'em No Limit - Level V (40/80) - 2023/12/07 12:35:55 CET [2023/12/07 6:35:55 ET]
Table '3683176805 1' 3-max Seat #1 is the button
Seat 1: Mahu2021 (905 in chips) 
Seat 3: V.J. Kayden (595 in chips) 
Mahu2021: posts small blind 40
V.J. Kayden: posts big blind 80
*** HOLE CARDS ***
Dealt to Mahu2021 [3c Kc]
Mahu2021: raises 80 to 160
V.J. Kayden: raises 435 to 595 and is all-in
Mahu2021: calls 435
*** FLOP *** [9d 5d As]
*** TURN *** [9d 5d As] [4d]
*** RIVER *** [9d 5d As 4d] [7d]
*** SHOW DOWN ***
V.J. Kayden: shows [Td Tc] (a flush, Ten high)
Mahu2021: shows [3c Kc] (high card Ace)
V.J. Kayden collected 1190 from pot
*** SUMMARY ***
Total pot 1190 | Rake 0 
Board [9d 5d As 4d 7d]
Seat 1: Mahu2021 (button) (small blind) showed [3c Kc] and lost with high card Ace
Seat 3: V.J. Kayden (big blind) showed [Td Tc] and won (1190) with a flush, Ten high



PokerStars Hand #247525029277: Tournament #3683176805, $1.84+$0.16 USD Hold'em No Limit - Level V (40/80) - 2023/12/07 12:36:10 CET [2023/12/07 6:36:10 ET]
Table '3683176805 1' 3-max Seat #3 is the button
Seat 1: Mahu2021 (310 in chips) 
Seat 3: V.J. Kayden (1190 in chips) 
V.J. Kayden: posts small blind 40
Mahu2021: posts big blind 80
*** HOLE CARDS ***
Dealt to Mahu2021 [4h As]
V.J. Kayden: calls 40
Mahu2021: raises 230 to 310 and is all-in
V.J. Kayden: calls 230
*** FLOP *** [3d 8s 3h]
*** TURN *** [3d 8s 3h] [4c]
*** RIVER *** [3d 8s 3h 4c] [Ad]
*** SHOW DOWN ***
Mahu2021: shows [4h As] (two pair, Aces and Fours)
V.J. Kayden: shows [Jd 9s] (a pair of Threes)
Mahu2021 collected 620 from pot
*** SUMMARY ***
Total pot 620 | Rake 0 
Board [3d 8s 3h 4c Ad]
Seat 1: Mahu2021 (big blind) showed [4h As] and won (620) with two pair, Aces and Fours
Seat 3: V.J. Kayden (button) (small blind) showed [Jd 9s] and lost with a pair of Threes



PokerStars Hand #247525031664: Tournament #3683176805, $1.84+$0.16 USD Hold'em No Limit - Level V (40/80) - 2023/12/07 12:36:26 CET [2023/12/07 6:36:26 ET]
Table '3683176805 1' 3-max Seat #1 is the button
Seat 1: Mahu2021 (620 in chips) 
Seat 3: V.J. Kayden (880 in chips) 
Mahu2021: posts small blind 40
V.J. Kayden: posts big blind 80
*** HOLE CARDS ***
Dealt to Mahu2021 [Qc Kh]
Mahu2021: raises 540 to 620 and is all-in
V.J. Kayden: folds 
Uncalled bet (540) returned to Mahu2021
Mahu2021 collected 160 from pot
Mahu2021: doesn't show hand 
*** SUMMARY ***
Total pot 160 | Rake 0 
Seat 1: Mahu2021 (button) (small blind) collected (160)
Seat 3: V.J. Kayden (big blind) folded before Flop



PokerStars Hand #247525032695: Tournament #3683176805, $1.84+$0.16 USD Hold'em No Limit - Level V (40/80) - 2023/12/07 12:36:32 CET [2023/12/07 6:36:32 ET]
Table '3683176805 1' 3-max Seat #3 is the button
Seat 1: Mahu2021 (700 in chips) 
Seat 3: V.J. Kayden (800 in chips) 
V.J. Kayden: posts small blind 40
Mahu2021: posts big blind 80
*** HOLE CARDS ***
Dealt to Mahu2021 [9c 7h]
V.J. Kayden: folds 
Uncalled bet (40) returned to Mahu2021
Mahu2021 collected 80 from pot
Mahu2021: doesn't show hand 
*** SUMMARY ***
Total pot 80 | Rake 0 
Seat 1: Mahu2021 (big blind) collected (80)
Seat 3: V.J. Kayden (button) (small blind) folded before Flop



PokerStars Hand #247525033397: Tournament #3683176805, $1.84+$0.16 USD Hold'em No Limit - Level V (40/80) - 2023/12/07 12:36:37 CET [2023/12/07 6:36:37 ET]
Table '3683176805 1' 3-max Seat #1 is the button
Seat 1: Mahu2021 (740 in chips) 
Seat 3: V.J. Kayden (760 in chips) 
Mahu2021: posts small blind 40
V.J. Kayden: posts big blind 80
*** HOLE CARDS ***
Dealt to Mahu2021 [Ah 3d]
Mahu2021: raises 660 to 740 and is all-in
V.J. Kayden: folds 
Uncalled bet (660) returned to Mahu2021
Mahu2021 collected 160 from pot
Mahu2021: doesn't show hand 
*** SUMMARY ***
Total pot 160 | Rake 0 
Seat 1: Mahu2021 (button) (small blind) collected (160)
Seat 3: V.J. Kayden (big blind) folded before Flop



PokerStars Hand #247525034625: Tournament #3683176805, $1.84+$0.16 USD Hold'em No Limit - Level V (40/80) - 2023/12/07 12:36:45 CET [2023/12/07 6:36:45 ET]
Table '3683176805 1' 3-max Seat #3 is the button
Seat 1: Mahu2021 (820 in chips) 
Seat 3: V.J. Kayden (680 in chips) 
V.J. Kayden: posts small blind 40
Mahu2021: posts big blind 80
*** HOLE CARDS ***
Dealt to Mahu2021 [9d 2s]
V.J. Kayden: folds 
Uncalled bet (40) returned to Mahu2021
Mahu2021 collected 80 from pot
Mahu2021: doesn't show hand 
*** SUMMARY ***
Total pot 80 | Rake 0 
Seat 1: Mahu2021 (big blind) collected (80)
Seat 3: V.J. Kayden (button) (small blind) folded before Flop



PokerStars Hand #247525035285: Tournament #3683176805, $1.84+$0.16 USD Hold'em No Limit - Level V (40/80) - 2023/12/07 12:36:49 CET [2023/12/07 6:36:49 ET]
Table '3683176805 1' 3-max Seat #1 is the button
Seat 1: Mahu2021 (860 in chips) 
Seat 3: V.J. Kayden (640 in chips) 
Mahu2021: posts small blind 40
V.J. Kayden: posts big blind 80
*** HOLE CARDS ***
Dealt to Mahu2021 [8d Tc]
Mahu2021: calls 40
V.J. Kayden: raises 560 to 640 and is all-in
Mahu2021: folds 
Uncalled bet (560) returned to V.J. Kayden
V.J. Kayden collected 160 from pot
V.J. Kayden: doesn't show hand 
*** SUMMARY ***
Total pot 160 | Rake 0 
Seat 1: Mahu2021 (button) (small blind) folded before Flop
Seat 3: V.J. Kayden (big blind) collected (160)



PokerStars Hand #247525036639: Tournament #3683176805, $1.84+$0.16 USD Hold'em No Limit - Level V (40/80) - 2023/12/07 12:36:58 CET [2023/12/07 6:36:58 ET]
Table '3683176805 1' 3-max Seat #3 is the button
Seat 1: Mahu2021 (780 in chips) 
Seat 3: V.J. Kayden (720 in chips) 
V.J. Kayden: posts small blind 40
Mahu2021: posts big blind 80
*** HOLE CARDS ***
Dealt to Mahu2021 [Qc Kh]
V.J. Kayden: calls 40
Mahu2021: raises 160 to 240
V.J. Kayden: folds 
Uncalled bet (160) returned to Mahu2021
Mahu2021 collected 160 from pot
Mahu2021: doesn't show hand 
*** SUMMARY ***
Total pot 160 | Rake 0 
Seat 1: Mahu2021 (big blind) collected (160)
Seat 3: V.J. Kayden (button) (small blind) folded before Flop



PokerStars Hand #247525038201: Tournament #3683176805, $1.84+$0.16 USD Hold'em No Limit - Level V (40/80) - 2023/12/07 12:37:08 CET [2023/12/07 6:37:08 ET]
Table '3683176805 1' 3-max Seat #1 is the button
Seat 1: Mahu2021 (860 in chips) 
Seat 3: V.J. Kayden (640 in chips) 
Mahu2021: posts small blind 40
V.J. Kayden: posts big blind 80
*** HOLE CARDS ***
Dealt to Mahu2021 [Jd Qc]
Mahu2021: raises 160 to 240
V.J. Kayden: raises 400 to 640 and is all-in
Mahu2021: calls 400
*** FLOP *** [2s Ts 9d]
*** TURN *** [2s Ts 9d] [4h]
*** RIVER *** [2s Ts 9d 4h] [Tc]
*** SHOW DOWN ***
V.J. Kayden: shows [3h 3d] (two pair, Tens and Threes)
Mahu2021: shows [Jd Qc] (a pair of Tens)
V.J. Kayden collected 1280 from pot
*** SUMMARY ***
Total pot 1280 | Rake 0 
Board [2s Ts 9d 4h Tc]
Seat 1: Mahu2021 (button) (small blind) showed [Jd Qc] and lost with a pair of Tens
Seat 3: V.J. Kayden (big blind) showed [3h 3d] and won (1280) with two pair, Tens and Threes



PokerStars Hand #247525041036: Tournament #3683176805, $1.84+$0.16 USD Hold'em No Limit - Level V (40/80) - 2023/12/07 12:37:26 CET [2023/12/07 6:37:26 ET]
Table '3683176805 1' 3-max Seat #3 is the button
Seat 1: Mahu2021 (220 in chips) 
Seat 3: V.J. Kayden (1280 in chips) 
V.J. Kayden: posts small blind 40
Mahu2021: posts big blind 80
*** HOLE CARDS ***
Dealt to Mahu2021 [9c 8d]
V.J. Kayden: raises 1200 to 1280 and is all-in
Mahu2021: calls 140 and is all-in
Uncalled bet (1060) returned to V.J. Kayden
*** FLOP *** [3h 2s 4h]
*** TURN *** [3h 2s 4h] [8h]
*** RIVER *** [3h 2s 4h 8h] [4d]
*** SHOW DOWN ***
Mahu2021: shows [9c 8d] (two pair, Eights and Fours)
V.J. Kayden: shows [9d 8c] (two pair, Eights and Fours)
Mahu2021 collected 220 from pot
V.J. Kayden collected 220 from pot
*** SUMMARY ***
Total pot 440 | Rake 0 
Board [3h 2s 4h 8h 4d]
Seat 1: Mahu2021 (big blind) showed [9c 8d] and won (220) with two pair, Eights and Fours
Seat 3: V.J. Kayden (button) (small blind) showed [9d 8c] and won (220) with two pair, Eights and Fours



PokerStars Hand #247525043139: Tournament #3683176805, $1.84+$0.16 USD Hold'em No Limit - Level V (40/80) - 2023/12/07 12:37:40 CET [2023/12/07 6:37:40 ET]
Table '3683176805 1' 3-max Seat #1 is the button
Seat 1: Mahu2021 (220 in chips) 
Seat 3: V.J. Kayden (1280 in chips) 
Mahu2021: posts small blind 40
V.J. Kayden: posts big blind 80
*** HOLE CARDS ***
Dealt to Mahu2021 [5s Ts]
Mahu2021: folds 
Uncalled bet (40) returned to V.J. Kayden
V.J. Kayden collected 80 from pot
V.J. Kayden: doesn't show hand 
*** SUMMARY ***
Total pot 80 | Rake 0 
Seat 1: Mahu2021 (button) (small blind) folded before Flop
Seat 3: V.J. Kayden (big blind) collected (80)



PokerStars Hand #247525043902: Tournament #3683176805, $1.84+$0.16 USD Hold'em No Limit - Level V (40/80) - 2023/12/07 12:37:45 CET [2023/12/07 6:37:45 ET]
Table '3683176805 1' 3-max Seat #3 is the button
Seat 1: Mahu2021 (180 in chips) 
Seat 3: V.J. Kayden (1320 in chips) 
V.J. Kayden: posts small blind 40
Mahu2021: posts big blind 80
*** HOLE CARDS ***
Dealt to Mahu2021 [Ad 8h]
V.J. Kayden: folds 
Uncalled bet (40) returned to Mahu2021
Mahu2021 collected 80 from pot
Mahu2021: doesn't show hand 
*** SUMMARY ***
Total pot 80 | Rake 0 
Seat 1: Mahu2021 (big blind) collected (80)
Seat 3: V.J. Kayden (button) (small blind) folded before Flop



PokerStars Hand #247525044797: Tournament #3683176805, $1.84+$0.16 USD Hold'em No Limit - Level V (40/80) - 2023/12/07 12:37:51 CET [2023/12/07 6:37:51 ET]
Table '3683176805 1' 3-max Seat #1 is the button
Seat 1: Mahu2021 (220 in chips) 
Seat 3: V.J. Kayden (1280 in chips) 
Mahu2021: posts small blind 40
V.J. Kayden: posts big blind 80
*** HOLE CARDS ***
Dealt to Mahu2021 [2c As]
Mahu2021: raises 140 to 220 and is all-in
V.J. Kayden: calls 140
*** FLOP *** [9d Qh 9h]
*** TURN *** [9d Qh 9h] [6c]
*** RIVER *** [9d Qh 9h 6c] [8c]
*** SHOW DOWN ***
V.J. Kayden: shows [Qc 3d] (two pair, Queens and Nines)
Mahu2021: shows [2c As] (a pair of Nines)
V.J. Kayden collected 440 from pot
Mahu2021 finished the tournament in 2nd place
V.J. Kayden wins the tournament and receives $6.00 - congratulations!
*** SUMMARY ***
Total pot 440 | Rake 0 
Board [9d Qh 9h 6c 8c]
Seat 1: Mahu2021 (button) (small blind) showed [2c As] and lost with a pair of Nines
Seat 3: V.J. Kayden (big blind) showed [Qc 3d] and won (440) with two pair, Queens and Nines



