PokerStars Hand #246012855289: Tournament #3646193133, $0.92+$0.08 USD Hold'em No Limit - Level I (10/20) - 2023/09/17 12:53:55 CET [2023/09/17 6:53:55 ET]
Table '3646193133 1' 3-max Seat #1 is the button
Seat 1: Mahu2021 (500 in chips) 
Seat 2: stoeps1 (500 in chips) 
Seat 3: Kazakaasik93 (500 in chips) 
stoeps1: posts small blind 10
Kazakaasik93: posts big blind 20
*** HOLE CARDS ***
Dealt to Mahu2021 [3c Qd]
Mahu2021: folds 
stoeps1: folds 
Uncalled bet (10) returned to Kazakaasik93
Kazakaasik93 collected 20 from pot
*** SUMMARY ***
Total pot 20 | Rake 0 
Seat 1: Mahu2021 (button) folded before Flop (didn't bet)
Seat 2: stoeps1 (small blind) folded before Flop
Seat 3: Kazakaasik93 (big blind) collected (20)



PokerStars Hand #246012856326: Tournament #3646193133, $0.92+$0.08 USD Hold'em No Limit - Level I (10/20) - 2023/09/17 12:54:00 CET [2023/09/17 6:54:00 ET]
Table '3646193133 1' 3-max Seat #2 is the button
Seat 1: Mahu2021 (500 in chips) 
Seat 2: stoeps1 (490 in chips) 
Seat 3: Kazakaasik93 (510 in chips) 
Kazakaasik93: posts small blind 10
Mahu2021: posts big blind 20
*** HOLE CARDS ***
Dealt to Mahu2021 [Th 8s]
stoeps1: folds 
Kazakaasik93: calls 10
Mahu2021: checks 
*** FLOP *** [9s Kc Qh]
Kazakaasik93: checks 
Mahu2021: checks 
*** TURN *** [9s Kc Qh] [7s]
Kazakaasik93: bets 20
Mahu2021: calls 20
*** RIVER *** [9s Kc Qh 7s] [Qs]
Kazakaasik93: bets 20
Mahu2021: folds 
Uncalled bet (20) returned to Kazakaasik93
Kazakaasik93 collected 80 from pot
*** SUMMARY ***
Total pot 80 | Rake 0 
Board [9s Kc Qh 7s Qs]
Seat 1: Mahu2021 (big blind) folded on the River
Seat 2: stoeps1 (button) folded before Flop (didn't bet)
Seat 3: Kazakaasik93 (small blind) collected (80)



PokerStars Hand #246012859428: Tournament #3646193133, $0.92+$0.08 USD Hold'em No Limit - Level I (10/20) - 2023/09/17 12:54:19 CET [2023/09/17 6:54:19 ET]
Table '3646193133 1' 3-max Seat #3 is the button
Seat 1: Mahu2021 (460 in chips) 
Seat 2: stoeps1 (490 in chips) 
Seat 3: Kazakaasik93 (550 in chips) 
Mahu2021: posts small blind 10
stoeps1: posts big blind 20
*** HOLE CARDS ***
Dealt to Mahu2021 [Td 4c]
Kazakaasik93: calls 20
Mahu2021: folds 
stoeps1: checks 
*** FLOP *** [Qd 3s 3c]
stoeps1: checks 
Kazakaasik93: checks 
*** TURN *** [Qd 3s 3c] [3h]
stoeps1: bets 20
Kazakaasik93: folds 
Uncalled bet (20) returned to stoeps1
stoeps1 collected 50 from pot
*** SUMMARY ***
Total pot 50 | Rake 0 
Board [Qd 3s 3c 3h]
Seat 1: Mahu2021 (small blind) folded before Flop
Seat 2: stoeps1 (big blind) collected (50)
Seat 3: Kazakaasik93 (button) folded on the Turn



PokerStars Hand #246012862268: Tournament #3646193133, $0.92+$0.08 USD Hold'em No Limit - Level I (10/20) - 2023/09/17 12:54:35 CET [2023/09/17 6:54:35 ET]
Table '3646193133 1' 3-max Seat #1 is the button
Seat 1: Mahu2021 (450 in chips) 
Seat 2: stoeps1 (520 in chips) 
Seat 3: Kazakaasik93 (530 in chips) 
stoeps1: posts small blind 10
Kazakaasik93: posts big blind 20
*** HOLE CARDS ***
Dealt to Mahu2021 [Ts 5d]
Mahu2021: folds 
stoeps1: calls 10
Kazakaasik93: checks 
*** FLOP *** [4c 8d 9d]
stoeps1: checks 
Kazakaasik93: checks 
*** TURN *** [4c 8d 9d] [Qd]
stoeps1: checks 
Kazakaasik93: checks 
*** RIVER *** [4c 8d 9d Qd] [6c]
stoeps1: checks 
Kazakaasik93: checks 
*** SHOW DOWN ***
stoeps1: shows [7h 2h] (high card Queen)
Kazakaasik93: shows [Ac 7d] (high card Ace)
Kazakaasik93 collected 40 from pot
*** SUMMARY ***
Total pot 40 | Rake 0 
Board [4c 8d 9d Qd 6c]
Seat 1: Mahu2021 (button) folded before Flop (didn't bet)
Seat 2: stoeps1 (small blind) showed [7h 2h] and lost with high card Queen
Seat 3: Kazakaasik93 (big blind) showed [Ac 7d] and won (40) with high card Ace



PokerStars Hand #246012865374: Tournament #3646193133, $0.92+$0.08 USD Hold'em No Limit - Level I (10/20) - 2023/09/17 12:54:53 CET [2023/09/17 6:54:53 ET]
Table '3646193133 1' 3-max Seat #2 is the button
Seat 1: Mahu2021 (450 in chips) 
Seat 2: stoeps1 (500 in chips) 
Seat 3: Kazakaasik93 (550 in chips) 
Kazakaasik93: posts small blind 10
Mahu2021: posts big blind 20
*** HOLE CARDS ***
Dealt to Mahu2021 [5s Kd]
stoeps1: calls 20
Kazakaasik93: calls 10
Mahu2021: checks 
*** FLOP *** [9s 9c 6s]
Kazakaasik93: checks 
Mahu2021: checks 
stoeps1: checks 
*** TURN *** [9s 9c 6s] [Qd]
Kazakaasik93: checks 
Mahu2021: checks 
stoeps1: checks 
*** RIVER *** [9s 9c 6s Qd] [7h]
Kazakaasik93: checks 
Mahu2021: checks 
stoeps1: bets 30
Kazakaasik93: folds 
Mahu2021: folds 
Uncalled bet (30) returned to stoeps1
stoeps1 collected 60 from pot
*** SUMMARY ***
Total pot 60 | Rake 0 
Board [9s 9c 6s Qd 7h]
Seat 1: Mahu2021 (big blind) folded on the River
Seat 2: stoeps1 (button) collected (60)
Seat 3: Kazakaasik93 (small blind) folded on the River



PokerStars Hand #246012869119: Tournament #3646193133, $0.92+$0.08 USD Hold'em No Limit - Level I (10/20) - 2023/09/17 12:55:15 CET [2023/09/17 6:55:15 ET]
Table '3646193133 1' 3-max Seat #3 is the button
Seat 1: Mahu2021 (430 in chips) 
Seat 2: stoeps1 (540 in chips) 
Seat 3: Kazakaasik93 (530 in chips) 
Mahu2021: posts small blind 10
stoeps1: posts big blind 20
*** HOLE CARDS ***
Dealt to Mahu2021 [Kc 8d]
Kazakaasik93: calls 20
Mahu2021: calls 10
stoeps1: checks 
*** FLOP *** [7h 8c 3c]
Mahu2021: bets 20
stoeps1: folds 
Kazakaasik93: calls 20
*** TURN *** [7h 8c 3c] [Jd]
Mahu2021: checks 
Kazakaasik93: checks 
*** RIVER *** [7h 8c 3c Jd] [4d]
Mahu2021: checks 
Kazakaasik93: checks 
*** SHOW DOWN ***
Mahu2021: shows [Kc 8d] (a pair of Eights)
Kazakaasik93: mucks hand 
Mahu2021 collected 100 from pot
*** SUMMARY ***
Total pot 100 | Rake 0 
Board [7h 8c 3c Jd 4d]
Seat 1: Mahu2021 (small blind) showed [Kc 8d] and won (100) with a pair of Eights
Seat 2: stoeps1 (big blind) folded on the Flop
Seat 3: Kazakaasik93 (button) mucked [5h 4h]



PokerStars Hand #246012872327: Tournament #3646193133, $0.92+$0.08 USD Hold'em No Limit - Level I (10/20) - 2023/09/17 12:55:37 CET [2023/09/17 6:55:37 ET]
Table '3646193133 1' 3-max Seat #1 is the button
Seat 1: Mahu2021 (490 in chips) 
Seat 2: stoeps1 (520 in chips) 
Seat 3: Kazakaasik93 (490 in chips) 
stoeps1: posts small blind 10
Kazakaasik93: posts big blind 20
*** HOLE CARDS ***
Dealt to Mahu2021 [Ts Ks]
Mahu2021: raises 20 to 40
stoeps1: folds 
Kazakaasik93: calls 20
*** FLOP *** [8d 7s 9h]
Kazakaasik93: checks 
Mahu2021: bets 40
Kazakaasik93: folds 
Uncalled bet (40) returned to Mahu2021
Mahu2021 collected 90 from pot
Mahu2021: doesn't show hand 
*** SUMMARY ***
Total pot 90 | Rake 0 
Board [8d 7s 9h]
Seat 1: Mahu2021 (button) collected (90)
Seat 2: stoeps1 (small blind) folded before Flop
Seat 3: Kazakaasik93 (big blind) folded on the Flop



PokerStars Hand #246012874831: Tournament #3646193133, $0.92+$0.08 USD Hold'em No Limit - Level I (10/20) - 2023/09/17 12:55:55 CET [2023/09/17 6:55:55 ET]
Table '3646193133 1' 3-max Seat #2 is the button
Seat 1: Mahu2021 (540 in chips) 
Seat 2: stoeps1 (510 in chips) 
Seat 3: Kazakaasik93 (450 in chips) 
Kazakaasik93: posts small blind 10
Mahu2021: posts big blind 20
*** HOLE CARDS ***
Dealt to Mahu2021 [Ad As]
stoeps1: raises 20 to 40
Kazakaasik93: folds 
Mahu2021: raises 500 to 540 and is all-in
stoeps1: folds 
Uncalled bet (500) returned to Mahu2021
Mahu2021 collected 90 from pot
Mahu2021: doesn't show hand 
*** SUMMARY ***
Total pot 90 | Rake 0 
Seat 1: Mahu2021 (big blind) collected (90)
Seat 2: stoeps1 (button) folded before Flop
Seat 3: Kazakaasik93 (small blind) folded before Flop



PokerStars Hand #246012876902: Tournament #3646193133, $0.92+$0.08 USD Hold'em No Limit - Level II (15/30) - 2023/09/17 12:56:10 CET [2023/09/17 6:56:10 ET]
Table '3646193133 1' 3-max Seat #3 is the button
Seat 1: Mahu2021 (590 in chips) 
Seat 2: stoeps1 (470 in chips) 
Seat 3: Kazakaasik93 (440 in chips) 
Mahu2021: posts small blind 15
stoeps1: posts big blind 30
*** HOLE CARDS ***
Dealt to Mahu2021 [6h 6d]
Kazakaasik93: calls 30
Mahu2021: calls 15
stoeps1: checks 
*** FLOP *** [Qs Td 4d]
Mahu2021: checks 
stoeps1: checks 
Kazakaasik93: checks 
*** TURN *** [Qs Td 4d] [5s]
Mahu2021: bets 30
stoeps1: folds 
Kazakaasik93: calls 30
*** RIVER *** [Qs Td 4d 5s] [Jc]
Mahu2021: checks 
Kazakaasik93: checks 
*** SHOW DOWN ***
Mahu2021: shows [6h 6d] (a pair of Sixes)
Kazakaasik93: shows [4h 5h] (two pair, Fives and Fours)
Kazakaasik93 collected 150 from pot
*** SUMMARY ***
Total pot 150 | Rake 0 
Board [Qs Td 4d 5s Jc]
Seat 1: Mahu2021 (small blind) showed [6h 6d] and lost with a pair of Sixes
Seat 2: stoeps1 (big blind) folded on the Turn
Seat 3: Kazakaasik93 (button) showed [4h 5h] and won (150) with two pair, Fives and Fours



PokerStars Hand #246012879818: Tournament #3646193133, $0.92+$0.08 USD Hold'em No Limit - Level II (15/30) - 2023/09/17 12:56:31 CET [2023/09/17 6:56:31 ET]
Table '3646193133 1' 3-max Seat #1 is the button
Seat 1: Mahu2021 (530 in chips) 
Seat 2: stoeps1 (440 in chips) 
Seat 3: Kazakaasik93 (530 in chips) 
stoeps1: posts small blind 15
Kazakaasik93: posts big blind 30
*** HOLE CARDS ***
Dealt to Mahu2021 [Ac Tc]
Mahu2021: raises 30 to 60
stoeps1: folds 
Kazakaasik93: folds 
Uncalled bet (30) returned to Mahu2021
Mahu2021 collected 75 from pot
Mahu2021: doesn't show hand 
*** SUMMARY ***
Total pot 75 | Rake 0 
Seat 1: Mahu2021 (button) collected (75)
Seat 2: stoeps1 (small blind) folded before Flop
Seat 3: Kazakaasik93 (big blind) folded before Flop



PokerStars Hand #246012881020: Tournament #3646193133, $0.92+$0.08 USD Hold'em No Limit - Level II (15/30) - 2023/09/17 12:56:39 CET [2023/09/17 6:56:39 ET]
Table '3646193133 1' 3-max Seat #2 is the button
Seat 1: Mahu2021 (575 in chips) 
Seat 2: stoeps1 (425 in chips) 
Seat 3: Kazakaasik93 (500 in chips) 
Kazakaasik93: posts small blind 15
Mahu2021: posts big blind 30
*** HOLE CARDS ***
Dealt to Mahu2021 [3c 7c]
stoeps1: folds 
Kazakaasik93: calls 15
Mahu2021: checks 
*** FLOP *** [Qh 3d 9c]
Kazakaasik93: checks 
Mahu2021: checks 
*** TURN *** [Qh 3d 9c] [5s]
Kazakaasik93: checks 
Mahu2021: checks 
*** RIVER *** [Qh 3d 9c 5s] [2d]
Kazakaasik93: checks 
Mahu2021: checks 
*** SHOW DOWN ***
Kazakaasik93: shows [Th 6h] (high card Queen)
Mahu2021: shows [3c 7c] (a pair of Threes)
Mahu2021 collected 60 from pot
*** SUMMARY ***
Total pot 60 | Rake 0 
Board [Qh 3d 9c 5s 2d]
Seat 1: Mahu2021 (big blind) showed [3c 7c] and won (60) with a pair of Threes
Seat 2: stoeps1 (button) folded before Flop (didn't bet)
Seat 3: Kazakaasik93 (small blind) showed [Th 6h] and lost with high card Queen



PokerStars Hand #246012882991: Tournament #3646193133, $0.92+$0.08 USD Hold'em No Limit - Level II (15/30) - 2023/09/17 12:56:53 CET [2023/09/17 6:56:53 ET]
Table '3646193133 1' 3-max Seat #3 is the button
Seat 1: Mahu2021 (605 in chips) 
Seat 2: stoeps1 (425 in chips) 
Seat 3: Kazakaasik93 (470 in chips) 
Mahu2021: posts small blind 15
stoeps1: posts big blind 30
*** HOLE CARDS ***
Dealt to Mahu2021 [7c 4c]
Kazakaasik93: calls 30
Mahu2021: calls 15
stoeps1: checks 
*** FLOP *** [3c Qc 6h]
Mahu2021: bets 30
stoeps1: raises 120 to 150
Kazakaasik93: folds 
Mahu2021: calls 120
*** TURN *** [3c Qc 6h] [Jd]
Mahu2021: checks 
stoeps1: bets 245 and is all-in
Mahu2021: calls 245
*** RIVER *** [3c Qc 6h Jd] [9h]
*** SHOW DOWN ***
Mahu2021: shows [7c 4c] (high card Queen)
stoeps1: shows [6s 3s] (two pair, Sixes and Threes)
stoeps1 collected 880 from pot
*** SUMMARY ***
Total pot 880 | Rake 0 
Board [3c Qc 6h Jd 9h]
Seat 1: Mahu2021 (small blind) showed [7c 4c] and lost with high card Queen
Seat 2: stoeps1 (big blind) showed [6s 3s] and won (880) with two pair, Sixes and Threes
Seat 3: Kazakaasik93 (button) folded on the Flop



PokerStars Hand #246012886727: Tournament #3646193133, $0.92+$0.08 USD Hold'em No Limit - Level II (15/30) - 2023/09/17 12:57:19 CET [2023/09/17 6:57:19 ET]
Table '3646193133 1' 3-max Seat #1 is the button
Seat 1: Mahu2021 (180 in chips) 
Seat 2: stoeps1 (880 in chips) 
Seat 3: Kazakaasik93 (440 in chips) 
stoeps1: posts small blind 15
Kazakaasik93: posts big blind 30
*** HOLE CARDS ***
Dealt to Mahu2021 [4h 8s]
Mahu2021: folds 
stoeps1: folds 
Uncalled bet (15) returned to Kazakaasik93
Kazakaasik93 collected 30 from pot
*** SUMMARY ***
Total pot 30 | Rake 0 
Seat 1: Mahu2021 (button) folded before Flop (didn't bet)
Seat 2: stoeps1 (small blind) folded before Flop
Seat 3: Kazakaasik93 (big blind) collected (30)



PokerStars Hand #246012887520: Tournament #3646193133, $0.92+$0.08 USD Hold'em No Limit - Level II (15/30) - 2023/09/17 12:57:24 CET [2023/09/17 6:57:24 ET]
Table '3646193133 1' 3-max Seat #2 is the button
Seat 1: Mahu2021 (180 in chips) 
Seat 2: stoeps1 (865 in chips) 
Seat 3: Kazakaasik93 (455 in chips) 
Kazakaasik93: posts small blind 15
Mahu2021: posts big blind 30
*** HOLE CARDS ***
Dealt to Mahu2021 [9s 6c]
stoeps1: folds 
Kazakaasik93: calls 15
Mahu2021: checks 
*** FLOP *** [Jd 8d 6d]
Kazakaasik93: checks 
Mahu2021: bets 150 and is all-in
Kazakaasik93: folds 
Uncalled bet (150) returned to Mahu2021
Mahu2021 collected 60 from pot
Mahu2021: doesn't show hand 
*** SUMMARY ***
Total pot 60 | Rake 0 
Board [Jd 8d 6d]
Seat 1: Mahu2021 (big blind) collected (60)
Seat 2: stoeps1 (button) folded before Flop (didn't bet)
Seat 3: Kazakaasik93 (small blind) folded on the Flop



PokerStars Hand #246012889353: Tournament #3646193133, $0.92+$0.08 USD Hold'em No Limit - Level II (15/30) - 2023/09/17 12:57:37 CET [2023/09/17 6:57:37 ET]
Table '3646193133 1' 3-max Seat #3 is the button
Seat 1: Mahu2021 (210 in chips) 
Seat 2: stoeps1 (865 in chips) 
Seat 3: Kazakaasik93 (425 in chips) 
Mahu2021: posts small blind 15
stoeps1: posts big blind 30
*** HOLE CARDS ***
Dealt to Mahu2021 [Qh 7h]
Kazakaasik93: folds 
Mahu2021: calls 15
stoeps1: checks 
*** FLOP *** [8s 7s 4h]
Mahu2021: bets 30
stoeps1: folds 
Uncalled bet (30) returned to Mahu2021
Mahu2021 collected 60 from pot
Mahu2021: doesn't show hand 
*** SUMMARY ***
Total pot 60 | Rake 0 
Board [8s 7s 4h]
Seat 1: Mahu2021 (small blind) collected (60)
Seat 2: stoeps1 (big blind) folded on the Flop
Seat 3: Kazakaasik93 (button) folded before Flop (didn't bet)



PokerStars Hand #246012890832: Tournament #3646193133, $0.92+$0.08 USD Hold'em No Limit - Level II (15/30) - 2023/09/17 12:57:47 CET [2023/09/17 6:57:47 ET]
Table '3646193133 1' 3-max Seat #1 is the button
Seat 1: Mahu2021 (240 in chips) 
Seat 2: stoeps1 (835 in chips) 
Seat 3: Kazakaasik93 (425 in chips) 
stoeps1: posts small blind 15
Kazakaasik93: posts big blind 30
*** HOLE CARDS ***
Dealt to Mahu2021 [3c 9h]
Mahu2021: folds 
stoeps1: folds 
Uncalled bet (15) returned to Kazakaasik93
Kazakaasik93 collected 30 from pot
*** SUMMARY ***
Total pot 30 | Rake 0 
Seat 1: Mahu2021 (button) folded before Flop (didn't bet)
Seat 2: stoeps1 (small blind) folded before Flop
Seat 3: Kazakaasik93 (big blind) collected (30)



PokerStars Hand #246012891622: Tournament #3646193133, $0.92+$0.08 USD Hold'em No Limit - Level II (15/30) - 2023/09/17 12:57:53 CET [2023/09/17 6:57:53 ET]
Table '3646193133 1' 3-max Seat #2 is the button
Seat 1: Mahu2021 (240 in chips) 
Seat 2: stoeps1 (820 in chips) 
Seat 3: Kazakaasik93 (440 in chips) 
Kazakaasik93: posts small blind 15
Mahu2021: posts big blind 30
*** HOLE CARDS ***
Dealt to Mahu2021 [2s Ac]
stoeps1: folds 
Kazakaasik93: calls 15
Mahu2021: raises 210 to 240 and is all-in
Kazakaasik93: folds 
Uncalled bet (210) returned to Mahu2021
Mahu2021 collected 60 from pot
Mahu2021: doesn't show hand 
*** SUMMARY ***
Total pot 60 | Rake 0 
Seat 1: Mahu2021 (big blind) collected (60)
Seat 2: stoeps1 (button) folded before Flop (didn't bet)
Seat 3: Kazakaasik93 (small blind) folded before Flop



PokerStars Hand #246012893295: Tournament #3646193133, $0.92+$0.08 USD Hold'em No Limit - Level III (20/40) - 2023/09/17 12:58:04 CET [2023/09/17 6:58:04 ET]
Table '3646193133 1' 3-max Seat #3 is the button
Seat 1: Mahu2021 (270 in chips) 
Seat 2: stoeps1 (820 in chips) 
Seat 3: Kazakaasik93 (410 in chips) 
Mahu2021: posts small blind 20
stoeps1: posts big blind 40
*** HOLE CARDS ***
Dealt to Mahu2021 [2d Ac]
Kazakaasik93: folds 
Mahu2021: calls 20
stoeps1: checks 
*** FLOP *** [Td 8h Ah]
Mahu2021: checks 
stoeps1: checks 
*** TURN *** [Td 8h Ah] [7h]
Mahu2021: checks 
stoeps1: checks 
*** RIVER *** [Td 8h Ah 7h] [6d]
Mahu2021: bets 40
stoeps1: folds 
Uncalled bet (40) returned to Mahu2021
Mahu2021 collected 80 from pot
Mahu2021: doesn't show hand 
*** SUMMARY ***
Total pot 80 | Rake 0 
Board [Td 8h Ah 7h 6d]
Seat 1: Mahu2021 (small blind) collected (80)
Seat 2: stoeps1 (big blind) folded on the River
Seat 3: Kazakaasik93 (button) folded before Flop (didn't bet)



PokerStars Hand #246012895786: Tournament #3646193133, $0.92+$0.08 USD Hold'em No Limit - Level III (20/40) - 2023/09/17 12:58:21 CET [2023/09/17 6:58:21 ET]
Table '3646193133 1' 3-max Seat #1 is the button
Seat 1: Mahu2021 (310 in chips) 
Seat 2: stoeps1 (780 in chips) 
Seat 3: Kazakaasik93 (410 in chips) 
stoeps1: posts small blind 20
Kazakaasik93: posts big blind 40
*** HOLE CARDS ***
Dealt to Mahu2021 [8h 6s]
Mahu2021: folds 
stoeps1: raises 40 to 80
Kazakaasik93: calls 40
*** FLOP *** [As 9d 7c]
stoeps1: bets 120
Kazakaasik93: folds 
Uncalled bet (120) returned to stoeps1
stoeps1 collected 160 from pot
*** SUMMARY ***
Total pot 160 | Rake 0 
Board [As 9d 7c]
Seat 1: Mahu2021 (button) folded before Flop (didn't bet)
Seat 2: stoeps1 (small blind) collected (160)
Seat 3: Kazakaasik93 (big blind) folded on the Flop



PokerStars Hand #246012897927: Tournament #3646193133, $0.92+$0.08 USD Hold'em No Limit - Level III (20/40) - 2023/09/17 12:58:36 CET [2023/09/17 6:58:36 ET]
Table '3646193133 1' 3-max Seat #2 is the button
Seat 1: Mahu2021 (310 in chips) 
Seat 2: stoeps1 (860 in chips) 
Seat 3: Kazakaasik93 (330 in chips) 
Kazakaasik93: posts small blind 20
Mahu2021: posts big blind 40
*** HOLE CARDS ***
Dealt to Mahu2021 [Qc 5c]
stoeps1: folds 
Kazakaasik93: calls 20
Mahu2021: checks 
*** FLOP *** [8d 4c Ks]
Kazakaasik93: checks 
Mahu2021: checks 
*** TURN *** [8d 4c Ks] [Ts]
Kazakaasik93: checks 
Mahu2021: checks 
*** RIVER *** [8d 4c Ks Ts] [9d]
Kazakaasik93: checks 
Mahu2021: checks 
*** SHOW DOWN ***
Kazakaasik93: shows [6c Ad] (high card Ace)
Mahu2021: mucks hand 
Kazakaasik93 collected 80 from pot
*** SUMMARY ***
Total pot 80 | Rake 0 
Board [8d 4c Ks Ts 9d]
Seat 1: Mahu2021 (big blind) mucked [Qc 5c]
Seat 2: stoeps1 (button) folded before Flop (didn't bet)
Seat 3: Kazakaasik93 (small blind) showed [6c Ad] and won (80) with high card Ace



PokerStars Hand #246012900477: Tournament #3646193133, $0.92+$0.08 USD Hold'em No Limit - Level III (20/40) - 2023/09/17 12:58:54 CET [2023/09/17 6:58:54 ET]
Table '3646193133 1' 3-max Seat #3 is the button
Seat 1: Mahu2021 (270 in chips) 
Seat 2: stoeps1 (860 in chips) 
Seat 3: Kazakaasik93 (370 in chips) 
Mahu2021: posts small blind 20
stoeps1: posts big blind 40
*** HOLE CARDS ***
Dealt to Mahu2021 [6d 9h]
Kazakaasik93: folds 
Mahu2021: folds 
Uncalled bet (20) returned to stoeps1
stoeps1 collected 40 from pot
*** SUMMARY ***
Total pot 40 | Rake 0 
Seat 1: Mahu2021 (small blind) folded before Flop
Seat 2: stoeps1 (big blind) collected (40)
Seat 3: Kazakaasik93 (button) folded before Flop (didn't bet)



PokerStars Hand #246012901384: Tournament #3646193133, $0.92+$0.08 USD Hold'em No Limit - Level III (20/40) - 2023/09/17 12:59:00 CET [2023/09/17 6:59:00 ET]
Table '3646193133 1' 3-max Seat #1 is the button
Seat 1: Mahu2021 (250 in chips) 
Seat 2: stoeps1 (880 in chips) 
Seat 3: Kazakaasik93 (370 in chips) 
stoeps1: posts small blind 20
Kazakaasik93: posts big blind 40
*** HOLE CARDS ***
Dealt to Mahu2021 [8h Jc]
Mahu2021: folds 
stoeps1: folds 
Uncalled bet (20) returned to Kazakaasik93
Kazakaasik93 collected 40 from pot
*** SUMMARY ***
Total pot 40 | Rake 0 
Seat 1: Mahu2021 (button) folded before Flop (didn't bet)
Seat 2: stoeps1 (small blind) folded before Flop
Seat 3: Kazakaasik93 (big blind) collected (40)



PokerStars Hand #246012902225: Tournament #3646193133, $0.92+$0.08 USD Hold'em No Limit - Level III (20/40) - 2023/09/17 12:59:05 CET [2023/09/17 6:59:05 ET]
Table '3646193133 1' 3-max Seat #2 is the button
Seat 1: Mahu2021 (250 in chips) 
Seat 2: stoeps1 (860 in chips) 
Seat 3: Kazakaasik93 (390 in chips) 
Kazakaasik93: posts small blind 20
Mahu2021: posts big blind 40
*** HOLE CARDS ***
Dealt to Mahu2021 [Qc Tc]
stoeps1: folds 
Kazakaasik93: calls 20
Mahu2021: raises 210 to 250 and is all-in
Kazakaasik93: folds 
Uncalled bet (210) returned to Mahu2021
Mahu2021 collected 80 from pot
Mahu2021: doesn't show hand 
*** SUMMARY ***
Total pot 80 | Rake 0 
Seat 1: Mahu2021 (big blind) collected (80)
Seat 2: stoeps1 (button) folded before Flop (didn't bet)
Seat 3: Kazakaasik93 (small blind) folded before Flop



PokerStars Hand #246012903449: Tournament #3646193133, $0.92+$0.08 USD Hold'em No Limit - Level III (20/40) - 2023/09/17 12:59:14 CET [2023/09/17 6:59:14 ET]
Table '3646193133 1' 3-max Seat #3 is the button
Seat 1: Mahu2021 (290 in chips) 
Seat 2: stoeps1 (860 in chips) 
Seat 3: Kazakaasik93 (350 in chips) 
Mahu2021: posts small blind 20
stoeps1: posts big blind 40
*** HOLE CARDS ***
Dealt to Mahu2021 [Ks 6h]
Kazakaasik93: folds 
Mahu2021: calls 20
stoeps1: checks 
*** FLOP *** [3c 5c 8s]
Mahu2021: checks 
stoeps1: checks 
*** TURN *** [3c 5c 8s] [Ac]
Mahu2021: checks 
stoeps1: bets 40
Mahu2021: folds 
Uncalled bet (40) returned to stoeps1
stoeps1 collected 80 from pot
*** SUMMARY ***
Total pot 80 | Rake 0 
Board [3c 5c 8s Ac]
Seat 1: Mahu2021 (small blind) folded on the Turn
Seat 2: stoeps1 (big blind) collected (80)
Seat 3: Kazakaasik93 (button) folded before Flop (didn't bet)



PokerStars Hand #246012905875: Tournament #3646193133, $0.92+$0.08 USD Hold'em No Limit - Level III (20/40) - 2023/09/17 12:59:31 CET [2023/09/17 6:59:31 ET]
Table '3646193133 1' 3-max Seat #1 is the button
Seat 1: Mahu2021 (250 in chips) 
Seat 2: stoeps1 (900 in chips) 
Seat 3: Kazakaasik93 (350 in chips) 
stoeps1: posts small blind 20
Kazakaasik93: posts big blind 40
*** HOLE CARDS ***
Dealt to Mahu2021 [6s 7s]
Mahu2021: calls 40
stoeps1: calls 20
Kazakaasik93: checks 
*** FLOP *** [Jh 5s 3h]
stoeps1: checks 
Kazakaasik93: checks 
Mahu2021: checks 
*** TURN *** [Jh 5s 3h] [3d]
stoeps1: checks 
Kazakaasik93: checks 
Mahu2021: checks 
*** RIVER *** [Jh 5s 3h 3d] [2d]
stoeps1: bets 40
Kazakaasik93: folds 
Mahu2021: folds 
Uncalled bet (40) returned to stoeps1
stoeps1 collected 120 from pot
*** SUMMARY ***
Total pot 120 | Rake 0 
Board [Jh 5s 3h 3d 2d]
Seat 1: Mahu2021 (button) folded on the River
Seat 2: stoeps1 (small blind) collected (120)
Seat 3: Kazakaasik93 (big blind) folded on the River



PokerStars Hand #246012908753: Tournament #3646193133, $0.92+$0.08 USD Hold'em No Limit - Level III (20/40) - 2023/09/17 12:59:51 CET [2023/09/17 6:59:51 ET]
Table '3646193133 1' 3-max Seat #2 is the button
Seat 1: Mahu2021 (210 in chips) 
Seat 2: stoeps1 (980 in chips) 
Seat 3: Kazakaasik93 (310 in chips) 
Kazakaasik93: posts small blind 20
Mahu2021: posts big blind 40
*** HOLE CARDS ***
Dealt to Mahu2021 [7c 4c]
stoeps1: folds 
Kazakaasik93: calls 20
Mahu2021: checks 
*** FLOP *** [8d 6h 2h]
Kazakaasik93: checks 
Mahu2021: checks 
*** TURN *** [8d 6h 2h] [Qs]
Kazakaasik93: checks 
Mahu2021: checks 
*** RIVER *** [8d 6h 2h Qs] [3d]
Kazakaasik93: checks 
Mahu2021: checks 
*** SHOW DOWN ***
Kazakaasik93: shows [9d 8s] (a pair of Eights)
Mahu2021: mucks hand 
Kazakaasik93 collected 80 from pot
*** SUMMARY ***
Total pot 80 | Rake 0 
Board [8d 6h 2h Qs 3d]
Seat 1: Mahu2021 (big blind) mucked [7c 4c]
Seat 2: stoeps1 (button) folded before Flop (didn't bet)
Seat 3: Kazakaasik93 (small blind) showed [9d 8s] and won (80) with a pair of Eights



PokerStars Hand #246012911429: Tournament #3646193133, $0.92+$0.08 USD Hold'em No Limit - Level IV (30/60) - 2023/09/17 13:00:09 CET [2023/09/17 7:00:09 ET]
Table '3646193133 1' 3-max Seat #3 is the button
Seat 1: Mahu2021 (170 in chips) 
Seat 2: stoeps1 (980 in chips) 
Seat 3: Kazakaasik93 (350 in chips) 
Mahu2021: posts small blind 30
stoeps1: posts big blind 60
*** HOLE CARDS ***
Dealt to Mahu2021 [6c 7h]
Kazakaasik93: folds 
Mahu2021: folds 
Uncalled bet (30) returned to stoeps1
stoeps1 collected 60 from pot
*** SUMMARY ***
Total pot 60 | Rake 0 
Seat 1: Mahu2021 (small blind) folded before Flop
Seat 2: stoeps1 (big blind) collected (60)
Seat 3: Kazakaasik93 (button) folded before Flop (didn't bet)



PokerStars Hand #246012912347: Tournament #3646193133, $0.92+$0.08 USD Hold'em No Limit - Level IV (30/60) - 2023/09/17 13:00:16 CET [2023/09/17 7:00:16 ET]
Table '3646193133 1' 3-max Seat #1 is the button
Seat 1: Mahu2021 (140 in chips) 
Seat 2: stoeps1 (1010 in chips) 
Seat 3: Kazakaasik93 (350 in chips) 
stoeps1: posts small blind 30
Kazakaasik93: posts big blind 60
*** HOLE CARDS ***
Dealt to Mahu2021 [2s Ts]
Mahu2021: folds 
stoeps1: folds 
Uncalled bet (30) returned to Kazakaasik93
Kazakaasik93 collected 60 from pot
*** SUMMARY ***
Total pot 60 | Rake 0 
Seat 1: Mahu2021 (button) folded before Flop (didn't bet)
Seat 2: stoeps1 (small blind) folded before Flop
Seat 3: Kazakaasik93 (big blind) collected (60)



PokerStars Hand #246012913170: Tournament #3646193133, $0.92+$0.08 USD Hold'em No Limit - Level IV (30/60) - 2023/09/17 13:00:21 CET [2023/09/17 7:00:21 ET]
Table '3646193133 1' 3-max Seat #2 is the button
Seat 1: Mahu2021 (140 in chips) 
Seat 2: stoeps1 (980 in chips) 
Seat 3: Kazakaasik93 (380 in chips) 
Kazakaasik93: posts small blind 30
Mahu2021: posts big blind 60
*** HOLE CARDS ***
Dealt to Mahu2021 [8s 4c]
stoeps1: raises 920 to 980 and is all-in
Kazakaasik93: folds 
Mahu2021: folds 
Uncalled bet (920) returned to stoeps1
stoeps1 collected 150 from pot
*** SUMMARY ***
Total pot 150 | Rake 0 
Seat 1: Mahu2021 (big blind) folded before Flop
Seat 2: stoeps1 (button) collected (150)
Seat 3: Kazakaasik93 (small blind) folded before Flop



PokerStars Hand #246012914371: Tournament #3646193133, $0.92+$0.08 USD Hold'em No Limit - Level IV (30/60) - 2023/09/17 13:00:29 CET [2023/09/17 7:00:29 ET]
Table '3646193133 1' 3-max Seat #3 is the button
Seat 1: Mahu2021 (80 in chips) 
Seat 2: stoeps1 (1070 in chips) 
Seat 3: Kazakaasik93 (350 in chips) 
Mahu2021: posts small blind 30
stoeps1: posts big blind 60
*** HOLE CARDS ***
Dealt to Mahu2021 [Tc Ac]
Kazakaasik93: calls 60
Mahu2021: raises 20 to 80 and is all-in
stoeps1: calls 20
Kazakaasik93: calls 20
*** FLOP *** [5d Ks 2d]
stoeps1: bets 990 and is all-in
Kazakaasik93: calls 270 and is all-in
Uncalled bet (720) returned to stoeps1
*** TURN *** [5d Ks 2d] [Kc]
*** RIVER *** [5d Ks 2d Kc] [5c]
*** SHOW DOWN ***
stoeps1: shows [2s 4s] (two pair, Kings and Fives)
Kazakaasik93: shows [9h 9c] (two pair, Kings and Nines)
Kazakaasik93 collected 540 from side pot
Mahu2021: shows [Tc Ac] (two pair, Kings and Fives)
Kazakaasik93 collected 240 from main pot
Mahu2021 finished the tournament in 3rd place
*** SUMMARY ***
Total pot 780 Main pot 240. Side pot 540. | Rake 0 
Board [5d Ks 2d Kc 5c]
Seat 1: Mahu2021 (small blind) showed [Tc Ac] and lost with two pair, Kings and Fives
Seat 2: stoeps1 (big blind) showed [2s 4s] and lost with two pair, Kings and Fives
Seat 3: Kazakaasik93 (button) showed [9h 9c] and won (780) with two pair, Kings and Nines



