PokerStars Hand #245729047037: Tournament #3639462394, $0.92+$0.08 USD Hold'em No Limit - Level I (10/20) - 2023/09/02 15:34:17 CET [2023/09/02 9:34:17 ET]
Table '3639462394 1' 3-max Seat #1 is the button
Seat 1: EduNakJapa (500 in chips) 
Seat 2: Mahu2021 (500 in chips) 
Seat 3: DonKyriakos (500 in chips) 
Mahu2021: posts small blind 10
DonKyriakos: posts big blind 20
*** HOLE CARDS ***
Dealt to Mahu2021 [5d Jc]
EduNakJapa: folds 
Mahu2021: folds 
Uncalled bet (10) returned to DonKyriakos
DonKyriakos collected 20 from pot
*** SUMMARY ***
Total pot 20 | Rake 0 
Seat 1: EduNakJapa (button) folded before Flop (didn't bet)
Seat 2: Mahu2021 (small blind) folded before Flop
Seat 3: DonKyriakos (big blind) collected (20)



PokerStars Hand #245729048598: Tournament #3639462394, $0.92+$0.08 USD Hold'em No Limit - Level I (10/20) - 2023/09/02 15:34:24 CET [2023/09/02 9:34:24 ET]
Table '3639462394 1' 3-max Seat #2 is the button
Seat 1: EduNakJapa (500 in chips) 
Seat 2: Mahu2021 (490 in chips) 
Seat 3: DonKyriakos (510 in chips) 
DonKyriakos: posts small blind 10
EduNakJapa: posts big blind 20
*** HOLE CARDS ***
Dealt to Mahu2021 [7d Kc]
Mahu2021: calls 20
DonKyriakos: calls 10
EduNakJapa: checks 
*** FLOP *** [Ks 9h 7s]
DonKyriakos: bets 80
EduNakJapa: raises 80 to 160
Mahu2021: raises 310 to 470 and is all-in
DonKyriakos: folds 
EduNakJapa: calls 310
*** TURN *** [Ks 9h 7s] [3s]
*** RIVER *** [Ks 9h 7s 3s] [2d]
*** SHOW DOWN ***
EduNakJapa: shows [9c 9d] (three of a kind, Nines)
Mahu2021: shows [7d Kc] (two pair, Kings and Sevens)
EduNakJapa collected 1080 from pot
Mahu2021 finished the tournament in 3rd place
*** SUMMARY ***
Total pot 1080 | Rake 0 
Board [Ks 9h 7s 3s 2d]
Seat 1: EduNakJapa (big blind) showed [9c 9d] and won (1080) with three of a kind, Nines
Seat 2: Mahu2021 (button) showed [7d Kc] and lost with two pair, Kings and Sevens
Seat 3: DonKyriakos (small blind) folded on the Flop



