PokerStars Hand #244507945690: Tournament #3609910413, $0.92+$0.08 USD Hold'em No Limit - Level I (10/20) - 2023/06/28 12:31:40 CET [2023/06/28 6:31:40 ET]
Table '3609910413 1' 3-max Seat #1 is the button
Seat 1: Mahu2021 (500 in chips) 
Seat 2: dao.trance (500 in chips) 
Seat 3: luxaras (500 in chips) 
dao.trance: posts small blind 10
luxaras: posts big blind 20
*** HOLE CARDS ***
Dealt to Mahu2021 [Kc 7h]
Mahu2021: folds 
dao.trance: calls 10
luxaras: checks 
*** FLOP *** [Ad Th 7d]
dao.trance: checks 
luxaras: checks 
*** TURN *** [Ad Th 7d] [4c]
dao.trance: checks 
luxaras: checks 
*** RIVER *** [Ad Th 7d 4c] [6c]
dao.trance: checks 
luxaras: checks 
*** SHOW DOWN ***
dao.trance: shows [Qh 4d] (a pair of Fours)
luxaras: mucks hand 
dao.trance collected 40 from pot
*** SUMMARY ***
Total pot 40 | Rake 0 
Board [Ad Th 7d 4c 6c]
Seat 1: Mahu2021 (button) folded before Flop (didn't bet)
Seat 2: dao.trance (small blind) showed [Qh 4d] and won (40) with a pair of Fours
Seat 3: luxaras (big blind) mucked [3d Ks]



PokerStars Hand #244507948010: Tournament #3609910413, $0.92+$0.08 USD Hold'em No Limit - Level I (10/20) - 2023/06/28 12:31:57 CET [2023/06/28 6:31:57 ET]
Table '3609910413 1' 3-max Seat #2 is the button
Seat 1: Mahu2021 (500 in chips) 
Seat 2: dao.trance (520 in chips) 
Seat 3: luxaras (480 in chips) 
luxaras: posts small blind 10
Mahu2021: posts big blind 20
*** HOLE CARDS ***
Dealt to Mahu2021 [Jd 3d]
dao.trance: folds 
luxaras: raises 40 to 60
Mahu2021: calls 40
*** FLOP *** [Qs Tc 6h]
luxaras: checks 
Mahu2021: checks 
*** TURN *** [Qs Tc 6h] [Td]
luxaras: bets 60
Mahu2021: folds 
Uncalled bet (60) returned to luxaras
luxaras collected 120 from pot
*** SUMMARY ***
Total pot 120 | Rake 0 
Board [Qs Tc 6h Td]
Seat 1: Mahu2021 (big blind) folded on the Turn
Seat 2: dao.trance (button) folded before Flop (didn't bet)
Seat 3: luxaras (small blind) collected (120)



PokerStars Hand #244507950627: Tournament #3609910413, $0.92+$0.08 USD Hold'em No Limit - Level I (10/20) - 2023/06/28 12:32:16 CET [2023/06/28 6:32:16 ET]
Table '3609910413 1' 3-max Seat #3 is the button
Seat 1: Mahu2021 (440 in chips) 
Seat 2: dao.trance (520 in chips) 
Seat 3: luxaras (540 in chips) 
Mahu2021: posts small blind 10
dao.trance: posts big blind 20
*** HOLE CARDS ***
Dealt to Mahu2021 [8s Kd]
luxaras: folds 
Mahu2021: calls 10
dao.trance: checks 
*** FLOP *** [5h 7s 4d]
Mahu2021: bets 20
dao.trance: calls 20
*** TURN *** [5h 7s 4d] [9d]
Mahu2021: checks 
dao.trance: checks 
*** RIVER *** [5h 7s 4d 9d] [Qs]
Mahu2021: checks 
dao.trance: checks 
*** SHOW DOWN ***
Mahu2021: shows [8s Kd] (high card King)
dao.trance: mucks hand 
Mahu2021 collected 80 from pot
*** SUMMARY ***
Total pot 80 | Rake 0 
Board [5h 7s 4d 9d Qs]
Seat 1: Mahu2021 (small blind) showed [8s Kd] and won (80) with high card King
Seat 2: dao.trance (big blind) mucked [2d 6c]
Seat 3: luxaras (button) folded before Flop (didn't bet)



PokerStars Hand #244507952798: Tournament #3609910413, $0.92+$0.08 USD Hold'em No Limit - Level I (10/20) - 2023/06/28 12:32:33 CET [2023/06/28 6:32:33 ET]
Table '3609910413 1' 3-max Seat #1 is the button
Seat 1: Mahu2021 (480 in chips) 
Seat 2: dao.trance (480 in chips) 
Seat 3: luxaras (540 in chips) 
dao.trance: posts small blind 10
luxaras: posts big blind 20
*** HOLE CARDS ***
Dealt to Mahu2021 [Ad 9c]
Mahu2021: raises 20 to 40
dao.trance: folds 
luxaras: folds 
Uncalled bet (20) returned to Mahu2021
Mahu2021 collected 50 from pot
Mahu2021: doesn't show hand 
*** SUMMARY ***
Total pot 50 | Rake 0 
Seat 1: Mahu2021 (button) collected (50)
Seat 2: dao.trance (small blind) folded before Flop
Seat 3: luxaras (big blind) folded before Flop



PokerStars Hand #244507954758: Tournament #3609910413, $0.92+$0.08 USD Hold'em No Limit - Level I (10/20) - 2023/06/28 12:32:47 CET [2023/06/28 6:32:47 ET]
Table '3609910413 1' 3-max Seat #2 is the button
Seat 1: Mahu2021 (510 in chips) 
Seat 2: dao.trance (470 in chips) 
Seat 3: luxaras (520 in chips) 
luxaras: posts small blind 10
Mahu2021: posts big blind 20
*** HOLE CARDS ***
Dealt to Mahu2021 [4h 2h]
dao.trance: folds 
luxaras: calls 10
Mahu2021: checks 
*** FLOP *** [6s 7d 5c]
luxaras: checks 
Mahu2021: bets 20
luxaras: calls 20
*** TURN *** [6s 7d 5c] [9h]
luxaras: bets 60
Mahu2021: folds 
Uncalled bet (60) returned to luxaras
luxaras collected 80 from pot
*** SUMMARY ***
Total pot 80 | Rake 0 
Board [6s 7d 5c 9h]
Seat 1: Mahu2021 (big blind) folded on the Turn
Seat 2: dao.trance (button) folded before Flop (didn't bet)
Seat 3: luxaras (small blind) collected (80)



PokerStars Hand #244507957419: Tournament #3609910413, $0.92+$0.08 USD Hold'em No Limit - Level I (10/20) - 2023/06/28 12:33:07 CET [2023/06/28 6:33:07 ET]
Table '3609910413 1' 3-max Seat #3 is the button
Seat 1: Mahu2021 (470 in chips) 
Seat 2: dao.trance (470 in chips) 
Seat 3: luxaras (560 in chips) 
Mahu2021: posts small blind 10
dao.trance: posts big blind 20
*** HOLE CARDS ***
Dealt to Mahu2021 [6s 7c]
luxaras: raises 20 to 40
Mahu2021: calls 30
dao.trance: calls 20
*** FLOP *** [8d 2c Ts]
Mahu2021: checks 
dao.trance: checks 
luxaras: checks 
*** TURN *** [8d 2c Ts] [Qc]
Mahu2021: checks 
dao.trance: checks 
luxaras: bets 20
Mahu2021: folds 
dao.trance: folds 
Uncalled bet (20) returned to luxaras
luxaras collected 120 from pot
*** SUMMARY ***
Total pot 120 | Rake 0 
Board [8d 2c Ts Qc]
Seat 1: Mahu2021 (small blind) folded on the Turn
Seat 2: dao.trance (big blind) folded on the Turn
Seat 3: luxaras (button) collected (120)



PokerStars Hand #244507960537: Tournament #3609910413, $0.92+$0.08 USD Hold'em No Limit - Level I (10/20) - 2023/06/28 12:33:29 CET [2023/06/28 6:33:29 ET]
Table '3609910413 1' 3-max Seat #1 is the button
Seat 1: Mahu2021 (430 in chips) 
Seat 2: dao.trance (430 in chips) 
Seat 3: luxaras (640 in chips) 
dao.trance: posts small blind 10
luxaras: posts big blind 20
*** HOLE CARDS ***
Dealt to Mahu2021 [Jc 2c]
Mahu2021: folds 
dao.trance: raises 20 to 40
luxaras: calls 20
*** FLOP *** [6h 7c 9h]
dao.trance: bets 44
luxaras: calls 44
*** TURN *** [6h 7c 9h] [6d]
dao.trance: bets 65
luxaras: folds 
Uncalled bet (65) returned to dao.trance
dao.trance collected 168 from pot
dao.trance: doesn't show hand 
*** SUMMARY ***
Total pot 168 | Rake 0 
Board [6h 7c 9h 6d]
Seat 1: Mahu2021 (button) folded before Flop (didn't bet)
Seat 2: dao.trance (small blind) collected (168)
Seat 3: luxaras (big blind) folded on the Turn



PokerStars Hand #244507963978: Tournament #3609910413, $0.92+$0.08 USD Hold'em No Limit - Level I (10/20) - 2023/06/28 12:33:55 CET [2023/06/28 6:33:55 ET]
Table '3609910413 1' 3-max Seat #2 is the button
Seat 1: Mahu2021 (430 in chips) 
Seat 2: dao.trance (514 in chips) 
Seat 3: luxaras (556 in chips) 
luxaras: posts small blind 10
Mahu2021: posts big blind 20
*** HOLE CARDS ***
Dealt to Mahu2021 [Tc 9s]
dao.trance: folds 
luxaras: calls 10
Mahu2021: checks 
*** FLOP *** [9d Jd 6h]
luxaras: checks 
Mahu2021: bets 20
luxaras: calls 20
*** TURN *** [9d Jd 6h] [5s]
luxaras: checks 
Mahu2021: bets 20
luxaras: calls 20
*** RIVER *** [9d Jd 6h 5s] [8s]
luxaras: checks 
Mahu2021: checks 
*** SHOW DOWN ***
luxaras: shows [Td 9h] (a pair of Nines)
Mahu2021: shows [Tc 9s] (a pair of Nines)
luxaras collected 60 from pot
Mahu2021 collected 60 from pot
*** SUMMARY ***
Total pot 120 | Rake 0 
Board [9d Jd 6h 5s 8s]
Seat 1: Mahu2021 (big blind) showed [Tc 9s] and won (60) with a pair of Nines
Seat 2: dao.trance (button) folded before Flop (didn't bet)
Seat 3: luxaras (small blind) showed [Td 9h] and won (60) with a pair of Nines



PokerStars Hand #244507967432: Tournament #3609910413, $0.92+$0.08 USD Hold'em No Limit - Level I (10/20) - 2023/06/28 12:34:20 CET [2023/06/28 6:34:20 ET]
Table '3609910413 1' 3-max Seat #3 is the button
Seat 1: Mahu2021 (430 in chips) 
Seat 2: dao.trance (514 in chips) 
Seat 3: luxaras (556 in chips) 
Mahu2021: posts small blind 10
dao.trance: posts big blind 20
*** HOLE CARDS ***
Dealt to Mahu2021 [Qs 5h]
luxaras: folds 
Mahu2021: folds 
Uncalled bet (10) returned to dao.trance
dao.trance collected 20 from pot
dao.trance: doesn't show hand 
*** SUMMARY ***
Total pot 20 | Rake 0 
Seat 1: Mahu2021 (small blind) folded before Flop
Seat 2: dao.trance (big blind) collected (20)
Seat 3: luxaras (button) folded before Flop (didn't bet)



PokerStars Hand #244507968129: Tournament #3609910413, $0.92+$0.08 USD Hold'em No Limit - Level I (10/20) - 2023/06/28 12:34:25 CET [2023/06/28 6:34:25 ET]
Table '3609910413 1' 3-max Seat #1 is the button
Seat 1: Mahu2021 (420 in chips) 
Seat 2: dao.trance (524 in chips) 
Seat 3: luxaras (556 in chips) 
dao.trance: posts small blind 10
luxaras: posts big blind 20
*** HOLE CARDS ***
Dealt to Mahu2021 [8c 9s]
Mahu2021: calls 20
dao.trance: calls 10
luxaras: checks 
*** FLOP *** [9d 4c 5s]
dao.trance: checks 
luxaras: checks 
Mahu2021: bets 20
dao.trance: calls 20
luxaras: calls 20
*** TURN *** [9d 4c 5s] [Ks]
dao.trance: checks 
luxaras: checks 
Mahu2021: checks 
*** RIVER *** [9d 4c 5s Ks] [Ad]
dao.trance: checks 
luxaras: checks 
Mahu2021: checks 
*** SHOW DOWN ***
dao.trance: shows [4d 2d] (a pair of Fours)
luxaras: mucks hand 
Mahu2021: shows [8c 9s] (a pair of Nines)
Mahu2021 collected 120 from pot
*** SUMMARY ***
Total pot 120 | Rake 0 
Board [9d 4c 5s Ks Ad]
Seat 1: Mahu2021 (button) showed [8c 9s] and won (120) with a pair of Nines
Seat 2: dao.trance (small blind) showed [4d 2d] and lost with a pair of Fours
Seat 3: luxaras (big blind) mucked [Js Qd]



PokerStars Hand #244507971774: Tournament #3609910413, $0.92+$0.08 USD Hold'em No Limit - Level II (15/30) - 2023/06/28 12:34:52 CET [2023/06/28 6:34:52 ET]
Table '3609910413 1' 3-max Seat #2 is the button
Seat 1: Mahu2021 (500 in chips) 
Seat 2: dao.trance (484 in chips) 
Seat 3: luxaras (516 in chips) 
luxaras: posts small blind 15
Mahu2021: posts big blind 30
*** HOLE CARDS ***
Dealt to Mahu2021 [2c 8c]
dao.trance: raises 30 to 60
luxaras: folds 
Mahu2021: folds 
Uncalled bet (30) returned to dao.trance
dao.trance collected 75 from pot
dao.trance: doesn't show hand 
*** SUMMARY ***
Total pot 75 | Rake 0 
Seat 1: Mahu2021 (big blind) folded before Flop
Seat 2: dao.trance (button) collected (75)
Seat 3: luxaras (small blind) folded before Flop



PokerStars Hand #244507972775: Tournament #3609910413, $0.92+$0.08 USD Hold'em No Limit - Level II (15/30) - 2023/06/28 12:34:59 CET [2023/06/28 6:34:59 ET]
Table '3609910413 1' 3-max Seat #3 is the button
Seat 1: Mahu2021 (470 in chips) 
Seat 2: dao.trance (529 in chips) 
Seat 3: luxaras (501 in chips) 
Mahu2021: posts small blind 15
dao.trance: posts big blind 30
*** HOLE CARDS ***
Dealt to Mahu2021 [9d 4d]
luxaras: folds 
Mahu2021: folds 
Uncalled bet (15) returned to dao.trance
dao.trance collected 30 from pot
dao.trance: doesn't show hand 
*** SUMMARY ***
Total pot 30 | Rake 0 
Seat 1: Mahu2021 (small blind) folded before Flop
Seat 2: dao.trance (big blind) collected (30)
Seat 3: luxaras (button) folded before Flop (didn't bet)



PokerStars Hand #244507973473: Tournament #3609910413, $0.92+$0.08 USD Hold'em No Limit - Level II (15/30) - 2023/06/28 12:35:05 CET [2023/06/28 6:35:05 ET]
Table '3609910413 1' 3-max Seat #1 is the button
Seat 1: Mahu2021 (455 in chips) 
Seat 2: dao.trance (544 in chips) 
Seat 3: luxaras (501 in chips) 
dao.trance: posts small blind 15
luxaras: posts big blind 30
*** HOLE CARDS ***
Dealt to Mahu2021 [9h Jc]
Mahu2021: calls 30
dao.trance: calls 15
luxaras: checks 
*** FLOP *** [Qs 4s Qd]
dao.trance: checks 
luxaras: checks 
Mahu2021: bets 30
dao.trance: folds 
luxaras: folds 
Uncalled bet (30) returned to Mahu2021
Mahu2021 collected 90 from pot
Mahu2021: doesn't show hand 
*** SUMMARY ***
Total pot 90 | Rake 0 
Board [Qs 4s Qd]
Seat 1: Mahu2021 (button) collected (90)
Seat 2: dao.trance (small blind) folded on the Flop
Seat 3: luxaras (big blind) folded on the Flop



PokerStars Hand #244507975661: Tournament #3609910413, $0.92+$0.08 USD Hold'em No Limit - Level II (15/30) - 2023/06/28 12:35:21 CET [2023/06/28 6:35:21 ET]
Table '3609910413 1' 3-max Seat #2 is the button
Seat 1: Mahu2021 (515 in chips) 
Seat 2: dao.trance (514 in chips) 
Seat 3: luxaras (471 in chips) 
luxaras: posts small blind 15
Mahu2021: posts big blind 30
*** HOLE CARDS ***
Dealt to Mahu2021 [Ah 2s]
dao.trance: folds 
luxaras: raises 441 to 471 and is all-in
Mahu2021: folds 
Uncalled bet (441) returned to luxaras
luxaras collected 60 from pot
*** SUMMARY ***
Total pot 60 | Rake 0 
Seat 1: Mahu2021 (big blind) folded before Flop
Seat 2: dao.trance (button) folded before Flop (didn't bet)
Seat 3: luxaras (small blind) collected (60)



PokerStars Hand #244507976699: Tournament #3609910413, $0.92+$0.08 USD Hold'em No Limit - Level II (15/30) - 2023/06/28 12:35:29 CET [2023/06/28 6:35:29 ET]
Table '3609910413 1' 3-max Seat #3 is the button
Seat 1: Mahu2021 (485 in chips) 
Seat 2: dao.trance (514 in chips) 
Seat 3: luxaras (501 in chips) 
Mahu2021: posts small blind 15
dao.trance: posts big blind 30
*** HOLE CARDS ***
Dealt to Mahu2021 [2h Th]
luxaras: folds 
Mahu2021: calls 15
dao.trance: checks 
*** FLOP *** [2s Qd 7d]
Mahu2021: bets 30
dao.trance: folds 
Uncalled bet (30) returned to Mahu2021
Mahu2021 collected 60 from pot
Mahu2021: doesn't show hand 
*** SUMMARY ***
Total pot 60 | Rake 0 
Board [2s Qd 7d]
Seat 1: Mahu2021 (small blind) collected (60)
Seat 2: dao.trance (big blind) folded on the Flop
Seat 3: luxaras (button) folded before Flop (didn't bet)



PokerStars Hand #244507978602: Tournament #3609910413, $0.92+$0.08 USD Hold'em No Limit - Level II (15/30) - 2023/06/28 12:35:42 CET [2023/06/28 6:35:42 ET]
Table '3609910413 1' 3-max Seat #1 is the button
Seat 1: Mahu2021 (515 in chips) 
Seat 2: dao.trance (484 in chips) 
Seat 3: luxaras (501 in chips) 
dao.trance: posts small blind 15
luxaras: posts big blind 30
*** HOLE CARDS ***
Dealt to Mahu2021 [7c Jc]
Mahu2021: calls 30
dao.trance: raises 454 to 484 and is all-in
luxaras: folds 
Mahu2021: folds 
Uncalled bet (454) returned to dao.trance
dao.trance collected 90 from pot
dao.trance: doesn't show hand 
*** SUMMARY ***
Total pot 90 | Rake 0 
Seat 1: Mahu2021 (button) folded before Flop
Seat 2: dao.trance (small blind) collected (90)
Seat 3: luxaras (big blind) folded before Flop



PokerStars Hand #244507980105: Tournament #3609910413, $0.92+$0.08 USD Hold'em No Limit - Level II (15/30) - 2023/06/28 12:35:54 CET [2023/06/28 6:35:54 ET]
Table '3609910413 1' 3-max Seat #2 is the button
Seat 1: Mahu2021 (485 in chips) 
Seat 2: dao.trance (544 in chips) 
Seat 3: luxaras (471 in chips) 
luxaras: posts small blind 15
Mahu2021: posts big blind 30
*** HOLE CARDS ***
Dealt to Mahu2021 [Kh 2s]
dao.trance: raises 30 to 60
luxaras: calls 45
Mahu2021: calls 30
*** FLOP *** [9c Jc Td]
luxaras: checks 
Mahu2021: checks 
dao.trance: bets 69
luxaras: calls 69
Mahu2021: folds 
*** TURN *** [9c Jc Td] [7h]
luxaras: bets 318
dao.trance: folds 
Uncalled bet (318) returned to luxaras
luxaras collected 318 from pot
*** SUMMARY ***
Total pot 318 | Rake 0 
Board [9c Jc Td 7h]
Seat 1: Mahu2021 (big blind) folded on the Flop
Seat 2: dao.trance (button) folded on the Turn
Seat 3: luxaras (small blind) collected (318)



PokerStars Hand #244507984849: Tournament #3609910413, $0.92+$0.08 USD Hold'em No Limit - Level II (15/30) - 2023/06/28 12:36:28 CET [2023/06/28 6:36:28 ET]
Table '3609910413 1' 3-max Seat #3 is the button
Seat 1: Mahu2021 (425 in chips) 
Seat 2: dao.trance (415 in chips) 
Seat 3: luxaras (660 in chips) 
Mahu2021: posts small blind 15
dao.trance: posts big blind 30
*** HOLE CARDS ***
Dealt to Mahu2021 [Kh 8s]
luxaras: raises 30 to 60
Mahu2021: calls 45
dao.trance: calls 30
*** FLOP *** [2d Js Ah]
Mahu2021: checks 
dao.trance: checks 
luxaras: checks 
*** TURN *** [2d Js Ah] [Ks]
Mahu2021: bets 30
dao.trance: folds 
luxaras: raises 30 to 60
Mahu2021: calls 30
*** RIVER *** [2d Js Ah Ks] [Td]
Mahu2021: checks 
luxaras: bets 90
Mahu2021: calls 90
*** SHOW DOWN ***
luxaras: shows [As 5s] (a pair of Aces)
Mahu2021: mucks hand 
luxaras collected 480 from pot
*** SUMMARY ***
Total pot 480 | Rake 0 
Board [2d Js Ah Ks Td]
Seat 1: Mahu2021 (small blind) mucked [Kh 8s]
Seat 2: dao.trance (big blind) folded on the Turn
Seat 3: luxaras (button) showed [As 5s] and won (480) with a pair of Aces



PokerStars Hand #244507988296: Tournament #3609910413, $0.92+$0.08 USD Hold'em No Limit - Level II (15/30) - 2023/06/28 12:36:53 CET [2023/06/28 6:36:53 ET]
Table '3609910413 1' 3-max Seat #1 is the button
Seat 1: Mahu2021 (215 in chips) 
Seat 2: dao.trance (355 in chips) 
Seat 3: luxaras (930 in chips) 
dao.trance: posts small blind 15
luxaras: posts big blind 30
*** HOLE CARDS ***
Dealt to Mahu2021 [Qc 9c]
Mahu2021: raises 185 to 215 and is all-in
dao.trance: folds 
luxaras: folds 
Uncalled bet (185) returned to Mahu2021
Mahu2021 collected 75 from pot
Mahu2021: doesn't show hand 
*** SUMMARY ***
Total pot 75 | Rake 0 
Seat 1: Mahu2021 (button) collected (75)
Seat 2: dao.trance (small blind) folded before Flop
Seat 3: luxaras (big blind) folded before Flop



PokerStars Hand #244507989964: Tournament #3609910413, $0.92+$0.08 USD Hold'em No Limit - Level II (15/30) - 2023/06/28 12:37:05 CET [2023/06/28 6:37:05 ET]
Table '3609910413 1' 3-max Seat #2 is the button
Seat 1: Mahu2021 (260 in chips) 
Seat 2: dao.trance (340 in chips) 
Seat 3: luxaras (900 in chips) 
luxaras: posts small blind 15
Mahu2021: posts big blind 30
*** HOLE CARDS ***
Dealt to Mahu2021 [5s 7c]
dao.trance: folds 
luxaras: raises 870 to 900 and is all-in
Mahu2021: folds 
Uncalled bet (870) returned to luxaras
luxaras collected 60 from pot
*** SUMMARY ***
Total pot 60 | Rake 0 
Seat 1: Mahu2021 (big blind) folded before Flop
Seat 2: dao.trance (button) folded before Flop (didn't bet)
Seat 3: luxaras (small blind) collected (60)



PokerStars Hand #244507990933: Tournament #3609910413, $0.92+$0.08 USD Hold'em No Limit - Level II (15/30) - 2023/06/28 12:37:13 CET [2023/06/28 6:37:13 ET]
Table '3609910413 1' 3-max Seat #3 is the button
Seat 1: Mahu2021 (230 in chips) 
Seat 2: dao.trance (340 in chips) 
Seat 3: luxaras (930 in chips) 
Mahu2021: posts small blind 15
dao.trance: posts big blind 30
*** HOLE CARDS ***
Dealt to Mahu2021 [Qd Js]
luxaras: raises 30 to 60
Mahu2021: calls 45
dao.trance: folds 
*** FLOP *** [Qs 4d 2h]
Mahu2021: bets 170 and is all-in
luxaras: folds 
Uncalled bet (170) returned to Mahu2021
Mahu2021 collected 150 from pot
Mahu2021: doesn't show hand 
*** SUMMARY ***
Total pot 150 | Rake 0 
Board [Qs 4d 2h]
Seat 1: Mahu2021 (small blind) collected (150)
Seat 2: dao.trance (big blind) folded before Flop
Seat 3: luxaras (button) folded on the Flop



PokerStars Hand #244507992509: Tournament #3609910413, $0.92+$0.08 USD Hold'em No Limit - Level II (15/30) - 2023/06/28 12:37:24 CET [2023/06/28 6:37:24 ET]
Table '3609910413 1' 3-max Seat #1 is the button
Seat 1: Mahu2021 (320 in chips) 
Seat 2: dao.trance (310 in chips) 
Seat 3: luxaras (870 in chips) 
dao.trance: posts small blind 15
luxaras: posts big blind 30
*** HOLE CARDS ***
Dealt to Mahu2021 [Kd 4d]
Mahu2021: calls 30
dao.trance: calls 15
luxaras: checks 
*** FLOP *** [4h 2s 7h]
dao.trance: bets 280 and is all-in
luxaras: folds 
Mahu2021: folds 
Uncalled bet (280) returned to dao.trance
dao.trance collected 90 from pot
dao.trance: doesn't show hand 
*** SUMMARY ***
Total pot 90 | Rake 0 
Board [4h 2s 7h]
Seat 1: Mahu2021 (button) folded on the Flop
Seat 2: dao.trance (small blind) collected (90)
Seat 3: luxaras (big blind) folded on the Flop



PokerStars Hand #244507994561: Tournament #3609910413, $0.92+$0.08 USD Hold'em No Limit - Level II (15/30) - 2023/06/28 12:37:39 CET [2023/06/28 6:37:39 ET]
Table '3609910413 1' 3-max Seat #2 is the button
Seat 1: Mahu2021 (290 in chips) 
Seat 2: dao.trance (370 in chips) 
Seat 3: luxaras (840 in chips) 
luxaras: posts small blind 15
Mahu2021: posts big blind 30
*** HOLE CARDS ***
Dealt to Mahu2021 [4d 4s]
dao.trance: folds 
luxaras: calls 15
Mahu2021: raises 260 to 290 and is all-in
luxaras: folds 
Uncalled bet (260) returned to Mahu2021
Mahu2021 collected 60 from pot
Mahu2021: doesn't show hand 
*** SUMMARY ***
Total pot 60 | Rake 0 
Seat 1: Mahu2021 (big blind) collected (60)
Seat 2: dao.trance (button) folded before Flop (didn't bet)
Seat 3: luxaras (small blind) folded before Flop



PokerStars Hand #244507996139: Tournament #3609910413, $0.92+$0.08 USD Hold'em No Limit - Level III (20/40) - 2023/06/28 12:37:51 CET [2023/06/28 6:37:51 ET]
Table '3609910413 1' 3-max Seat #3 is the button
Seat 1: Mahu2021 (320 in chips) 
Seat 2: dao.trance (370 in chips) 
Seat 3: luxaras (810 in chips) 
Mahu2021: posts small blind 20
dao.trance: posts big blind 40
*** HOLE CARDS ***
Dealt to Mahu2021 [3d 2c]
luxaras: folds 
Mahu2021: folds 
Uncalled bet (20) returned to dao.trance
dao.trance collected 40 from pot
dao.trance: doesn't show hand 
*** SUMMARY ***
Total pot 40 | Rake 0 
Seat 1: Mahu2021 (small blind) folded before Flop
Seat 2: dao.trance (big blind) collected (40)
Seat 3: luxaras (button) folded before Flop (didn't bet)



PokerStars Hand #244507997067: Tournament #3609910413, $0.92+$0.08 USD Hold'em No Limit - Level III (20/40) - 2023/06/28 12:37:58 CET [2023/06/28 6:37:58 ET]
Table '3609910413 1' 3-max Seat #1 is the button
Seat 1: Mahu2021 (300 in chips) 
Seat 2: dao.trance (390 in chips) 
Seat 3: luxaras (810 in chips) 
dao.trance: posts small blind 20
luxaras: posts big blind 40
*** HOLE CARDS ***
Dealt to Mahu2021 [As 6h]
Mahu2021: raises 40 to 80
dao.trance: folds 
luxaras: folds 
Uncalled bet (40) returned to Mahu2021
Mahu2021 collected 100 from pot
Mahu2021: doesn't show hand 
*** SUMMARY ***
Total pot 100 | Rake 0 
Seat 1: Mahu2021 (button) collected (100)
Seat 2: dao.trance (small blind) folded before Flop
Seat 3: luxaras (big blind) folded before Flop



PokerStars Hand #244507998218: Tournament #3609910413, $0.92+$0.08 USD Hold'em No Limit - Level III (20/40) - 2023/06/28 12:38:06 CET [2023/06/28 6:38:06 ET]
Table '3609910413 1' 3-max Seat #2 is the button
Seat 1: Mahu2021 (360 in chips) 
Seat 2: dao.trance (370 in chips) 
Seat 3: luxaras (770 in chips) 
luxaras: posts small blind 20
Mahu2021: posts big blind 40
*** HOLE CARDS ***
Dealt to Mahu2021 [Jd Ad]
dao.trance: raises 330 to 370 and is all-in
luxaras: folds 
Mahu2021: calls 320 and is all-in
Uncalled bet (10) returned to dao.trance
*** FLOP *** [Td Kh 6d]
*** TURN *** [Td Kh 6d] [5s]
*** RIVER *** [Td Kh 6d 5s] [Ac]
*** SHOW DOWN ***
Mahu2021: shows [Jd Ad] (a pair of Aces)
dao.trance: shows [As 7s] (a pair of Aces - lower kicker)
Mahu2021 collected 740 from pot
*** SUMMARY ***
Total pot 740 | Rake 0 
Board [Td Kh 6d 5s Ac]
Seat 1: Mahu2021 (big blind) showed [Jd Ad] and won (740) with a pair of Aces
Seat 2: dao.trance (button) showed [As 7s] and lost with a pair of Aces
Seat 3: luxaras (small blind) folded before Flop



PokerStars Hand #244508000356: Tournament #3609910413, $0.92+$0.08 USD Hold'em No Limit - Level III (20/40) - 2023/06/28 12:38:21 CET [2023/06/28 6:38:21 ET]
Table '3609910413 1' 3-max Seat #3 is the button
Seat 1: Mahu2021 (740 in chips) 
Seat 2: dao.trance (10 in chips) 
Seat 3: luxaras (750 in chips) 
Mahu2021: posts small blind 20
dao.trance: posts big blind 10 and is all-in
*** HOLE CARDS ***
Dealt to Mahu2021 [Kd Td]
luxaras: folds 
Uncalled bet (10) returned to Mahu2021
*** FLOP *** [8d Ks Ad]
*** TURN *** [8d Ks Ad] [Js]
*** RIVER *** [8d Ks Ad Js] [7h]
*** SHOW DOWN ***
Mahu2021: shows [Kd Td] (a pair of Kings)
dao.trance: shows [5d Jd] (a pair of Jacks)
Mahu2021 collected 20 from pot
dao.trance finished the tournament in 3rd place
*** SUMMARY ***
Total pot 20 | Rake 0 
Board [8d Ks Ad Js 7h]
Seat 1: Mahu2021 (small blind) showed [Kd Td] and won (20) with a pair of Kings
Seat 2: dao.trance (big blind) showed [5d Jd] and lost with a pair of Jacks
Seat 3: luxaras (button) folded before Flop (didn't bet)



PokerStars Hand #244508002233: Tournament #3609910413, $0.92+$0.08 USD Hold'em No Limit - Level III (20/40) - 2023/06/28 12:38:35 CET [2023/06/28 6:38:35 ET]
Table '3609910413 1' 3-max Seat #1 is the button
Seat 1: Mahu2021 (750 in chips) 
Seat 3: luxaras (750 in chips) 
Mahu2021: posts small blind 20
luxaras: posts big blind 40
*** HOLE CARDS ***
Dealt to Mahu2021 [3s Qh]
Mahu2021: folds 
Uncalled bet (20) returned to luxaras
luxaras collected 40 from pot
*** SUMMARY ***
Total pot 40 | Rake 0 
Seat 1: Mahu2021 (button) (small blind) folded before Flop
Seat 3: luxaras (big blind) collected (40)



PokerStars Hand #244508002845: Tournament #3609910413, $0.92+$0.08 USD Hold'em No Limit - Level III (20/40) - 2023/06/28 12:38:40 CET [2023/06/28 6:38:40 ET]
Table '3609910413 1' 3-max Seat #3 is the button
Seat 1: Mahu2021 (730 in chips) 
Seat 3: luxaras (770 in chips) 
luxaras: posts small blind 20
Mahu2021: posts big blind 40
*** HOLE CARDS ***
Dealt to Mahu2021 [6d Ah]
luxaras: calls 20
Mahu2021: checks 
*** FLOP *** [Th 6c Jc]
Mahu2021: checks 
luxaras: checks 
*** TURN *** [Th 6c Jc] [Kh]
Mahu2021: checks 
luxaras: bets 40
Mahu2021: calls 40
*** RIVER *** [Th 6c Jc Kh] [7s]
Mahu2021: checks 
luxaras: bets 80
Mahu2021: folds 
Uncalled bet (80) returned to luxaras
luxaras collected 160 from pot
*** SUMMARY ***
Total pot 160 | Rake 0 
Board [Th 6c Jc Kh 7s]
Seat 1: Mahu2021 (big blind) folded on the River
Seat 3: luxaras (button) (small blind) collected (160)



PokerStars Hand #244508005363: Tournament #3609910413, $0.92+$0.08 USD Hold'em No Limit - Level III (20/40) - 2023/06/28 12:38:58 CET [2023/06/28 6:38:58 ET]
Table '3609910413 1' 3-max Seat #1 is the button
Seat 1: Mahu2021 (650 in chips) 
Seat 3: luxaras (850 in chips) 
Mahu2021: posts small blind 20
luxaras: posts big blind 40
*** HOLE CARDS ***
Dealt to Mahu2021 [3s 4c]
Mahu2021: calls 20
luxaras: checks 
*** FLOP *** [Qh 9c Kc]
luxaras: checks 
Mahu2021: bets 40
luxaras: folds 
Uncalled bet (40) returned to Mahu2021
Mahu2021 collected 80 from pot
Mahu2021: doesn't show hand 
*** SUMMARY ***
Total pot 80 | Rake 0 
Board [Qh 9c Kc]
Seat 1: Mahu2021 (button) (small blind) collected (80)
Seat 3: luxaras (big blind) folded on the Flop



PokerStars Hand #244508006961: Tournament #3609910413, $0.92+$0.08 USD Hold'em No Limit - Level III (20/40) - 2023/06/28 12:39:10 CET [2023/06/28 6:39:10 ET]
Table '3609910413 1' 3-max Seat #3 is the button
Seat 1: Mahu2021 (690 in chips) 
Seat 3: luxaras (810 in chips) 
luxaras: posts small blind 20
Mahu2021: posts big blind 40
*** HOLE CARDS ***
Dealt to Mahu2021 [8c Ks]
luxaras: calls 20
Mahu2021: checks 
*** FLOP *** [2s 6d 2d]
Mahu2021: checks 
luxaras: bets 40
Mahu2021: calls 40
*** TURN *** [2s 6d 2d] [3s]
Mahu2021: checks 
luxaras: bets 80
Mahu2021: folds 
Uncalled bet (80) returned to luxaras
luxaras collected 160 from pot
*** SUMMARY ***
Total pot 160 | Rake 0 
Board [2s 6d 2d 3s]
Seat 1: Mahu2021 (big blind) folded on the Turn
Seat 3: luxaras (button) (small blind) collected (160)



PokerStars Hand #244508009174: Tournament #3609910413, $0.92+$0.08 USD Hold'em No Limit - Level III (20/40) - 2023/06/28 12:39:25 CET [2023/06/28 6:39:25 ET]
Table '3609910413 1' 3-max Seat #1 is the button
Seat 1: Mahu2021 (610 in chips) 
Seat 3: luxaras (890 in chips) 
Mahu2021: posts small blind 20
luxaras: posts big blind 40
*** HOLE CARDS ***
Dealt to Mahu2021 [Th 8h]
Mahu2021: calls 20
luxaras: checks 
*** FLOP *** [Ks As 3c]
luxaras: checks 
Mahu2021: bets 40
luxaras: folds 
Uncalled bet (40) returned to Mahu2021
Mahu2021 collected 80 from pot
Mahu2021: doesn't show hand 
*** SUMMARY ***
Total pot 80 | Rake 0 
Board [Ks As 3c]
Seat 1: Mahu2021 (button) (small blind) collected (80)
Seat 3: luxaras (big blind) folded on the Flop



PokerStars Hand #244508010991: Tournament #3609910413, $0.92+$0.08 USD Hold'em No Limit - Level III (20/40) - 2023/06/28 12:39:38 CET [2023/06/28 6:39:38 ET]
Table '3609910413 1' 3-max Seat #3 is the button
Seat 1: Mahu2021 (650 in chips) 
Seat 3: luxaras (850 in chips) 
luxaras: posts small blind 20
Mahu2021: posts big blind 40
*** HOLE CARDS ***
Dealt to Mahu2021 [3c 8c]
luxaras: folds 
Uncalled bet (20) returned to Mahu2021
Mahu2021 collected 40 from pot
Mahu2021: doesn't show hand 
*** SUMMARY ***
Total pot 40 | Rake 0 
Seat 1: Mahu2021 (big blind) collected (40)
Seat 3: luxaras (button) (small blind) folded before Flop



PokerStars Hand #244508011642: Tournament #3609910413, $0.92+$0.08 USD Hold'em No Limit - Level III (20/40) - 2023/06/28 12:39:43 CET [2023/06/28 6:39:43 ET]
Table '3609910413 1' 3-max Seat #1 is the button
Seat 1: Mahu2021 (670 in chips) 
Seat 3: luxaras (830 in chips) 
Mahu2021: posts small blind 20
luxaras: posts big blind 40
*** HOLE CARDS ***
Dealt to Mahu2021 [Kd 6h]
Mahu2021: calls 20
luxaras: checks 
*** FLOP *** [4h 7s 2d]
luxaras: checks 
Mahu2021: checks 
*** TURN *** [4h 7s 2d] [3h]
luxaras: checks 
Mahu2021: checks 
*** RIVER *** [4h 7s 2d 3h] [3c]
luxaras: checks 
Mahu2021: checks 
*** SHOW DOWN ***
luxaras: shows [2c Js] (two pair, Threes and Deuces)
Mahu2021: mucks hand 
luxaras collected 80 from pot
*** SUMMARY ***
Total pot 80 | Rake 0 
Board [4h 7s 2d 3h 3c]
Seat 1: Mahu2021 (button) (small blind) mucked [Kd 6h]
Seat 3: luxaras (big blind) showed [2c Js] and won (80) with two pair, Threes and Deuces



PokerStars Hand #244508013673: Tournament #3609910413, $0.92+$0.08 USD Hold'em No Limit - Level III (20/40) - 2023/06/28 12:39:58 CET [2023/06/28 6:39:58 ET]
Table '3609910413 1' 3-max Seat #3 is the button
Seat 1: Mahu2021 (630 in chips) 
Seat 3: luxaras (870 in chips) 
luxaras: posts small blind 20
Mahu2021: posts big blind 40
*** HOLE CARDS ***
Dealt to Mahu2021 [3s 6c]
luxaras: calls 20
Mahu2021: checks 
*** FLOP *** [Kc Qd 2c]
Mahu2021: checks 
luxaras: bets 40
Mahu2021: folds 
Uncalled bet (40) returned to luxaras
luxaras collected 80 from pot
*** SUMMARY ***
Total pot 80 | Rake 0 
Board [Kc Qd 2c]
Seat 1: Mahu2021 (big blind) folded on the Flop
Seat 3: luxaras (button) (small blind) collected (80)



PokerStars Hand #244508015400: Tournament #3609910413, $0.92+$0.08 USD Hold'em No Limit - Level III (20/40) - 2023/06/28 12:40:10 CET [2023/06/28 6:40:10 ET]
Table '3609910413 1' 3-max Seat #1 is the button
Seat 1: Mahu2021 (590 in chips) 
Seat 3: luxaras (910 in chips) 
Mahu2021: posts small blind 20
luxaras: posts big blind 40
*** HOLE CARDS ***
Dealt to Mahu2021 [8s Qd]
Mahu2021: calls 20
luxaras: checks 
*** FLOP *** [3c Tc Qs]
luxaras: checks 
Mahu2021: bets 40
luxaras: folds 
Uncalled bet (40) returned to Mahu2021
Mahu2021 collected 80 from pot
Mahu2021: doesn't show hand 
*** SUMMARY ***
Total pot 80 | Rake 0 
Board [3c Tc Qs]
Seat 1: Mahu2021 (button) (small blind) collected (80)
Seat 3: luxaras (big blind) folded on the Flop



PokerStars Hand #244508016869: Tournament #3609910413, $0.92+$0.08 USD Hold'em No Limit - Level III (20/40) - 2023/06/28 12:40:21 CET [2023/06/28 6:40:21 ET]
Table '3609910413 1' 3-max Seat #3 is the button
Seat 1: Mahu2021 (630 in chips) 
Seat 3: luxaras (870 in chips) 
luxaras: posts small blind 20
Mahu2021: posts big blind 40
*** HOLE CARDS ***
Dealt to Mahu2021 [9s Th]
luxaras: calls 20
Mahu2021: checks 
*** FLOP *** [7c Qs 9d]
Mahu2021: bets 40
luxaras: calls 40
*** TURN *** [7c Qs 9d] [3h]
Mahu2021: checks 
luxaras: checks 
*** RIVER *** [7c Qs 9d 3h] [4d]
Mahu2021: checks 
luxaras: bets 160
Mahu2021: folds 
Uncalled bet (160) returned to luxaras
luxaras collected 160 from pot
*** SUMMARY ***
Total pot 160 | Rake 0 
Board [7c Qs 9d 3h 4d]
Seat 1: Mahu2021 (big blind) folded on the River
Seat 3: luxaras (button) (small blind) collected (160)



PokerStars Hand #244508021309: Tournament #3609910413, $0.92+$0.08 USD Hold'em No Limit - Level IV (30/60) - 2023/06/28 12:40:52 CET [2023/06/28 6:40:52 ET]
Table '3609910413 1' 3-max Seat #1 is the button
Seat 1: Mahu2021 (550 in chips) 
Seat 3: luxaras (950 in chips) 
Mahu2021: posts small blind 30
luxaras: posts big blind 60
*** HOLE CARDS ***
Dealt to Mahu2021 [9d 5s]
Mahu2021: folds 
Uncalled bet (30) returned to luxaras
luxaras collected 60 from pot
*** SUMMARY ***
Total pot 60 | Rake 0 
Seat 1: Mahu2021 (button) (small blind) folded before Flop
Seat 3: luxaras (big blind) collected (60)



PokerStars Hand #244508021958: Tournament #3609910413, $0.92+$0.08 USD Hold'em No Limit - Level IV (30/60) - 2023/06/28 12:40:57 CET [2023/06/28 6:40:57 ET]
Table '3609910413 1' 3-max Seat #3 is the button
Seat 1: Mahu2021 (520 in chips) 
Seat 3: luxaras (980 in chips) 
luxaras: posts small blind 30
Mahu2021: posts big blind 60
*** HOLE CARDS ***
Dealt to Mahu2021 [Ah 5c]
luxaras: raises 920 to 980 and is all-in
Mahu2021: folds 
Uncalled bet (920) returned to luxaras
luxaras collected 120 from pot
*** SUMMARY ***
Total pot 120 | Rake 0 
Seat 1: Mahu2021 (big blind) folded before Flop
Seat 3: luxaras (button) (small blind) collected (120)



PokerStars Hand #244508023647: Tournament #3609910413, $0.92+$0.08 USD Hold'em No Limit - Level IV (30/60) - 2023/06/28 12:41:09 CET [2023/06/28 6:41:09 ET]
Table '3609910413 1' 3-max Seat #1 is the button
Seat 1: Mahu2021 (460 in chips) 
Seat 3: luxaras (1040 in chips) 
Mahu2021: posts small blind 30
luxaras: posts big blind 60
*** HOLE CARDS ***
Dealt to Mahu2021 [Ts 8c]
Mahu2021: calls 30
luxaras: checks 
*** FLOP *** [Jd 7s 8d]
luxaras: checks 
Mahu2021: bets 60
luxaras: calls 60
*** TURN *** [Jd 7s 8d] [7d]
luxaras: checks 
Mahu2021: checks 
*** RIVER *** [Jd 7s 8d 7d] [5d]
luxaras: bets 120
Mahu2021: folds 
Uncalled bet (120) returned to luxaras
luxaras collected 240 from pot
*** SUMMARY ***
Total pot 240 | Rake 0 
Board [Jd 7s 8d 7d 5d]
Seat 1: Mahu2021 (button) (small blind) folded on the River
Seat 3: luxaras (big blind) collected (240)



PokerStars Hand #244508026916: Tournament #3609910413, $0.92+$0.08 USD Hold'em No Limit - Level IV (30/60) - 2023/06/28 12:41:31 CET [2023/06/28 6:41:31 ET]
Table '3609910413 1' 3-max Seat #3 is the button
Seat 1: Mahu2021 (340 in chips) 
Seat 3: luxaras (1160 in chips) 
luxaras: posts small blind 30
Mahu2021: posts big blind 60
*** HOLE CARDS ***
Dealt to Mahu2021 [4h 5h]
luxaras: folds 
Uncalled bet (30) returned to Mahu2021
Mahu2021 collected 60 from pot
Mahu2021: doesn't show hand 
*** SUMMARY ***
Total pot 60 | Rake 0 
Seat 1: Mahu2021 (big blind) collected (60)
Seat 3: luxaras (button) (small blind) folded before Flop



PokerStars Hand #244508027855: Tournament #3609910413, $0.92+$0.08 USD Hold'em No Limit - Level IV (30/60) - 2023/06/28 12:41:38 CET [2023/06/28 6:41:38 ET]
Table '3609910413 1' 3-max Seat #1 is the button
Seat 1: Mahu2021 (370 in chips) 
Seat 3: luxaras (1130 in chips) 
Mahu2021: posts small blind 30
luxaras: posts big blind 60
*** HOLE CARDS ***
Dealt to Mahu2021 [6s Kd]
Mahu2021: raises 310 to 370 and is all-in
luxaras: folds 
Uncalled bet (310) returned to Mahu2021
Mahu2021 collected 120 from pot
Mahu2021: doesn't show hand 
*** SUMMARY ***
Total pot 120 | Rake 0 
Seat 1: Mahu2021 (button) (small blind) collected (120)
Seat 3: luxaras (big blind) folded before Flop



PokerStars Hand #244508028776: Tournament #3609910413, $0.92+$0.08 USD Hold'em No Limit - Level IV (30/60) - 2023/06/28 12:41:44 CET [2023/06/28 6:41:44 ET]
Table '3609910413 1' 3-max Seat #3 is the button
Seat 1: Mahu2021 (430 in chips) 
Seat 3: luxaras (1070 in chips) 
luxaras: posts small blind 30
Mahu2021: posts big blind 60
*** HOLE CARDS ***
Dealt to Mahu2021 [9h Jc]
luxaras: raises 1010 to 1070 and is all-in
Mahu2021: folds 
Uncalled bet (1010) returned to luxaras
luxaras collected 120 from pot
*** SUMMARY ***
Total pot 120 | Rake 0 
Seat 1: Mahu2021 (big blind) folded before Flop
Seat 3: luxaras (button) (small blind) collected (120)



PokerStars Hand #244508029762: Tournament #3609910413, $0.92+$0.08 USD Hold'em No Limit - Level IV (30/60) - 2023/06/28 12:41:51 CET [2023/06/28 6:41:51 ET]
Table '3609910413 1' 3-max Seat #1 is the button
Seat 1: Mahu2021 (370 in chips) 
Seat 3: luxaras (1130 in chips) 
Mahu2021: posts small blind 30
luxaras: posts big blind 60
*** HOLE CARDS ***
Dealt to Mahu2021 [5h Ad]
Mahu2021: raises 310 to 370 and is all-in
luxaras: calls 310
*** FLOP *** [7s 8h 3d]
*** TURN *** [7s 8h 3d] [9c]
*** RIVER *** [7s 8h 3d 9c] [Jc]
*** SHOW DOWN ***
luxaras: shows [Qs Ks] (high card King)
Mahu2021: shows [5h Ad] (high card Ace)
Mahu2021 collected 740 from pot
*** SUMMARY ***
Total pot 740 | Rake 0 
Board [7s 8h 3d 9c Jc]
Seat 1: Mahu2021 (button) (small blind) showed [5h Ad] and won (740) with high card Ace
Seat 3: luxaras (big blind) showed [Qs Ks] and lost with high card King



PokerStars Hand #244508031559: Tournament #3609910413, $0.92+$0.08 USD Hold'em No Limit - Level IV (30/60) - 2023/06/28 12:42:04 CET [2023/06/28 6:42:04 ET]
Table '3609910413 1' 3-max Seat #3 is the button
Seat 1: Mahu2021 (740 in chips) 
Seat 3: luxaras (760 in chips) 
luxaras: posts small blind 30
Mahu2021: posts big blind 60
*** HOLE CARDS ***
Dealt to Mahu2021 [Kd Qs]
luxaras: calls 30
Mahu2021: checks 
*** FLOP *** [Tc 6s 6c]
Mahu2021: checks 
luxaras: bets 60
Mahu2021: calls 60
*** TURN *** [Tc 6s 6c] [3h]
Mahu2021: checks 
luxaras: bets 120
Mahu2021: folds 
Uncalled bet (120) returned to luxaras
luxaras collected 240 from pot
*** SUMMARY ***
Total pot 240 | Rake 0 
Board [Tc 6s 6c 3h]
Seat 1: Mahu2021 (big blind) folded on the Turn
Seat 3: luxaras (button) (small blind) collected (240)



PokerStars Hand #244508034334: Tournament #3609910413, $0.92+$0.08 USD Hold'em No Limit - Level IV (30/60) - 2023/06/28 12:42:23 CET [2023/06/28 6:42:23 ET]
Table '3609910413 1' 3-max Seat #1 is the button
Seat 1: Mahu2021 (620 in chips) 
Seat 3: luxaras (880 in chips) 
Mahu2021: posts small blind 30
luxaras: posts big blind 60
*** HOLE CARDS ***
Dealt to Mahu2021 [Kc 6d]
Mahu2021: calls 30
luxaras: checks 
*** FLOP *** [4d Qc 7s]
luxaras: checks 
Mahu2021: bets 60
luxaras: calls 60
*** TURN *** [4d Qc 7s] [Td]
luxaras: checks 
Mahu2021: checks 
*** RIVER *** [4d Qc 7s Td] [3s]
luxaras: bets 120
Mahu2021: folds 
Uncalled bet (120) returned to luxaras
luxaras collected 240 from pot
*** SUMMARY ***
Total pot 240 | Rake 0 
Board [4d Qc 7s Td 3s]
Seat 1: Mahu2021 (button) (small blind) folded on the River
Seat 3: luxaras (big blind) collected (240)



PokerStars Hand #244508036854: Tournament #3609910413, $0.92+$0.08 USD Hold'em No Limit - Level IV (30/60) - 2023/06/28 12:42:40 CET [2023/06/28 6:42:40 ET]
Table '3609910413 1' 3-max Seat #3 is the button
Seat 1: Mahu2021 (500 in chips) 
Seat 3: luxaras (1000 in chips) 
luxaras: posts small blind 30
Mahu2021: posts big blind 60
*** HOLE CARDS ***
Dealt to Mahu2021 [7d 2h]
luxaras: calls 30
Mahu2021: checks 
*** FLOP *** [Kd 8s 8h]
Mahu2021: checks 
luxaras: bets 60
Mahu2021: folds 
Uncalled bet (60) returned to luxaras
luxaras collected 120 from pot
*** SUMMARY ***
Total pot 120 | Rake 0 
Board [Kd 8s 8h]
Seat 1: Mahu2021 (big blind) folded on the Flop
Seat 3: luxaras (button) (small blind) collected (120)



PokerStars Hand #244508038399: Tournament #3609910413, $0.92+$0.08 USD Hold'em No Limit - Level IV (30/60) - 2023/06/28 12:42:51 CET [2023/06/28 6:42:51 ET]
Table '3609910413 1' 3-max Seat #1 is the button
Seat 1: Mahu2021 (440 in chips) 
Seat 3: luxaras (1060 in chips) 
Mahu2021: posts small blind 30
luxaras: posts big blind 60
*** HOLE CARDS ***
Dealt to Mahu2021 [Ad Td]
Mahu2021: calls 30
luxaras: checks 
*** FLOP *** [3d Qc 2s]
luxaras: checks 
Mahu2021: bets 60
luxaras: calls 60
*** TURN *** [3d Qc 2s] [8h]
luxaras: checks 
Mahu2021: checks 
*** RIVER *** [3d Qc 2s 8h] [8s]
luxaras: checks 
Mahu2021: checks 
*** SHOW DOWN ***
luxaras: shows [3s Kc] (two pair, Eights and Threes)
Mahu2021: mucks hand 
luxaras collected 240 from pot
*** SUMMARY ***
Total pot 240 | Rake 0 
Board [3d Qc 2s 8h 8s]
Seat 1: Mahu2021 (button) (small blind) mucked [Ad Td]
Seat 3: luxaras (big blind) showed [3s Kc] and won (240) with two pair, Eights and Threes



PokerStars Hand #244508040930: Tournament #3609910413, $0.92+$0.08 USD Hold'em No Limit - Level IV (30/60) - 2023/06/28 12:43:08 CET [2023/06/28 6:43:08 ET]
Table '3609910413 1' 3-max Seat #3 is the button
Seat 1: Mahu2021 (320 in chips) 
Seat 3: luxaras (1180 in chips) 
luxaras: posts small blind 30
Mahu2021: posts big blind 60
*** HOLE CARDS ***
Dealt to Mahu2021 [Kd 2h]
luxaras: raises 1120 to 1180 and is all-in
Mahu2021: folds 
Uncalled bet (1120) returned to luxaras
luxaras collected 120 from pot
*** SUMMARY ***
Total pot 120 | Rake 0 
Seat 1: Mahu2021 (big blind) folded before Flop
Seat 3: luxaras (button) (small blind) collected (120)



PokerStars Hand #244508041851: Tournament #3609910413, $0.92+$0.08 USD Hold'em No Limit - Level IV (30/60) - 2023/06/28 12:43:15 CET [2023/06/28 6:43:15 ET]
Table '3609910413 1' 3-max Seat #1 is the button
Seat 1: Mahu2021 (260 in chips) 
Seat 3: luxaras (1240 in chips) 
Mahu2021: posts small blind 30
luxaras: posts big blind 60
*** HOLE CARDS ***
Dealt to Mahu2021 [8c Kd]
Mahu2021: raises 200 to 260 and is all-in
luxaras: calls 200
*** FLOP *** [Qh Td Th]
*** TURN *** [Qh Td Th] [6d]
*** RIVER *** [Qh Td Th 6d] [4s]
*** SHOW DOWN ***
luxaras: shows [3s Qs] (two pair, Queens and Tens)
Mahu2021: shows [8c Kd] (a pair of Tens)
luxaras collected 520 from pot
Mahu2021 finished the tournament in 2nd place
luxaras wins the tournament and receives $5.00 - congratulations!
*** SUMMARY ***
Total pot 520 | Rake 0 
Board [Qh Td Th 6d 4s]
Seat 1: Mahu2021 (button) (small blind) showed [8c Kd] and lost with a pair of Tens
Seat 3: luxaras (big blind) showed [3s Qs] and won (520) with two pair, Queens and Tens



