PokerStars Hand #252923856555: Tournament #3811856947, $1.84+$0.16 USD Hold'em No Limit - Level I (10/20) - 2024/10/14 16:20:28 CET [2024/10/14 10:20:28 ET]
Table '3811856947 1' 3-max Seat #1 is the button
Seat 1: Mahu2021 (500 in chips) 
Seat 2: aleky5613 (500 in chips) 
Seat 3: mike 162157 (500 in chips) 
aleky5613: posts small blind 10
mike 162157: posts big blind 20
*** HOLE CARDS ***
Dealt to Mahu2021 [Ts 4s]
Mahu2021: folds 
aleky5613: folds 
Uncalled bet (10) returned to mike 162157
mike 162157 collected 20 from pot
mike 162157: doesn't show hand 
*** SUMMARY ***
Total pot 20 | Rake 0 
Seat 1: Mahu2021 (button) folded before Flop (didn't bet)
Seat 2: aleky5613 (small blind) folded before Flop
Seat 3: mike 162157 (big blind) collected (20)



PokerStars Hand #252923857448: Tournament #3811856947, $1.84+$0.16 USD Hold'em No Limit - Level I (10/20) - 2024/10/14 16:20:33 CET [2024/10/14 10:20:33 ET]
Table '3811856947 1' 3-max Seat #2 is the button
Seat 1: Mahu2021 (500 in chips) 
Seat 2: aleky5613 (490 in chips) 
Seat 3: mike 162157 (510 in chips) 
mike 162157: posts small blind 10
Mahu2021: posts big blind 20
*** HOLE CARDS ***
Dealt to Mahu2021 [Jd 9h]
aleky5613: calls 20
mike 162157: calls 10
Mahu2021: checks 
*** FLOP *** [Qs Tc Td]
mike 162157: checks 
Mahu2021: bets 20
aleky5613: folds 
mike 162157: folds 
Uncalled bet (20) returned to Mahu2021
Mahu2021 collected 60 from pot
Mahu2021: doesn't show hand 
*** SUMMARY ***
Total pot 60 | Rake 0 
Board [Qs Tc Td]
Seat 1: Mahu2021 (big blind) collected (60)
Seat 2: aleky5613 (button) folded on the Flop
Seat 3: mike 162157 (small blind) folded on the Flop



PokerStars Hand #252923860965: Tournament #3811856947, $1.84+$0.16 USD Hold'em No Limit - Level I (10/20) - 2024/10/14 16:20:50 CET [2024/10/14 10:20:50 ET]
Table '3811856947 1' 3-max Seat #3 is the button
Seat 1: Mahu2021 (540 in chips) 
Seat 2: aleky5613 (470 in chips) 
Seat 3: mike 162157 (490 in chips) 
Mahu2021: posts small blind 10
aleky5613: posts big blind 20
*** HOLE CARDS ***
Dealt to Mahu2021 [Ad 4c]
mike 162157: calls 20
Mahu2021: calls 10
aleky5613: raises 450 to 470 and is all-in
mike 162157: folds 
Mahu2021: folds 
Uncalled bet (450) returned to aleky5613
aleky5613 collected 60 from pot
*** SUMMARY ***
Total pot 60 | Rake 0 
Seat 1: Mahu2021 (small blind) folded before Flop
Seat 2: aleky5613 (big blind) collected (60)
Seat 3: mike 162157 (button) folded before Flop



PokerStars Hand #252923863407: Tournament #3811856947, $1.84+$0.16 USD Hold'em No Limit - Level I (10/20) - 2024/10/14 16:21:03 CET [2024/10/14 10:21:03 ET]
Table '3811856947 1' 3-max Seat #1 is the button
Seat 1: Mahu2021 (520 in chips) 
Seat 2: aleky5613 (510 in chips) 
Seat 3: mike 162157 (470 in chips) 
aleky5613: posts small blind 10
mike 162157: posts big blind 20
*** HOLE CARDS ***
Dealt to Mahu2021 [9d Kh]
Mahu2021: raises 20 to 40
aleky5613: calls 30
mike 162157: calls 20
*** FLOP *** [9h 3c 6d]
aleky5613: checks 
mike 162157: checks 
Mahu2021: bets 120
aleky5613: folds 
mike 162157: folds 
Uncalled bet (120) returned to Mahu2021
Mahu2021 collected 120 from pot
Mahu2021: doesn't show hand 
*** SUMMARY ***
Total pot 120 | Rake 0 
Board [9h 3c 6d]
Seat 1: Mahu2021 (button) collected (120)
Seat 2: aleky5613 (small blind) folded on the Flop
Seat 3: mike 162157 (big blind) folded on the Flop



PokerStars Hand #252923867095: Tournament #3811856947, $1.84+$0.16 USD Hold'em No Limit - Level I (10/20) - 2024/10/14 16:21:21 CET [2024/10/14 10:21:21 ET]
Table '3811856947 1' 3-max Seat #2 is the button
Seat 1: Mahu2021 (600 in chips) 
Seat 2: aleky5613 (470 in chips) 
Seat 3: mike 162157 (430 in chips) 
mike 162157: posts small blind 10
Mahu2021: posts big blind 20
*** HOLE CARDS ***
Dealt to Mahu2021 [8s 8h]
aleky5613: folds 
mike 162157: calls 10
Mahu2021: raises 60 to 80
mike 162157: folds 
Uncalled bet (60) returned to Mahu2021
Mahu2021 collected 40 from pot
Mahu2021: doesn't show hand 
*** SUMMARY ***
Total pot 40 | Rake 0 
Seat 1: Mahu2021 (big blind) collected (40)
Seat 2: aleky5613 (button) folded before Flop (didn't bet)
Seat 3: mike 162157 (small blind) folded before Flop



PokerStars Hand #252923870758: Tournament #3811856947, $1.84+$0.16 USD Hold'em No Limit - Level I (10/20) - 2024/10/14 16:21:40 CET [2024/10/14 10:21:40 ET]
Table '3811856947 1' 3-max Seat #3 is the button
Seat 1: Mahu2021 (620 in chips) 
Seat 2: aleky5613 (470 in chips) 
Seat 3: mike 162157 (410 in chips) 
Mahu2021: posts small blind 10
aleky5613: posts big blind 20
*** HOLE CARDS ***
Dealt to Mahu2021 [5s 9s]
mike 162157: calls 20
Mahu2021: folds 
aleky5613: checks 
*** FLOP *** [6h Ac 9d]
aleky5613: checks 
mike 162157: checks 
*** TURN *** [6h Ac 9d] [Kd]
aleky5613: checks 
mike 162157: checks 
*** RIVER *** [6h Ac 9d Kd] [5c]
aleky5613: checks 
mike 162157: checks 
*** SHOW DOWN ***
aleky5613: shows [7c 3d] (high card Ace)
mike 162157: shows [4c Tc] (high card Ace - King+Ten kicker)
mike 162157 collected 50 from pot
*** SUMMARY ***
Total pot 50 | Rake 0 
Board [6h Ac 9d Kd 5c]
Seat 1: Mahu2021 (small blind) folded before Flop
Seat 2: aleky5613 (big blind) showed [7c 3d] and lost with high card Ace
Seat 3: mike 162157 (button) showed [4c Tc] and won (50) with high card Ace



PokerStars Hand #252923873848: Tournament #3811856947, $1.84+$0.16 USD Hold'em No Limit - Level I (10/20) - 2024/10/14 16:21:56 CET [2024/10/14 10:21:56 ET]
Table '3811856947 1' 3-max Seat #1 is the button
Seat 1: Mahu2021 (610 in chips) 
Seat 2: aleky5613 (450 in chips) 
Seat 3: mike 162157 (440 in chips) 
aleky5613: posts small blind 10
mike 162157: posts big blind 20
*** HOLE CARDS ***
Dealt to Mahu2021 [Ah 4d]
Mahu2021: calls 20
aleky5613: calls 10
mike 162157: checks 
*** FLOP *** [Td 9s Tc]
aleky5613: checks 
mike 162157: checks 
Mahu2021: checks 
*** TURN *** [Td 9s Tc] [6s]
aleky5613: checks 
mike 162157: bets 40
Mahu2021: folds 
aleky5613: calls 40
*** RIVER *** [Td 9s Tc 6s] [5s]
aleky5613: checks 
mike 162157: checks 
*** SHOW DOWN ***
aleky5613: shows [6d Qs] (two pair, Tens and Sixes)
mike 162157: shows [9d 3d] (two pair, Tens and Nines)
mike 162157 collected 140 from pot
*** SUMMARY ***
Total pot 140 | Rake 0 
Board [Td 9s Tc 6s 5s]
Seat 1: Mahu2021 (button) folded on the Turn
Seat 2: aleky5613 (small blind) showed [6d Qs] and lost with two pair, Tens and Sixes
Seat 3: mike 162157 (big blind) showed [9d 3d] and won (140) with two pair, Tens and Nines



PokerStars Hand #252923878409: Tournament #3811856947, $1.84+$0.16 USD Hold'em No Limit - Level I (10/20) - 2024/10/14 16:22:19 CET [2024/10/14 10:22:19 ET]
Table '3811856947 1' 3-max Seat #2 is the button
Seat 1: Mahu2021 (590 in chips) 
Seat 2: aleky5613 (390 in chips) 
Seat 3: mike 162157 (520 in chips) 
mike 162157: posts small blind 10
Mahu2021: posts big blind 20
*** HOLE CARDS ***
Dealt to Mahu2021 [7h 3h]
aleky5613: raises 370 to 390 and is all-in
mike 162157: calls 380
Mahu2021: folds 
*** FLOP *** [4h 4s 3d]
*** TURN *** [4h 4s 3d] [9h]
*** RIVER *** [4h 4s 3d 9h] [Ah]
*** SHOW DOWN ***
mike 162157: shows [Js Ks] (a pair of Fours)
aleky5613: shows [5c Qc] (a pair of Fours - lower kicker)
mike 162157 collected 800 from pot
aleky5613 finished the tournament in 3rd place
*** SUMMARY ***
Total pot 800 | Rake 0 
Board [4h 4s 3d 9h Ah]
Seat 1: Mahu2021 (big blind) folded before Flop
Seat 2: aleky5613 (button) showed [5c Qc] and lost with a pair of Fours
Seat 3: mike 162157 (small blind) showed [Js Ks] and won (800) with a pair of Fours



PokerStars Hand #252923881914: Tournament #3811856947, $1.84+$0.16 USD Hold'em No Limit - Level II (15/30) - 2024/10/14 16:22:37 CET [2024/10/14 10:22:37 ET]
Table '3811856947 1' 3-max Seat #1 is the button
Seat 1: Mahu2021 (570 in chips) 
Seat 3: mike 162157 (930 in chips) 
Mahu2021: posts small blind 15
mike 162157: posts big blind 30
*** HOLE CARDS ***
Dealt to Mahu2021 [2s Qc]
Mahu2021: calls 15
mike 162157: checks 
*** FLOP *** [4s 8s 6s]
mike 162157: bets 30
Mahu2021: folds 
Uncalled bet (30) returned to mike 162157
mike 162157 collected 60 from pot
mike 162157: doesn't show hand 
*** SUMMARY ***
Total pot 60 | Rake 0 
Board [4s 8s 6s]
Seat 1: Mahu2021 (button) (small blind) folded on the Flop
Seat 3: mike 162157 (big blind) collected (60)



PokerStars Hand #252923883671: Tournament #3811856947, $1.84+$0.16 USD Hold'em No Limit - Level II (15/30) - 2024/10/14 16:22:46 CET [2024/10/14 10:22:46 ET]
Table '3811856947 1' 3-max Seat #3 is the button
Seat 1: Mahu2021 (540 in chips) 
Seat 3: mike 162157 (960 in chips) 
mike 162157: posts small blind 15
Mahu2021: posts big blind 30
*** HOLE CARDS ***
Dealt to Mahu2021 [9d Qc]
mike 162157: calls 15
Mahu2021: checks 
*** FLOP *** [3c Ac 2d]
Mahu2021: checks 
mike 162157: checks 
*** TURN *** [3c Ac 2d] [8s]
Mahu2021: checks 
mike 162157: bets 60
Mahu2021: folds 
Uncalled bet (60) returned to mike 162157
mike 162157 collected 60 from pot
mike 162157: doesn't show hand 
*** SUMMARY ***
Total pot 60 | Rake 0 
Board [3c Ac 2d 8s]
Seat 1: Mahu2021 (big blind) folded on the Turn
Seat 3: mike 162157 (button) (small blind) collected (60)



PokerStars Hand #252923886509: Tournament #3811856947, $1.84+$0.16 USD Hold'em No Limit - Level II (15/30) - 2024/10/14 16:23:00 CET [2024/10/14 10:23:00 ET]
Table '3811856947 1' 3-max Seat #1 is the button
Seat 1: Mahu2021 (510 in chips) 
Seat 3: mike 162157 (990 in chips) 
Mahu2021: posts small blind 15
mike 162157: posts big blind 30
*** HOLE CARDS ***
Dealt to Mahu2021 [6d 9d]
Mahu2021: calls 15
mike 162157: checks 
*** FLOP *** [9s Jc Kc]
mike 162157: checks 
Mahu2021: bets 30
mike 162157: folds 
Uncalled bet (30) returned to Mahu2021
Mahu2021 collected 60 from pot
Mahu2021: doesn't show hand 
*** SUMMARY ***
Total pot 60 | Rake 0 
Board [9s Jc Kc]
Seat 1: Mahu2021 (button) (small blind) collected (60)
Seat 3: mike 162157 (big blind) folded on the Flop



PokerStars Hand #252923888583: Tournament #3811856947, $1.84+$0.16 USD Hold'em No Limit - Level II (15/30) - 2024/10/14 16:23:10 CET [2024/10/14 10:23:10 ET]
Table '3811856947 1' 3-max Seat #3 is the button
Seat 1: Mahu2021 (540 in chips) 
Seat 3: mike 162157 (960 in chips) 
mike 162157: posts small blind 15
Mahu2021: posts big blind 30
*** HOLE CARDS ***
Dealt to Mahu2021 [8d Js]
mike 162157: calls 15
Mahu2021: checks 
*** FLOP *** [5d 6h 2c]
Mahu2021: checks 
mike 162157: checks 
*** TURN *** [5d 6h 2c] [5s]
Mahu2021: checks 
mike 162157: checks 
*** RIVER *** [5d 6h 2c 5s] [3h]
Mahu2021: checks 
mike 162157: checks 
*** SHOW DOWN ***
Mahu2021: shows [8d Js] (a pair of Fives)
mike 162157: shows [7s Kc] (a pair of Fives - King kicker)
mike 162157 collected 60 from pot
*** SUMMARY ***
Total pot 60 | Rake 0 
Board [5d 6h 2c 5s 3h]
Seat 1: Mahu2021 (big blind) showed [8d Js] and lost with a pair of Fives
Seat 3: mike 162157 (button) (small blind) showed [7s Kc] and won (60) with a pair of Fives



PokerStars Hand #252923891170: Tournament #3811856947, $1.84+$0.16 USD Hold'em No Limit - Level II (15/30) - 2024/10/14 16:23:23 CET [2024/10/14 10:23:23 ET]
Table '3811856947 1' 3-max Seat #1 is the button
Seat 1: Mahu2021 (510 in chips) 
Seat 3: mike 162157 (990 in chips) 
Mahu2021: posts small blind 15
mike 162157: posts big blind 30
*** HOLE CARDS ***
Dealt to Mahu2021 [9s Kc]
Mahu2021: raises 30 to 60
mike 162157: calls 30
*** FLOP *** [Td 8s 8h]
mike 162157: checks 
Mahu2021: checks 
*** TURN *** [Td 8s 8h] [4h]
mike 162157: bets 30
Mahu2021: calls 30
*** RIVER *** [Td 8s 8h 4h] [8d]
mike 162157: bets 30
Mahu2021: calls 30
*** SHOW DOWN ***
mike 162157: shows [7h Ad] (three of a kind, Eights)
Mahu2021: mucks hand 
mike 162157 collected 240 from pot
*** SUMMARY ***
Total pot 240 | Rake 0 
Board [Td 8s 8h 4h 8d]
Seat 1: Mahu2021 (button) (small blind) mucked [9s Kc]
Seat 3: mike 162157 (big blind) showed [7h Ad] and won (240) with three of a kind, Eights



PokerStars Hand #252923894171: Tournament #3811856947, $1.84+$0.16 USD Hold'em No Limit - Level II (15/30) - 2024/10/14 16:23:38 CET [2024/10/14 10:23:38 ET]
Table '3811856947 1' 3-max Seat #3 is the button
Seat 1: Mahu2021 (390 in chips) 
Seat 3: mike 162157 (1110 in chips) 
mike 162157: posts small blind 15
Mahu2021: posts big blind 30
*** HOLE CARDS ***
Dealt to Mahu2021 [Kd 9d]
mike 162157: calls 15
Mahu2021: checks 
*** FLOP *** [Jc 6d 8h]
Mahu2021: checks 
mike 162157: checks 
*** TURN *** [Jc 6d 8h] [Qc]
Mahu2021: bets 30
mike 162157: folds 
Uncalled bet (30) returned to Mahu2021
Mahu2021 collected 60 from pot
Mahu2021: doesn't show hand 
*** SUMMARY ***
Total pot 60 | Rake 0 
Board [Jc 6d 8h Qc]
Seat 1: Mahu2021 (big blind) collected (60)
Seat 3: mike 162157 (button) (small blind) folded on the Turn



PokerStars Hand #252923896226: Tournament #3811856947, $1.84+$0.16 USD Hold'em No Limit - Level II (15/30) - 2024/10/14 16:23:49 CET [2024/10/14 10:23:49 ET]
Table '3811856947 1' 3-max Seat #1 is the button
Seat 1: Mahu2021 (420 in chips) 
Seat 3: mike 162157 (1080 in chips) 
Mahu2021: posts small blind 15
mike 162157: posts big blind 30
*** HOLE CARDS ***
Dealt to Mahu2021 [5h 8h]
Mahu2021: calls 15
mike 162157: checks 
*** FLOP *** [4d 8d 5d]
mike 162157: checks 
Mahu2021: bets 30
mike 162157: folds 
Uncalled bet (30) returned to Mahu2021
Mahu2021 collected 60 from pot
Mahu2021: doesn't show hand 
*** SUMMARY ***
Total pot 60 | Rake 0 
Board [4d 8d 5d]
Seat 1: Mahu2021 (button) (small blind) collected (60)
Seat 3: mike 162157 (big blind) folded on the Flop



PokerStars Hand #252923898201: Tournament #3811856947, $1.84+$0.16 USD Hold'em No Limit - Level II (15/30) - 2024/10/14 16:23:58 CET [2024/10/14 10:23:58 ET]
Table '3811856947 1' 3-max Seat #3 is the button
Seat 1: Mahu2021 (450 in chips) 
Seat 3: mike 162157 (1050 in chips) 
mike 162157: posts small blind 15
Mahu2021: posts big blind 30
*** HOLE CARDS ***
Dealt to Mahu2021 [5h Ah]
mike 162157: calls 15
Mahu2021: raises 60 to 90
mike 162157: calls 60
*** FLOP *** [Js Kd 4d]
Mahu2021: checks 
mike 162157: checks 
*** TURN *** [Js Kd 4d] [9c]
Mahu2021: checks 
mike 162157: checks 
*** RIVER *** [Js Kd 4d 9c] [6d]
Mahu2021: checks 
mike 162157: bets 30
Mahu2021: calls 30
*** SHOW DOWN ***
mike 162157: shows [3c Qh] (high card King)
Mahu2021: shows [5h Ah] (high card Ace)
Mahu2021 collected 240 from pot
*** SUMMARY ***
Total pot 240 | Rake 0 
Board [Js Kd 4d 9c 6d]
Seat 1: Mahu2021 (big blind) showed [5h Ah] and won (240) with high card Ace
Seat 3: mike 162157 (button) (small blind) showed [3c Qh] and lost with high card King



PokerStars Hand #252923901499: Tournament #3811856947, $1.84+$0.16 USD Hold'em No Limit - Level II (15/30) - 2024/10/14 16:24:14 CET [2024/10/14 10:24:14 ET]
Table '3811856947 1' 3-max Seat #1 is the button
Seat 1: Mahu2021 (570 in chips) 
Seat 3: mike 162157 (930 in chips) 
Mahu2021: posts small blind 15
mike 162157: posts big blind 30
*** HOLE CARDS ***
Dealt to Mahu2021 [8c 2h]
Mahu2021: folds 
Uncalled bet (15) returned to mike 162157
mike 162157 collected 30 from pot
mike 162157: doesn't show hand 
*** SUMMARY ***
Total pot 30 | Rake 0 
Seat 1: Mahu2021 (button) (small blind) folded before Flop
Seat 3: mike 162157 (big blind) collected (30)



PokerStars Hand #252923902297: Tournament #3811856947, $1.84+$0.16 USD Hold'em No Limit - Level II (15/30) - 2024/10/14 16:24:18 CET [2024/10/14 10:24:18 ET]
Table '3811856947 1' 3-max Seat #3 is the button
Seat 1: Mahu2021 (555 in chips) 
Seat 3: mike 162157 (945 in chips) 
mike 162157: posts small blind 15
Mahu2021: posts big blind 30
*** HOLE CARDS ***
Dealt to Mahu2021 [5d Jd]
mike 162157: raises 30 to 60
Mahu2021: calls 30
*** FLOP *** [5c 3h Td]
Mahu2021: checks 
mike 162157: bets 30
Mahu2021: calls 30
*** TURN *** [5c 3h Td] [8s]
Mahu2021: checks 
mike 162157: bets 30
Mahu2021: calls 30
*** RIVER *** [5c 3h Td 8s] [3s]
Mahu2021: checks 
mike 162157: bets 60
Mahu2021: folds 
Uncalled bet (60) returned to mike 162157
mike 162157 collected 240 from pot
mike 162157: doesn't show hand 
*** SUMMARY ***
Total pot 240 | Rake 0 
Board [5c 3h Td 8s 3s]
Seat 1: Mahu2021 (big blind) folded on the River
Seat 3: mike 162157 (button) (small blind) collected (240)



PokerStars Hand #252923906294: Tournament #3811856947, $1.84+$0.16 USD Hold'em No Limit - Level III (20/40) - 2024/10/14 16:24:39 CET [2024/10/14 10:24:39 ET]
Table '3811856947 1' 3-max Seat #1 is the button
Seat 1: Mahu2021 (435 in chips) 
Seat 3: mike 162157 (1065 in chips) 
Mahu2021: posts small blind 20
mike 162157: posts big blind 40
*** HOLE CARDS ***
Dealt to Mahu2021 [7h Qd]
Mahu2021: raises 40 to 80
mike 162157: calls 40
*** FLOP *** [Kd Kh 3s]
mike 162157: checks 
Mahu2021: bets 80
mike 162157: folds 
Uncalled bet (80) returned to Mahu2021
Mahu2021 collected 160 from pot
Mahu2021: doesn't show hand 
*** SUMMARY ***
Total pot 160 | Rake 0 
Board [Kd Kh 3s]
Seat 1: Mahu2021 (button) (small blind) collected (160)
Seat 3: mike 162157 (big blind) folded on the Flop



PokerStars Hand #252923908215: Tournament #3811856947, $1.84+$0.16 USD Hold'em No Limit - Level III (20/40) - 2024/10/14 16:24:48 CET [2024/10/14 10:24:48 ET]
Table '3811856947 1' 3-max Seat #3 is the button
Seat 1: Mahu2021 (515 in chips) 
Seat 3: mike 162157 (985 in chips) 
mike 162157: posts small blind 20
Mahu2021: posts big blind 40
*** HOLE CARDS ***
Dealt to Mahu2021 [Kd 5c]
mike 162157: calls 20
Mahu2021: checks 
*** FLOP *** [Qs Ah Jd]
Mahu2021: checks 
mike 162157: checks 
*** TURN *** [Qs Ah Jd] [8d]
Mahu2021: checks 
mike 162157: checks 
*** RIVER *** [Qs Ah Jd 8d] [3s]
Mahu2021: checks 
mike 162157: bets 40
Mahu2021: folds 
Uncalled bet (40) returned to mike 162157
mike 162157 collected 80 from pot
mike 162157: doesn't show hand 
*** SUMMARY ***
Total pot 80 | Rake 0 
Board [Qs Ah Jd 8d 3s]
Seat 1: Mahu2021 (big blind) folded on the River
Seat 3: mike 162157 (button) (small blind) collected (80)



PokerStars Hand #252923912172: Tournament #3811856947, $1.84+$0.16 USD Hold'em No Limit - Level III (20/40) - 2024/10/14 16:25:08 CET [2024/10/14 10:25:08 ET]
Table '3811856947 1' 3-max Seat #1 is the button
Seat 1: Mahu2021 (475 in chips) 
Seat 3: mike 162157 (1025 in chips) 
Mahu2021: posts small blind 20
mike 162157: posts big blind 40
*** HOLE CARDS ***
Dealt to Mahu2021 [8c Kd]
Mahu2021: calls 20
mike 162157: checks 
*** FLOP *** [Qd 8s Ah]
mike 162157: checks 
Mahu2021: bets 40
mike 162157: folds 
Uncalled bet (40) returned to Mahu2021
Mahu2021 collected 80 from pot
Mahu2021: doesn't show hand 
*** SUMMARY ***
Total pot 80 | Rake 0 
Board [Qd 8s Ah]
Seat 1: Mahu2021 (button) (small blind) collected (80)
Seat 3: mike 162157 (big blind) folded on the Flop



PokerStars Hand #252923914018: Tournament #3811856947, $1.84+$0.16 USD Hold'em No Limit - Level III (20/40) - 2024/10/14 16:25:17 CET [2024/10/14 10:25:17 ET]
Table '3811856947 1' 3-max Seat #3 is the button
Seat 1: Mahu2021 (515 in chips) 
Seat 3: mike 162157 (985 in chips) 
mike 162157: posts small blind 20
Mahu2021: posts big blind 40
*** HOLE CARDS ***
Dealt to Mahu2021 [2c 9s]
mike 162157: calls 20
Mahu2021: checks 
*** FLOP *** [Jd 8d Qc]
Mahu2021: checks 
mike 162157: checks 
*** TURN *** [Jd 8d Qc] [2s]
Mahu2021: checks 
mike 162157: checks 
*** RIVER *** [Jd 8d Qc 2s] [4h]
Mahu2021: checks 
mike 162157: checks 
*** SHOW DOWN ***
Mahu2021: shows [2c 9s] (a pair of Deuces)
mike 162157: mucks hand 
Mahu2021 collected 80 from pot
*** SUMMARY ***
Total pot 80 | Rake 0 
Board [Jd 8d Qc 2s 4h]
Seat 1: Mahu2021 (big blind) showed [2c 9s] and won (80) with a pair of Deuces
Seat 3: mike 162157 (button) (small blind) mucked [3s 6h]



PokerStars Hand #252923916468: Tournament #3811856947, $1.84+$0.16 USD Hold'em No Limit - Level III (20/40) - 2024/10/14 16:25:29 CET [2024/10/14 10:25:29 ET]
Table '3811856947 1' 3-max Seat #1 is the button
Seat 1: Mahu2021 (555 in chips) 
Seat 3: mike 162157 (945 in chips) 
Mahu2021: posts small blind 20
mike 162157: posts big blind 40
*** HOLE CARDS ***
Dealt to Mahu2021 [9s 7s]
Mahu2021: calls 20
mike 162157: checks 
*** FLOP *** [Ah 7d 4s]
mike 162157: checks 
Mahu2021: bets 40
mike 162157: folds 
Uncalled bet (40) returned to Mahu2021
Mahu2021 collected 80 from pot
Mahu2021: doesn't show hand 
*** SUMMARY ***
Total pot 80 | Rake 0 
Board [Ah 7d 4s]
Seat 1: Mahu2021 (button) (small blind) collected (80)
Seat 3: mike 162157 (big blind) folded on the Flop



PokerStars Hand #252923918258: Tournament #3811856947, $1.84+$0.16 USD Hold'em No Limit - Level III (20/40) - 2024/10/14 16:25:38 CET [2024/10/14 10:25:38 ET]
Table '3811856947 1' 3-max Seat #3 is the button
Seat 1: Mahu2021 (595 in chips) 
Seat 3: mike 162157 (905 in chips) 
mike 162157: posts small blind 20
Mahu2021: posts big blind 40
*** HOLE CARDS ***
Dealt to Mahu2021 [Ah 5c]
mike 162157: calls 20
Mahu2021: checks 
*** FLOP *** [7s Js 9s]
Mahu2021: checks 
mike 162157: bets 40
Mahu2021: folds 
Uncalled bet (40) returned to mike 162157
mike 162157 collected 80 from pot
mike 162157: doesn't show hand 
*** SUMMARY ***
Total pot 80 | Rake 0 
Board [7s Js 9s]
Seat 1: Mahu2021 (big blind) folded on the Flop
Seat 3: mike 162157 (button) (small blind) collected (80)



PokerStars Hand #252923920372: Tournament #3811856947, $1.84+$0.16 USD Hold'em No Limit - Level III (20/40) - 2024/10/14 16:25:49 CET [2024/10/14 10:25:49 ET]
Table '3811856947 1' 3-max Seat #1 is the button
Seat 1: Mahu2021 (555 in chips) 
Seat 3: mike 162157 (945 in chips) 
Mahu2021: posts small blind 20
mike 162157: posts big blind 40
*** HOLE CARDS ***
Dealt to Mahu2021 [8d 5h]
Mahu2021: folds 
Uncalled bet (20) returned to mike 162157
mike 162157 collected 40 from pot
mike 162157: doesn't show hand 
*** SUMMARY ***
Total pot 40 | Rake 0 
Seat 1: Mahu2021 (button) (small blind) folded before Flop
Seat 3: mike 162157 (big blind) collected (40)



PokerStars Hand #252923921219: Tournament #3811856947, $1.84+$0.16 USD Hold'em No Limit - Level III (20/40) - 2024/10/14 16:25:53 CET [2024/10/14 10:25:53 ET]
Table '3811856947 1' 3-max Seat #3 is the button
Seat 1: Mahu2021 (535 in chips) 
Seat 3: mike 162157 (965 in chips) 
mike 162157: posts small blind 20
Mahu2021: posts big blind 40
*** HOLE CARDS ***
Dealt to Mahu2021 [7s 3c]
mike 162157: raises 40 to 80
Mahu2021: folds 
Uncalled bet (40) returned to mike 162157
mike 162157 collected 80 from pot
mike 162157: doesn't show hand 
*** SUMMARY ***
Total pot 80 | Rake 0 
Seat 1: Mahu2021 (big blind) folded before Flop
Seat 3: mike 162157 (button) (small blind) collected (80)



PokerStars Hand #252923922375: Tournament #3811856947, $1.84+$0.16 USD Hold'em No Limit - Level III (20/40) - 2024/10/14 16:25:58 CET [2024/10/14 10:25:58 ET]
Table '3811856947 1' 3-max Seat #1 is the button
Seat 1: Mahu2021 (495 in chips) 
Seat 3: mike 162157 (1005 in chips) 
Mahu2021: posts small blind 20
mike 162157: posts big blind 40
*** HOLE CARDS ***
Dealt to Mahu2021 [4s 6c]
Mahu2021: calls 20
mike 162157: raises 40 to 80
Mahu2021: folds 
Uncalled bet (40) returned to mike 162157
mike 162157 collected 80 from pot
mike 162157: doesn't show hand 
*** SUMMARY ***
Total pot 80 | Rake 0 
Seat 1: Mahu2021 (button) (small blind) folded before Flop
Seat 3: mike 162157 (big blind) collected (80)



PokerStars Hand #252923923729: Tournament #3811856947, $1.84+$0.16 USD Hold'em No Limit - Level III (20/40) - 2024/10/14 16:26:05 CET [2024/10/14 10:26:05 ET]
Table '3811856947 1' 3-max Seat #3 is the button
Seat 1: Mahu2021 (455 in chips) 
Seat 3: mike 162157 (1045 in chips) 
mike 162157: posts small blind 20
Mahu2021: posts big blind 40
*** HOLE CARDS ***
Dealt to Mahu2021 [Jh 4s]
mike 162157: calls 20
Mahu2021: checks 
*** FLOP *** [Kc 3c 7h]
Mahu2021: checks 
mike 162157: bets 40
Mahu2021: folds 
Uncalled bet (40) returned to mike 162157
mike 162157 collected 80 from pot
mike 162157: doesn't show hand 
*** SUMMARY ***
Total pot 80 | Rake 0 
Board [Kc 3c 7h]
Seat 1: Mahu2021 (big blind) folded on the Flop
Seat 3: mike 162157 (button) (small blind) collected (80)



PokerStars Hand #252923925675: Tournament #3811856947, $1.84+$0.16 USD Hold'em No Limit - Level III (20/40) - 2024/10/14 16:26:14 CET [2024/10/14 10:26:14 ET]
Table '3811856947 1' 3-max Seat #1 is the button
Seat 1: Mahu2021 (415 in chips) 
Seat 3: mike 162157 (1085 in chips) 
Mahu2021: posts small blind 20
mike 162157: posts big blind 40
*** HOLE CARDS ***
Dealt to Mahu2021 [As 4h]
Mahu2021: raises 40 to 80
mike 162157: calls 40
*** FLOP *** [3s Tc 4s]
mike 162157: checks 
Mahu2021: bets 80
mike 162157: folds 
Uncalled bet (80) returned to Mahu2021
Mahu2021 collected 160 from pot
Mahu2021: doesn't show hand 
*** SUMMARY ***
Total pot 160 | Rake 0 
Board [3s Tc 4s]
Seat 1: Mahu2021 (button) (small blind) collected (160)
Seat 3: mike 162157 (big blind) folded on the Flop



PokerStars Hand #252923927725: Tournament #3811856947, $1.84+$0.16 USD Hold'em No Limit - Level III (20/40) - 2024/10/14 16:26:25 CET [2024/10/14 10:26:25 ET]
Table '3811856947 1' 3-max Seat #3 is the button
Seat 1: Mahu2021 (495 in chips) 
Seat 3: mike 162157 (1005 in chips) 
mike 162157: posts small blind 20
Mahu2021: posts big blind 40
*** HOLE CARDS ***
Dealt to Mahu2021 [Kc Ts]
mike 162157: calls 20
Mahu2021: raises 80 to 120
mike 162157: folds 
Uncalled bet (80) returned to Mahu2021
Mahu2021 collected 80 from pot
Mahu2021: doesn't show hand 
*** SUMMARY ***
Total pot 80 | Rake 0 
Seat 1: Mahu2021 (big blind) collected (80)
Seat 3: mike 162157 (button) (small blind) folded before Flop



PokerStars Hand #252923929769: Tournament #3811856947, $1.84+$0.16 USD Hold'em No Limit - Level IV (30/60) - 2024/10/14 16:26:35 CET [2024/10/14 10:26:35 ET]
Table '3811856947 1' 3-max Seat #1 is the button
Seat 1: Mahu2021 (535 in chips) 
Seat 3: mike 162157 (965 in chips) 
Mahu2021: posts small blind 30
mike 162157: posts big blind 60
*** HOLE CARDS ***
Dealt to Mahu2021 [2c 4d]
Mahu2021: folds 
Uncalled bet (30) returned to mike 162157
mike 162157 collected 60 from pot
mike 162157: doesn't show hand 
*** SUMMARY ***
Total pot 60 | Rake 0 
Seat 1: Mahu2021 (button) (small blind) folded before Flop
Seat 3: mike 162157 (big blind) collected (60)



PokerStars Hand #252923930612: Tournament #3811856947, $1.84+$0.16 USD Hold'em No Limit - Level IV (30/60) - 2024/10/14 16:26:39 CET [2024/10/14 10:26:39 ET]
Table '3811856947 1' 3-max Seat #3 is the button
Seat 1: Mahu2021 (505 in chips) 
Seat 3: mike 162157 (995 in chips) 
mike 162157: posts small blind 30
Mahu2021: posts big blind 60
*** HOLE CARDS ***
Dealt to Mahu2021 [Ah 2d]
mike 162157: calls 30
Mahu2021: raises 445 to 505 and is all-in
mike 162157: folds 
Uncalled bet (445) returned to Mahu2021
Mahu2021 collected 120 from pot
Mahu2021: doesn't show hand 
*** SUMMARY ***
Total pot 120 | Rake 0 
Seat 1: Mahu2021 (big blind) collected (120)
Seat 3: mike 162157 (button) (small blind) folded before Flop



PokerStars Hand #252923932115: Tournament #3811856947, $1.84+$0.16 USD Hold'em No Limit - Level IV (30/60) - 2024/10/14 16:26:46 CET [2024/10/14 10:26:46 ET]
Table '3811856947 1' 3-max Seat #1 is the button
Seat 1: Mahu2021 (565 in chips) 
Seat 3: mike 162157 (935 in chips) 
Mahu2021: posts small blind 30
mike 162157: posts big blind 60
*** HOLE CARDS ***
Dealt to Mahu2021 [Ks 3d]
Mahu2021: calls 30
mike 162157: checks 
*** FLOP *** [7h 5d Ad]
mike 162157: bets 60
Mahu2021: folds 
Uncalled bet (60) returned to mike 162157
mike 162157 collected 120 from pot
mike 162157: doesn't show hand 
*** SUMMARY ***
Total pot 120 | Rake 0 
Board [7h 5d Ad]
Seat 1: Mahu2021 (button) (small blind) folded on the Flop
Seat 3: mike 162157 (big blind) collected (120)



PokerStars Hand #252923934052: Tournament #3811856947, $1.84+$0.16 USD Hold'em No Limit - Level IV (30/60) - 2024/10/14 16:26:55 CET [2024/10/14 10:26:55 ET]
Table '3811856947 1' 3-max Seat #3 is the button
Seat 1: Mahu2021 (505 in chips) 
Seat 3: mike 162157 (995 in chips) 
mike 162157: posts small blind 30
Mahu2021: posts big blind 60
*** HOLE CARDS ***
Dealt to Mahu2021 [Ad 7d]
mike 162157: calls 30
Mahu2021: raises 120 to 180
mike 162157: folds 
Uncalled bet (120) returned to Mahu2021
Mahu2021 collected 120 from pot
Mahu2021: doesn't show hand 
*** SUMMARY ***
Total pot 120 | Rake 0 
Seat 1: Mahu2021 (big blind) collected (120)
Seat 3: mike 162157 (button) (small blind) folded before Flop



PokerStars Hand #252923935613: Tournament #3811856947, $1.84+$0.16 USD Hold'em No Limit - Level IV (30/60) - 2024/10/14 16:27:03 CET [2024/10/14 10:27:03 ET]
Table '3811856947 1' 3-max Seat #1 is the button
Seat 1: Mahu2021 (565 in chips) 
Seat 3: mike 162157 (935 in chips) 
Mahu2021: posts small blind 30
mike 162157: posts big blind 60
*** HOLE CARDS ***
Dealt to Mahu2021 [2s 2d]
Mahu2021: raises 505 to 565 and is all-in
mike 162157: folds 
Uncalled bet (505) returned to Mahu2021
Mahu2021 collected 120 from pot
Mahu2021: doesn't show hand 
*** SUMMARY ***
Total pot 120 | Rake 0 
Seat 1: Mahu2021 (button) (small blind) collected (120)
Seat 3: mike 162157 (big blind) folded before Flop



PokerStars Hand #252923936803: Tournament #3811856947, $1.84+$0.16 USD Hold'em No Limit - Level IV (30/60) - 2024/10/14 16:27:09 CET [2024/10/14 10:27:09 ET]
Table '3811856947 1' 3-max Seat #3 is the button
Seat 1: Mahu2021 (625 in chips) 
Seat 3: mike 162157 (875 in chips) 
mike 162157: posts small blind 30
Mahu2021: posts big blind 60
*** HOLE CARDS ***
Dealt to Mahu2021 [9s Th]
mike 162157: raises 60 to 120
Mahu2021: calls 60
*** FLOP *** [Qh Qc 2s]
Mahu2021: checks 
mike 162157: bets 60
Mahu2021: folds 
Uncalled bet (60) returned to mike 162157
mike 162157 collected 240 from pot
mike 162157: doesn't show hand 
*** SUMMARY ***
Total pot 240 | Rake 0 
Board [Qh Qc 2s]
Seat 1: Mahu2021 (big blind) folded on the Flop
Seat 3: mike 162157 (button) (small blind) collected (240)



PokerStars Hand #252923938965: Tournament #3811856947, $1.84+$0.16 USD Hold'em No Limit - Level IV (30/60) - 2024/10/14 16:27:20 CET [2024/10/14 10:27:20 ET]
Table '3811856947 1' 3-max Seat #1 is the button
Seat 1: Mahu2021 (505 in chips) 
Seat 3: mike 162157 (995 in chips) 
Mahu2021: posts small blind 30
mike 162157: posts big blind 60
*** HOLE CARDS ***
Dealt to Mahu2021 [7h 6c]
Mahu2021: calls 30
mike 162157: checks 
*** FLOP *** [3d Ah Qs]
mike 162157: checks 
Mahu2021: bets 60
mike 162157: folds 
Uncalled bet (60) returned to Mahu2021
Mahu2021 collected 120 from pot
Mahu2021: doesn't show hand 
*** SUMMARY ***
Total pot 120 | Rake 0 
Board [3d Ah Qs]
Seat 1: Mahu2021 (button) (small blind) collected (120)
Seat 3: mike 162157 (big blind) folded on the Flop



PokerStars Hand #252923940902: Tournament #3811856947, $1.84+$0.16 USD Hold'em No Limit - Level IV (30/60) - 2024/10/14 16:27:29 CET [2024/10/14 10:27:29 ET]
Table '3811856947 1' 3-max Seat #3 is the button
Seat 1: Mahu2021 (565 in chips) 
Seat 3: mike 162157 (935 in chips) 
mike 162157: posts small blind 30
Mahu2021: posts big blind 60
*** HOLE CARDS ***
Dealt to Mahu2021 [Th Td]
mike 162157: calls 30
Mahu2021: raises 505 to 565 and is all-in
mike 162157: folds 
Uncalled bet (505) returned to Mahu2021
Mahu2021 collected 120 from pot
Mahu2021: doesn't show hand 
*** SUMMARY ***
Total pot 120 | Rake 0 
Seat 1: Mahu2021 (big blind) collected (120)
Seat 3: mike 162157 (button) (small blind) folded before Flop



PokerStars Hand #252923942333: Tournament #3811856947, $1.84+$0.16 USD Hold'em No Limit - Level IV (30/60) - 2024/10/14 16:27:36 CET [2024/10/14 10:27:36 ET]
Table '3811856947 1' 3-max Seat #1 is the button
Seat 1: Mahu2021 (625 in chips) 
Seat 3: mike 162157 (875 in chips) 
Mahu2021: posts small blind 30
mike 162157: posts big blind 60
*** HOLE CARDS ***
Dealt to Mahu2021 [Js Tc]
Mahu2021: raises 60 to 120
mike 162157: raises 60 to 180
Mahu2021: calls 60
*** FLOP *** [9s 9d Kd]
mike 162157: checks 
Mahu2021: checks 
*** TURN *** [9s 9d Kd] [8c]
mike 162157: bets 360
Mahu2021: folds 
Uncalled bet (360) returned to mike 162157
mike 162157 collected 360 from pot
mike 162157: doesn't show hand 
*** SUMMARY ***
Total pot 360 | Rake 0 
Board [9s 9d Kd 8c]
Seat 1: Mahu2021 (button) (small blind) folded on the Turn
Seat 3: mike 162157 (big blind) collected (360)



PokerStars Hand #252923945792: Tournament #3811856947, $1.84+$0.16 USD Hold'em No Limit - Level IV (30/60) - 2024/10/14 16:27:54 CET [2024/10/14 10:27:54 ET]
Table '3811856947 1' 3-max Seat #3 is the button
Seat 1: Mahu2021 (445 in chips) 
Seat 3: mike 162157 (1055 in chips) 
mike 162157: posts small blind 30
Mahu2021: posts big blind 60
*** HOLE CARDS ***
Dealt to Mahu2021 [Kh 3h]
mike 162157: raises 60 to 120
Mahu2021: calls 60
*** FLOP *** [8d Jc Td]
Mahu2021: checks 
mike 162157: bets 60
Mahu2021: calls 60
*** TURN *** [8d Jc Td] [7h]
Mahu2021: checks 
mike 162157: bets 120
Mahu2021: folds 
Uncalled bet (120) returned to mike 162157
mike 162157 collected 360 from pot
mike 162157: doesn't show hand 
*** SUMMARY ***
Total pot 360 | Rake 0 
Board [8d Jc Td 7h]
Seat 1: Mahu2021 (big blind) folded on the Turn
Seat 3: mike 162157 (button) (small blind) collected (360)



PokerStars Hand #252923949176: Tournament #3811856947, $1.84+$0.16 USD Hold'em No Limit - Level IV (30/60) - 2024/10/14 16:28:11 CET [2024/10/14 10:28:11 ET]
Table '3811856947 1' 3-max Seat #1 is the button
Seat 1: Mahu2021 (265 in chips) 
Seat 3: mike 162157 (1235 in chips) 
Mahu2021: posts small blind 30
mike 162157: posts big blind 60
*** HOLE CARDS ***
Dealt to Mahu2021 [Jc 8s]
Mahu2021: raises 205 to 265 and is all-in
mike 162157: calls 205
*** FLOP *** [7c 8h 9c]
*** TURN *** [7c 8h 9c] [4s]
*** RIVER *** [7c 8h 9c 4s] [6c]
*** SHOW DOWN ***
mike 162157: shows [Ks 7d] (a pair of Sevens)
Mahu2021: shows [Jc 8s] (a pair of Eights)
Mahu2021 collected 530 from pot
*** SUMMARY ***
Total pot 530 | Rake 0 
Board [7c 8h 9c 4s 6c]
Seat 1: Mahu2021 (button) (small blind) showed [Jc 8s] and won (530) with a pair of Eights
Seat 3: mike 162157 (big blind) showed [Ks 7d] and lost with a pair of Sevens



PokerStars Hand #252923951630: Tournament #3811856947, $1.84+$0.16 USD Hold'em No Limit - Level IV (30/60) - 2024/10/14 16:28:23 CET [2024/10/14 10:28:23 ET]
Table '3811856947 1' 3-max Seat #3 is the button
Seat 1: Mahu2021 (530 in chips) 
Seat 3: mike 162157 (970 in chips) 
mike 162157: posts small blind 30
Mahu2021: posts big blind 60
*** HOLE CARDS ***
Dealt to Mahu2021 [Ts Ad]
mike 162157: calls 30
Mahu2021: raises 120 to 180
mike 162157: calls 120
*** FLOP *** [9c Ah 8c]
Mahu2021: bets 350 and is all-in
mike 162157: folds 
Uncalled bet (350) returned to Mahu2021
Mahu2021 collected 360 from pot
Mahu2021: doesn't show hand 
*** SUMMARY ***
Total pot 360 | Rake 0 
Board [9c Ah 8c]
Seat 1: Mahu2021 (big blind) collected (360)
Seat 3: mike 162157 (button) (small blind) folded on the Flop



PokerStars Hand #252923954397: Tournament #3811856947, $1.84+$0.16 USD Hold'em No Limit - Level V (40/80) - 2024/10/14 16:28:37 CET [2024/10/14 10:28:37 ET]
Table '3811856947 1' 3-max Seat #1 is the button
Seat 1: Mahu2021 (710 in chips) 
Seat 3: mike 162157 (790 in chips) 
Mahu2021: posts small blind 40
mike 162157: posts big blind 80
*** HOLE CARDS ***
Dealt to Mahu2021 [Js Ah]
Mahu2021: raises 80 to 160
mike 162157: raises 80 to 240
Mahu2021: raises 470 to 710 and is all-in
mike 162157: calls 470
*** FLOP *** [7d Th 6d]
*** TURN *** [7d Th 6d] [2s]
*** RIVER *** [7d Th 6d 2s] [Qs]
*** SHOW DOWN ***
mike 162157: shows [Ad As] (a pair of Aces)
Mahu2021: shows [Js Ah] (high card Ace)
mike 162157 collected 1420 from pot
Mahu2021 finished the tournament in 2nd place
mike 162157 wins the tournament and receives $4.00 - congratulations!
*** SUMMARY ***
Total pot 1420 | Rake 0 
Board [7d Th 6d 2s Qs]
Seat 1: Mahu2021 (button) (small blind) showed [Js Ah] and lost with high card Ace
Seat 3: mike 162157 (big blind) showed [Ad As] and won (1420) with a pair of Aces



