PokerStars Hand #243381725854: Tournament #3584147540, $0.92+$0.08 USD Hold'em No Limit - Level I (10/20) - 2023/04/29 9:49:35 CET [2023/04/29 3:49:35 ET]
Table '3584147540 1' 3-max Seat #1 is the button
Seat 1: YaroslavBob (500 in chips) 
Seat 2: Mahu2021 (500 in chips) 
Seat 3: Arin1908194 (500 in chips) 
Mahu2021: posts small blind 10
Arin1908194: posts big blind 20
*** HOLE CARDS ***
Dealt to Mahu2021 [Th Qd]
YaroslavBob: calls 20
Mahu2021: calls 10
Arin1908194: checks 
*** FLOP *** [Qs 8d 7h]
Mahu2021: bets 60
Arin1908194: folds 
YaroslavBob: folds 
Uncalled bet (60) returned to Mahu2021
Mahu2021 collected 60 from pot
Mahu2021: doesn't show hand 
*** SUMMARY ***
Total pot 60 | Rake 0 
Board [Qs 8d 7h]
Seat 1: YaroslavBob (button) folded on the Flop
Seat 2: Mahu2021 (small blind) collected (60)
Seat 3: Arin1908194 (big blind) folded on the Flop



PokerStars Hand #243381728172: Tournament #3584147540, $0.92+$0.08 USD Hold'em No Limit - Level I (10/20) - 2023/04/29 9:49:53 CET [2023/04/29 3:49:53 ET]
Table '3584147540 1' 3-max Seat #2 is the button
Seat 1: YaroslavBob (480 in chips) 
Seat 2: Mahu2021 (540 in chips) 
Seat 3: Arin1908194 (480 in chips) 
Arin1908194: posts small blind 10
YaroslavBob: posts big blind 20
*** HOLE CARDS ***
Dealt to Mahu2021 [5c Ad]
Mahu2021: folds 
Arin1908194: calls 10
YaroslavBob: checks 
*** FLOP *** [9c 5d 3h]
Arin1908194: bets 20
YaroslavBob: folds 
Uncalled bet (20) returned to Arin1908194
Arin1908194 collected 40 from pot
*** SUMMARY ***
Total pot 40 | Rake 0 
Board [9c 5d 3h]
Seat 1: YaroslavBob (big blind) folded on the Flop
Seat 2: Mahu2021 (button) folded before Flop (didn't bet)
Seat 3: Arin1908194 (small blind) collected (40)



PokerStars Hand #243381730188: Tournament #3584147540, $0.92+$0.08 USD Hold'em No Limit - Level I (10/20) - 2023/04/29 9:50:09 CET [2023/04/29 3:50:09 ET]
Table '3584147540 1' 3-max Seat #3 is the button
Seat 1: YaroslavBob (460 in chips) 
Seat 2: Mahu2021 (540 in chips) 
Seat 3: Arin1908194 (500 in chips) 
YaroslavBob: posts small blind 10
Mahu2021: posts big blind 20
*** HOLE CARDS ***
Dealt to Mahu2021 [Ks 9c]
Arin1908194: folds 
YaroslavBob: calls 10
Mahu2021: checks 
*** FLOP *** [Qs 3h 5c]
YaroslavBob: checks 
Mahu2021: checks 
*** TURN *** [Qs 3h 5c] [Jd]
YaroslavBob: checks 
Mahu2021: checks 
*** RIVER *** [Qs 3h 5c Jd] [Js]
YaroslavBob: checks 
Mahu2021: checks 
*** SHOW DOWN ***
YaroslavBob: shows [6s Kc] (a pair of Jacks)
Mahu2021: shows [Ks 9c] (a pair of Jacks - King+Queen+Nine kicker)
Mahu2021 collected 40 from pot
*** SUMMARY ***
Total pot 40 | Rake 0 
Board [Qs 3h 5c Jd Js]
Seat 1: YaroslavBob (small blind) showed [6s Kc] and lost with a pair of Jacks
Seat 2: Mahu2021 (big blind) showed [Ks 9c] and won (40) with a pair of Jacks
Seat 3: Arin1908194 (button) folded before Flop (didn't bet)



PokerStars Hand #243381733729: Tournament #3584147540, $0.92+$0.08 USD Hold'em No Limit - Level I (10/20) - 2023/04/29 9:50:36 CET [2023/04/29 3:50:36 ET]
Table '3584147540 1' 3-max Seat #1 is the button
Seat 1: YaroslavBob (440 in chips) 
Seat 2: Mahu2021 (560 in chips) 
Seat 3: Arin1908194 (500 in chips) 
Mahu2021: posts small blind 10
Arin1908194: posts big blind 20
*** HOLE CARDS ***
Dealt to Mahu2021 [9h Qd]
YaroslavBob: raises 20 to 40
Mahu2021: calls 30
Arin1908194: raises 20 to 60
YaroslavBob: calls 20
Mahu2021: calls 20
*** FLOP *** [8h Ad 4s]
Mahu2021: checks 
Arin1908194: bets 90
YaroslavBob: folds 
Mahu2021: folds 
Uncalled bet (90) returned to Arin1908194
Arin1908194 collected 180 from pot
*** SUMMARY ***
Total pot 180 | Rake 0 
Board [8h Ad 4s]
Seat 1: YaroslavBob (button) folded on the Flop
Seat 2: Mahu2021 (small blind) folded on the Flop
Seat 3: Arin1908194 (big blind) collected (180)



PokerStars Hand #243381736725: Tournament #3584147540, $0.92+$0.08 USD Hold'em No Limit - Level I (10/20) - 2023/04/29 9:50:59 CET [2023/04/29 3:50:59 ET]
Table '3584147540 1' 3-max Seat #2 is the button
Seat 1: YaroslavBob (380 in chips) 
Seat 2: Mahu2021 (500 in chips) 
Seat 3: Arin1908194 (620 in chips) 
Arin1908194: posts small blind 10
YaroslavBob: posts big blind 20
*** HOLE CARDS ***
Dealt to Mahu2021 [Tc Jd]
Mahu2021: raises 20 to 40
Arin1908194: calls 30
YaroslavBob: folds 
*** FLOP *** [Js 9c Kh]
Arin1908194: checks 
Mahu2021: checks 
*** TURN *** [Js 9c Kh] [4s]
Arin1908194: checks 
Mahu2021: bets 60
Arin1908194: calls 60
*** RIVER *** [Js 9c Kh 4s] [Jh]
Arin1908194: checks 
Mahu2021: bets 220
Arin1908194: folds 
Uncalled bet (220) returned to Mahu2021
Mahu2021 collected 220 from pot
Mahu2021: doesn't show hand 
*** SUMMARY ***
Total pot 220 | Rake 0 
Board [Js 9c Kh 4s Jh]
Seat 1: YaroslavBob (big blind) folded before Flop
Seat 2: Mahu2021 (button) collected (220)
Seat 3: Arin1908194 (small blind) folded on the River



PokerStars Hand #243381740980: Tournament #3584147540, $0.92+$0.08 USD Hold'em No Limit - Level I (10/20) - 2023/04/29 9:51:32 CET [2023/04/29 3:51:32 ET]
Table '3584147540 1' 3-max Seat #3 is the button
Seat 1: YaroslavBob (360 in chips) 
Seat 2: Mahu2021 (620 in chips) 
Seat 3: Arin1908194 (520 in chips) 
YaroslavBob: posts small blind 10
Mahu2021: posts big blind 20
*** HOLE CARDS ***
Dealt to Mahu2021 [4d Ah]
Arin1908194: folds 
YaroslavBob: folds 
Uncalled bet (10) returned to Mahu2021
Mahu2021 collected 20 from pot
Mahu2021: doesn't show hand 
*** SUMMARY ***
Total pot 20 | Rake 0 
Seat 1: YaroslavBob (small blind) folded before Flop
Seat 2: Mahu2021 (big blind) collected (20)
Seat 3: Arin1908194 (button) folded before Flop (didn't bet)



PokerStars Hand #243381742600: Tournament #3584147540, $0.92+$0.08 USD Hold'em No Limit - Level II (15/30) - 2023/04/29 9:51:44 CET [2023/04/29 3:51:44 ET]
Table '3584147540 1' 3-max Seat #1 is the button
Seat 1: YaroslavBob (350 in chips) 
Seat 2: Mahu2021 (630 in chips) 
Seat 3: Arin1908194 (520 in chips) 
Mahu2021: posts small blind 15
Arin1908194: posts big blind 30
*** HOLE CARDS ***
Dealt to Mahu2021 [3s 5s]
YaroslavBob: calls 30
Mahu2021: calls 15
Arin1908194: checks 
*** FLOP *** [As 9c Kc]
Mahu2021: checks 
Arin1908194: checks 
YaroslavBob: bets 30
Mahu2021: folds 
Arin1908194: folds 
Uncalled bet (30) returned to YaroslavBob
YaroslavBob collected 90 from pot
*** SUMMARY ***
Total pot 90 | Rake 0 
Board [As 9c Kc]
Seat 1: YaroslavBob (button) collected (90)
Seat 2: Mahu2021 (small blind) folded on the Flop
Seat 3: Arin1908194 (big blind) folded on the Flop



PokerStars Hand #243381747144: Tournament #3584147540, $0.92+$0.08 USD Hold'em No Limit - Level II (15/30) - 2023/04/29 9:52:19 CET [2023/04/29 3:52:19 ET]
Table '3584147540 1' 3-max Seat #2 is the button
Seat 1: YaroslavBob (410 in chips) 
Seat 2: Mahu2021 (600 in chips) 
Seat 3: Arin1908194 (490 in chips) 
Arin1908194: posts small blind 15
YaroslavBob: posts big blind 30
*** HOLE CARDS ***
Dealt to Mahu2021 [Kh Tc]
Mahu2021: raises 30 to 60
Arin1908194: folds 
YaroslavBob: calls 30
*** FLOP *** [Jh 5h Td]
YaroslavBob: bets 30
Mahu2021: calls 30
*** TURN *** [Jh 5h Td] [4c]
YaroslavBob: bets 30
Mahu2021: calls 30
*** RIVER *** [Jh 5h Td 4c] [Jd]
YaroslavBob: bets 60
Mahu2021: calls 60
*** SHOW DOWN ***
YaroslavBob: shows [6c 4d] (two pair, Jacks and Fours)
Mahu2021: shows [Kh Tc] (two pair, Jacks and Tens)
Mahu2021 collected 375 from pot
*** SUMMARY ***
Total pot 375 | Rake 0 
Board [Jh 5h Td 4c Jd]
Seat 1: YaroslavBob (big blind) showed [6c 4d] and lost with two pair, Jacks and Fours
Seat 2: Mahu2021 (button) showed [Kh Tc] and won (375) with two pair, Jacks and Tens
Seat 3: Arin1908194 (small blind) folded before Flop



PokerStars Hand #243381750860: Tournament #3584147540, $0.92+$0.08 USD Hold'em No Limit - Level II (15/30) - 2023/04/29 9:52:48 CET [2023/04/29 3:52:48 ET]
Table '3584147540 1' 3-max Seat #3 is the button
Seat 1: YaroslavBob (230 in chips) 
Seat 2: Mahu2021 (795 in chips) 
Seat 3: Arin1908194 (475 in chips) 
YaroslavBob: posts small blind 15
Mahu2021: posts big blind 30
*** HOLE CARDS ***
Dealt to Mahu2021 [3s Qh]
Arin1908194: raises 30 to 60
YaroslavBob: raises 170 to 230 and is all-in
Mahu2021: folds 
Arin1908194: calls 170
*** FLOP *** [Ad 9d Tc]
*** TURN *** [Ad 9d Tc] [8c]
*** RIVER *** [Ad 9d Tc 8c] [5c]
*** SHOW DOWN ***
YaroslavBob: shows [Ts Ac] (two pair, Aces and Tens)
Arin1908194: shows [Jc Kd] (high card Ace)
YaroslavBob collected 490 from pot
*** SUMMARY ***
Total pot 490 | Rake 0 
Board [Ad 9d Tc 8c 5c]
Seat 1: YaroslavBob (small blind) showed [Ts Ac] and won (490) with two pair, Aces and Tens
Seat 2: Mahu2021 (big blind) folded before Flop
Seat 3: Arin1908194 (button) showed [Jc Kd] and lost with high card Ace



PokerStars Hand #243381753270: Tournament #3584147540, $0.92+$0.08 USD Hold'em No Limit - Level II (15/30) - 2023/04/29 9:53:07 CET [2023/04/29 3:53:07 ET]
Table '3584147540 1' 3-max Seat #1 is the button
Seat 1: YaroslavBob (490 in chips) 
Seat 2: Mahu2021 (765 in chips) 
Seat 3: Arin1908194 (245 in chips) 
Mahu2021: posts small blind 15
Arin1908194: posts big blind 30
*** HOLE CARDS ***
Dealt to Mahu2021 [Jc Qc]
YaroslavBob: raises 30 to 60
Mahu2021: calls 45
Arin1908194: calls 30
*** FLOP *** [6h Kh 3h]
Mahu2021: checks 
Arin1908194: checks 
YaroslavBob: checks 
*** TURN *** [6h Kh 3h] [2c]
Mahu2021: checks 
Arin1908194: bets 30
YaroslavBob: folds 
Mahu2021: folds 
Uncalled bet (30) returned to Arin1908194
Arin1908194 collected 180 from pot
*** SUMMARY ***
Total pot 180 | Rake 0 
Board [6h Kh 3h 2c]
Seat 1: YaroslavBob (button) folded on the Turn
Seat 2: Mahu2021 (small blind) folded on the Turn
Seat 3: Arin1908194 (big blind) collected (180)



PokerStars Hand #243381756326: Tournament #3584147540, $0.92+$0.08 USD Hold'em No Limit - Level II (15/30) - 2023/04/29 9:53:31 CET [2023/04/29 3:53:31 ET]
Table '3584147540 1' 3-max Seat #2 is the button
Seat 1: YaroslavBob (430 in chips) 
Seat 2: Mahu2021 (705 in chips) 
Seat 3: Arin1908194 (365 in chips) 
Arin1908194: posts small blind 15
YaroslavBob: posts big blind 30
*** HOLE CARDS ***
Dealt to Mahu2021 [Ad As]
Mahu2021: raises 675 to 705 and is all-in
Arin1908194: folds 
YaroslavBob: folds 
Uncalled bet (675) returned to Mahu2021
Mahu2021 collected 75 from pot
Mahu2021: doesn't show hand 
*** SUMMARY ***
Total pot 75 | Rake 0 
Seat 1: YaroslavBob (big blind) folded before Flop
Seat 2: Mahu2021 (button) collected (75)
Seat 3: Arin1908194 (small blind) folded before Flop



PokerStars Hand #243381757708: Tournament #3584147540, $0.92+$0.08 USD Hold'em No Limit - Level III (20/40) - 2023/04/29 9:53:42 CET [2023/04/29 3:53:42 ET]
Table '3584147540 1' 3-max Seat #3 is the button
Seat 1: YaroslavBob (400 in chips) 
Seat 2: Mahu2021 (750 in chips) 
Seat 3: Arin1908194 (350 in chips) 
YaroslavBob: posts small blind 20
Mahu2021: posts big blind 40
*** HOLE CARDS ***
Dealt to Mahu2021 [Qs 6d]
Arin1908194: folds 
YaroslavBob: calls 20
Mahu2021: checks 
*** FLOP *** [2h 5d 2d]
YaroslavBob: bets 40
Mahu2021: calls 40
*** TURN *** [2h 5d 2d] [5c]
YaroslavBob: bets 40
Mahu2021: folds 
Uncalled bet (40) returned to YaroslavBob
YaroslavBob collected 160 from pot
*** SUMMARY ***
Total pot 160 | Rake 0 
Board [2h 5d 2d 5c]
Seat 1: YaroslavBob (small blind) collected (160)
Seat 2: Mahu2021 (big blind) folded on the Turn
Seat 3: Arin1908194 (button) folded before Flop (didn't bet)



PokerStars Hand #243381759975: Tournament #3584147540, $0.92+$0.08 USD Hold'em No Limit - Level III (20/40) - 2023/04/29 9:54:00 CET [2023/04/29 3:54:00 ET]
Table '3584147540 1' 3-max Seat #1 is the button
Seat 1: YaroslavBob (480 in chips) 
Seat 2: Mahu2021 (670 in chips) 
Seat 3: Arin1908194 (350 in chips) 
Mahu2021: posts small blind 20
Arin1908194: posts big blind 40
*** HOLE CARDS ***
Dealt to Mahu2021 [Ad 3c]
YaroslavBob: calls 40
Mahu2021: calls 20
Arin1908194: checks 
*** FLOP *** [4d Ah Qc]
Mahu2021: bets 40
Arin1908194: folds 
YaroslavBob: folds 
Uncalled bet (40) returned to Mahu2021
Mahu2021 collected 120 from pot
Mahu2021: doesn't show hand 
*** SUMMARY ***
Total pot 120 | Rake 0 
Board [4d Ah Qc]
Seat 1: YaroslavBob (button) folded on the Flop
Seat 2: Mahu2021 (small blind) collected (120)
Seat 3: Arin1908194 (big blind) folded on the Flop



PokerStars Hand #243381761919: Tournament #3584147540, $0.92+$0.08 USD Hold'em No Limit - Level III (20/40) - 2023/04/29 9:54:15 CET [2023/04/29 3:54:15 ET]
Table '3584147540 1' 3-max Seat #2 is the button
Seat 1: YaroslavBob (440 in chips) 
Seat 2: Mahu2021 (750 in chips) 
Seat 3: Arin1908194 (310 in chips) 
Arin1908194: posts small blind 20
YaroslavBob: posts big blind 40
*** HOLE CARDS ***
Dealt to Mahu2021 [4h 9s]
Mahu2021: folds 
Arin1908194: folds 
Uncalled bet (20) returned to YaroslavBob
YaroslavBob collected 40 from pot
*** SUMMARY ***
Total pot 40 | Rake 0 
Seat 1: YaroslavBob (big blind) collected (40)
Seat 2: Mahu2021 (button) folded before Flop (didn't bet)
Seat 3: Arin1908194 (small blind) folded before Flop



PokerStars Hand #243381762750: Tournament #3584147540, $0.92+$0.08 USD Hold'em No Limit - Level III (20/40) - 2023/04/29 9:54:22 CET [2023/04/29 3:54:22 ET]
Table '3584147540 1' 3-max Seat #3 is the button
Seat 1: YaroslavBob (460 in chips) 
Seat 2: Mahu2021 (750 in chips) 
Seat 3: Arin1908194 (290 in chips) 
YaroslavBob: posts small blind 20
Mahu2021: posts big blind 40
*** HOLE CARDS ***
Dealt to Mahu2021 [5c Kd]
Arin1908194: folds 
YaroslavBob: folds 
Uncalled bet (20) returned to Mahu2021
Mahu2021 collected 40 from pot
Mahu2021: doesn't show hand 
*** SUMMARY ***
Total pot 40 | Rake 0 
Seat 1: YaroslavBob (small blind) folded before Flop
Seat 2: Mahu2021 (big blind) collected (40)
Seat 3: Arin1908194 (button) folded before Flop (didn't bet)



PokerStars Hand #243381763438: Tournament #3584147540, $0.92+$0.08 USD Hold'em No Limit - Level III (20/40) - 2023/04/29 9:54:27 CET [2023/04/29 3:54:27 ET]
Table '3584147540 1' 3-max Seat #1 is the button
Seat 1: YaroslavBob (440 in chips) 
Seat 2: Mahu2021 (770 in chips) 
Seat 3: Arin1908194 (290 in chips) 
Mahu2021: posts small blind 20
Arin1908194: posts big blind 40
*** HOLE CARDS ***
Dealt to Mahu2021 [Qc Th]
YaroslavBob: calls 40
Mahu2021: calls 20
Arin1908194: checks 
*** FLOP *** [9s Tc 4s]
Mahu2021: bets 40
Arin1908194: folds 
YaroslavBob: calls 40
*** TURN *** [9s Tc 4s] [2d]
Mahu2021: bets 160
YaroslavBob: folds 
Uncalled bet (160) returned to Mahu2021
Mahu2021 collected 200 from pot
Mahu2021: doesn't show hand 
*** SUMMARY ***
Total pot 200 | Rake 0 
Board [9s Tc 4s 2d]
Seat 1: YaroslavBob (button) folded on the Turn
Seat 2: Mahu2021 (small blind) collected (200)
Seat 3: Arin1908194 (big blind) folded on the Flop



PokerStars Hand #243381767320: Tournament #3584147540, $0.92+$0.08 USD Hold'em No Limit - Level III (20/40) - 2023/04/29 9:54:58 CET [2023/04/29 3:54:58 ET]
Table '3584147540 1' 3-max Seat #2 is the button
Seat 1: YaroslavBob (360 in chips) 
Seat 2: Mahu2021 (890 in chips) 
Seat 3: Arin1908194 (250 in chips) 
Arin1908194: posts small blind 20
YaroslavBob: posts big blind 40
*** HOLE CARDS ***
Dealt to Mahu2021 [9d 3h]
Mahu2021: folds 
Arin1908194: calls 20
YaroslavBob: checks 
*** FLOP *** [Jc Tc 9c]
Arin1908194: bets 40
YaroslavBob: calls 40
*** TURN *** [Jc Tc 9c] [Th]
Arin1908194: bets 40
YaroslavBob: calls 40
*** RIVER *** [Jc Tc 9c Th] [Kh]
Arin1908194: bets 120
YaroslavBob: calls 120
*** SHOW DOWN ***
Arin1908194: shows [5c 4c] (a flush, Jack high)
YaroslavBob: mucks hand 
Arin1908194 collected 480 from pot
*** SUMMARY ***
Total pot 480 | Rake 0 
Board [Jc Tc 9c Th Kh]
Seat 1: YaroslavBob (big blind) mucked [Jh 8s]
Seat 2: Mahu2021 (button) folded before Flop (didn't bet)
Seat 3: Arin1908194 (small blind) showed [5c 4c] and won (480) with a flush, Jack high



PokerStars Hand #243381769772: Tournament #3584147540, $0.92+$0.08 USD Hold'em No Limit - Level III (20/40) - 2023/04/29 9:55:19 CET [2023/04/29 3:55:19 ET]
Table '3584147540 1' 3-max Seat #3 is the button
Seat 1: YaroslavBob (120 in chips) 
Seat 2: Mahu2021 (890 in chips) 
Seat 3: Arin1908194 (490 in chips) 
YaroslavBob: posts small blind 20
Mahu2021: posts big blind 40
*** HOLE CARDS ***
Dealt to Mahu2021 [Jc Ad]
Arin1908194: folds 
YaroslavBob: calls 20
Mahu2021: raises 80 to 120
YaroslavBob: calls 80 and is all-in
*** FLOP *** [Qs 7h 5s]
*** TURN *** [Qs 7h 5s] [4c]
*** RIVER *** [Qs 7h 5s 4c] [9h]
*** SHOW DOWN ***
YaroslavBob: shows [Jd 8c] (high card Queen)
Mahu2021: shows [Jc Ad] (high card Ace)
Mahu2021 collected 240 from pot
YaroslavBob finished the tournament in 3rd place
*** SUMMARY ***
Total pot 240 | Rake 0 
Board [Qs 7h 5s 4c 9h]
Seat 1: YaroslavBob (small blind) showed [Jd 8c] and lost with high card Queen
Seat 2: Mahu2021 (big blind) showed [Jc Ad] and won (240) with high card Ace
Seat 3: Arin1908194 (button) folded before Flop (didn't bet)



PokerStars Hand #243381771780: Tournament #3584147540, $0.92+$0.08 USD Hold'em No Limit - Level III (20/40) - 2023/04/29 9:55:38 CET [2023/04/29 3:55:38 ET]
Table '3584147540 1' 3-max Seat #2 is the button
Seat 2: Mahu2021 (1010 in chips) 
Seat 3: Arin1908194 (490 in chips) 
Mahu2021: posts small blind 20
Arin1908194: posts big blind 40
*** HOLE CARDS ***
Dealt to Mahu2021 [4s 8c]
Mahu2021: calls 20
Arin1908194: checks 
*** FLOP *** [Qs 9d 2s]
Arin1908194: checks 
Mahu2021: bets 40
Arin1908194: folds 
Uncalled bet (40) returned to Mahu2021
Mahu2021 collected 80 from pot
Mahu2021: doesn't show hand 
*** SUMMARY ***
Total pot 80 | Rake 0 
Board [Qs 9d 2s]
Seat 2: Mahu2021 (button) (small blind) collected (80)
Seat 3: Arin1908194 (big blind) folded on the Flop



PokerStars Hand #243381773384: Tournament #3584147540, $0.92+$0.08 USD Hold'em No Limit - Level IV (30/60) - 2023/04/29 9:55:52 CET [2023/04/29 3:55:52 ET]
Table '3584147540 1' 3-max Seat #3 is the button
Seat 2: Mahu2021 (1050 in chips) 
Seat 3: Arin1908194 (450 in chips) 
Arin1908194: posts small blind 30
Mahu2021: posts big blind 60
*** HOLE CARDS ***
Dealt to Mahu2021 [Kc 9c]
Arin1908194: folds 
Uncalled bet (30) returned to Mahu2021
Mahu2021 collected 60 from pot
Mahu2021: doesn't show hand 
*** SUMMARY ***
Total pot 60 | Rake 0 
Seat 2: Mahu2021 (big blind) collected (60)
Seat 3: Arin1908194 (button) (small blind) folded before Flop



PokerStars Hand #243381773984: Tournament #3584147540, $0.92+$0.08 USD Hold'em No Limit - Level IV (30/60) - 2023/04/29 9:55:57 CET [2023/04/29 3:55:57 ET]
Table '3584147540 1' 3-max Seat #2 is the button
Seat 2: Mahu2021 (1080 in chips) 
Seat 3: Arin1908194 (420 in chips) 
Mahu2021: posts small blind 30
Arin1908194: posts big blind 60
*** HOLE CARDS ***
Dealt to Mahu2021 [Ks 2s]
Mahu2021: raises 60 to 120
Arin1908194: calls 60
*** FLOP *** [5d Ah 2h]
Arin1908194: bets 60
Mahu2021: calls 60
*** TURN *** [5d Ah 2h] [8h]
Arin1908194: bets 60
Mahu2021: calls 60
*** RIVER *** [5d Ah 2h 8h] [7c]
Arin1908194: bets 180 and is all-in
Mahu2021: folds 
Uncalled bet (180) returned to Arin1908194
Arin1908194 collected 480 from pot
*** SUMMARY ***
Total pot 480 | Rake 0 
Board [5d Ah 2h 8h 7c]
Seat 2: Mahu2021 (button) (small blind) folded on the River
Seat 3: Arin1908194 (big blind) collected (480)



PokerStars Hand #243381777060: Tournament #3584147540, $0.92+$0.08 USD Hold'em No Limit - Level IV (30/60) - 2023/04/29 9:56:25 CET [2023/04/29 3:56:25 ET]
Table '3584147540 1' 3-max Seat #3 is the button
Seat 2: Mahu2021 (840 in chips) 
Seat 3: Arin1908194 (660 in chips) 
Arin1908194: posts small blind 30
Mahu2021: posts big blind 60
*** HOLE CARDS ***
Dealt to Mahu2021 [Kd 5s]
Arin1908194: folds 
Uncalled bet (30) returned to Mahu2021
Mahu2021 collected 60 from pot
Mahu2021: doesn't show hand 
*** SUMMARY ***
Total pot 60 | Rake 0 
Seat 2: Mahu2021 (big blind) collected (60)
Seat 3: Arin1908194 (button) (small blind) folded before Flop



PokerStars Hand #243381777464: Tournament #3584147540, $0.92+$0.08 USD Hold'em No Limit - Level IV (30/60) - 2023/04/29 9:56:29 CET [2023/04/29 3:56:29 ET]
Table '3584147540 1' 3-max Seat #2 is the button
Seat 2: Mahu2021 (870 in chips) 
Seat 3: Arin1908194 (630 in chips) 
Mahu2021: posts small blind 30
Arin1908194: posts big blind 60
*** HOLE CARDS ***
Dealt to Mahu2021 [5h 4h]
Mahu2021: calls 30
Arin1908194: checks 
*** FLOP *** [Ts 3h 9c]
Arin1908194: checks 
Mahu2021: checks 
*** TURN *** [Ts 3h 9c] [Kh]
Arin1908194: bets 60
Mahu2021: calls 60
*** RIVER *** [Ts 3h 9c Kh] [Jd]
Arin1908194: bets 60
Mahu2021: folds 
Uncalled bet (60) returned to Arin1908194
Arin1908194 collected 240 from pot
*** SUMMARY ***
Total pot 240 | Rake 0 
Board [Ts 3h 9c Kh Jd]
Seat 2: Mahu2021 (button) (small blind) folded on the River
Seat 3: Arin1908194 (big blind) collected (240)



PokerStars Hand #243381779215: Tournament #3584147540, $0.92+$0.08 USD Hold'em No Limit - Level IV (30/60) - 2023/04/29 9:56:44 CET [2023/04/29 3:56:44 ET]
Table '3584147540 1' 3-max Seat #3 is the button
Seat 2: Mahu2021 (750 in chips) 
Seat 3: Arin1908194 (750 in chips) 
Arin1908194: posts small blind 30
Mahu2021: posts big blind 60
*** HOLE CARDS ***
Dealt to Mahu2021 [3c 2d]
Arin1908194: calls 30
Mahu2021: checks 
*** FLOP *** [3s Kc 7h]
Mahu2021: bets 60
Arin1908194: calls 60
*** TURN *** [3s Kc 7h] [Ac]
Mahu2021: checks 
Arin1908194: checks 
*** RIVER *** [3s Kc 7h Ac] [Tc]
Mahu2021: checks 
Arin1908194: checks 
*** SHOW DOWN ***
Mahu2021: shows [3c 2d] (a pair of Threes)
Arin1908194: mucks hand 
Mahu2021 collected 240 from pot
*** SUMMARY ***
Total pot 240 | Rake 0 
Board [3s Kc 7h Ac Tc]
Seat 2: Mahu2021 (big blind) showed [3c 2d] and won (240) with a pair of Threes
Seat 3: Arin1908194 (button) (small blind) mucked [2s 2h]



PokerStars Hand #243381781211: Tournament #3584147540, $0.92+$0.08 USD Hold'em No Limit - Level IV (30/60) - 2023/04/29 9:57:02 CET [2023/04/29 3:57:02 ET]
Table '3584147540 1' 3-max Seat #2 is the button
Seat 2: Mahu2021 (870 in chips) 
Seat 3: Arin1908194 (630 in chips) 
Mahu2021: posts small blind 30
Arin1908194: posts big blind 60
*** HOLE CARDS ***
Dealt to Mahu2021 [2d 9c]
Mahu2021: folds 
Uncalled bet (30) returned to Arin1908194
Arin1908194 collected 60 from pot
*** SUMMARY ***
Total pot 60 | Rake 0 
Seat 2: Mahu2021 (button) (small blind) folded before Flop
Seat 3: Arin1908194 (big blind) collected (60)



PokerStars Hand #243381781727: Tournament #3584147540, $0.92+$0.08 USD Hold'em No Limit - Level IV (30/60) - 2023/04/29 9:57:07 CET [2023/04/29 3:57:07 ET]
Table '3584147540 1' 3-max Seat #3 is the button
Seat 2: Mahu2021 (840 in chips) 
Seat 3: Arin1908194 (660 in chips) 
Arin1908194: posts small blind 30
Mahu2021: posts big blind 60
*** HOLE CARDS ***
Dealt to Mahu2021 [8c 7s]
Arin1908194: calls 30
Mahu2021: checks 
*** FLOP *** [8s Ac Ts]
Mahu2021: bets 60
Arin1908194: folds 
Uncalled bet (60) returned to Mahu2021
Mahu2021 collected 120 from pot
Mahu2021: doesn't show hand 
*** SUMMARY ***
Total pot 120 | Rake 0 
Board [8s Ac Ts]
Seat 2: Mahu2021 (big blind) collected (120)
Seat 3: Arin1908194 (button) (small blind) folded on the Flop



PokerStars Hand #243381782855: Tournament #3584147540, $0.92+$0.08 USD Hold'em No Limit - Level IV (30/60) - 2023/04/29 9:57:17 CET [2023/04/29 3:57:17 ET]
Table '3584147540 1' 3-max Seat #2 is the button
Seat 2: Mahu2021 (900 in chips) 
Seat 3: Arin1908194 (600 in chips) 
Mahu2021: posts small blind 30
Arin1908194: posts big blind 60
*** HOLE CARDS ***
Dealt to Mahu2021 [5h 3c]
Mahu2021: folds 
Uncalled bet (30) returned to Arin1908194
Arin1908194 collected 60 from pot
*** SUMMARY ***
Total pot 60 | Rake 0 
Seat 2: Mahu2021 (button) (small blind) folded before Flop
Seat 3: Arin1908194 (big blind) collected (60)



PokerStars Hand #243381783413: Tournament #3584147540, $0.92+$0.08 USD Hold'em No Limit - Level IV (30/60) - 2023/04/29 9:57:22 CET [2023/04/29 3:57:22 ET]
Table '3584147540 1' 3-max Seat #3 is the button
Seat 2: Mahu2021 (870 in chips) 
Seat 3: Arin1908194 (630 in chips) 
Arin1908194: posts small blind 30
Mahu2021: posts big blind 60
*** HOLE CARDS ***
Dealt to Mahu2021 [8d 6h]
Arin1908194: calls 30
Mahu2021: checks 
*** FLOP *** [Qh 7d 8c]
Mahu2021: bets 60
Arin1908194: calls 60
*** TURN *** [Qh 7d 8c] [5d]
Mahu2021: checks 
Arin1908194: bets 60
Mahu2021: calls 60
*** RIVER *** [Qh 7d 8c 5d] [2c]
Mahu2021: checks 
Arin1908194: bets 60
Mahu2021: calls 60
*** SHOW DOWN ***
Arin1908194: shows [9s 8h] (a pair of Eights)
Mahu2021: mucks hand 
Arin1908194 collected 480 from pot
*** SUMMARY ***
Total pot 480 | Rake 0 
Board [Qh 7d 8c 5d 2c]
Seat 2: Mahu2021 (big blind) mucked [8d 6h]
Seat 3: Arin1908194 (button) (small blind) showed [9s 8h] and won (480) with a pair of Eights



