PokerStars Hand #252758154911: Tournament #3807966772, $1.84+$0.16 USD Hold'em No Limit - Level I (10/20) - 2024/10/04 10:02:03 CET [2024/10/04 4:02:03 ET]
Table '3807966772 1' 3-max Seat #1 is the button
Seat 1: LT68MT (500 in chips) 
Seat 2: digaosb10 (500 in chips) 
Seat 3: Mahu2021 (500 in chips) 
digaosb10: posts small blind 10
Mahu2021: posts big blind 20
*** HOLE CARDS ***
Dealt to Mahu2021 [2c Js]
LT68MT: raises 20 to 40
digaosb10: folds 
Mahu2021: calls 20
*** FLOP *** [As 9h 7d]
Mahu2021: checks 
LT68MT: bets 90
Mahu2021: folds 
Uncalled bet (90) returned to LT68MT
LT68MT collected 90 from pot
*** SUMMARY ***
Total pot 90 | Rake 0 
Board [As 9h 7d]
Seat 1: LT68MT (button) collected (90)
Seat 2: digaosb10 (small blind) folded before Flop
Seat 3: Mahu2021 (big blind) folded on the Flop



PokerStars Hand #252758156131: Tournament #3807966772, $1.84+$0.16 USD Hold'em No Limit - Level I (10/20) - 2024/10/04 10:02:15 CET [2024/10/04 4:02:15 ET]
Table '3807966772 1' 3-max Seat #2 is the button
Seat 1: LT68MT (550 in chips) 
Seat 2: digaosb10 (490 in chips) 
Seat 3: Mahu2021 (460 in chips) 
Mahu2021: posts small blind 10
LT68MT: posts big blind 20
*** HOLE CARDS ***
Dealt to Mahu2021 [2c Ad]
digaosb10: raises 40 to 60
Mahu2021: folds 
LT68MT: calls 40
*** FLOP *** [Js 8d Jh]
LT68MT: checks 
digaosb10: bets 60
LT68MT: folds 
Uncalled bet (60) returned to digaosb10
digaosb10 collected 130 from pot
digaosb10: doesn't show hand 
*** SUMMARY ***
Total pot 130 | Rake 0 
Board [Js 8d Jh]
Seat 1: LT68MT (big blind) folded on the Flop
Seat 2: digaosb10 (button) collected (130)
Seat 3: Mahu2021 (small blind) folded before Flop



PokerStars Hand #252758157815: Tournament #3807966772, $1.84+$0.16 USD Hold'em No Limit - Level I (10/20) - 2024/10/04 10:02:31 CET [2024/10/04 4:02:31 ET]
Table '3807966772 1' 3-max Seat #3 is the button
Seat 1: LT68MT (490 in chips) 
Seat 2: digaosb10 (560 in chips) 
Seat 3: Mahu2021 (450 in chips) 
LT68MT: posts small blind 10
digaosb10: posts big blind 20
*** HOLE CARDS ***
Dealt to Mahu2021 [4s 2s]
Mahu2021: folds 
LT68MT: calls 10
digaosb10: raises 60 to 80
LT68MT: calls 60
*** FLOP *** [Qh Th Ad]
LT68MT: checks 
digaosb10: bets 40
LT68MT: folds 
Uncalled bet (40) returned to digaosb10
digaosb10 collected 160 from pot
digaosb10: doesn't show hand 
*** SUMMARY ***
Total pot 160 | Rake 0 
Board [Qh Th Ad]
Seat 1: LT68MT (small blind) folded on the Flop
Seat 2: digaosb10 (big blind) collected (160)
Seat 3: Mahu2021 (button) folded before Flop (didn't bet)



PokerStars Hand #252758159704: Tournament #3807966772, $1.84+$0.16 USD Hold'em No Limit - Level I (10/20) - 2024/10/04 10:02:50 CET [2024/10/04 4:02:50 ET]
Table '3807966772 1' 3-max Seat #1 is the button
Seat 1: LT68MT (410 in chips) 
Seat 2: digaosb10 (640 in chips) 
Seat 3: Mahu2021 (450 in chips) 
digaosb10: posts small blind 10
Mahu2021: posts big blind 20
*** HOLE CARDS ***
Dealt to Mahu2021 [Qc 2d]
LT68MT: folds 
digaosb10: folds 
Uncalled bet (10) returned to Mahu2021
Mahu2021 collected 20 from pot
Mahu2021: doesn't show hand 
*** SUMMARY ***
Total pot 20 | Rake 0 
Seat 1: LT68MT (button) folded before Flop (didn't bet)
Seat 2: digaosb10 (small blind) folded before Flop
Seat 3: Mahu2021 (big blind) collected (20)



PokerStars Hand #252758160263: Tournament #3807966772, $1.84+$0.16 USD Hold'em No Limit - Level I (10/20) - 2024/10/04 10:02:56 CET [2024/10/04 4:02:56 ET]
Table '3807966772 1' 3-max Seat #2 is the button
Seat 1: LT68MT (410 in chips) 
Seat 2: digaosb10 (630 in chips) 
Seat 3: Mahu2021 (460 in chips) 
Mahu2021: posts small blind 10
LT68MT: posts big blind 20
*** HOLE CARDS ***
Dealt to Mahu2021 [Qc Ts]
digaosb10: folds 
Mahu2021: raises 20 to 40
LT68MT: calls 20
*** FLOP *** [6d Td 8d]
Mahu2021: bets 40
LT68MT: calls 40
*** TURN *** [6d Td 8d] [Ks]
Mahu2021: bets 40
LT68MT: raises 40 to 80
Mahu2021: calls 40
*** RIVER *** [6d Td 8d Ks] [5d]
Mahu2021: checks 
LT68MT: checks 
*** SHOW DOWN ***
Mahu2021: shows [Qc Ts] (a pair of Tens)
LT68MT: shows [Kh Tc] (two pair, Kings and Tens)
LT68MT collected 320 from pot
*** SUMMARY ***
Total pot 320 | Rake 0 
Board [6d Td 8d Ks 5d]
Seat 1: LT68MT (big blind) showed [Kh Tc] and won (320) with two pair, Kings and Tens
Seat 2: digaosb10 (button) folded before Flop (didn't bet)
Seat 3: Mahu2021 (small blind) showed [Qc Ts] and lost with a pair of Tens



PokerStars Hand #252758162275: Tournament #3807966772, $1.84+$0.16 USD Hold'em No Limit - Level I (10/20) - 2024/10/04 10:03:16 CET [2024/10/04 4:03:16 ET]
Table '3807966772 1' 3-max Seat #3 is the button
Seat 1: LT68MT (570 in chips) 
Seat 2: digaosb10 (630 in chips) 
Seat 3: Mahu2021 (300 in chips) 
LT68MT: posts small blind 10
digaosb10: posts big blind 20
*** HOLE CARDS ***
Dealt to Mahu2021 [2d 6h]
Mahu2021: folds 
LT68MT: calls 10
digaosb10: raises 20 to 40
LT68MT: calls 20
*** FLOP *** [3s 8c Kh]
LT68MT: bets 80
digaosb10: folds 
Uncalled bet (80) returned to LT68MT
LT68MT collected 80 from pot
*** SUMMARY ***
Total pot 80 | Rake 0 
Board [3s 8c Kh]
Seat 1: LT68MT (small blind) collected (80)
Seat 2: digaosb10 (big blind) folded on the Flop
Seat 3: Mahu2021 (button) folded before Flop (didn't bet)



PokerStars Hand #252758163558: Tournament #3807966772, $1.84+$0.16 USD Hold'em No Limit - Level I (10/20) - 2024/10/04 10:03:29 CET [2024/10/04 4:03:29 ET]
Table '3807966772 1' 3-max Seat #1 is the button
Seat 1: LT68MT (610 in chips) 
Seat 2: digaosb10 (590 in chips) 
Seat 3: Mahu2021 (300 in chips) 
digaosb10: posts small blind 10
Mahu2021: posts big blind 20
*** HOLE CARDS ***
Dealt to Mahu2021 [Ts 6h]
LT68MT: folds 
digaosb10: folds 
Uncalled bet (10) returned to Mahu2021
Mahu2021 collected 20 from pot
Mahu2021: doesn't show hand 
*** SUMMARY ***
Total pot 20 | Rake 0 
Seat 1: LT68MT (button) folded before Flop (didn't bet)
Seat 2: digaosb10 (small blind) folded before Flop
Seat 3: Mahu2021 (big blind) collected (20)



PokerStars Hand #252758164069: Tournament #3807966772, $1.84+$0.16 USD Hold'em No Limit - Level I (10/20) - 2024/10/04 10:03:34 CET [2024/10/04 4:03:34 ET]
Table '3807966772 1' 3-max Seat #2 is the button
Seat 1: LT68MT (610 in chips) 
Seat 2: digaosb10 (580 in chips) 
Seat 3: Mahu2021 (310 in chips) 
Mahu2021: posts small blind 10
LT68MT: posts big blind 20
*** HOLE CARDS ***
Dealt to Mahu2021 [Jh As]
digaosb10: raises 40 to 60
Mahu2021: raises 250 to 310 and is all-in
LT68MT: folds 
digaosb10: calls 250
*** FLOP *** [2s 5d 3c]
*** TURN *** [2s 5d 3c] [4s]
*** RIVER *** [2s 5d 3c 4s] [2c]
*** SHOW DOWN ***
Mahu2021: shows [Jh As] (a straight, Ace to Five)
digaosb10: shows [Td Qd] (a pair of Deuces)
Mahu2021 collected 640 from pot
*** SUMMARY ***
Total pot 640 | Rake 0 
Board [2s 5d 3c 4s 2c]
Seat 1: LT68MT (big blind) folded before Flop
Seat 2: digaosb10 (button) showed [Td Qd] and lost with a pair of Deuces
Seat 3: Mahu2021 (small blind) showed [Jh As] and won (640) with a straight, Ace to Five



PokerStars Hand #252758165757: Tournament #3807966772, $1.84+$0.16 USD Hold'em No Limit - Level I (10/20) - 2024/10/04 10:03:51 CET [2024/10/04 4:03:51 ET]
Table '3807966772 1' 3-max Seat #3 is the button
Seat 1: LT68MT (590 in chips) 
Seat 2: digaosb10 (270 in chips) 
Seat 3: Mahu2021 (640 in chips) 
LT68MT: posts small blind 10
digaosb10: posts big blind 20
*** HOLE CARDS ***
Dealt to Mahu2021 [Qd 4d]
Mahu2021: calls 20
LT68MT: calls 10
digaosb10: raises 250 to 270 and is all-in
Mahu2021: folds 
LT68MT: folds 
Uncalled bet (250) returned to digaosb10
digaosb10 collected 60 from pot
digaosb10: doesn't show hand 
*** SUMMARY ***
Total pot 60 | Rake 0 
Seat 1: LT68MT (small blind) folded before Flop
Seat 2: digaosb10 (big blind) collected (60)
Seat 3: Mahu2021 (button) folded before Flop



PokerStars Hand #252758166839: Tournament #3807966772, $1.84+$0.16 USD Hold'em No Limit - Level I (10/20) - 2024/10/04 10:04:01 CET [2024/10/04 4:04:01 ET]
Table '3807966772 1' 3-max Seat #1 is the button
Seat 1: LT68MT (570 in chips) 
Seat 2: digaosb10 (310 in chips) 
Seat 3: Mahu2021 (620 in chips) 
digaosb10: posts small blind 10
Mahu2021: posts big blind 20
*** HOLE CARDS ***
Dealt to Mahu2021 [5c 5d]
LT68MT: raises 20 to 40
digaosb10: folds 
Mahu2021: calls 20
*** FLOP *** [8c Qs 3d]
Mahu2021: checks 
LT68MT: bets 40
Mahu2021: calls 40
*** TURN *** [8c Qs 3d] [6d]
Mahu2021: checks 
LT68MT: checks 
*** RIVER *** [8c Qs 3d 6d] [6c]
Mahu2021: bets 40
LT68MT: folds 
Uncalled bet (40) returned to Mahu2021
Mahu2021 collected 170 from pot
Mahu2021: doesn't show hand 
*** SUMMARY ***
Total pot 170 | Rake 0 
Board [8c Qs 3d 6d 6c]
Seat 1: LT68MT (button) folded on the River
Seat 2: digaosb10 (small blind) folded before Flop
Seat 3: Mahu2021 (big blind) collected (170)



PokerStars Hand #252758168541: Tournament #3807966772, $1.84+$0.16 USD Hold'em No Limit - Level I (10/20) - 2024/10/04 10:04:17 CET [2024/10/04 4:04:17 ET]
Table '3807966772 1' 3-max Seat #2 is the button
Seat 1: LT68MT (490 in chips) 
Seat 2: digaosb10 (300 in chips) 
Seat 3: Mahu2021 (710 in chips) 
Mahu2021: posts small blind 10
LT68MT: posts big blind 20
*** HOLE CARDS ***
Dealt to Mahu2021 [3s 8s]
digaosb10: folds 
Mahu2021: folds 
Uncalled bet (10) returned to LT68MT
LT68MT collected 20 from pot
*** SUMMARY ***
Total pot 20 | Rake 0 
Seat 1: LT68MT (big blind) collected (20)
Seat 2: digaosb10 (button) folded before Flop (didn't bet)
Seat 3: Mahu2021 (small blind) folded before Flop



PokerStars Hand #252758169957: Tournament #3807966772, $1.84+$0.16 USD Hold'em No Limit - Level I (10/20) - 2024/10/04 10:04:32 CET [2024/10/04 4:04:32 ET]
Table '3807966772 1' 3-max Seat #3 is the button
Seat 1: LT68MT (500 in chips) 
Seat 2: digaosb10 (300 in chips) 
Seat 3: Mahu2021 (700 in chips) 
LT68MT: posts small blind 10
digaosb10: posts big blind 20
*** HOLE CARDS ***
Dealt to Mahu2021 [Kh 8s]
Mahu2021: raises 20 to 40
LT68MT: calls 30
digaosb10: calls 20
*** FLOP *** [5c 2s 3c]
LT68MT: checks 
digaosb10: bets 60
Mahu2021: folds 
LT68MT: calls 60
*** TURN *** [5c 2s 3c] [5h]
LT68MT: checks 
digaosb10: bets 60
LT68MT: calls 60
*** RIVER *** [5c 2s 3c 5h] [Jc]
LT68MT: checks 
digaosb10: checks 
*** SHOW DOWN ***
LT68MT: shows [7c Tc] (a flush, Jack high)
digaosb10: mucks hand 
LT68MT collected 360 from pot
*** SUMMARY ***
Total pot 360 | Rake 0 
Board [5c 2s 3c 5h Jc]
Seat 1: LT68MT (small blind) showed [7c Tc] and won (360) with a flush, Jack high
Seat 2: digaosb10 (big blind) mucked [Kc 3h]
Seat 3: Mahu2021 (button) folded on the Flop



PokerStars Hand #252758174531: Tournament #3807966772, $1.84+$0.16 USD Hold'em No Limit - Level II (15/30) - 2024/10/04 10:05:16 CET [2024/10/04 4:05:16 ET]
Table '3807966772 1' 3-max Seat #1 is the button
Seat 1: LT68MT (700 in chips) 
Seat 2: digaosb10 (140 in chips) 
Seat 3: Mahu2021 (660 in chips) 
digaosb10: posts small blind 15
Mahu2021: posts big blind 30
*** HOLE CARDS ***
Dealt to Mahu2021 [Ah 2h]
LT68MT: folds 
digaosb10: raises 110 to 140 and is all-in
Mahu2021: calls 110
*** FLOP *** [2d 6d 9d]
*** TURN *** [2d 6d 9d] [5s]
*** RIVER *** [2d 6d 9d 5s] [6c]
*** SHOW DOWN ***
digaosb10: shows [Ts 8s] (a pair of Sixes)
Mahu2021: shows [Ah 2h] (two pair, Sixes and Deuces)
Mahu2021 collected 280 from pot
digaosb10 finished the tournament in 3rd place
*** SUMMARY ***
Total pot 280 | Rake 0 
Board [2d 6d 9d 5s 6c]
Seat 1: LT68MT (button) folded before Flop (didn't bet)
Seat 2: digaosb10 (small blind) showed [Ts 8s] and lost with a pair of Sixes
Seat 3: Mahu2021 (big blind) showed [Ah 2h] and won (280) with two pair, Sixes and Deuces



PokerStars Hand #252758177054: Tournament #3807966772, $1.84+$0.16 USD Hold'em No Limit - Level II (15/30) - 2024/10/04 10:05:41 CET [2024/10/04 4:05:41 ET]
Table '3807966772 1' 3-max Seat #3 is the button
Seat 1: LT68MT (700 in chips) 
Seat 3: Mahu2021 (800 in chips) 
Mahu2021: posts small blind 15
LT68MT: posts big blind 30
*** HOLE CARDS ***
Dealt to Mahu2021 [Kc 8h]
Mahu2021: raises 30 to 60
LT68MT: calls 30
*** FLOP *** [Jd 2d Qs]
LT68MT: checks 
Mahu2021: checks 
*** TURN *** [Jd 2d Qs] [9d]
LT68MT: checks 
Mahu2021: bets 60
LT68MT: folds 
Uncalled bet (60) returned to Mahu2021
Mahu2021 collected 120 from pot
Mahu2021: doesn't show hand 
*** SUMMARY ***
Total pot 120 | Rake 0 
Board [Jd 2d Qs 9d]
Seat 1: LT68MT (big blind) folded on the Turn
Seat 3: Mahu2021 (button) (small blind) collected (120)



PokerStars Hand #252758178431: Tournament #3807966772, $1.84+$0.16 USD Hold'em No Limit - Level II (15/30) - 2024/10/04 10:05:55 CET [2024/10/04 4:05:55 ET]
Table '3807966772 1' 3-max Seat #1 is the button
Seat 1: LT68MT (640 in chips) 
Seat 3: Mahu2021 (860 in chips) 
LT68MT: posts small blind 15
Mahu2021: posts big blind 30
*** HOLE CARDS ***
Dealt to Mahu2021 [9c 4d]
LT68MT: calls 15
Mahu2021: checks 
*** FLOP *** [Ah Ts Th]
Mahu2021: checks 
LT68MT: bets 60
Mahu2021: folds 
Uncalled bet (60) returned to LT68MT
LT68MT collected 60 from pot
*** SUMMARY ***
Total pot 60 | Rake 0 
Board [Ah Ts Th]
Seat 1: LT68MT (button) (small blind) collected (60)
Seat 3: Mahu2021 (big blind) folded on the Flop



PokerStars Hand #252758179475: Tournament #3807966772, $1.84+$0.16 USD Hold'em No Limit - Level II (15/30) - 2024/10/04 10:06:05 CET [2024/10/04 4:06:05 ET]
Table '3807966772 1' 3-max Seat #3 is the button
Seat 1: LT68MT (670 in chips) 
Seat 3: Mahu2021 (830 in chips) 
Mahu2021: posts small blind 15
LT68MT: posts big blind 30
*** HOLE CARDS ***
Dealt to Mahu2021 [As 2c]
Mahu2021: calls 15
LT68MT: raises 60 to 90
Mahu2021: folds 
Uncalled bet (60) returned to LT68MT
LT68MT collected 60 from pot
*** SUMMARY ***
Total pot 60 | Rake 0 
Seat 1: LT68MT (big blind) collected (60)
Seat 3: Mahu2021 (button) (small blind) folded before Flop



PokerStars Hand #252758180299: Tournament #3807966772, $1.84+$0.16 USD Hold'em No Limit - Level II (15/30) - 2024/10/04 10:06:13 CET [2024/10/04 4:06:13 ET]
Table '3807966772 1' 3-max Seat #1 is the button
Seat 1: LT68MT (700 in chips) 
Seat 3: Mahu2021 (800 in chips) 
LT68MT: posts small blind 15
Mahu2021: posts big blind 30
*** HOLE CARDS ***
Dealt to Mahu2021 [Kc Td]
LT68MT: calls 15
Mahu2021: raises 90 to 120
LT68MT: calls 90
*** FLOP *** [Qc Ah Ac]
Mahu2021: checks 
LT68MT: bets 90
Mahu2021: calls 90
*** TURN *** [Qc Ah Ac] [8h]
Mahu2021: checks 
LT68MT: checks 
*** RIVER *** [Qc Ah Ac 8h] [4c]
Mahu2021: bets 590 and is all-in
LT68MT: calls 490 and is all-in
Uncalled bet (100) returned to Mahu2021
*** SHOW DOWN ***
Mahu2021: shows [Kc Td] (a pair of Aces)
LT68MT: shows [3c Tc] (a flush, Ace high)
LT68MT collected 1400 from pot
*** SUMMARY ***
Total pot 1400 | Rake 0 
Board [Qc Ah Ac 8h 4c]
Seat 1: LT68MT (button) (small blind) showed [3c Tc] and won (1400) with a flush, Ace high
Seat 3: Mahu2021 (big blind) showed [Kc Td] and lost with a pair of Aces



PokerStars Hand #252758182351: Tournament #3807966772, $1.84+$0.16 USD Hold'em No Limit - Level II (15/30) - 2024/10/04 10:06:33 CET [2024/10/04 4:06:33 ET]
Table '3807966772 1' 3-max Seat #3 is the button
Seat 1: LT68MT (1400 in chips) 
Seat 3: Mahu2021 (100 in chips) 
Mahu2021: posts small blind 15
LT68MT: posts big blind 30
*** HOLE CARDS ***
Dealt to Mahu2021 [Qs Tc]
Mahu2021: raises 70 to 100 and is all-in
LT68MT: calls 70
*** FLOP *** [Qd 3d 5c]
*** TURN *** [Qd 3d 5c] [Qc]
*** RIVER *** [Qd 3d 5c Qc] [3c]
*** SHOW DOWN ***
LT68MT: shows [Kd 6d] (two pair, Queens and Threes)
Mahu2021: shows [Qs Tc] (a full house, Queens full of Threes)
Mahu2021 collected 200 from pot
*** SUMMARY ***
Total pot 200 | Rake 0 
Board [Qd 3d 5c Qc 3c]
Seat 1: LT68MT (big blind) showed [Kd 6d] and lost with two pair, Queens and Threes
Seat 3: Mahu2021 (button) (small blind) showed [Qs Tc] and won (200) with a full house, Queens full of Threes



PokerStars Hand #252758183680: Tournament #3807966772, $1.84+$0.16 USD Hold'em No Limit - Level II (15/30) - 2024/10/04 10:06:46 CET [2024/10/04 4:06:46 ET]
Table '3807966772 1' 3-max Seat #1 is the button
Seat 1: LT68MT (1300 in chips) 
Seat 3: Mahu2021 (200 in chips) 
LT68MT: posts small blind 15
Mahu2021: posts big blind 30
*** HOLE CARDS ***
Dealt to Mahu2021 [Ah 4c]
LT68MT: raises 30 to 60
Mahu2021: raises 140 to 200 and is all-in
LT68MT: calls 140
*** FLOP *** [2s 5d Th]
*** TURN *** [2s 5d Th] [Kd]
*** RIVER *** [2s 5d Th Kd] [8s]
*** SHOW DOWN ***
Mahu2021: shows [Ah 4c] (high card Ace)
LT68MT: shows [3h 3c] (a pair of Threes)
LT68MT collected 400 from pot
Mahu2021 finished the tournament in 2nd place
LT68MT wins the tournament and receives $6.00 - congratulations!
*** SUMMARY ***
Total pot 400 | Rake 0 
Board [2s 5d Th Kd 8s]
Seat 1: LT68MT (button) (small blind) showed [3h 3c] and won (400) with a pair of Threes
Seat 3: Mahu2021 (big blind) showed [Ah 4c] and lost with high card Ace



