PokerStars Hand #246791780604: Tournament #3665122836, $1.84+$0.16 USD Hold'em No Limit - Level I (10/20) - 2023/10/28 19:04:09 CET [2023/10/28 13:04:09 ET]
Table '3665122836 1' 3-max Seat #1 is the button
Seat 1: steflan1313 (500 in chips) is sitting out
Seat 2: Mahu2021 (500 in chips) 
Seat 3: ÉnMikike (500 in chips) 
Mahu2021: posts small blind 10
ÉnMikike: posts big blind 20
*** HOLE CARDS ***
Dealt to Mahu2021 [Ts Qc]
steflan1313: folds 
Mahu2021: raises 20 to 40
ÉnMikike: calls 20
*** FLOP *** [4c 7c Jd]
steflan1313 has returned
Mahu2021: checks 
ÉnMikike: bets 460 and is all-in
Mahu2021: folds 
Uncalled bet (460) returned to ÉnMikike
ÉnMikike collected 80 from pot
ÉnMikike: doesn't show hand 
*** SUMMARY ***
Total pot 80 | Rake 0 
Board [4c 7c Jd]
Seat 1: steflan1313 (button) folded before Flop (didn't bet)
Seat 2: Mahu2021 (small blind) folded on the Flop
Seat 3: ÉnMikike (big blind) collected (80)



PokerStars Hand #246791786998: Tournament #3665122836, $1.84+$0.16 USD Hold'em No Limit - Level I (10/20) - 2023/10/28 19:04:30 CET [2023/10/28 13:04:30 ET]
Table '3665122836 1' 3-max Seat #2 is the button
Seat 1: steflan1313 (500 in chips) 
Seat 2: Mahu2021 (460 in chips) 
Seat 3: ÉnMikike (540 in chips) 
ÉnMikike: posts small blind 10
steflan1313: posts big blind 20
*** HOLE CARDS ***
Dealt to Mahu2021 [Ks Kc]
Mahu2021: raises 20 to 40
ÉnMikike: folds 
steflan1313: calls 20
*** FLOP *** [4c Jd 4s]
steflan1313: checks 
Mahu2021: bets 90
steflan1313: folds 
Uncalled bet (90) returned to Mahu2021
Mahu2021 collected 90 from pot
Mahu2021: doesn't show hand 
*** SUMMARY ***
Total pot 90 | Rake 0 
Board [4c Jd 4s]
Seat 1: steflan1313 (big blind) folded on the Flop
Seat 2: Mahu2021 (button) collected (90)
Seat 3: ÉnMikike (small blind) folded before Flop



PokerStars Hand #246791791725: Tournament #3665122836, $1.84+$0.16 USD Hold'em No Limit - Level I (10/20) - 2023/10/28 19:04:46 CET [2023/10/28 13:04:46 ET]
Table '3665122836 1' 3-max Seat #3 is the button
Seat 1: steflan1313 (460 in chips) 
Seat 2: Mahu2021 (510 in chips) 
Seat 3: ÉnMikike (530 in chips) 
steflan1313: posts small blind 10
Mahu2021: posts big blind 20
*** HOLE CARDS ***
Dealt to Mahu2021 [7d 3s]
ÉnMikike: raises 20 to 40
steflan1313: raises 420 to 460 and is all-in
Mahu2021: folds 
ÉnMikike: folds 
Uncalled bet (420) returned to steflan1313
steflan1313 collected 100 from pot
steflan1313: doesn't show hand 
*** SUMMARY ***
Total pot 100 | Rake 0 
Seat 1: steflan1313 (small blind) collected (100)
Seat 2: Mahu2021 (big blind) folded before Flop
Seat 3: ÉnMikike (button) folded before Flop



PokerStars Hand #246791794998: Tournament #3665122836, $1.84+$0.16 USD Hold'em No Limit - Level I (10/20) - 2023/10/28 19:04:57 CET [2023/10/28 13:04:57 ET]
Table '3665122836 1' 3-max Seat #1 is the button
Seat 1: steflan1313 (520 in chips) 
Seat 2: Mahu2021 (490 in chips) 
Seat 3: ÉnMikike (490 in chips) 
Mahu2021: posts small blind 10
ÉnMikike: posts big blind 20
*** HOLE CARDS ***
Dealt to Mahu2021 [8s 7s]
steflan1313: folds 
Mahu2021: calls 10
ÉnMikike: raises 470 to 490 and is all-in
Mahu2021: folds 
Uncalled bet (470) returned to ÉnMikike
ÉnMikike collected 40 from pot
ÉnMikike: doesn't show hand 
*** SUMMARY ***
Total pot 40 | Rake 0 
Seat 1: steflan1313 (button) folded before Flop (didn't bet)
Seat 2: Mahu2021 (small blind) folded before Flop
Seat 3: ÉnMikike (big blind) collected (40)



PokerStars Hand #246791798805: Tournament #3665122836, $1.84+$0.16 USD Hold'em No Limit - Level I (10/20) - 2023/10/28 19:05:09 CET [2023/10/28 13:05:09 ET]
Table '3665122836 1' 3-max Seat #2 is the button
Seat 1: steflan1313 (520 in chips) 
Seat 2: Mahu2021 (470 in chips) 
Seat 3: ÉnMikike (510 in chips) 
ÉnMikike: posts small blind 10
steflan1313: posts big blind 20
*** HOLE CARDS ***
Dealt to Mahu2021 [9s 2d]
Mahu2021: folds 
ÉnMikike: raises 20 to 40
steflan1313: calls 20
*** FLOP *** [Jc Jd 6h]
ÉnMikike: checks 
steflan1313: bets 80
ÉnMikike: calls 80
*** TURN *** [Jc Jd 6h] [Qc]
ÉnMikike: checks 
steflan1313: checks 
*** RIVER *** [Jc Jd 6h Qc] [Js]
ÉnMikike: checks 
steflan1313: checks 
*** SHOW DOWN ***
ÉnMikike: shows [9c 6d] (a full house, Jacks full of Sixes)
steflan1313: shows [5s 6c] (a full house, Jacks full of Sixes)
ÉnMikike collected 120 from pot
steflan1313 collected 120 from pot
*** SUMMARY ***
Total pot 240 | Rake 0 
Board [Jc Jd 6h Qc Js]
Seat 1: steflan1313 (big blind) showed [5s 6c] and won (120) with a full house, Jacks full of Sixes
Seat 2: Mahu2021 (button) folded before Flop (didn't bet)
Seat 3: ÉnMikike (small blind) showed [9c 6d] and won (120) with a full house, Jacks full of Sixes



PokerStars Hand #246791812644: Tournament #3665122836, $1.84+$0.16 USD Hold'em No Limit - Level I (10/20) - 2023/10/28 19:05:55 CET [2023/10/28 13:05:55 ET]
Table '3665122836 1' 3-max Seat #3 is the button
Seat 1: steflan1313 (520 in chips) 
Seat 2: Mahu2021 (470 in chips) 
Seat 3: ÉnMikike (510 in chips) 
steflan1313: posts small blind 10
Mahu2021: posts big blind 20
*** HOLE CARDS ***
Dealt to Mahu2021 [Kh Qd]
ÉnMikike: folds 
steflan1313: folds 
Uncalled bet (10) returned to Mahu2021
Mahu2021 collected 20 from pot
Mahu2021: doesn't show hand 
*** SUMMARY ***
Total pot 20 | Rake 0 
Seat 1: steflan1313 (small blind) folded before Flop
Seat 2: Mahu2021 (big blind) collected (20)
Seat 3: ÉnMikike (button) folded before Flop (didn't bet)



PokerStars Hand #246791814985: Tournament #3665122836, $1.84+$0.16 USD Hold'em No Limit - Level I (10/20) - 2023/10/28 19:06:03 CET [2023/10/28 13:06:03 ET]
Table '3665122836 1' 3-max Seat #1 is the button
Seat 1: steflan1313 (510 in chips) 
Seat 2: Mahu2021 (480 in chips) 
Seat 3: ÉnMikike (510 in chips) 
Mahu2021: posts small blind 10
ÉnMikike: posts big blind 20
*** HOLE CARDS ***
Dealt to Mahu2021 [3c Jc]
steflan1313: raises 50 to 70
Mahu2021: calls 60
ÉnMikike: folds 
*** FLOP *** [2d 2c 4h]
Mahu2021: checks 
steflan1313: bets 440 and is all-in
Mahu2021: folds 
Uncalled bet (440) returned to steflan1313
steflan1313 collected 160 from pot
steflan1313: doesn't show hand 
*** SUMMARY ***
Total pot 160 | Rake 0 
Board [2d 2c 4h]
Seat 1: steflan1313 (button) collected (160)
Seat 2: Mahu2021 (small blind) folded on the Flop
Seat 3: ÉnMikike (big blind) folded before Flop



PokerStars Hand #246791821907: Tournament #3665122836, $1.84+$0.16 USD Hold'em No Limit - Level I (10/20) - 2023/10/28 19:06:26 CET [2023/10/28 13:06:26 ET]
Table '3665122836 1' 3-max Seat #2 is the button
Seat 1: steflan1313 (600 in chips) 
Seat 2: Mahu2021 (410 in chips) 
Seat 3: ÉnMikike (490 in chips) 
ÉnMikike: posts small blind 10
steflan1313: posts big blind 20
*** HOLE CARDS ***
Dealt to Mahu2021 [Jh Qs]
Mahu2021: raises 20 to 40
ÉnMikike: raises 450 to 490 and is all-in
steflan1313: folds 
Mahu2021: calls 370 and is all-in
Uncalled bet (80) returned to ÉnMikike
*** FLOP *** [3h 5h 9h]
*** TURN *** [3h 5h 9h] [Td]
*** RIVER *** [3h 5h 9h Td] [4s]
*** SHOW DOWN ***
ÉnMikike: shows [3s 3d] (three of a kind, Threes)
Mahu2021: shows [Jh Qs] (high card Queen)
ÉnMikike collected 840 from pot
Mahu2021 finished the tournament in 3rd place
*** SUMMARY ***
Total pot 840 | Rake 0 
Board [3h 5h 9h Td 4s]
Seat 1: steflan1313 (big blind) folded before Flop
Seat 2: Mahu2021 (button) showed [Jh Qs] and lost with high card Queen
Seat 3: ÉnMikike (small blind) showed [3s 3d] and won (840) with three of a kind, Threes



