PokerStars Hand #253516339592: Tournament #3826098255, $1.84+$0.16 USD Hold'em No Limit - Level I (10/20) - 2024/11/22 8:10:29 CET [2024/11/22 2:10:29 ET]
Table '3826098255 1' 3-max Seat #1 is the button
Seat 1: Mahu2021 (500 in chips) 
Seat 2: Danielw8888 (500 in chips) 
Seat 3: vania371173 (500 in chips) 
Danielw8888: posts small blind 10
vania371173: posts big blind 20
*** HOLE CARDS ***
Dealt to Mahu2021 [8d Ks]
Mahu2021: folds 
Danielw8888: raises 30 to 50
vania371173: calls 30
*** FLOP *** [7h Ac 9h]
Danielw8888: bets 40
vania371173: calls 40
*** TURN *** [7h Ac 9h] [5s]
Danielw8888: checks 
vania371173: bets 80
Danielw8888: folds 
Uncalled bet (80) returned to vania371173
vania371173 collected 180 from pot
*** SUMMARY ***
Total pot 180 | Rake 0 
Board [7h Ac 9h 5s]
Seat 1: Mahu2021 (button) folded before Flop (didn't bet)
Seat 2: Danielw8888 (small blind) folded on the Turn
Seat 3: vania371173 (big blind) collected (180)



PokerStars Hand #253516340847: Tournament #3826098255, $1.84+$0.16 USD Hold'em No Limit - Level I (10/20) - 2024/11/22 8:10:46 CET [2024/11/22 2:10:46 ET]
Table '3826098255 1' 3-max Seat #2 is the button
Seat 1: Mahu2021 (500 in chips) 
Seat 2: Danielw8888 (410 in chips) 
Seat 3: vania371173 (590 in chips) 
vania371173: posts small blind 10
Mahu2021: posts big blind 20
*** HOLE CARDS ***
Dealt to Mahu2021 [5d 8c]
Danielw8888: folds 
vania371173: raises 20 to 40
Mahu2021: folds 
Uncalled bet (20) returned to vania371173
vania371173 collected 40 from pot
*** SUMMARY ***
Total pot 40 | Rake 0 
Seat 1: Mahu2021 (big blind) folded before Flop
Seat 2: Danielw8888 (button) folded before Flop (didn't bet)
Seat 3: vania371173 (small blind) collected (40)



PokerStars Hand #253516341240: Tournament #3826098255, $1.84+$0.16 USD Hold'em No Limit - Level I (10/20) - 2024/11/22 8:10:52 CET [2024/11/22 2:10:52 ET]
Table '3826098255 1' 3-max Seat #3 is the button
Seat 1: Mahu2021 (480 in chips) 
Seat 2: Danielw8888 (410 in chips) 
Seat 3: vania371173 (610 in chips) 
Mahu2021: posts small blind 10
Danielw8888: posts big blind 20
*** HOLE CARDS ***
Dealt to Mahu2021 [7c Qc]
vania371173: raises 20 to 40
Mahu2021: calls 30
Danielw8888: folds 
*** FLOP *** [Ks Ad Th]
Mahu2021: checks 
vania371173: checks 
*** TURN *** [Ks Ad Th] [Ac]
Mahu2021: checks 
vania371173: bets 70
Mahu2021: folds 
Uncalled bet (70) returned to vania371173
vania371173 collected 100 from pot
*** SUMMARY ***
Total pot 100 | Rake 0 
Board [Ks Ad Th Ac]
Seat 1: Mahu2021 (small blind) folded on the Turn
Seat 2: Danielw8888 (big blind) folded before Flop
Seat 3: vania371173 (button) collected (100)



PokerStars Hand #253516342205: Tournament #3826098255, $1.84+$0.16 USD Hold'em No Limit - Level I (10/20) - 2024/11/22 8:11:05 CET [2024/11/22 2:11:05 ET]
Table '3826098255 1' 3-max Seat #1 is the button
Seat 1: Mahu2021 (440 in chips) 
Seat 2: Danielw8888 (390 in chips) 
Seat 3: vania371173 (670 in chips) 
Danielw8888: posts small blind 10
vania371173: posts big blind 20
*** HOLE CARDS ***
Dealt to Mahu2021 [Tc 3s]
Mahu2021: folds 
Danielw8888: folds 
Uncalled bet (10) returned to vania371173
vania371173 collected 20 from pot
*** SUMMARY ***
Total pot 20 | Rake 0 
Seat 1: Mahu2021 (button) folded before Flop (didn't bet)
Seat 2: Danielw8888 (small blind) folded before Flop
Seat 3: vania371173 (big blind) collected (20)



PokerStars Hand #253516342585: Tournament #3826098255, $1.84+$0.16 USD Hold'em No Limit - Level I (10/20) - 2024/11/22 8:11:10 CET [2024/11/22 2:11:10 ET]
Table '3826098255 1' 3-max Seat #2 is the button
Seat 1: Mahu2021 (440 in chips) 
Seat 2: Danielw8888 (380 in chips) 
Seat 3: vania371173 (680 in chips) 
vania371173: posts small blind 10
Mahu2021: posts big blind 20
*** HOLE CARDS ***
Dealt to Mahu2021 [4d 8c]
Danielw8888: folds 
vania371173: raises 20 to 40
Mahu2021: folds 
Uncalled bet (20) returned to vania371173
vania371173 collected 40 from pot
*** SUMMARY ***
Total pot 40 | Rake 0 
Seat 1: Mahu2021 (big blind) folded before Flop
Seat 2: Danielw8888 (button) folded before Flop (didn't bet)
Seat 3: vania371173 (small blind) collected (40)



PokerStars Hand #253516342958: Tournament #3826098255, $1.84+$0.16 USD Hold'em No Limit - Level I (10/20) - 2024/11/22 8:11:16 CET [2024/11/22 2:11:16 ET]
Table '3826098255 1' 3-max Seat #3 is the button
Seat 1: Mahu2021 (420 in chips) 
Seat 2: Danielw8888 (380 in chips) 
Seat 3: vania371173 (700 in chips) 
Mahu2021: posts small blind 10
Danielw8888: posts big blind 20
*** HOLE CARDS ***
Dealt to Mahu2021 [7c Kc]
vania371173: raises 20 to 40
Mahu2021: calls 30
Danielw8888: folds 
*** FLOP *** [2s 5d 9d]
Mahu2021: checks 
vania371173: checks 
*** TURN *** [2s 5d 9d] [Ad]
Mahu2021: checks 
vania371173: bets 50
Mahu2021: calls 50
*** RIVER *** [2s 5d 9d Ad] [Jh]
Mahu2021: checks 
vania371173: checks 
*** SHOW DOWN ***
Mahu2021: shows [7c Kc] (high card Ace)
vania371173: shows [3d As] (a pair of Aces)
vania371173 collected 200 from pot
*** SUMMARY ***
Total pot 200 | Rake 0 
Board [2s 5d 9d Ad Jh]
Seat 1: Mahu2021 (small blind) showed [7c Kc] and lost with high card Ace
Seat 2: Danielw8888 (big blind) folded before Flop
Seat 3: vania371173 (button) showed [3d As] and won (200) with a pair of Aces



PokerStars Hand #253516344027: Tournament #3826098255, $1.84+$0.16 USD Hold'em No Limit - Level I (10/20) - 2024/11/22 8:11:30 CET [2024/11/22 2:11:30 ET]
Table '3826098255 1' 3-max Seat #1 is the button
Seat 1: Mahu2021 (330 in chips) 
Seat 2: Danielw8888 (360 in chips) 
Seat 3: vania371173 (810 in chips) 
Danielw8888: posts small blind 10
vania371173: posts big blind 20
*** HOLE CARDS ***
Dealt to Mahu2021 [Ts Jh]
Mahu2021: calls 20
Danielw8888: calls 10
vania371173: raises 40 to 60
Mahu2021: calls 40
Danielw8888: raises 300 to 360 and is all-in
vania371173: folds 
Mahu2021: folds 
Uncalled bet (300) returned to Danielw8888
Danielw8888 collected 180 from pot
Danielw8888: doesn't show hand 
*** SUMMARY ***
Total pot 180 | Rake 0 
Seat 1: Mahu2021 (button) folded before Flop
Seat 2: Danielw8888 (small blind) collected (180)
Seat 3: vania371173 (big blind) folded before Flop



PokerStars Hand #253516345549: Tournament #3826098255, $1.84+$0.16 USD Hold'em No Limit - Level I (10/20) - 2024/11/22 8:11:51 CET [2024/11/22 2:11:51 ET]
Table '3826098255 1' 3-max Seat #2 is the button
Seat 1: Mahu2021 (270 in chips) 
Seat 2: Danielw8888 (480 in chips) 
Seat 3: vania371173 (750 in chips) 
vania371173: posts small blind 10
Mahu2021: posts big blind 20
*** HOLE CARDS ***
Dealt to Mahu2021 [2d Th]
Danielw8888: folds 
vania371173: raises 20 to 40
Mahu2021: folds 
Uncalled bet (20) returned to vania371173
vania371173 collected 40 from pot
*** SUMMARY ***
Total pot 40 | Rake 0 
Seat 1: Mahu2021 (big blind) folded before Flop
Seat 2: Danielw8888 (button) folded before Flop (didn't bet)
Seat 3: vania371173 (small blind) collected (40)



PokerStars Hand #253516345990: Tournament #3826098255, $1.84+$0.16 USD Hold'em No Limit - Level I (10/20) - 2024/11/22 8:11:58 CET [2024/11/22 2:11:58 ET]
Table '3826098255 1' 3-max Seat #3 is the button
Seat 1: Mahu2021 (250 in chips) 
Seat 2: Danielw8888 (480 in chips) 
Seat 3: vania371173 (770 in chips) 
Mahu2021: posts small blind 10
Danielw8888: posts big blind 20
*** HOLE CARDS ***
Dealt to Mahu2021 [8d 5d]
vania371173: raises 20 to 40
Mahu2021: folds 
Danielw8888: calls 20
*** FLOP *** [4s Jc Jh]
Danielw8888: checks 
vania371173: checks 
*** TURN *** [4s Jc Jh] [As]
Danielw8888: checks 
vania371173: checks 
*** RIVER *** [4s Jc Jh As] [Qd]
Danielw8888: checks 
vania371173: bets 65
Danielw8888: folds 
Uncalled bet (65) returned to vania371173
vania371173 collected 90 from pot
*** SUMMARY ***
Total pot 90 | Rake 0 
Board [4s Jc Jh As Qd]
Seat 1: Mahu2021 (small blind) folded before Flop
Seat 2: Danielw8888 (big blind) folded on the River
Seat 3: vania371173 (button) collected (90)



PokerStars Hand #253516347625: Tournament #3826098255, $1.84+$0.16 USD Hold'em No Limit - Level I (10/20) - 2024/11/22 8:12:20 CET [2024/11/22 2:12:20 ET]
Table '3826098255 1' 3-max Seat #1 is the button
Seat 1: Mahu2021 (240 in chips) 
Seat 2: Danielw8888 (440 in chips) 
Seat 3: vania371173 (820 in chips) 
Danielw8888: posts small blind 10
vania371173: posts big blind 20
*** HOLE CARDS ***
Dealt to Mahu2021 [Jh Th]
Mahu2021: raises 20 to 40
Danielw8888: folds 
vania371173: folds 
Uncalled bet (20) returned to Mahu2021
Mahu2021 collected 50 from pot
Mahu2021: doesn't show hand 
*** SUMMARY ***
Total pot 50 | Rake 0 
Seat 1: Mahu2021 (button) collected (50)
Seat 2: Danielw8888 (small blind) folded before Flop
Seat 3: vania371173 (big blind) folded before Flop



PokerStars Hand #253516348107: Tournament #3826098255, $1.84+$0.16 USD Hold'em No Limit - Level I (10/20) - 2024/11/22 8:12:27 CET [2024/11/22 2:12:27 ET]
Table '3826098255 1' 3-max Seat #2 is the button
Seat 1: Mahu2021 (270 in chips) 
Seat 2: Danielw8888 (430 in chips) 
Seat 3: vania371173 (800 in chips) 
vania371173: posts small blind 10
Mahu2021: posts big blind 20
*** HOLE CARDS ***
Dealt to Mahu2021 [Ad 5h]
Danielw8888: folds 
vania371173: raises 20 to 40
Mahu2021: raises 230 to 270 and is all-in
vania371173: folds 
Uncalled bet (230) returned to Mahu2021
Mahu2021 collected 80 from pot
Mahu2021: doesn't show hand 
*** SUMMARY ***
Total pot 80 | Rake 0 
Seat 1: Mahu2021 (big blind) collected (80)
Seat 2: Danielw8888 (button) folded before Flop (didn't bet)
Seat 3: vania371173 (small blind) folded before Flop



PokerStars Hand #253516348910: Tournament #3826098255, $1.84+$0.16 USD Hold'em No Limit - Level II (15/30) - 2024/11/22 8:12:37 CET [2024/11/22 2:12:37 ET]
Table '3826098255 1' 3-max Seat #3 is the button
Seat 1: Mahu2021 (310 in chips) 
Seat 2: Danielw8888 (430 in chips) 
Seat 3: vania371173 (760 in chips) 
Mahu2021: posts small blind 15
Danielw8888: posts big blind 30
*** HOLE CARDS ***
Dealt to Mahu2021 [Qc 6d]
vania371173: raises 30 to 60
Mahu2021: folds 
Danielw8888: folds 
Uncalled bet (30) returned to vania371173
vania371173 collected 75 from pot
*** SUMMARY ***
Total pot 75 | Rake 0 
Seat 1: Mahu2021 (small blind) folded before Flop
Seat 2: Danielw8888 (big blind) folded before Flop
Seat 3: vania371173 (button) collected (75)



PokerStars Hand #253516349332: Tournament #3826098255, $1.84+$0.16 USD Hold'em No Limit - Level II (15/30) - 2024/11/22 8:12:44 CET [2024/11/22 2:12:44 ET]
Table '3826098255 1' 3-max Seat #1 is the button
Seat 1: Mahu2021 (295 in chips) 
Seat 2: Danielw8888 (400 in chips) 
Seat 3: vania371173 (805 in chips) 
Danielw8888: posts small blind 15
vania371173: posts big blind 30
*** HOLE CARDS ***
Dealt to Mahu2021 [Qh Kc]
Mahu2021: raises 30 to 60
Danielw8888: folds 
vania371173: calls 30
*** FLOP *** [4d 3d Qs]
vania371173: checks 
Mahu2021: bets 60
vania371173: folds 
Uncalled bet (60) returned to Mahu2021
Mahu2021 collected 135 from pot
Mahu2021: doesn't show hand 
*** SUMMARY ***
Total pot 135 | Rake 0 
Board [4d 3d Qs]
Seat 1: Mahu2021 (button) collected (135)
Seat 2: Danielw8888 (small blind) folded before Flop
Seat 3: vania371173 (big blind) folded on the Flop



PokerStars Hand #253516350011: Tournament #3826098255, $1.84+$0.16 USD Hold'em No Limit - Level II (15/30) - 2024/11/22 8:12:54 CET [2024/11/22 2:12:54 ET]
Table '3826098255 1' 3-max Seat #2 is the button
Seat 1: Mahu2021 (370 in chips) 
Seat 2: Danielw8888 (385 in chips) 
Seat 3: vania371173 (745 in chips) 
vania371173: posts small blind 15
Mahu2021: posts big blind 30
*** HOLE CARDS ***
Dealt to Mahu2021 [Kh 9s]
Danielw8888: folds 
vania371173: raises 30 to 60
Mahu2021: raises 310 to 370 and is all-in
vania371173: folds 
Uncalled bet (310) returned to Mahu2021
Mahu2021 collected 120 from pot
Mahu2021: doesn't show hand 
*** SUMMARY ***
Total pot 120 | Rake 0 
Seat 1: Mahu2021 (big blind) collected (120)
Seat 2: Danielw8888 (button) folded before Flop (didn't bet)
Seat 3: vania371173 (small blind) folded before Flop



PokerStars Hand #253516350787: Tournament #3826098255, $1.84+$0.16 USD Hold'em No Limit - Level II (15/30) - 2024/11/22 8:13:05 CET [2024/11/22 2:13:05 ET]
Table '3826098255 1' 3-max Seat #3 is the button
Seat 1: Mahu2021 (430 in chips) 
Seat 2: Danielw8888 (385 in chips) 
Seat 3: vania371173 (685 in chips) 
Mahu2021: posts small blind 15
Danielw8888: posts big blind 30
*** HOLE CARDS ***
Dealt to Mahu2021 [Tc Qs]
vania371173: folds 
Mahu2021: raises 30 to 60
Danielw8888: raises 325 to 385 and is all-in
Mahu2021: folds 
Uncalled bet (325) returned to Danielw8888
Danielw8888 collected 120 from pot
Danielw8888: doesn't show hand 
*** SUMMARY ***
Total pot 120 | Rake 0 
Seat 1: Mahu2021 (small blind) folded before Flop
Seat 2: Danielw8888 (big blind) collected (120)
Seat 3: vania371173 (button) folded before Flop (didn't bet)



PokerStars Hand #253516351464: Tournament #3826098255, $1.84+$0.16 USD Hold'em No Limit - Level II (15/30) - 2024/11/22 8:13:14 CET [2024/11/22 2:13:14 ET]
Table '3826098255 1' 3-max Seat #1 is the button
Seat 1: Mahu2021 (370 in chips) 
Seat 2: Danielw8888 (445 in chips) 
Seat 3: vania371173 (685 in chips) 
Danielw8888: posts small blind 15
vania371173: posts big blind 30
*** HOLE CARDS ***
Dealt to Mahu2021 [Kd 7h]
Mahu2021: folds 
Danielw8888: raises 30 to 60
vania371173: calls 30
*** FLOP *** [3d Kh 8c]
Danielw8888: checks 
vania371173: checks 
*** TURN *** [3d Kh 8c] [5c]
Danielw8888: checks 
vania371173: bets 120
Danielw8888: folds 
Uncalled bet (120) returned to vania371173
vania371173 collected 120 from pot
*** SUMMARY ***
Total pot 120 | Rake 0 
Board [3d Kh 8c 5c]
Seat 1: Mahu2021 (button) folded before Flop (didn't bet)
Seat 2: Danielw8888 (small blind) folded on the Turn
Seat 3: vania371173 (big blind) collected (120)



PokerStars Hand #253516354511: Tournament #3826098255, $1.84+$0.16 USD Hold'em No Limit - Level II (15/30) - 2024/11/22 8:13:57 CET [2024/11/22 2:13:57 ET]
Table '3826098255 1' 3-max Seat #2 is the button
Seat 1: Mahu2021 (370 in chips) 
Seat 2: Danielw8888 (385 in chips) 
Seat 3: vania371173 (745 in chips) 
vania371173: posts small blind 15
Mahu2021: posts big blind 30
*** HOLE CARDS ***
Dealt to Mahu2021 [Td As]
Danielw8888: folds 
vania371173: raises 30 to 60
Mahu2021: raises 310 to 370 and is all-in
vania371173: folds 
Uncalled bet (310) returned to Mahu2021
Mahu2021 collected 120 from pot
Mahu2021: doesn't show hand 
*** SUMMARY ***
Total pot 120 | Rake 0 
Seat 1: Mahu2021 (big blind) collected (120)
Seat 2: Danielw8888 (button) folded before Flop (didn't bet)
Seat 3: vania371173 (small blind) folded before Flop



PokerStars Hand #253516355373: Tournament #3826098255, $1.84+$0.16 USD Hold'em No Limit - Level II (15/30) - 2024/11/22 8:14:08 CET [2024/11/22 2:14:08 ET]
Table '3826098255 1' 3-max Seat #3 is the button
Seat 1: Mahu2021 (430 in chips) 
Seat 2: Danielw8888 (385 in chips) 
Seat 3: vania371173 (685 in chips) 
Mahu2021: posts small blind 15
Danielw8888: posts big blind 30
*** HOLE CARDS ***
Dealt to Mahu2021 [Tc 4d]
vania371173: folds 
Mahu2021: folds 
Uncalled bet (15) returned to Danielw8888
Danielw8888 collected 30 from pot
Danielw8888: doesn't show hand 
*** SUMMARY ***
Total pot 30 | Rake 0 
Seat 1: Mahu2021 (small blind) folded before Flop
Seat 2: Danielw8888 (big blind) collected (30)
Seat 3: vania371173 (button) folded before Flop (didn't bet)



PokerStars Hand #253516355712: Tournament #3826098255, $1.84+$0.16 USD Hold'em No Limit - Level II (15/30) - 2024/11/22 8:14:13 CET [2024/11/22 2:14:13 ET]
Table '3826098255 1' 3-max Seat #1 is the button
Seat 1: Mahu2021 (415 in chips) 
Seat 2: Danielw8888 (400 in chips) 
Seat 3: vania371173 (685 in chips) 
Danielw8888: posts small blind 15
vania371173: posts big blind 30
*** HOLE CARDS ***
Dealt to Mahu2021 [Jc 9c]
Mahu2021: folds 
Danielw8888: raises 45 to 75
vania371173: calls 45
*** FLOP *** [4s Th 7h]
Danielw8888: bets 60
vania371173: folds 
Uncalled bet (60) returned to Danielw8888
Danielw8888 collected 150 from pot
Danielw8888: doesn't show hand 
*** SUMMARY ***
Total pot 150 | Rake 0 
Board [4s Th 7h]
Seat 1: Mahu2021 (button) folded before Flop (didn't bet)
Seat 2: Danielw8888 (small blind) collected (150)
Seat 3: vania371173 (big blind) folded on the Flop



PokerStars Hand #253516356909: Tournament #3826098255, $1.84+$0.16 USD Hold'em No Limit - Level II (15/30) - 2024/11/22 8:14:30 CET [2024/11/22 2:14:30 ET]
Table '3826098255 1' 3-max Seat #2 is the button
Seat 1: Mahu2021 (415 in chips) 
Seat 2: Danielw8888 (475 in chips) 
Seat 3: vania371173 (610 in chips) 
vania371173: posts small blind 15
Mahu2021: posts big blind 30
*** HOLE CARDS ***
Dealt to Mahu2021 [Jd 8c]
Danielw8888: raises 30 to 60
vania371173: calls 45
Mahu2021: calls 30
*** FLOP *** [9s 6h Qh]
vania371173: bets 60
Mahu2021: folds 
Danielw8888: raises 105 to 165
vania371173: raises 385 to 550 and is all-in
Danielw8888: calls 250 and is all-in
Uncalled bet (135) returned to vania371173
*** TURN *** [9s 6h Qh] [7c]
*** RIVER *** [9s 6h Qh 7c] [3h]
*** SHOW DOWN ***
vania371173: shows [Jc Qs] (a pair of Queens)
Danielw8888: shows [Kc Qc] (a pair of Queens - King kicker)
Danielw8888 collected 1010 from pot
*** SUMMARY ***
Total pot 1010 | Rake 0 
Board [9s 6h Qh 7c 3h]
Seat 1: Mahu2021 (big blind) folded on the Flop
Seat 2: Danielw8888 (button) showed [Kc Qc] and won (1010) with a pair of Queens
Seat 3: vania371173 (small blind) showed [Jc Qs] and lost with a pair of Queens



PokerStars Hand #253516358739: Tournament #3826098255, $1.84+$0.16 USD Hold'em No Limit - Level III (20/40) - 2024/11/22 8:14:56 CET [2024/11/22 2:14:56 ET]
Table '3826098255 1' 3-max Seat #3 is the button
Seat 1: Mahu2021 (355 in chips) 
Seat 2: Danielw8888 (1010 in chips) 
Seat 3: vania371173 (135 in chips) 
Mahu2021: posts small blind 20
Danielw8888: posts big blind 40
*** HOLE CARDS ***
Dealt to Mahu2021 [Qh Ah]
vania371173: raises 95 to 135 and is all-in
Mahu2021: raises 220 to 355 and is all-in
Danielw8888: folds 
Uncalled bet (220) returned to Mahu2021
*** FLOP *** [Th Ad 2s]
*** TURN *** [Th Ad 2s] [6h]
*** RIVER *** [Th Ad 2s 6h] [7d]
*** SHOW DOWN ***
Mahu2021: shows [Qh Ah] (a pair of Aces)
vania371173: shows [Qc 4s] (high card Ace)
Mahu2021 collected 310 from pot
vania371173 finished the tournament in 3rd place
*** SUMMARY ***
Total pot 310 | Rake 0 
Board [Th Ad 2s 6h 7d]
Seat 1: Mahu2021 (small blind) showed [Qh Ah] and won (310) with a pair of Aces
Seat 2: Danielw8888 (big blind) folded before Flop
Seat 3: vania371173 (button) showed [Qc 4s] and lost with high card Ace



PokerStars Hand #253516359914: Tournament #3826098255, $1.84+$0.16 USD Hold'em No Limit - Level III (20/40) - 2024/11/22 8:15:13 CET [2024/11/22 2:15:13 ET]
Table '3826098255 1' 3-max Seat #2 is the button
Seat 1: Mahu2021 (530 in chips) 
Seat 2: Danielw8888 (970 in chips) 
Danielw8888: posts small blind 20
Mahu2021: posts big blind 40
*** HOLE CARDS ***
Dealt to Mahu2021 [8c 5c]
Danielw8888: folds 
Uncalled bet (20) returned to Mahu2021
Mahu2021 collected 40 from pot
Mahu2021: doesn't show hand 
*** SUMMARY ***
Total pot 40 | Rake 0 
Seat 1: Mahu2021 (big blind) collected (40)
Seat 2: Danielw8888 (button) (small blind) folded before Flop



PokerStars Hand #253516360289: Tournament #3826098255, $1.84+$0.16 USD Hold'em No Limit - Level III (20/40) - 2024/11/22 8:15:18 CET [2024/11/22 2:15:18 ET]
Table '3826098255 1' 3-max Seat #1 is the button
Seat 1: Mahu2021 (550 in chips) 
Seat 2: Danielw8888 (950 in chips) 
Mahu2021: posts small blind 20
Danielw8888: posts big blind 40
*** HOLE CARDS ***
Dealt to Mahu2021 [2c 6c]
Mahu2021: folds 
Uncalled bet (20) returned to Danielw8888
Danielw8888 collected 40 from pot
Danielw8888: doesn't show hand 
*** SUMMARY ***
Total pot 40 | Rake 0 
Seat 1: Mahu2021 (button) (small blind) folded before Flop
Seat 2: Danielw8888 (big blind) collected (40)



PokerStars Hand #253516360614: Tournament #3826098255, $1.84+$0.16 USD Hold'em No Limit - Level III (20/40) - 2024/11/22 8:15:23 CET [2024/11/22 2:15:23 ET]
Table '3826098255 1' 3-max Seat #2 is the button
Seat 1: Mahu2021 (530 in chips) 
Seat 2: Danielw8888 (970 in chips) 
Danielw8888: posts small blind 20
Mahu2021: posts big blind 40
*** HOLE CARDS ***
Dealt to Mahu2021 [3h 2d]
Danielw8888: folds 
Uncalled bet (20) returned to Mahu2021
Mahu2021 collected 40 from pot
Mahu2021: doesn't show hand 
*** SUMMARY ***
Total pot 40 | Rake 0 
Seat 1: Mahu2021 (big blind) collected (40)
Seat 2: Danielw8888 (button) (small blind) folded before Flop



PokerStars Hand #253516360946: Tournament #3826098255, $1.84+$0.16 USD Hold'em No Limit - Level III (20/40) - 2024/11/22 8:15:28 CET [2024/11/22 2:15:28 ET]
Table '3826098255 1' 3-max Seat #1 is the button
Seat 1: Mahu2021 (550 in chips) 
Seat 2: Danielw8888 (950 in chips) 
Mahu2021: posts small blind 20
Danielw8888: posts big blind 40
*** HOLE CARDS ***
Dealt to Mahu2021 [7d Td]
Mahu2021: calls 20
Danielw8888: checks 
*** FLOP *** [4c 7c 8h]
Danielw8888: bets 40
Mahu2021: calls 40
*** TURN *** [4c 7c 8h] [6c]
Danielw8888: bets 60
Mahu2021: folds 
Uncalled bet (60) returned to Danielw8888
Danielw8888 collected 160 from pot
Danielw8888: doesn't show hand 
*** SUMMARY ***
Total pot 160 | Rake 0 
Board [4c 7c 8h 6c]
Seat 1: Mahu2021 (button) (small blind) folded on the Turn
Seat 2: Danielw8888 (big blind) collected (160)



PokerStars Hand #253516361902: Tournament #3826098255, $1.84+$0.16 USD Hold'em No Limit - Level III (20/40) - 2024/11/22 8:15:41 CET [2024/11/22 2:15:41 ET]
Table '3826098255 1' 3-max Seat #2 is the button
Seat 1: Mahu2021 (470 in chips) 
Seat 2: Danielw8888 (1030 in chips) 
Danielw8888: posts small blind 20
Mahu2021: posts big blind 40
*** HOLE CARDS ***
Dealt to Mahu2021 [9s 5h]
Danielw8888: folds 
Uncalled bet (20) returned to Mahu2021
Mahu2021 collected 40 from pot
Mahu2021: doesn't show hand 
*** SUMMARY ***
Total pot 40 | Rake 0 
Seat 1: Mahu2021 (big blind) collected (40)
Seat 2: Danielw8888 (button) (small blind) folded before Flop



PokerStars Hand #253516362211: Tournament #3826098255, $1.84+$0.16 USD Hold'em No Limit - Level III (20/40) - 2024/11/22 8:15:46 CET [2024/11/22 2:15:46 ET]
Table '3826098255 1' 3-max Seat #1 is the button
Seat 1: Mahu2021 (490 in chips) 
Seat 2: Danielw8888 (1010 in chips) 
Mahu2021: posts small blind 20
Danielw8888: posts big blind 40
*** HOLE CARDS ***
Dealt to Mahu2021 [8h Jh]
Mahu2021: raises 40 to 80
Danielw8888: calls 40
*** FLOP *** [2c Ks 2h]
Danielw8888: checks 
Mahu2021: checks 
*** TURN *** [2c Ks 2h] [Ts]
Danielw8888: bets 100
Mahu2021: folds 
Uncalled bet (100) returned to Danielw8888
Danielw8888 collected 160 from pot
Danielw8888: doesn't show hand 
*** SUMMARY ***
Total pot 160 | Rake 0 
Board [2c Ks 2h Ts]
Seat 1: Mahu2021 (button) (small blind) folded on the Turn
Seat 2: Danielw8888 (big blind) collected (160)



PokerStars Hand #253516363358: Tournament #3826098255, $1.84+$0.16 USD Hold'em No Limit - Level III (20/40) - 2024/11/22 8:16:02 CET [2024/11/22 2:16:02 ET]
Table '3826098255 1' 3-max Seat #2 is the button
Seat 1: Mahu2021 (410 in chips) 
Seat 2: Danielw8888 (1090 in chips) 
Danielw8888: posts small blind 20
Mahu2021: posts big blind 40
*** HOLE CARDS ***
Dealt to Mahu2021 [3h 6h]
Danielw8888: calls 20
Mahu2021: checks 
*** FLOP *** [5s 2d Js]
Mahu2021: checks 
Danielw8888: bets 40
Mahu2021: calls 40
*** TURN *** [5s 2d Js] [5h]
Mahu2021: checks 
Danielw8888: checks 
*** RIVER *** [5s 2d Js 5h] [9s]
Mahu2021: bets 330 and is all-in
Danielw8888: folds 
Uncalled bet (330) returned to Mahu2021
Mahu2021 collected 160 from pot
Mahu2021: doesn't show hand 
*** SUMMARY ***
Total pot 160 | Rake 0 
Board [5s 2d Js 5h 9s]
Seat 1: Mahu2021 (big blind) collected (160)
Seat 2: Danielw8888 (button) (small blind) folded on the River



PokerStars Hand #253516364888: Tournament #3826098255, $1.84+$0.16 USD Hold'em No Limit - Level III (20/40) - 2024/11/22 8:16:24 CET [2024/11/22 2:16:24 ET]
Table '3826098255 1' 3-max Seat #1 is the button
Seat 1: Mahu2021 (490 in chips) 
Seat 2: Danielw8888 (1010 in chips) 
Mahu2021: posts small blind 20
Danielw8888: posts big blind 40
*** HOLE CARDS ***
Dealt to Mahu2021 [Jc 6d]
Mahu2021: calls 20
Danielw8888: raises 40 to 80
Mahu2021: folds 
Uncalled bet (40) returned to Danielw8888
Danielw8888 collected 80 from pot
Danielw8888: doesn't show hand 
*** SUMMARY ***
Total pot 80 | Rake 0 
Seat 1: Mahu2021 (button) (small blind) folded before Flop
Seat 2: Danielw8888 (big blind) collected (80)



PokerStars Hand #253516365634: Tournament #3826098255, $1.84+$0.16 USD Hold'em No Limit - Level IV (30/60) - 2024/11/22 8:16:34 CET [2024/11/22 2:16:34 ET]
Table '3826098255 1' 3-max Seat #2 is the button
Seat 1: Mahu2021 (450 in chips) 
Seat 2: Danielw8888 (1050 in chips) 
Danielw8888: posts small blind 30
Mahu2021: posts big blind 60
*** HOLE CARDS ***
Dealt to Mahu2021 [6d Th]
Danielw8888: raises 120 to 180
Mahu2021: folds 
Uncalled bet (120) returned to Danielw8888
Danielw8888 collected 120 from pot
Danielw8888: doesn't show hand 
*** SUMMARY ***
Total pot 120 | Rake 0 
Seat 1: Mahu2021 (big blind) folded before Flop
Seat 2: Danielw8888 (button) (small blind) collected (120)



PokerStars Hand #253516366066: Tournament #3826098255, $1.84+$0.16 USD Hold'em No Limit - Level IV (30/60) - 2024/11/22 8:16:40 CET [2024/11/22 2:16:40 ET]
Table '3826098255 1' 3-max Seat #1 is the button
Seat 1: Mahu2021 (390 in chips) 
Seat 2: Danielw8888 (1110 in chips) 
Mahu2021: posts small blind 30
Danielw8888: posts big blind 60
*** HOLE CARDS ***
Dealt to Mahu2021 [2s Qc]
Mahu2021: folds 
Uncalled bet (30) returned to Danielw8888
Danielw8888 collected 60 from pot
Danielw8888: doesn't show hand 
*** SUMMARY ***
Total pot 60 | Rake 0 
Seat 1: Mahu2021 (button) (small blind) folded before Flop
Seat 2: Danielw8888 (big blind) collected (60)



PokerStars Hand #253516366465: Tournament #3826098255, $1.84+$0.16 USD Hold'em No Limit - Level IV (30/60) - 2024/11/22 8:16:46 CET [2024/11/22 2:16:46 ET]
Table '3826098255 1' 3-max Seat #2 is the button
Seat 1: Mahu2021 (360 in chips) 
Seat 2: Danielw8888 (1140 in chips) 
Danielw8888: posts small blind 30
Mahu2021: posts big blind 60
*** HOLE CARDS ***
Dealt to Mahu2021 [Ts As]
Danielw8888: folds 
Uncalled bet (30) returned to Mahu2021
Mahu2021 collected 60 from pot
Mahu2021: doesn't show hand 
*** SUMMARY ***
Total pot 60 | Rake 0 
Seat 1: Mahu2021 (big blind) collected (60)
Seat 2: Danielw8888 (button) (small blind) folded before Flop



PokerStars Hand #253516366913: Tournament #3826098255, $1.84+$0.16 USD Hold'em No Limit - Level IV (30/60) - 2024/11/22 8:16:52 CET [2024/11/22 2:16:52 ET]
Table '3826098255 1' 3-max Seat #1 is the button
Seat 1: Mahu2021 (390 in chips) 
Seat 2: Danielw8888 (1110 in chips) 
Mahu2021: posts small blind 30
Danielw8888: posts big blind 60
*** HOLE CARDS ***
Dealt to Mahu2021 [4s Qd]
Mahu2021: calls 30
Danielw8888: raises 1050 to 1110 and is all-in
Mahu2021: folds 
Uncalled bet (1050) returned to Danielw8888
Danielw8888 collected 120 from pot
Danielw8888: doesn't show hand 
*** SUMMARY ***
Total pot 120 | Rake 0 
Seat 1: Mahu2021 (button) (small blind) folded before Flop
Seat 2: Danielw8888 (big blind) collected (120)



PokerStars Hand #253516367468: Tournament #3826098255, $1.84+$0.16 USD Hold'em No Limit - Level IV (30/60) - 2024/11/22 8:17:00 CET [2024/11/22 2:17:00 ET]
Table '3826098255 1' 3-max Seat #2 is the button
Seat 1: Mahu2021 (330 in chips) 
Seat 2: Danielw8888 (1170 in chips) 
Danielw8888: posts small blind 30
Mahu2021: posts big blind 60
*** HOLE CARDS ***
Dealt to Mahu2021 [4d Ac]
Danielw8888: raises 600 to 660
Mahu2021: calls 270 and is all-in
Uncalled bet (330) returned to Danielw8888
*** FLOP *** [Qh Th Js]
*** TURN *** [Qh Th Js] [5c]
*** RIVER *** [Qh Th Js 5c] [2h]
*** SHOW DOWN ***
Mahu2021: shows [4d Ac] (high card Ace)
Danielw8888: shows [3d As] (high card Ace)
Mahu2021 collected 330 from pot
Danielw8888 collected 330 from pot
*** SUMMARY ***
Total pot 660 | Rake 0 
Board [Qh Th Js 5c 2h]
Seat 1: Mahu2021 (big blind) showed [4d Ac] and won (330) with high card Ace
Seat 2: Danielw8888 (button) (small blind) showed [3d As] and won (330) with high card Ace



PokerStars Hand #253516368477: Tournament #3826098255, $1.84+$0.16 USD Hold'em No Limit - Level IV (30/60) - 2024/11/22 8:17:14 CET [2024/11/22 2:17:14 ET]
Table '3826098255 1' 3-max Seat #1 is the button
Seat 1: Mahu2021 (330 in chips) 
Seat 2: Danielw8888 (1170 in chips) 
Mahu2021: posts small blind 30
Danielw8888: posts big blind 60
*** HOLE CARDS ***
Dealt to Mahu2021 [Kd Jc]
Mahu2021: raises 270 to 330 and is all-in
Danielw8888: folds 
Uncalled bet (270) returned to Mahu2021
Mahu2021 collected 120 from pot
Mahu2021: doesn't show hand 
*** SUMMARY ***
Total pot 120 | Rake 0 
Seat 1: Mahu2021 (button) (small blind) collected (120)
Seat 2: Danielw8888 (big blind) folded before Flop



PokerStars Hand #253516369119: Tournament #3826098255, $1.84+$0.16 USD Hold'em No Limit - Level IV (30/60) - 2024/11/22 8:17:23 CET [2024/11/22 2:17:23 ET]
Table '3826098255 1' 3-max Seat #2 is the button
Seat 1: Mahu2021 (390 in chips) 
Seat 2: Danielw8888 (1110 in chips) 
Danielw8888: posts small blind 30
Mahu2021: posts big blind 60
*** HOLE CARDS ***
Dealt to Mahu2021 [Td As]
Danielw8888: raises 1050 to 1110 and is all-in
Mahu2021: calls 330 and is all-in
Uncalled bet (720) returned to Danielw8888
*** FLOP *** [4d 9c Ad]
*** TURN *** [4d 9c Ad] [Qs]
*** RIVER *** [4d 9c Ad Qs] [8s]
*** SHOW DOWN ***
Mahu2021: shows [Td As] (a pair of Aces)
Danielw8888: shows [2c 2h] (a pair of Deuces)
Mahu2021 collected 780 from pot
*** SUMMARY ***
Total pot 780 | Rake 0 
Board [4d 9c Ad Qs 8s]
Seat 1: Mahu2021 (big blind) showed [Td As] and won (780) with a pair of Aces
Seat 2: Danielw8888 (button) (small blind) showed [2c 2h] and lost with a pair of Deuces



PokerStars Hand #253516370069: Tournament #3826098255, $1.84+$0.16 USD Hold'em No Limit - Level IV (30/60) - 2024/11/22 8:17:36 CET [2024/11/22 2:17:36 ET]
Table '3826098255 1' 3-max Seat #1 is the button
Seat 1: Mahu2021 (780 in chips) 
Seat 2: Danielw8888 (720 in chips) 
Mahu2021: posts small blind 30
Danielw8888: posts big blind 60
*** HOLE CARDS ***
Dealt to Mahu2021 [4c Js]
Mahu2021: calls 30
Danielw8888: raises 60 to 120
Mahu2021: calls 60
*** FLOP *** [Jd 5s 6s]
Danielw8888: bets 120
Mahu2021: raises 540 to 660 and is all-in
Danielw8888: folds 
Uncalled bet (540) returned to Mahu2021
Mahu2021 collected 480 from pot
Mahu2021: doesn't show hand 
*** SUMMARY ***
Total pot 480 | Rake 0 
Board [Jd 5s 6s]
Seat 1: Mahu2021 (button) (small blind) collected (480)
Seat 2: Danielw8888 (big blind) folded on the Flop



PokerStars Hand #253516371224: Tournament #3826098255, $1.84+$0.16 USD Hold'em No Limit - Level IV (30/60) - 2024/11/22 8:17:53 CET [2024/11/22 2:17:53 ET]
Table '3826098255 1' 3-max Seat #2 is the button
Seat 1: Mahu2021 (1020 in chips) 
Seat 2: Danielw8888 (480 in chips) 
Danielw8888: posts small blind 30
Mahu2021: posts big blind 60
*** HOLE CARDS ***
Dealt to Mahu2021 [2d Jd]
Danielw8888: calls 30
Mahu2021: checks 
*** FLOP *** [7d 3h 6h]
Mahu2021: checks 
Danielw8888: bets 90
Mahu2021: folds 
Uncalled bet (90) returned to Danielw8888
Danielw8888 collected 120 from pot
Danielw8888: doesn't show hand 
*** SUMMARY ***
Total pot 120 | Rake 0 
Board [7d 3h 6h]
Seat 1: Mahu2021 (big blind) folded on the Flop
Seat 2: Danielw8888 (button) (small blind) collected (120)



PokerStars Hand #253516372006: Tournament #3826098255, $1.84+$0.16 USD Hold'em No Limit - Level IV (30/60) - 2024/11/22 8:18:04 CET [2024/11/22 2:18:04 ET]
Table '3826098255 1' 3-max Seat #1 is the button
Seat 1: Mahu2021 (960 in chips) 
Seat 2: Danielw8888 (540 in chips) 
Mahu2021: posts small blind 30
Danielw8888: posts big blind 60
*** HOLE CARDS ***
Dealt to Mahu2021 [Jc As]
Mahu2021: raises 60 to 120
Danielw8888: raises 420 to 540 and is all-in
Mahu2021: calls 420
*** FLOP *** [Ts 2d 9d]
*** TURN *** [Ts 2d 9d] [Kd]
*** RIVER *** [Ts 2d 9d Kd] [Qh]
*** SHOW DOWN ***
Danielw8888: shows [Kc Qd] (two pair, Kings and Queens)
Mahu2021: shows [Jc As] (a straight, Ten to Ace)
Mahu2021 collected 1080 from pot
Danielw8888 finished the tournament in 2nd place
Mahu2021 wins the tournament and receives $4.00 - congratulations!
*** SUMMARY ***
Total pot 1080 | Rake 0 
Board [Ts 2d 9d Kd Qh]
Seat 1: Mahu2021 (button) (small blind) showed [Jc As] and won (1080) with a straight, Ten to Ace
Seat 2: Danielw8888 (big blind) showed [Kc Qd] and lost with two pair, Kings and Queens



