PokerStars Hand #247959901758: Tournament #3693675966, $1.84+$0.16 USD Hold'em No Limit - Level I (10/20) - 2023/12/30 16:19:42 CET [2023/12/30 10:19:42 ET]
Table '3693675966 1' 3-max Seat #1 is the button
Seat 1: Mahu2021 (500 in chips) 
Seat 2: boiadeiro_RO (500 in chips) 
Seat 3: M1ND4G41NST (500 in chips) 
boiadeiro_RO: posts small blind 10
M1ND4G41NST: posts big blind 20
*** HOLE CARDS ***
Dealt to Mahu2021 [3s Tc]
Mahu2021: folds 
boiadeiro_RO: raises 40 to 60
M1ND4G41NST: folds 
Uncalled bet (40) returned to boiadeiro_RO
boiadeiro_RO collected 40 from pot
*** SUMMARY ***
Total pot 40 | Rake 0 
Seat 1: Mahu2021 (button) folded before Flop (didn't bet)
Seat 2: boiadeiro_RO (small blind) collected (40)
Seat 3: M1ND4G41NST (big blind) folded before Flop



PokerStars Hand #247959904766: Tournament #3693675966, $1.84+$0.16 USD Hold'em No Limit - Level I (10/20) - 2023/12/30 16:19:53 CET [2023/12/30 10:19:53 ET]
Table '3693675966 1' 3-max Seat #2 is the button
Seat 1: Mahu2021 (500 in chips) 
Seat 2: boiadeiro_RO (520 in chips) 
Seat 3: M1ND4G41NST (480 in chips) 
M1ND4G41NST: posts small blind 10
Mahu2021: posts big blind 20
*** HOLE CARDS ***
Dealt to Mahu2021 [9s 2d]
boiadeiro_RO: folds 
M1ND4G41NST: calls 10
Mahu2021: checks 
*** FLOP *** [Ts 2c Ks]
M1ND4G41NST: bets 20
Mahu2021: calls 20
*** TURN *** [Ts 2c Ks] [Jd]
M1ND4G41NST: checks 
Mahu2021: checks 
*** RIVER *** [Ts 2c Ks Jd] [2s]
M1ND4G41NST: bets 40
Mahu2021: raises 160 to 200
M1ND4G41NST: folds 
Uncalled bet (160) returned to Mahu2021
Mahu2021 collected 160 from pot
Mahu2021: doesn't show hand 
*** SUMMARY ***
Total pot 160 | Rake 0 
Board [Ts 2c Ks Jd 2s]
Seat 1: Mahu2021 (big blind) collected (160)
Seat 2: boiadeiro_RO (button) folded before Flop (didn't bet)
Seat 3: M1ND4G41NST (small blind) folded on the River



PokerStars Hand #247959915344: Tournament #3693675966, $1.84+$0.16 USD Hold'em No Limit - Level I (10/20) - 2023/12/30 16:20:32 CET [2023/12/30 10:20:32 ET]
Table '3693675966 1' 3-max Seat #3 is the button
Seat 1: Mahu2021 (580 in chips) 
Seat 2: boiadeiro_RO (520 in chips) 
Seat 3: M1ND4G41NST (400 in chips) 
Mahu2021: posts small blind 10
boiadeiro_RO: posts big blind 20
*** HOLE CARDS ***
Dealt to Mahu2021 [9d Kh]
M1ND4G41NST: folds 
Mahu2021: calls 10
boiadeiro_RO: checks 
*** FLOP *** [8c 8d Kd]
Mahu2021: bets 20
boiadeiro_RO: raises 40 to 60
Mahu2021: calls 40
*** TURN *** [8c 8d Kd] [4s]
Mahu2021: checks 
boiadeiro_RO: bets 80
Mahu2021: calls 80
*** RIVER *** [8c 8d Kd 4s] [Ks]
Mahu2021: checks 
boiadeiro_RO: bets 320
Mahu2021: raises 100 to 420 and is all-in
boiadeiro_RO: calls 40 and is all-in
Uncalled bet (60) returned to Mahu2021
*** SHOW DOWN ***
Mahu2021: shows [9d Kh] (a full house, Kings full of Eights)
boiadeiro_RO: shows [Kc Td] (a full house, Kings full of Eights)
Mahu2021 collected 520 from pot
boiadeiro_RO collected 520 from pot
*** SUMMARY ***
Total pot 1040 | Rake 0 
Board [8c 8d Kd 4s Ks]
Seat 1: Mahu2021 (small blind) showed [9d Kh] and won (520) with a full house, Kings full of Eights
Seat 2: boiadeiro_RO (big blind) showed [Kc Td] and won (520) with a full house, Kings full of Eights
Seat 3: M1ND4G41NST (button) folded before Flop (didn't bet)



PokerStars Hand #247959931462: Tournament #3693675966, $1.84+$0.16 USD Hold'em No Limit - Level I (10/20) - 2023/12/30 16:21:31 CET [2023/12/30 10:21:31 ET]
Table '3693675966 1' 3-max Seat #1 is the button
Seat 1: Mahu2021 (580 in chips) 
Seat 2: boiadeiro_RO (520 in chips) 
Seat 3: M1ND4G41NST (400 in chips) 
boiadeiro_RO: posts small blind 10
M1ND4G41NST: posts big blind 20
*** HOLE CARDS ***
Dealt to Mahu2021 [9s 9c]
Mahu2021: calls 20
boiadeiro_RO: calls 10
M1ND4G41NST: checks 
*** FLOP *** [Qh Ks 2c]
boiadeiro_RO: checks 
M1ND4G41NST: checks 
Mahu2021: bets 20
boiadeiro_RO: folds 
M1ND4G41NST: folds 
Uncalled bet (20) returned to Mahu2021
Mahu2021 collected 60 from pot
Mahu2021: doesn't show hand 
*** SUMMARY ***
Total pot 60 | Rake 0 
Board [Qh Ks 2c]
Seat 1: Mahu2021 (button) collected (60)
Seat 2: boiadeiro_RO (small blind) folded on the Flop
Seat 3: M1ND4G41NST (big blind) folded on the Flop



PokerStars Hand #247959941232: Tournament #3693675966, $1.84+$0.16 USD Hold'em No Limit - Level II (15/30) - 2023/12/30 16:22:07 CET [2023/12/30 10:22:07 ET]
Table '3693675966 1' 3-max Seat #2 is the button
Seat 1: Mahu2021 (620 in chips) 
Seat 2: boiadeiro_RO (500 in chips) 
Seat 3: M1ND4G41NST (380 in chips) 
M1ND4G41NST: posts small blind 15
Mahu2021: posts big blind 30
*** HOLE CARDS ***
Dealt to Mahu2021 [2s 7d]
boiadeiro_RO: folds 
M1ND4G41NST: calls 15
Mahu2021: checks 
*** FLOP *** [7s Jc Ts]
M1ND4G41NST: bets 30
Mahu2021: folds 
Uncalled bet (30) returned to M1ND4G41NST
M1ND4G41NST collected 60 from pot
M1ND4G41NST: doesn't show hand 
*** SUMMARY ***
Total pot 60 | Rake 0 
Board [7s Jc Ts]
Seat 1: Mahu2021 (big blind) folded on the Flop
Seat 2: boiadeiro_RO (button) folded before Flop (didn't bet)
Seat 3: M1ND4G41NST (small blind) collected (60)



PokerStars Hand #247959945916: Tournament #3693675966, $1.84+$0.16 USD Hold'em No Limit - Level II (15/30) - 2023/12/30 16:22:24 CET [2023/12/30 10:22:24 ET]
Table '3693675966 1' 3-max Seat #3 is the button
Seat 1: Mahu2021 (590 in chips) 
Seat 2: boiadeiro_RO (500 in chips) 
Seat 3: M1ND4G41NST (410 in chips) 
Mahu2021: posts small blind 15
boiadeiro_RO: posts big blind 30
*** HOLE CARDS ***
Dealt to Mahu2021 [Jd Kh]
M1ND4G41NST: folds 
Mahu2021: raises 30 to 60
boiadeiro_RO: calls 30
*** FLOP *** [Jh Ks 3s]
Mahu2021: checks 
boiadeiro_RO: checks 
*** TURN *** [Jh Ks 3s] [7d]
Mahu2021: checks 
boiadeiro_RO: checks 
*** RIVER *** [Jh Ks 3s 7d] [5h]
Mahu2021: bets 60
boiadeiro_RO: calls 60
*** SHOW DOWN ***
Mahu2021: shows [Jd Kh] (two pair, Kings and Jacks)
boiadeiro_RO: mucks hand 
Mahu2021 collected 240 from pot
*** SUMMARY ***
Total pot 240 | Rake 0 
Board [Jh Ks 3s 7d 5h]
Seat 1: Mahu2021 (small blind) showed [Jd Kh] and won (240) with two pair, Kings and Jacks
Seat 2: boiadeiro_RO (big blind) mucked [Ah 5s]
Seat 3: M1ND4G41NST (button) folded before Flop (didn't bet)



PokerStars Hand #247959958221: Tournament #3693675966, $1.84+$0.16 USD Hold'em No Limit - Level II (15/30) - 2023/12/30 16:23:09 CET [2023/12/30 10:23:09 ET]
Table '3693675966 1' 3-max Seat #1 is the button
Seat 1: Mahu2021 (710 in chips) 
Seat 2: boiadeiro_RO (380 in chips) 
Seat 3: M1ND4G41NST (410 in chips) 
boiadeiro_RO: posts small blind 15
M1ND4G41NST: posts big blind 30
*** HOLE CARDS ***
Dealt to Mahu2021 [2d 7h]
Mahu2021: folds 
boiadeiro_RO: raises 30 to 60
M1ND4G41NST: raises 350 to 410 and is all-in
boiadeiro_RO: calls 320 and is all-in
Uncalled bet (30) returned to M1ND4G41NST
*** FLOP *** [Kh Kd Ts]
*** TURN *** [Kh Kd Ts] [3h]
*** RIVER *** [Kh Kd Ts 3h] [7d]
*** SHOW DOWN ***
boiadeiro_RO: shows [9d Tc] (two pair, Kings and Tens)
M1ND4G41NST: shows [2h 2s] (two pair, Kings and Deuces)
boiadeiro_RO collected 760 from pot
*** SUMMARY ***
Total pot 760 | Rake 0 
Board [Kh Kd Ts 3h 7d]
Seat 1: Mahu2021 (button) folded before Flop (didn't bet)
Seat 2: boiadeiro_RO (small blind) showed [9d Tc] and won (760) with two pair, Kings and Tens
Seat 3: M1ND4G41NST (big blind) showed [2h 2s] and lost with two pair, Kings and Deuces



PokerStars Hand #247959966358: Tournament #3693675966, $1.84+$0.16 USD Hold'em No Limit - Level II (15/30) - 2023/12/30 16:23:39 CET [2023/12/30 10:23:39 ET]
Table '3693675966 1' 3-max Seat #2 is the button
Seat 1: Mahu2021 (710 in chips) 
Seat 2: boiadeiro_RO (760 in chips) 
Seat 3: M1ND4G41NST (30 in chips) 
M1ND4G41NST: posts small blind 15
Mahu2021: posts big blind 30
*** HOLE CARDS ***
Dealt to Mahu2021 [4h 4d]
boiadeiro_RO: folds 
M1ND4G41NST: calls 15 and is all-in
*** FLOP *** [Ts 4s 9s]
*** TURN *** [Ts 4s 9s] [5c]
*** RIVER *** [Ts 4s 9s 5c] [Kd]
*** SHOW DOWN ***
M1ND4G41NST: shows [2h 5h] (a pair of Fives)
Mahu2021: shows [4h 4d] (three of a kind, Fours)
Mahu2021 collected 60 from pot
M1ND4G41NST finished the tournament in 3rd place
*** SUMMARY ***
Total pot 60 | Rake 0 
Board [Ts 4s 9s 5c Kd]
Seat 1: Mahu2021 (big blind) showed [4h 4d] and won (60) with three of a kind, Fours
Seat 2: boiadeiro_RO (button) folded before Flop (didn't bet)
Seat 3: M1ND4G41NST (small blind) showed [2h 5h] and lost with a pair of Fives



PokerStars Hand #247959971267: Tournament #3693675966, $1.84+$0.16 USD Hold'em No Limit - Level III (20/40) - 2023/12/30 16:23:57 CET [2023/12/30 10:23:57 ET]
Table '3693675966 1' 3-max Seat #1 is the button
Seat 1: Mahu2021 (740 in chips) 
Seat 2: boiadeiro_RO (760 in chips) 
Mahu2021: posts small blind 20
boiadeiro_RO: posts big blind 40
*** HOLE CARDS ***
Dealt to Mahu2021 [5s 5c]
Mahu2021: raises 40 to 80
boiadeiro_RO: calls 40
*** FLOP *** [Ks 3s Qs]
boiadeiro_RO: checks 
Mahu2021: checks 
*** TURN *** [Ks 3s Qs] [Jh]
boiadeiro_RO: checks 
Mahu2021: checks 
*** RIVER *** [Ks 3s Qs Jh] [6h]
boiadeiro_RO: checks 
Mahu2021: checks 
*** SHOW DOWN ***
boiadeiro_RO: shows [8d 5d] (high card King)
Mahu2021: shows [5s 5c] (a pair of Fives)
Mahu2021 collected 160 from pot
*** SUMMARY ***
Total pot 160 | Rake 0 
Board [Ks 3s Qs Jh 6h]
Seat 1: Mahu2021 (button) (small blind) showed [5s 5c] and won (160) with a pair of Fives
Seat 2: boiadeiro_RO (big blind) showed [8d 5d] and lost with high card King



PokerStars Hand #247959980199: Tournament #3693675966, $1.84+$0.16 USD Hold'em No Limit - Level III (20/40) - 2023/12/30 16:24:29 CET [2023/12/30 10:24:29 ET]
Table '3693675966 1' 3-max Seat #2 is the button
Seat 1: Mahu2021 (820 in chips) 
Seat 2: boiadeiro_RO (680 in chips) 
boiadeiro_RO: posts small blind 20
Mahu2021: posts big blind 40
*** HOLE CARDS ***
Dealt to Mahu2021 [3s 7c]
boiadeiro_RO: folds 
Uncalled bet (20) returned to Mahu2021
Mahu2021 collected 40 from pot
Mahu2021: doesn't show hand 
*** SUMMARY ***
Total pot 40 | Rake 0 
Seat 1: Mahu2021 (big blind) collected (40)
Seat 2: boiadeiro_RO (button) (small blind) folded before Flop



PokerStars Hand #247959982576: Tournament #3693675966, $1.84+$0.16 USD Hold'em No Limit - Level III (20/40) - 2023/12/30 16:24:38 CET [2023/12/30 10:24:38 ET]
Table '3693675966 1' 3-max Seat #1 is the button
Seat 1: Mahu2021 (840 in chips) 
Seat 2: boiadeiro_RO (660 in chips) 
Mahu2021: posts small blind 20
boiadeiro_RO: posts big blind 40
*** HOLE CARDS ***
Dealt to Mahu2021 [Kd 7c]
Mahu2021: calls 20
boiadeiro_RO: checks 
*** FLOP *** [Kc 3h 4s]
boiadeiro_RO: checks 
Mahu2021: checks 
*** TURN *** [Kc 3h 4s] [Jc]
boiadeiro_RO: checks 
Mahu2021: bets 40
boiadeiro_RO: folds 
Uncalled bet (40) returned to Mahu2021
Mahu2021 collected 80 from pot
Mahu2021: doesn't show hand 
*** SUMMARY ***
Total pot 80 | Rake 0 
Board [Kc 3h 4s Jc]
Seat 1: Mahu2021 (button) (small blind) collected (80)
Seat 2: boiadeiro_RO (big blind) folded on the Turn



PokerStars Hand #247959991187: Tournament #3693675966, $1.84+$0.16 USD Hold'em No Limit - Level III (20/40) - 2023/12/30 16:25:09 CET [2023/12/30 10:25:09 ET]
Table '3693675966 1' 3-max Seat #2 is the button
Seat 1: Mahu2021 (880 in chips) 
Seat 2: boiadeiro_RO (620 in chips) 
boiadeiro_RO: posts small blind 20
Mahu2021: posts big blind 40
*** HOLE CARDS ***
Dealt to Mahu2021 [Jh Ac]
boiadeiro_RO: raises 40 to 80
Mahu2021: raises 800 to 880 and is all-in
boiadeiro_RO: calls 540 and is all-in
Uncalled bet (260) returned to Mahu2021
*** FLOP *** [Qh Qd 3c]
*** TURN *** [Qh Qd 3c] [4d]
*** RIVER *** [Qh Qd 3c 4d] [2h]
*** SHOW DOWN ***
Mahu2021: shows [Jh Ac] (a pair of Queens)
boiadeiro_RO: shows [8d Kd] (a pair of Queens - lower kicker)
Mahu2021 collected 1240 from pot
boiadeiro_RO finished the tournament in 2nd place
Mahu2021 wins the tournament and receives $4.00 - congratulations!
*** SUMMARY ***
Total pot 1240 | Rake 0 
Board [Qh Qd 3c 4d 2h]
Seat 1: Mahu2021 (big blind) showed [Jh Ac] and won (1240) with a pair of Queens
Seat 2: boiadeiro_RO (button) (small blind) showed [8d Kd] and lost with a pair of Queens



