PokerStars Hand #254066463137: Tournament #3839212827, $0.46+$0.04 USD Hold'em No Limit - Level I (10/20) - 2024/12/28 12:21:59 CET [2024/12/28 6:21:59 ET]
Table '3839212827 1' 3-max Seat #1 is the button
Seat 1: Mahu2021 (500 in chips) 
Seat 2: rcolleto (500 in chips) 
Seat 3: nikolas1993s (500 in chips) 
rcolleto: posts small blind 10
nikolas1993s: posts big blind 20
*** HOLE CARDS ***
Dealt to Mahu2021 [2c 5d]
Mahu2021: folds 
rcolleto: raises 480 to 500 and is all-in
nikolas1993s: calls 480 and is all-in
*** FLOP *** [Kd Qd 8d]
*** TURN *** [Kd Qd 8d] [9d]
*** RIVER *** [Kd Qd 8d 9d] [Qc]
*** SHOW DOWN ***
rcolleto: shows [Ks 6c] (two pair, Kings and Queens)
nikolas1993s: shows [3h 3d] (a flush, King high)
nikolas1993s collected 1000 from pot
rcolleto finished the tournament in 3rd place
*** SUMMARY ***
Total pot 1000 | Rake 0 
Board [Kd Qd 8d 9d Qc]
Seat 1: Mahu2021 (button) folded before Flop (didn't bet)
Seat 2: rcolleto (small blind) showed [Ks 6c] and lost with two pair, Kings and Queens
Seat 3: nikolas1993s (big blind) showed [3h 3d] and won (1000) with a flush, King high



PokerStars Hand #254066465712: Tournament #3839212827, $0.46+$0.04 USD Hold'em No Limit - Level I (10/20) - 2024/12/28 12:22:18 CET [2024/12/28 6:22:18 ET]
Table '3839212827 1' 3-max Seat #3 is the button
Seat 1: Mahu2021 (500 in chips) 
Seat 3: nikolas1993s (1000 in chips) 
nikolas1993s: posts small blind 10
Mahu2021: posts big blind 20
*** HOLE CARDS ***
Dealt to Mahu2021 [5d 3c]
nikolas1993s: raises 980 to 1000 and is all-in
Mahu2021: folds 
Uncalled bet (980) returned to nikolas1993s
nikolas1993s collected 40 from pot
*** SUMMARY ***
Total pot 40 | Rake 0 
Seat 1: Mahu2021 (big blind) folded before Flop
Seat 3: nikolas1993s (button) (small blind) collected (40)



PokerStars Hand #254066466543: Tournament #3839212827, $0.46+$0.04 USD Hold'em No Limit - Level I (10/20) - 2024/12/28 12:22:24 CET [2024/12/28 6:22:24 ET]
Table '3839212827 1' 3-max Seat #1 is the button
Seat 1: Mahu2021 (480 in chips) 
Seat 3: nikolas1993s (1020 in chips) 
Mahu2021: posts small blind 10
nikolas1993s: posts big blind 20
*** HOLE CARDS ***
Dealt to Mahu2021 [3s 8h]
Mahu2021: folds 
Uncalled bet (10) returned to nikolas1993s
nikolas1993s collected 20 from pot
*** SUMMARY ***
Total pot 20 | Rake 0 
Seat 1: Mahu2021 (button) (small blind) folded before Flop
Seat 3: nikolas1993s (big blind) collected (20)



PokerStars Hand #254066467132: Tournament #3839212827, $0.46+$0.04 USD Hold'em No Limit - Level I (10/20) - 2024/12/28 12:22:28 CET [2024/12/28 6:22:28 ET]
Table '3839212827 1' 3-max Seat #3 is the button
Seat 1: Mahu2021 (470 in chips) 
Seat 3: nikolas1993s (1030 in chips) 
nikolas1993s: posts small blind 10
Mahu2021: posts big blind 20
*** HOLE CARDS ***
Dealt to Mahu2021 [Ac 8d]
nikolas1993s: raises 1010 to 1030 and is all-in
Mahu2021: calls 450 and is all-in
Uncalled bet (560) returned to nikolas1993s
*** FLOP *** [2c Kd 2h]
*** TURN *** [2c Kd 2h] [Kc]
*** RIVER *** [2c Kd 2h Kc] [Qc]
*** SHOW DOWN ***
Mahu2021: shows [Ac 8d] (two pair, Kings and Deuces)
nikolas1993s: shows [7s 7c] (two pair, Kings and Sevens)
nikolas1993s collected 940 from pot
Mahu2021 finished the tournament in 2nd place
nikolas1993s wins the tournament - congratulations!
nikolas1993s wins a '$1.50 Power Path Step 2 Ticket' ticket
*** SUMMARY ***
Total pot 940 | Rake 0 
Board [2c Kd 2h Kc Qc]
Seat 1: Mahu2021 (big blind) showed [Ac 8d] and lost with two pair, Kings and Deuces
Seat 3: nikolas1993s (button) (small blind) showed [7s 7c] and won (940) with two pair, Kings and Sevens



