PokerStars Hand #253597238601: Tournament #3827961008, $1.84+$0.16 USD Hold'em No Limit - Level I (10/20) - 2024/11/27 18:36:04 CET [2024/11/27 12:36:04 ET]
Table '3827961008 1' 3-max Seat #1 is the button
Seat 1: Mahu2021 (500 in chips) 
Seat 2: Alouf01 (500 in chips) 
Seat 3: JJOKKAA (500 in chips) 
Alouf01: posts small blind 10
JJOKKAA: posts big blind 20
*** HOLE CARDS ***
Dealt to Mahu2021 [3c 7s]
Mahu2021: folds 
Alouf01: calls 10
JJOKKAA: checks 
*** FLOP *** [9c 6s Kc]
Alouf01: checks 
JJOKKAA: checks 
*** TURN *** [9c 6s Kc] [5c]
Alouf01: checks 
JJOKKAA: checks 
*** RIVER *** [9c 6s Kc 5c] [4c]
Alouf01: bets 20
JJOKKAA: folds 
Uncalled bet (20) returned to Alouf01
Alouf01 collected 40 from pot
*** SUMMARY ***
Total pot 40 | Rake 0 
Board [9c 6s Kc 5c 4c]
Seat 1: Mahu2021 (button) folded before Flop (didn't bet)
Seat 2: Alouf01 (small blind) collected (40)
Seat 3: JJOKKAA (big blind) folded on the River



PokerStars Hand #253597246574: Tournament #3827961008, $1.84+$0.16 USD Hold'em No Limit - Level I (10/20) - 2024/11/27 18:36:39 CET [2024/11/27 12:36:39 ET]
Table '3827961008 1' 3-max Seat #2 is the button
Seat 1: Mahu2021 (500 in chips) 
Seat 2: Alouf01 (520 in chips) 
Seat 3: JJOKKAA (480 in chips) 
JJOKKAA: posts small blind 10
Mahu2021: posts big blind 20
*** HOLE CARDS ***
Dealt to Mahu2021 [4c Th]
Alouf01: folds 
JJOKKAA: folds 
Uncalled bet (10) returned to Mahu2021
Mahu2021 collected 20 from pot
Mahu2021: doesn't show hand 
*** SUMMARY ***
Total pot 20 | Rake 0 
Seat 1: Mahu2021 (big blind) collected (20)
Seat 2: Alouf01 (button) folded before Flop (didn't bet)
Seat 3: JJOKKAA (small blind) folded before Flop



PokerStars Hand #253597248154: Tournament #3827961008, $1.84+$0.16 USD Hold'em No Limit - Level I (10/20) - 2024/11/27 18:36:45 CET [2024/11/27 12:36:45 ET]
Table '3827961008 1' 3-max Seat #3 is the button
Seat 1: Mahu2021 (510 in chips) 
Seat 2: Alouf01 (520 in chips) 
Seat 3: JJOKKAA (470 in chips) 
Mahu2021: posts small blind 10
Alouf01: posts big blind 20
*** HOLE CARDS ***
Dealt to Mahu2021 [7c Ts]
JJOKKAA: raises 20 to 40
Mahu2021: folds 
Alouf01: folds 
Uncalled bet (20) returned to JJOKKAA
JJOKKAA collected 50 from pot
JJOKKAA: doesn't show hand 
*** SUMMARY ***
Total pot 50 | Rake 0 
Seat 1: Mahu2021 (small blind) folded before Flop
Seat 2: Alouf01 (big blind) folded before Flop
Seat 3: JJOKKAA (button) collected (50)



PokerStars Hand #253597250490: Tournament #3827961008, $1.84+$0.16 USD Hold'em No Limit - Level I (10/20) - 2024/11/27 18:36:56 CET [2024/11/27 12:36:56 ET]
Table '3827961008 1' 3-max Seat #1 is the button
Seat 1: Mahu2021 (500 in chips) 
Seat 2: Alouf01 (500 in chips) 
Seat 3: JJOKKAA (500 in chips) 
Alouf01: posts small blind 10
JJOKKAA: posts big blind 20
*** HOLE CARDS ***
Dealt to Mahu2021 [9s 7d]
Mahu2021: folds 
Alouf01: calls 10
JJOKKAA: checks 
*** FLOP *** [Qc Qd 8d]
Alouf01: checks 
JJOKKAA: checks 
*** TURN *** [Qc Qd 8d] [Js]
Alouf01: checks 
JJOKKAA: bets 20
Alouf01: folds 
Uncalled bet (20) returned to JJOKKAA
JJOKKAA collected 40 from pot
JJOKKAA: doesn't show hand 
*** SUMMARY ***
Total pot 40 | Rake 0 
Board [Qc Qd 8d Js]
Seat 1: Mahu2021 (button) folded before Flop (didn't bet)
Seat 2: Alouf01 (small blind) folded on the Turn
Seat 3: JJOKKAA (big blind) collected (40)



PokerStars Hand #253597255708: Tournament #3827961008, $1.84+$0.16 USD Hold'em No Limit - Level I (10/20) - 2024/11/27 18:37:18 CET [2024/11/27 12:37:18 ET]
Table '3827961008 1' 3-max Seat #2 is the button
Seat 1: Mahu2021 (500 in chips) 
Seat 2: Alouf01 (480 in chips) 
Seat 3: JJOKKAA (520 in chips) 
JJOKKAA: posts small blind 10
Mahu2021: posts big blind 20
*** HOLE CARDS ***
Dealt to Mahu2021 [4h Jc]
Alouf01: raises 20 to 40
JJOKKAA: calls 30
Mahu2021: folds 
*** FLOP *** [Js 8d 5c]
JJOKKAA: checks 
Alouf01: bets 60
JJOKKAA: calls 60
*** TURN *** [Js 8d 5c] [3c]
JJOKKAA: checks 
Alouf01: bets 140
JJOKKAA: calls 140
*** RIVER *** [Js 8d 5c 3c] [9s]
JJOKKAA: bets 280 and is all-in
Alouf01: folds 
Uncalled bet (280) returned to JJOKKAA
JJOKKAA collected 500 from pot
JJOKKAA: doesn't show hand 
*** SUMMARY ***
Total pot 500 | Rake 0 
Board [Js 8d 5c 3c 9s]
Seat 1: Mahu2021 (big blind) folded before Flop
Seat 2: Alouf01 (button) folded on the River
Seat 3: JJOKKAA (small blind) collected (500)



PokerStars Hand #253597266170: Tournament #3827961008, $1.84+$0.16 USD Hold'em No Limit - Level I (10/20) - 2024/11/27 18:38:04 CET [2024/11/27 12:38:04 ET]
Table '3827961008 1' 3-max Seat #3 is the button
Seat 1: Mahu2021 (480 in chips) 
Seat 2: Alouf01 (240 in chips) 
Seat 3: JJOKKAA (780 in chips) 
Mahu2021: posts small blind 10
Alouf01: posts big blind 20
*** HOLE CARDS ***
Dealt to Mahu2021 [Ts Ks]
JJOKKAA: folds 
Mahu2021: raises 40 to 60
Alouf01: folds 
Uncalled bet (40) returned to Mahu2021
Mahu2021 collected 40 from pot
Mahu2021: doesn't show hand 
*** SUMMARY ***
Total pot 40 | Rake 0 
Seat 1: Mahu2021 (small blind) collected (40)
Seat 2: Alouf01 (big blind) folded before Flop
Seat 3: JJOKKAA (button) folded before Flop (didn't bet)



PokerStars Hand #253597268263: Tournament #3827961008, $1.84+$0.16 USD Hold'em No Limit - Level I (10/20) - 2024/11/27 18:38:13 CET [2024/11/27 12:38:13 ET]
Table '3827961008 1' 3-max Seat #1 is the button
Seat 1: Mahu2021 (500 in chips) 
Seat 2: Alouf01 (220 in chips) 
Seat 3: JJOKKAA (780 in chips) 
Alouf01: posts small blind 10
JJOKKAA: posts big blind 20
*** HOLE CARDS ***
Dealt to Mahu2021 [6d 7h]
Mahu2021: folds 
Alouf01: raises 200 to 220 and is all-in
JJOKKAA: calls 200
*** FLOP *** [2s 7c Td]
*** TURN *** [2s 7c Td] [Qh]
*** RIVER *** [2s 7c Td Qh] [3h]
*** SHOW DOWN ***
Alouf01: shows [2c Kd] (a pair of Deuces)
JJOKKAA: shows [Kc Js] (high card King)
Alouf01 collected 440 from pot
*** SUMMARY ***
Total pot 440 | Rake 0 
Board [2s 7c Td Qh 3h]
Seat 1: Mahu2021 (button) folded before Flop (didn't bet)
Seat 2: Alouf01 (small blind) showed [2c Kd] and won (440) with a pair of Deuces
Seat 3: JJOKKAA (big blind) showed [Kc Js] and lost with high card King



PokerStars Hand #253597272189: Tournament #3827961008, $1.84+$0.16 USD Hold'em No Limit - Level I (10/20) - 2024/11/27 18:38:30 CET [2024/11/27 12:38:30 ET]
Table '3827961008 1' 3-max Seat #2 is the button
Seat 1: Mahu2021 (500 in chips) 
Seat 2: Alouf01 (440 in chips) 
Seat 3: JJOKKAA (560 in chips) 
JJOKKAA: posts small blind 10
Mahu2021: posts big blind 20
*** HOLE CARDS ***
Dealt to Mahu2021 [3s Ad]
Alouf01: raises 20 to 40
JJOKKAA: calls 30
Mahu2021: calls 20
*** FLOP *** [8h 4h 2s]
JJOKKAA: checks 
Mahu2021: checks 
Alouf01: checks 
*** TURN *** [8h 4h 2s] [7h]
JJOKKAA: checks 
Mahu2021: checks 
Alouf01: checks 
*** RIVER *** [8h 4h 2s 7h] [6s]
JJOKKAA: checks 
Mahu2021: checks 
Alouf01: bets 60
JJOKKAA: folds 
Mahu2021: folds 
Uncalled bet (60) returned to Alouf01
Alouf01 collected 120 from pot
*** SUMMARY ***
Total pot 120 | Rake 0 
Board [8h 4h 2s 7h 6s]
Seat 1: Mahu2021 (big blind) folded on the River
Seat 2: Alouf01 (button) collected (120)
Seat 3: JJOKKAA (small blind) folded on the River



PokerStars Hand #253597281088: Tournament #3827961008, $1.84+$0.16 USD Hold'em No Limit - Level II (15/30) - 2024/11/27 18:39:09 CET [2024/11/27 12:39:09 ET]
Table '3827961008 1' 3-max Seat #3 is the button
Seat 1: Mahu2021 (460 in chips) 
Seat 2: Alouf01 (520 in chips) 
Seat 3: JJOKKAA (520 in chips) 
Mahu2021: posts small blind 15
Alouf01: posts big blind 30
*** HOLE CARDS ***
Dealt to Mahu2021 [4h Tc]
JJOKKAA: raises 30 to 60
Mahu2021: folds 
Alouf01: calls 30
*** FLOP *** [2h 3s 2d]
Alouf01: checks 
JJOKKAA: checks 
*** TURN *** [2h 3s 2d] [As]
Alouf01: checks 
JJOKKAA: bets 67
Alouf01: calls 67
*** RIVER *** [2h 3s 2d As] [Kh]
Alouf01: checks 
JJOKKAA: bets 201
Alouf01: folds 
Uncalled bet (201) returned to JJOKKAA
JJOKKAA collected 269 from pot
JJOKKAA: doesn't show hand 
*** SUMMARY ***
Total pot 269 | Rake 0 
Board [2h 3s 2d As Kh]
Seat 1: Mahu2021 (small blind) folded before Flop
Seat 2: Alouf01 (big blind) folded on the River
Seat 3: JJOKKAA (button) collected (269)



PokerStars Hand #253597287476: Tournament #3827961008, $1.84+$0.16 USD Hold'em No Limit - Level II (15/30) - 2024/11/27 18:39:38 CET [2024/11/27 12:39:38 ET]
Table '3827961008 1' 3-max Seat #1 is the button
Seat 1: Mahu2021 (445 in chips) 
Seat 2: Alouf01 (393 in chips) 
Seat 3: JJOKKAA (662 in chips) 
Alouf01: posts small blind 15
JJOKKAA: posts big blind 30
*** HOLE CARDS ***
Dealt to Mahu2021 [3d 4c]
Mahu2021: folds 
Alouf01: raises 363 to 393 and is all-in
JJOKKAA: calls 363
*** FLOP *** [2h 8h 7s]
*** TURN *** [2h 8h 7s] [3s]
*** RIVER *** [2h 8h 7s 3s] [2d]
*** SHOW DOWN ***
Alouf01: shows [As 8c] (two pair, Eights and Deuces)
JJOKKAA: shows [Jd Qh] (a pair of Deuces)
Alouf01 collected 786 from pot
*** SUMMARY ***
Total pot 786 | Rake 0 
Board [2h 8h 7s 3s 2d]
Seat 1: Mahu2021 (button) folded before Flop (didn't bet)
Seat 2: Alouf01 (small blind) showed [As 8c] and won (786) with two pair, Eights and Deuces
Seat 3: JJOKKAA (big blind) showed [Jd Qh] and lost with a pair of Deuces



PokerStars Hand #253597291406: Tournament #3827961008, $1.84+$0.16 USD Hold'em No Limit - Level II (15/30) - 2024/11/27 18:39:55 CET [2024/11/27 12:39:55 ET]
Table '3827961008 1' 3-max Seat #2 is the button
Seat 1: Mahu2021 (445 in chips) 
Seat 2: Alouf01 (786 in chips) 
Seat 3: JJOKKAA (269 in chips) 
JJOKKAA: posts small blind 15
Mahu2021: posts big blind 30
*** HOLE CARDS ***
Dealt to Mahu2021 [7c Ks]
Alouf01: folds 
JJOKKAA: raises 239 to 269 and is all-in
Mahu2021: folds 
Uncalled bet (239) returned to JJOKKAA
JJOKKAA collected 60 from pot
JJOKKAA: doesn't show hand 
*** SUMMARY ***
Total pot 60 | Rake 0 
Seat 1: Mahu2021 (big blind) folded before Flop
Seat 2: Alouf01 (button) folded before Flop (didn't bet)
Seat 3: JJOKKAA (small blind) collected (60)



PokerStars Hand #253597293713: Tournament #3827961008, $1.84+$0.16 USD Hold'em No Limit - Level II (15/30) - 2024/11/27 18:40:05 CET [2024/11/27 12:40:05 ET]
Table '3827961008 1' 3-max Seat #3 is the button
Seat 1: Mahu2021 (415 in chips) 
Seat 2: Alouf01 (786 in chips) 
Seat 3: JJOKKAA (299 in chips) 
Mahu2021: posts small blind 15
Alouf01: posts big blind 30
*** HOLE CARDS ***
Dealt to Mahu2021 [Ah Kd]
JJOKKAA: folds 
Mahu2021: raises 385 to 415 and is all-in
Alouf01: calls 385
*** FLOP *** [3d 9s 4s]
*** TURN *** [3d 9s 4s] [Jc]
*** RIVER *** [3d 9s 4s Jc] [Ac]
*** SHOW DOWN ***
Mahu2021: shows [Ah Kd] (a pair of Aces)
Alouf01: shows [5c 5h] (a pair of Fives)
Mahu2021 collected 830 from pot
*** SUMMARY ***
Total pot 830 | Rake 0 
Board [3d 9s 4s Jc Ac]
Seat 1: Mahu2021 (small blind) showed [Ah Kd] and won (830) with a pair of Aces
Seat 2: Alouf01 (big blind) showed [5c 5h] and lost with a pair of Fives
Seat 3: JJOKKAA (button) folded before Flop (didn't bet)



PokerStars Hand #253597297307: Tournament #3827961008, $1.84+$0.16 USD Hold'em No Limit - Level II (15/30) - 2024/11/27 18:40:20 CET [2024/11/27 12:40:20 ET]
Table '3827961008 1' 3-max Seat #1 is the button
Seat 1: Mahu2021 (830 in chips) 
Seat 2: Alouf01 (371 in chips) 
Seat 3: JJOKKAA (299 in chips) 
Alouf01: posts small blind 15
JJOKKAA: posts big blind 30
*** HOLE CARDS ***
Dealt to Mahu2021 [Ac Qs]
Mahu2021: raises 800 to 830 and is all-in
Alouf01: folds 
JJOKKAA: calls 269 and is all-in
Uncalled bet (531) returned to Mahu2021
*** FLOP *** [6h 2s As]
*** TURN *** [6h 2s As] [4s]
*** RIVER *** [6h 2s As 4s] [9d]
*** SHOW DOWN ***
JJOKKAA: shows [Ah Kc] (a pair of Aces)
Mahu2021: shows [Ac Qs] (a pair of Aces - lower kicker)
JJOKKAA collected 613 from pot
*** SUMMARY ***
Total pot 613 | Rake 0 
Board [6h 2s As 4s 9d]
Seat 1: Mahu2021 (button) showed [Ac Qs] and lost with a pair of Aces
Seat 2: Alouf01 (small blind) folded before Flop
Seat 3: JJOKKAA (big blind) showed [Ah Kc] and won (613) with a pair of Aces



PokerStars Hand #253597301495: Tournament #3827961008, $1.84+$0.16 USD Hold'em No Limit - Level II (15/30) - 2024/11/27 18:40:39 CET [2024/11/27 12:40:39 ET]
Table '3827961008 1' 3-max Seat #2 is the button
Seat 1: Mahu2021 (531 in chips) 
Seat 2: Alouf01 (356 in chips) 
Seat 3: JJOKKAA (613 in chips) 
JJOKKAA: posts small blind 15
Mahu2021: posts big blind 30
*** HOLE CARDS ***
Dealt to Mahu2021 [4h Th]
Alouf01: raises 326 to 356 and is all-in
JJOKKAA: calls 341
Mahu2021: folds 
*** FLOP *** [5s 8s 5c]
*** TURN *** [5s 8s 5c] [7d]
*** RIVER *** [5s 8s 5c 7d] [Ks]
*** SHOW DOWN ***
JJOKKAA: shows [Js Td] (a pair of Fives)
Alouf01: shows [8c Ah] (two pair, Eights and Fives)
Alouf01 collected 742 from pot
*** SUMMARY ***
Total pot 742 | Rake 0 
Board [5s 8s 5c 7d Ks]
Seat 1: Mahu2021 (big blind) folded before Flop
Seat 2: Alouf01 (button) showed [8c Ah] and won (742) with two pair, Eights and Fives
Seat 3: JJOKKAA (small blind) showed [Js Td] and lost with a pair of Fives



PokerStars Hand #253597305947: Tournament #3827961008, $1.84+$0.16 USD Hold'em No Limit - Level II (15/30) - 2024/11/27 18:40:58 CET [2024/11/27 12:40:58 ET]
Table '3827961008 1' 3-max Seat #3 is the button
Seat 1: Mahu2021 (501 in chips) 
Seat 2: Alouf01 (742 in chips) 
Seat 3: JJOKKAA (257 in chips) 
Mahu2021: posts small blind 15
Alouf01: posts big blind 30
*** HOLE CARDS ***
Dealt to Mahu2021 [As 8c]
JJOKKAA: folds 
Mahu2021: raises 471 to 501 and is all-in
Alouf01: folds 
Uncalled bet (471) returned to Mahu2021
Mahu2021 collected 60 from pot
Mahu2021: doesn't show hand 
*** SUMMARY ***
Total pot 60 | Rake 0 
Seat 1: Mahu2021 (small blind) collected (60)
Seat 2: Alouf01 (big blind) folded before Flop
Seat 3: JJOKKAA (button) folded before Flop (didn't bet)



PokerStars Hand #253597308053: Tournament #3827961008, $1.84+$0.16 USD Hold'em No Limit - Level II (15/30) - 2024/11/27 18:41:08 CET [2024/11/27 12:41:08 ET]
Table '3827961008 1' 3-max Seat #1 is the button
Seat 1: Mahu2021 (531 in chips) 
Seat 2: Alouf01 (712 in chips) 
Seat 3: JJOKKAA (257 in chips) 
Alouf01: posts small blind 15
JJOKKAA: posts big blind 30
*** HOLE CARDS ***
Dealt to Mahu2021 [5c Kc]
Mahu2021: folds 
Alouf01: raises 30 to 60
JJOKKAA: calls 30
*** FLOP *** [Ah Jh Ks]
Alouf01: checks 
JJOKKAA: bets 30
Alouf01: raises 30 to 60
JJOKKAA: folds 
Uncalled bet (30) returned to Alouf01
Alouf01 collected 180 from pot
*** SUMMARY ***
Total pot 180 | Rake 0 
Board [Ah Jh Ks]
Seat 1: Mahu2021 (button) folded before Flop (didn't bet)
Seat 2: Alouf01 (small blind) collected (180)
Seat 3: JJOKKAA (big blind) folded on the Flop



PokerStars Hand #253597312307: Tournament #3827961008, $1.84+$0.16 USD Hold'em No Limit - Level II (15/30) - 2024/11/27 18:41:26 CET [2024/11/27 12:41:26 ET]
Table '3827961008 1' 3-max Seat #2 is the button
Seat 1: Mahu2021 (531 in chips) 
Seat 2: Alouf01 (802 in chips) 
Seat 3: JJOKKAA (167 in chips) 
JJOKKAA: posts small blind 15
Mahu2021: posts big blind 30
*** HOLE CARDS ***
Dealt to Mahu2021 [Kc 8h]
Alouf01: folds 
JJOKKAA: raises 30 to 60
Mahu2021: calls 30
*** FLOP *** [Ah 6d Jh]
JJOKKAA: bets 30
Mahu2021: calls 30
*** TURN *** [Ah 6d Jh] [6s]
JJOKKAA: checks 
Mahu2021: bets 90
JJOKKAA: folds 
Uncalled bet (90) returned to Mahu2021
Mahu2021 collected 180 from pot
Mahu2021: doesn't show hand 
*** SUMMARY ***
Total pot 180 | Rake 0 
Board [Ah 6d Jh 6s]
Seat 1: Mahu2021 (big blind) collected (180)
Seat 2: Alouf01 (button) folded before Flop (didn't bet)
Seat 3: JJOKKAA (small blind) folded on the Turn



PokerStars Hand #253597316555: Tournament #3827961008, $1.84+$0.16 USD Hold'em No Limit - Level II (15/30) - 2024/11/27 18:41:45 CET [2024/11/27 12:41:45 ET]
Table '3827961008 1' 3-max Seat #3 is the button
Seat 1: Mahu2021 (621 in chips) 
Seat 2: Alouf01 (802 in chips) 
Seat 3: JJOKKAA (77 in chips) 
Mahu2021: posts small blind 15
Alouf01: posts big blind 30
*** HOLE CARDS ***
Dealt to Mahu2021 [2s 3c]
JJOKKAA: raises 30 to 60
Mahu2021: folds 
Alouf01: raises 30 to 90
JJOKKAA: calls 17 and is all-in
Uncalled bet (13) returned to Alouf01
*** FLOP *** [Qs Js Kh]
*** TURN *** [Qs Js Kh] [9c]
*** RIVER *** [Qs Js Kh 9c] [As]
*** SHOW DOWN ***
Alouf01: shows [4d 4s] (a pair of Fours)
JJOKKAA: shows [9d 8s] (a pair of Nines)
JJOKKAA collected 169 from pot
*** SUMMARY ***
Total pot 169 | Rake 0 
Board [Qs Js Kh 9c As]
Seat 1: Mahu2021 (small blind) folded before Flop
Seat 2: Alouf01 (big blind) showed [4d 4s] and lost with a pair of Fours
Seat 3: JJOKKAA (button) showed [9d 8s] and won (169) with a pair of Nines



PokerStars Hand #253597320004: Tournament #3827961008, $1.84+$0.16 USD Hold'em No Limit - Level II (15/30) - 2024/11/27 18:42:00 CET [2024/11/27 12:42:00 ET]
Table '3827961008 1' 3-max Seat #1 is the button
Seat 1: Mahu2021 (606 in chips) 
Seat 2: Alouf01 (725 in chips) 
Seat 3: JJOKKAA (169 in chips) 
Alouf01: posts small blind 15
JJOKKAA: posts big blind 30
*** HOLE CARDS ***
Dealt to Mahu2021 [2h Ks]
Mahu2021: folds 
Alouf01: folds 
Uncalled bet (15) returned to JJOKKAA
JJOKKAA collected 30 from pot
JJOKKAA: doesn't show hand 
*** SUMMARY ***
Total pot 30 | Rake 0 
Seat 1: Mahu2021 (button) folded before Flop (didn't bet)
Seat 2: Alouf01 (small blind) folded before Flop
Seat 3: JJOKKAA (big blind) collected (30)



PokerStars Hand #253597322754: Tournament #3827961008, $1.84+$0.16 USD Hold'em No Limit - Level III (20/40) - 2024/11/27 18:42:12 CET [2024/11/27 12:42:12 ET]
Table '3827961008 1' 3-max Seat #2 is the button
Seat 1: Mahu2021 (606 in chips) 
Seat 2: Alouf01 (710 in chips) 
Seat 3: JJOKKAA (184 in chips) 
JJOKKAA: posts small blind 20
Mahu2021: posts big blind 40
*** HOLE CARDS ***
Dealt to Mahu2021 [8h 2c]
Alouf01: raises 40 to 80
JJOKKAA: folds 
Mahu2021: folds 
Uncalled bet (40) returned to Alouf01
Alouf01 collected 100 from pot
*** SUMMARY ***
Total pot 100 | Rake 0 
Seat 1: Mahu2021 (big blind) folded before Flop
Seat 2: Alouf01 (button) collected (100)
Seat 3: JJOKKAA (small blind) folded before Flop



PokerStars Hand #253597324293: Tournament #3827961008, $1.84+$0.16 USD Hold'em No Limit - Level III (20/40) - 2024/11/27 18:42:19 CET [2024/11/27 12:42:19 ET]
Table '3827961008 1' 3-max Seat #3 is the button
Seat 1: Mahu2021 (566 in chips) 
Seat 2: Alouf01 (770 in chips) 
Seat 3: JJOKKAA (164 in chips) 
Mahu2021: posts small blind 20
Alouf01: posts big blind 40
*** HOLE CARDS ***
Dealt to Mahu2021 [Jh 6d]
JJOKKAA: raises 124 to 164 and is all-in
Mahu2021: folds 
Alouf01: folds 
Uncalled bet (124) returned to JJOKKAA
JJOKKAA collected 100 from pot
JJOKKAA: doesn't show hand 
*** SUMMARY ***
Total pot 100 | Rake 0 
Seat 1: Mahu2021 (small blind) folded before Flop
Seat 2: Alouf01 (big blind) folded before Flop
Seat 3: JJOKKAA (button) collected (100)



PokerStars Hand #253597326031: Tournament #3827961008, $1.84+$0.16 USD Hold'em No Limit - Level III (20/40) - 2024/11/27 18:42:27 CET [2024/11/27 12:42:27 ET]
Table '3827961008 1' 3-max Seat #1 is the button
Seat 1: Mahu2021 (546 in chips) 
Seat 2: Alouf01 (730 in chips) 
Seat 3: JJOKKAA (224 in chips) 
Alouf01: posts small blind 20
JJOKKAA: posts big blind 40
*** HOLE CARDS ***
Dealt to Mahu2021 [5s Js]
Mahu2021: folds 
Alouf01: raises 690 to 730 and is all-in
JJOKKAA: calls 184 and is all-in
Uncalled bet (506) returned to Alouf01
*** FLOP *** [2h 7h 6s]
*** TURN *** [2h 7h 6s] [Ah]
*** RIVER *** [2h 7h 6s Ah] [8c]
*** SHOW DOWN ***
Alouf01: shows [Jd 8h] (a pair of Eights)
JJOKKAA: shows [Kh 4h] (a flush, Ace high)
JJOKKAA collected 448 from pot
*** SUMMARY ***
Total pot 448 | Rake 0 
Board [2h 7h 6s Ah 8c]
Seat 1: Mahu2021 (button) folded before Flop (didn't bet)
Seat 2: Alouf01 (small blind) showed [Jd 8h] and lost with a pair of Eights
Seat 3: JJOKKAA (big blind) showed [Kh 4h] and won (448) with a flush, Ace high



PokerStars Hand #253597329677: Tournament #3827961008, $1.84+$0.16 USD Hold'em No Limit - Level III (20/40) - 2024/11/27 18:42:43 CET [2024/11/27 12:42:43 ET]
Table '3827961008 1' 3-max Seat #2 is the button
Seat 1: Mahu2021 (546 in chips) 
Seat 2: Alouf01 (506 in chips) 
Seat 3: JJOKKAA (448 in chips) 
JJOKKAA: posts small blind 20
Mahu2021: posts big blind 40
*** HOLE CARDS ***
Dealt to Mahu2021 [3s 5s]
Alouf01: folds 
JJOKKAA: calls 20
Mahu2021: checks 
*** FLOP *** [Js Ac 9s]
JJOKKAA: bets 40
Mahu2021: calls 40
*** TURN *** [Js Ac 9s] [Jh]
JJOKKAA: checks 
Mahu2021: checks 
*** RIVER *** [Js Ac 9s Jh] [7s]
JJOKKAA: checks 
Mahu2021: bets 80
JJOKKAA: folds 
Uncalled bet (80) returned to Mahu2021
Mahu2021 collected 160 from pot
Mahu2021: doesn't show hand 
*** SUMMARY ***
Total pot 160 | Rake 0 
Board [Js Ac 9s Jh 7s]
Seat 1: Mahu2021 (big blind) collected (160)
Seat 2: Alouf01 (button) folded before Flop (didn't bet)
Seat 3: JJOKKAA (small blind) folded on the River



PokerStars Hand #253597334689: Tournament #3827961008, $1.84+$0.16 USD Hold'em No Limit - Level III (20/40) - 2024/11/27 18:43:05 CET [2024/11/27 12:43:05 ET]
Table '3827961008 1' 3-max Seat #3 is the button
Seat 1: Mahu2021 (626 in chips) 
Seat 2: Alouf01 (506 in chips) 
Seat 3: JJOKKAA (368 in chips) 
Mahu2021: posts small blind 20
Alouf01: posts big blind 40
*** HOLE CARDS ***
Dealt to Mahu2021 [5s 5d]
JJOKKAA: folds 
Mahu2021: raises 586 to 626 and is all-in
Alouf01: folds 
Uncalled bet (586) returned to Mahu2021
Mahu2021 collected 80 from pot
Mahu2021: doesn't show hand 
*** SUMMARY ***
Total pot 80 | Rake 0 
Seat 1: Mahu2021 (small blind) collected (80)
Seat 2: Alouf01 (big blind) folded before Flop
Seat 3: JJOKKAA (button) folded before Flop (didn't bet)



PokerStars Hand #253597336775: Tournament #3827961008, $1.84+$0.16 USD Hold'em No Limit - Level III (20/40) - 2024/11/27 18:43:14 CET [2024/11/27 12:43:14 ET]
Table '3827961008 1' 3-max Seat #1 is the button
Seat 1: Mahu2021 (666 in chips) 
Seat 2: Alouf01 (466 in chips) 
Seat 3: JJOKKAA (368 in chips) 
Alouf01: posts small blind 20
JJOKKAA: posts big blind 40
*** HOLE CARDS ***
Dealt to Mahu2021 [Qs Jc]
Mahu2021: calls 40
Alouf01: raises 426 to 466 and is all-in
JJOKKAA: folds 
Mahu2021: folds 
Uncalled bet (426) returned to Alouf01
Alouf01 collected 120 from pot
*** SUMMARY ***
Total pot 120 | Rake 0 
Seat 1: Mahu2021 (button) folded before Flop
Seat 2: Alouf01 (small blind) collected (120)
Seat 3: JJOKKAA (big blind) folded before Flop



PokerStars Hand #253597339346: Tournament #3827961008, $1.84+$0.16 USD Hold'em No Limit - Level III (20/40) - 2024/11/27 18:43:25 CET [2024/11/27 12:43:25 ET]
Table '3827961008 1' 3-max Seat #2 is the button
Seat 1: Mahu2021 (626 in chips) 
Seat 2: Alouf01 (546 in chips) 
Seat 3: JJOKKAA (328 in chips) 
JJOKKAA: posts small blind 20
Mahu2021: posts big blind 40
*** HOLE CARDS ***
Dealt to Mahu2021 [Ks 4h]
Alouf01: raises 40 to 80
JJOKKAA: folds 
Mahu2021: calls 40
*** FLOP *** [Tc Ts 7s]
Mahu2021: checks 
Alouf01: checks 
*** TURN *** [Tc Ts 7s] [6s]
Mahu2021: checks 
Alouf01: checks 
*** RIVER *** [Tc Ts 7s 6s] [8s]
Mahu2021: bets 546 and is all-in
Alouf01: calls 466 and is all-in
Uncalled bet (80) returned to Mahu2021
*** SHOW DOWN ***
Mahu2021: shows [Ks 4h] (a flush, King high)
Alouf01: shows [Qs Kh] (a flush, Queen high)
Mahu2021 collected 1112 from pot
Alouf01 finished the tournament in 3rd place
*** SUMMARY ***
Total pot 1112 | Rake 0 
Board [Tc Ts 7s 6s 8s]
Seat 1: Mahu2021 (big blind) showed [Ks 4h] and won (1112) with a flush, King high
Seat 2: Alouf01 (button) showed [Qs Kh] and lost with a flush, Queen high
Seat 3: JJOKKAA (small blind) folded before Flop



PokerStars Hand #253597344518: Tournament #3827961008, $1.84+$0.16 USD Hold'em No Limit - Level III (20/40) - 2024/11/27 18:43:48 CET [2024/11/27 12:43:48 ET]
Table '3827961008 1' 3-max Seat #1 is the button
Seat 1: Mahu2021 (1192 in chips) 
Seat 3: JJOKKAA (308 in chips) 
Mahu2021: posts small blind 20
JJOKKAA: posts big blind 40
*** HOLE CARDS ***
Dealt to Mahu2021 [5d Js]
Mahu2021: raises 40 to 80
JJOKKAA: raises 228 to 308 and is all-in
Mahu2021: folds 
Uncalled bet (228) returned to JJOKKAA
JJOKKAA collected 160 from pot
JJOKKAA: doesn't show hand 
*** SUMMARY ***
Total pot 160 | Rake 0 
Seat 1: Mahu2021 (button) (small blind) folded before Flop
Seat 3: JJOKKAA (big blind) collected (160)



PokerStars Hand #253597346670: Tournament #3827961008, $1.84+$0.16 USD Hold'em No Limit - Level III (20/40) - 2024/11/27 18:43:57 CET [2024/11/27 12:43:57 ET]
Table '3827961008 1' 3-max Seat #3 is the button
Seat 1: Mahu2021 (1112 in chips) 
Seat 3: JJOKKAA (388 in chips) 
JJOKKAA: posts small blind 20
Mahu2021: posts big blind 40
*** HOLE CARDS ***
Dealt to Mahu2021 [Ks 3s]
JJOKKAA: raises 348 to 388 and is all-in
Mahu2021: calls 348
*** FLOP *** [7d 6c Kc]
*** TURN *** [7d 6c Kc] [5c]
*** RIVER *** [7d 6c Kc 5c] [As]
*** SHOW DOWN ***
Mahu2021: shows [Ks 3s] (a pair of Kings)
JJOKKAA: shows [Kh 9d] (a pair of Kings - Ace+Nine kicker)
JJOKKAA collected 776 from pot
*** SUMMARY ***
Total pot 776 | Rake 0 
Board [7d 6c Kc 5c As]
Seat 1: Mahu2021 (big blind) showed [Ks 3s] and lost with a pair of Kings
Seat 3: JJOKKAA (button) (small blind) showed [Kh 9d] and won (776) with a pair of Kings



PokerStars Hand #253597349438: Tournament #3827961008, $1.84+$0.16 USD Hold'em No Limit - Level III (20/40) - 2024/11/27 18:44:10 CET [2024/11/27 12:44:10 ET]
Table '3827961008 1' 3-max Seat #1 is the button
Seat 1: Mahu2021 (724 in chips) 
Seat 3: JJOKKAA (776 in chips) 
Mahu2021: posts small blind 20
JJOKKAA: posts big blind 40
*** HOLE CARDS ***
Dealt to Mahu2021 [7h 3h]
Mahu2021: folds 
Uncalled bet (20) returned to JJOKKAA
JJOKKAA collected 40 from pot
JJOKKAA: doesn't show hand 
*** SUMMARY ***
Total pot 40 | Rake 0 
Seat 1: Mahu2021 (button) (small blind) folded before Flop
Seat 3: JJOKKAA (big blind) collected (40)



PokerStars Hand #253597350740: Tournament #3827961008, $1.84+$0.16 USD Hold'em No Limit - Level III (20/40) - 2024/11/27 18:44:16 CET [2024/11/27 12:44:16 ET]
Table '3827961008 1' 3-max Seat #3 is the button
Seat 1: Mahu2021 (704 in chips) 
Seat 3: JJOKKAA (796 in chips) 
JJOKKAA: posts small blind 20
Mahu2021: posts big blind 40
*** HOLE CARDS ***
Dealt to Mahu2021 [Ac Ad]
JJOKKAA: folds 
Uncalled bet (20) returned to Mahu2021
Mahu2021 collected 40 from pot
Mahu2021: doesn't show hand 
*** SUMMARY ***
Total pot 40 | Rake 0 
Seat 1: Mahu2021 (big blind) collected (40)
Seat 3: JJOKKAA (button) (small blind) folded before Flop



PokerStars Hand #253597351797: Tournament #3827961008, $1.84+$0.16 USD Hold'em No Limit - Level III (20/40) - 2024/11/27 18:44:20 CET [2024/11/27 12:44:20 ET]
Table '3827961008 1' 3-max Seat #1 is the button
Seat 1: Mahu2021 (724 in chips) 
Seat 3: JJOKKAA (776 in chips) 
Mahu2021: posts small blind 20
JJOKKAA: posts big blind 40
*** HOLE CARDS ***
Dealt to Mahu2021 [4d 4c]
Mahu2021: raises 684 to 724 and is all-in
JJOKKAA: calls 684
*** FLOP *** [2h Jd Ks]
*** TURN *** [2h Jd Ks] [Td]
*** RIVER *** [2h Jd Ks Td] [6c]
*** SHOW DOWN ***
JJOKKAA: shows [Ah Jh] (a pair of Jacks)
Mahu2021: shows [4d 4c] (a pair of Fours)
JJOKKAA collected 1448 from pot
Mahu2021 finished the tournament in 2nd place
JJOKKAA wins the tournament and receives $8.00 - congratulations!
*** SUMMARY ***
Total pot 1448 | Rake 0 
Board [2h Jd Ks Td 6c]
Seat 1: Mahu2021 (button) (small blind) showed [4d 4c] and lost with a pair of Fours
Seat 3: JJOKKAA (big blind) showed [Ah Jh] and won (1448) with a pair of Jacks



