PokerStars Hand #252675738095: Tournament #3806126364, $1.84+$0.16 USD Hold'em No Limit - Level I (10/20) - 2024/09/28 22:02:50 CET [2024/09/28 16:02:50 ET]
Table '3806126364 1' 3-max Seat #1 is the button
Seat 1: fekkai (500 in chips) 
Seat 2: Mahu2021 (500 in chips) 
Seat 3: zx10rmike (500 in chips) 
Mahu2021: posts small blind 10
zx10rmike: posts big blind 20
*** HOLE CARDS ***
Dealt to Mahu2021 [3c 3h]
fekkai: raises 50 to 70
Mahu2021: folds 
zx10rmike: calls 50
*** FLOP *** [7c Jh 9s]
zx10rmike: checks 
fekkai: bets 20
zx10rmike: calls 20
*** TURN *** [7c Jh 9s] [2c]
zx10rmike: checks 
fekkai: bets 20
zx10rmike: folds 
Uncalled bet (20) returned to fekkai
fekkai collected 190 from pot
*** SUMMARY ***
Total pot 190 | Rake 0 
Board [7c Jh 9s 2c]
Seat 1: fekkai (button) collected (190)
Seat 2: Mahu2021 (small blind) folded before Flop
Seat 3: zx10rmike (big blind) folded on the Turn



PokerStars Hand #252675746372: Tournament #3806126364, $1.84+$0.16 USD Hold'em No Limit - Level I (10/20) - 2024/09/28 22:03:18 CET [2024/09/28 16:03:18 ET]
Table '3806126364 1' 3-max Seat #2 is the button
Seat 1: fekkai (600 in chips) 
Seat 2: Mahu2021 (490 in chips) 
Seat 3: zx10rmike (410 in chips) 
zx10rmike: posts small blind 10
fekkai: posts big blind 20
*** HOLE CARDS ***
Dealt to Mahu2021 [Js 7h]
Mahu2021: folds 
zx10rmike: calls 10
fekkai: checks 
*** FLOP *** [5c 7c 4d]
zx10rmike: checks 
fekkai: checks 
*** TURN *** [5c 7c 4d] [Ah]
zx10rmike: bets 20
fekkai: calls 20
*** RIVER *** [5c 7c 4d Ah] [Kd]
zx10rmike: bets 80
fekkai: raises 120 to 200
zx10rmike: raises 170 to 370 and is all-in
fekkai: calls 170
*** SHOW DOWN ***
zx10rmike: shows [6d 8h] (a straight, Four to Eight)
fekkai: shows [3d 2c] (a straight, Ace to Five)
zx10rmike collected 820 from pot
*** SUMMARY ***
Total pot 820 | Rake 0 
Board [5c 7c 4d Ah Kd]
Seat 1: fekkai (big blind) showed [3d 2c] and lost with a straight, Ace to Five
Seat 2: Mahu2021 (button) folded before Flop (didn't bet)
Seat 3: zx10rmike (small blind) showed [6d 8h] and won (820) with a straight, Four to Eight



PokerStars Hand #252675756478: Tournament #3806126364, $1.84+$0.16 USD Hold'em No Limit - Level I (10/20) - 2024/09/28 22:03:51 CET [2024/09/28 16:03:51 ET]
Table '3806126364 1' 3-max Seat #3 is the button
Seat 1: fekkai (190 in chips) 
Seat 2: Mahu2021 (490 in chips) 
Seat 3: zx10rmike (820 in chips) 
fekkai: posts small blind 10
Mahu2021: posts big blind 20
*** HOLE CARDS ***
Dealt to Mahu2021 [4c Qs]
zx10rmike: folds 
fekkai: calls 10
Mahu2021: checks 
*** FLOP *** [Ts 3s Ad]
fekkai: checks 
Mahu2021: checks 
*** TURN *** [Ts 3s Ad] [Qc]
fekkai: checks 
Mahu2021: bets 20
fekkai: calls 20
*** RIVER *** [Ts 3s Ad Qc] [4s]
fekkai: checks 
Mahu2021: bets 40
fekkai: calls 40
*** SHOW DOWN ***
Mahu2021: shows [4c Qs] (two pair, Queens and Fours)
fekkai: mucks hand 
Mahu2021 collected 160 from pot
*** SUMMARY ***
Total pot 160 | Rake 0 
Board [Ts 3s Ad Qc 4s]
Seat 1: fekkai (small blind) mucked [Qh Jh]
Seat 2: Mahu2021 (big blind) showed [4c Qs] and won (160) with two pair, Queens and Fours
Seat 3: zx10rmike (button) folded before Flop (didn't bet)



PokerStars Hand #252675762167: Tournament #3806126364, $1.84+$0.16 USD Hold'em No Limit - Level I (10/20) - 2024/09/28 22:04:09 CET [2024/09/28 16:04:09 ET]
Table '3806126364 1' 3-max Seat #1 is the button
Seat 1: fekkai (110 in chips) 
Seat 2: Mahu2021 (570 in chips) 
Seat 3: zx10rmike (820 in chips) 
Mahu2021: posts small blind 10
zx10rmike: posts big blind 20
*** HOLE CARDS ***
Dealt to Mahu2021 [2s 4s]
fekkai: raises 90 to 110 and is all-in
Mahu2021: folds 
zx10rmike: folds 
Uncalled bet (90) returned to fekkai
fekkai collected 50 from pot
*** SUMMARY ***
Total pot 50 | Rake 0 
Seat 1: fekkai (button) collected (50)
Seat 2: Mahu2021 (small blind) folded before Flop
Seat 3: zx10rmike (big blind) folded before Flop



PokerStars Hand #252675765267: Tournament #3806126364, $1.84+$0.16 USD Hold'em No Limit - Level I (10/20) - 2024/09/28 22:04:19 CET [2024/09/28 16:04:19 ET]
Table '3806126364 1' 3-max Seat #2 is the button
Seat 1: fekkai (140 in chips) 
Seat 2: Mahu2021 (560 in chips) 
Seat 3: zx10rmike (800 in chips) 
zx10rmike: posts small blind 10
fekkai: posts big blind 20
*** HOLE CARDS ***
Dealt to Mahu2021 [7d 3s]
Mahu2021: folds 
zx10rmike: calls 10
fekkai: checks 
*** FLOP *** [Qs 9h 9d]
zx10rmike: checks 
fekkai: checks 
*** TURN *** [Qs 9h 9d] [Ad]
zx10rmike: checks 
fekkai: checks 
*** RIVER *** [Qs 9h 9d Ad] [7c]
zx10rmike: bets 20
fekkai: raises 100 to 120 and is all-in
zx10rmike: folds 
Uncalled bet (100) returned to fekkai
fekkai collected 80 from pot
*** SUMMARY ***
Total pot 80 | Rake 0 
Board [Qs 9h 9d Ad 7c]
Seat 1: fekkai (big blind) collected (80)
Seat 2: Mahu2021 (button) folded before Flop (didn't bet)
Seat 3: zx10rmike (small blind) folded on the River



PokerStars Hand #252675773224: Tournament #3806126364, $1.84+$0.16 USD Hold'em No Limit - Level I (10/20) - 2024/09/28 22:04:44 CET [2024/09/28 16:04:44 ET]
Table '3806126364 1' 3-max Seat #3 is the button
Seat 1: fekkai (180 in chips) 
Seat 2: Mahu2021 (560 in chips) 
Seat 3: zx10rmike (760 in chips) 
fekkai: posts small blind 10
Mahu2021: posts big blind 20
*** HOLE CARDS ***
Dealt to Mahu2021 [Qs 3s]
zx10rmike: folds 
fekkai: calls 10
Mahu2021: checks 
*** FLOP *** [9c Qd Ac]
fekkai: checks 
Mahu2021: checks 
*** TURN *** [9c Qd Ac] [9d]
fekkai: checks 
Mahu2021: checks 
*** RIVER *** [9c Qd Ac 9d] [Ah]
fekkai: checks 
Mahu2021: bets 40
fekkai: calls 40
*** SHOW DOWN ***
Mahu2021: shows [Qs 3s] (two pair, Aces and Queens)
fekkai: mucks hand 
Mahu2021 collected 120 from pot
*** SUMMARY ***
Total pot 120 | Rake 0 
Board [9c Qd Ac 9d Ah]
Seat 1: fekkai (small blind) mucked [8h Jh]
Seat 2: Mahu2021 (big blind) showed [Qs 3s] and won (120) with two pair, Aces and Queens
Seat 3: zx10rmike (button) folded before Flop (didn't bet)



PokerStars Hand #252675780045: Tournament #3806126364, $1.84+$0.16 USD Hold'em No Limit - Level II (15/30) - 2024/09/28 22:05:06 CET [2024/09/28 16:05:06 ET]
Table '3806126364 1' 3-max Seat #1 is the button
Seat 1: fekkai (120 in chips) 
Seat 2: Mahu2021 (620 in chips) 
Seat 3: zx10rmike (760 in chips) 
Mahu2021: posts small blind 15
zx10rmike: posts big blind 30
*** HOLE CARDS ***
Dealt to Mahu2021 [Tc 9c]
fekkai: raises 90 to 120 and is all-in
Mahu2021: folds 
zx10rmike: folds 
Uncalled bet (90) returned to fekkai
fekkai collected 75 from pot
*** SUMMARY ***
Total pot 75 | Rake 0 
Seat 1: fekkai (button) collected (75)
Seat 2: Mahu2021 (small blind) folded before Flop
Seat 3: zx10rmike (big blind) folded before Flop



PokerStars Hand #252675783030: Tournament #3806126364, $1.84+$0.16 USD Hold'em No Limit - Level II (15/30) - 2024/09/28 22:05:15 CET [2024/09/28 16:05:15 ET]
Table '3806126364 1' 3-max Seat #2 is the button
Seat 1: fekkai (165 in chips) 
Seat 2: Mahu2021 (605 in chips) 
Seat 3: zx10rmike (730 in chips) 
zx10rmike: posts small blind 15
fekkai: posts big blind 30
*** HOLE CARDS ***
Dealt to Mahu2021 [Ks 4d]
Mahu2021: folds 
zx10rmike: folds 
Uncalled bet (15) returned to fekkai
fekkai collected 30 from pot
*** SUMMARY ***
Total pot 30 | Rake 0 
Seat 1: fekkai (big blind) collected (30)
Seat 2: Mahu2021 (button) folded before Flop (didn't bet)
Seat 3: zx10rmike (small blind) folded before Flop



PokerStars Hand #252675784923: Tournament #3806126364, $1.84+$0.16 USD Hold'em No Limit - Level II (15/30) - 2024/09/28 22:05:21 CET [2024/09/28 16:05:21 ET]
Table '3806126364 1' 3-max Seat #3 is the button
Seat 1: fekkai (180 in chips) 
Seat 2: Mahu2021 (605 in chips) 
Seat 3: zx10rmike (715 in chips) 
fekkai: posts small blind 15
Mahu2021: posts big blind 30
*** HOLE CARDS ***
Dealt to Mahu2021 [Ts 5h]
zx10rmike: folds 
fekkai: calls 15
Mahu2021: checks 
*** FLOP *** [Qh 7c Qd]
fekkai: checks 
Mahu2021: checks 
*** TURN *** [Qh 7c Qd] [Kh]
fekkai: checks 
Mahu2021: checks 
*** RIVER *** [Qh 7c Qd Kh] [3s]
fekkai: checks 
Mahu2021: checks 
*** SHOW DOWN ***
fekkai: shows [Js 7s] (two pair, Queens and Sevens)
Mahu2021: mucks hand 
fekkai collected 60 from pot
*** SUMMARY ***
Total pot 60 | Rake 0 
Board [Qh 7c Qd Kh 3s]
Seat 1: fekkai (small blind) showed [Js 7s] and won (60) with two pair, Queens and Sevens
Seat 2: Mahu2021 (big blind) mucked [Ts 5h]
Seat 3: zx10rmike (button) folded before Flop (didn't bet)



PokerStars Hand #252675789979: Tournament #3806126364, $1.84+$0.16 USD Hold'em No Limit - Level II (15/30) - 2024/09/28 22:05:37 CET [2024/09/28 16:05:37 ET]
Table '3806126364 1' 3-max Seat #1 is the button
Seat 1: fekkai (210 in chips) 
Seat 2: Mahu2021 (575 in chips) 
Seat 3: zx10rmike (715 in chips) 
Mahu2021: posts small blind 15
zx10rmike: posts big blind 30
*** HOLE CARDS ***
Dealt to Mahu2021 [6h Kh]
fekkai: folds 
Mahu2021: calls 15
zx10rmike: checks 
*** FLOP *** [6s 5d Ks]
Mahu2021: bets 30
zx10rmike: calls 30
*** TURN *** [6s 5d Ks] [4h]
Mahu2021: bets 30
zx10rmike: calls 30
*** RIVER *** [6s 5d Ks 4h] [Ts]
Mahu2021: bets 30
zx10rmike: calls 30
*** SHOW DOWN ***
Mahu2021: shows [6h Kh] (two pair, Kings and Sixes)
zx10rmike: mucks hand 
Mahu2021 collected 240 from pot
*** SUMMARY ***
Total pot 240 | Rake 0 
Board [6s 5d Ks 4h Ts]
Seat 1: fekkai (button) folded before Flop (didn't bet)
Seat 2: Mahu2021 (small blind) showed [6h Kh] and won (240) with two pair, Kings and Sixes
Seat 3: zx10rmike (big blind) mucked [5c 3s]



PokerStars Hand #252675796260: Tournament #3806126364, $1.84+$0.16 USD Hold'em No Limit - Level II (15/30) - 2024/09/28 22:05:57 CET [2024/09/28 16:05:57 ET]
Table '3806126364 1' 3-max Seat #2 is the button
Seat 1: fekkai (210 in chips) 
Seat 2: Mahu2021 (695 in chips) 
Seat 3: zx10rmike (595 in chips) 
zx10rmike: posts small blind 15
fekkai: posts big blind 30
*** HOLE CARDS ***
Dealt to Mahu2021 [7h 5d]
Mahu2021: folds 
zx10rmike: calls 15
fekkai: raises 180 to 210 and is all-in
zx10rmike: calls 180
*** FLOP *** [4c 3d Td]
*** TURN *** [4c 3d Td] [7c]
*** RIVER *** [4c 3d Td 7c] [8h]
*** SHOW DOWN ***
zx10rmike: shows [Jh Qs] (high card Queen)
fekkai: shows [Ah Ks] (high card Ace)
fekkai collected 420 from pot
*** SUMMARY ***
Total pot 420 | Rake 0 
Board [4c 3d Td 7c 8h]
Seat 1: fekkai (big blind) showed [Ah Ks] and won (420) with high card Ace
Seat 2: Mahu2021 (button) folded before Flop (didn't bet)
Seat 3: zx10rmike (small blind) showed [Jh Qs] and lost with high card Queen



PokerStars Hand #252675805359: Tournament #3806126364, $1.84+$0.16 USD Hold'em No Limit - Level II (15/30) - 2024/09/28 22:06:26 CET [2024/09/28 16:06:26 ET]
Table '3806126364 1' 3-max Seat #3 is the button
Seat 1: fekkai (420 in chips) 
Seat 2: Mahu2021 (695 in chips) 
Seat 3: zx10rmike (385 in chips) 
fekkai: posts small blind 15
Mahu2021: posts big blind 30
*** HOLE CARDS ***
Dealt to Mahu2021 [Qd 6d]
zx10rmike: folds 
fekkai: calls 15
Mahu2021: checks 
*** FLOP *** [Qs 8c 4c]
fekkai: checks 
Mahu2021: bets 30
fekkai: calls 30
*** TURN *** [Qs 8c 4c] [9h]
fekkai: checks 
Mahu2021: bets 60
fekkai: folds 
Uncalled bet (60) returned to Mahu2021
Mahu2021 collected 120 from pot
Mahu2021: doesn't show hand 
*** SUMMARY ***
Total pot 120 | Rake 0 
Board [Qs 8c 4c 9h]
Seat 1: fekkai (small blind) folded on the Turn
Seat 2: Mahu2021 (big blind) collected (120)
Seat 3: zx10rmike (button) folded before Flop (didn't bet)



PokerStars Hand #252675811487: Tournament #3806126364, $1.84+$0.16 USD Hold'em No Limit - Level II (15/30) - 2024/09/28 22:06:45 CET [2024/09/28 16:06:45 ET]
Table '3806126364 1' 3-max Seat #1 is the button
Seat 1: fekkai (360 in chips) 
Seat 2: Mahu2021 (755 in chips) 
Seat 3: zx10rmike (385 in chips) 
Mahu2021: posts small blind 15
zx10rmike: posts big blind 30
*** HOLE CARDS ***
Dealt to Mahu2021 [Td 8h]
fekkai: folds 
Mahu2021: calls 15
zx10rmike: checks 
*** FLOP *** [Kc 5s 8d]
Mahu2021: bets 30
zx10rmike: folds 
Uncalled bet (30) returned to Mahu2021
Mahu2021 collected 60 from pot
Mahu2021: doesn't show hand 
*** SUMMARY ***
Total pot 60 | Rake 0 
Board [Kc 5s 8d]
Seat 1: fekkai (button) folded before Flop (didn't bet)
Seat 2: Mahu2021 (small blind) collected (60)
Seat 3: zx10rmike (big blind) folded on the Flop



PokerStars Hand #252675816118: Tournament #3806126364, $1.84+$0.16 USD Hold'em No Limit - Level III (20/40) - 2024/09/28 22:07:00 CET [2024/09/28 16:07:00 ET]
Table '3806126364 1' 3-max Seat #2 is the button
Seat 1: fekkai (360 in chips) 
Seat 2: Mahu2021 (785 in chips) 
Seat 3: zx10rmike (355 in chips) 
zx10rmike: posts small blind 20
fekkai: posts big blind 40
*** HOLE CARDS ***
Dealt to Mahu2021 [Th 6s]
Mahu2021: folds 
zx10rmike: calls 20
fekkai: checks 
*** FLOP *** [Js 8c Jd]
zx10rmike: checks 
fekkai: checks 
*** TURN *** [Js 8c Jd] [Tc]
zx10rmike: bets 40
fekkai: calls 40
*** RIVER *** [Js 8c Jd Tc] [2d]
zx10rmike: checks 
fekkai: checks 
*** SHOW DOWN ***
zx10rmike: shows [4d Kh] (a pair of Jacks)
fekkai: shows [7c Kc] (a pair of Jacks)
zx10rmike collected 80 from pot
fekkai collected 80 from pot
*** SUMMARY ***
Total pot 160 | Rake 0 
Board [Js 8c Jd Tc 2d]
Seat 1: fekkai (big blind) showed [7c Kc] and won (80) with a pair of Jacks
Seat 2: Mahu2021 (button) folded before Flop (didn't bet)
Seat 3: zx10rmike (small blind) showed [4d Kh] and won (80) with a pair of Jacks



PokerStars Hand #252675821505: Tournament #3806126364, $1.84+$0.16 USD Hold'em No Limit - Level III (20/40) - 2024/09/28 22:07:18 CET [2024/09/28 16:07:18 ET]
Table '3806126364 1' 3-max Seat #3 is the button
Seat 1: fekkai (360 in chips) 
Seat 2: Mahu2021 (785 in chips) 
Seat 3: zx10rmike (355 in chips) 
fekkai: posts small blind 20
Mahu2021: posts big blind 40
*** HOLE CARDS ***
Dealt to Mahu2021 [5c Js]
zx10rmike: folds 
fekkai: calls 20
Mahu2021: checks 
*** FLOP *** [8h Td 2h]
fekkai: bets 40
Mahu2021: folds 
Uncalled bet (40) returned to fekkai
fekkai collected 80 from pot
*** SUMMARY ***
Total pot 80 | Rake 0 
Board [8h Td 2h]
Seat 1: fekkai (small blind) collected (80)
Seat 2: Mahu2021 (big blind) folded on the Flop
Seat 3: zx10rmike (button) folded before Flop (didn't bet)



PokerStars Hand #252675825653: Tournament #3806126364, $1.84+$0.16 USD Hold'em No Limit - Level III (20/40) - 2024/09/28 22:07:31 CET [2024/09/28 16:07:31 ET]
Table '3806126364 1' 3-max Seat #1 is the button
Seat 1: fekkai (400 in chips) 
Seat 2: Mahu2021 (745 in chips) 
Seat 3: zx10rmike (355 in chips) 
Mahu2021: posts small blind 20
zx10rmike: posts big blind 40
*** HOLE CARDS ***
Dealt to Mahu2021 [8s Js]
fekkai: raises 100 to 140
Mahu2021: folds 
zx10rmike: folds 
Uncalled bet (100) returned to fekkai
fekkai collected 100 from pot
*** SUMMARY ***
Total pot 100 | Rake 0 
Seat 1: fekkai (button) collected (100)
Seat 2: Mahu2021 (small blind) folded before Flop
Seat 3: zx10rmike (big blind) folded before Flop



PokerStars Hand #252675828180: Tournament #3806126364, $1.84+$0.16 USD Hold'em No Limit - Level III (20/40) - 2024/09/28 22:07:39 CET [2024/09/28 16:07:39 ET]
Table '3806126364 1' 3-max Seat #2 is the button
Seat 1: fekkai (460 in chips) 
Seat 2: Mahu2021 (725 in chips) 
Seat 3: zx10rmike (315 in chips) 
zx10rmike: posts small blind 20
fekkai: posts big blind 40
*** HOLE CARDS ***
Dealt to Mahu2021 [Jd 8c]
Mahu2021: calls 40
zx10rmike: folds 
fekkai: checks 
*** FLOP *** [5s 5d Jh]
fekkai: checks 
Mahu2021: bets 80
fekkai: folds 
Uncalled bet (80) returned to Mahu2021
Mahu2021 collected 100 from pot
Mahu2021: doesn't show hand 
*** SUMMARY ***
Total pot 100 | Rake 0 
Board [5s 5d Jh]
Seat 1: fekkai (big blind) folded on the Flop
Seat 2: Mahu2021 (button) collected (100)
Seat 3: zx10rmike (small blind) folded before Flop



PokerStars Hand #252675831739: Tournament #3806126364, $1.84+$0.16 USD Hold'em No Limit - Level III (20/40) - 2024/09/28 22:07:50 CET [2024/09/28 16:07:50 ET]
Table '3806126364 1' 3-max Seat #3 is the button
Seat 1: fekkai (420 in chips) 
Seat 2: Mahu2021 (785 in chips) 
Seat 3: zx10rmike (295 in chips) 
fekkai: posts small blind 20
Mahu2021: posts big blind 40
*** HOLE CARDS ***
Dealt to Mahu2021 [Ts Kc]
zx10rmike: calls 40
fekkai: folds 
Mahu2021: checks 
*** FLOP *** [8c 3h 7c]
Mahu2021: checks 
zx10rmike: checks 
*** TURN *** [8c 3h 7c] [8s]
Mahu2021: checks 
zx10rmike: checks 
*** RIVER *** [8c 3h 7c 8s] [Js]
Mahu2021: checks 
zx10rmike: checks 
*** SHOW DOWN ***
Mahu2021: shows [Ts Kc] (a pair of Eights)
zx10rmike: mucks hand 
Mahu2021 collected 100 from pot
*** SUMMARY ***
Total pot 100 | Rake 0 
Board [8c 3h 7c 8s Js]
Seat 1: fekkai (small blind) folded before Flop
Seat 2: Mahu2021 (big blind) showed [Ts Kc] and won (100) with a pair of Eights
Seat 3: zx10rmike (button) mucked [Qh 2s]



PokerStars Hand #252675836511: Tournament #3806126364, $1.84+$0.16 USD Hold'em No Limit - Level III (20/40) - 2024/09/28 22:08:06 CET [2024/09/28 16:08:06 ET]
Table '3806126364 1' 3-max Seat #1 is the button
Seat 1: fekkai (400 in chips) 
Seat 2: Mahu2021 (845 in chips) 
Seat 3: zx10rmike (255 in chips) 
Mahu2021: posts small blind 20
zx10rmike: posts big blind 40
*** HOLE CARDS ***
Dealt to Mahu2021 [4h Jd]
fekkai: folds 
Mahu2021: folds 
Uncalled bet (20) returned to zx10rmike
zx10rmike collected 40 from pot
*** SUMMARY ***
Total pot 40 | Rake 0 
Seat 1: fekkai (button) folded before Flop (didn't bet)
Seat 2: Mahu2021 (small blind) folded before Flop
Seat 3: zx10rmike (big blind) collected (40)



PokerStars Hand #252675838392: Tournament #3806126364, $1.84+$0.16 USD Hold'em No Limit - Level III (20/40) - 2024/09/28 22:08:12 CET [2024/09/28 16:08:12 ET]
Table '3806126364 1' 3-max Seat #2 is the button
Seat 1: fekkai (400 in chips) 
Seat 2: Mahu2021 (825 in chips) 
Seat 3: zx10rmike (275 in chips) 
zx10rmike: posts small blind 20
fekkai: posts big blind 40
*** HOLE CARDS ***
Dealt to Mahu2021 [Js 3d]
Mahu2021: folds 
zx10rmike: calls 20
fekkai: raises 80 to 120
zx10rmike: raises 155 to 275 and is all-in
fekkai: calls 155
*** FLOP *** [3h Qh As]
*** TURN *** [3h Qh As] [Ah]
*** RIVER *** [3h Qh As Ah] [Ks]
*** SHOW DOWN ***
zx10rmike: shows [Ac Kd] (a full house, Aces full of Kings)
fekkai: shows [9h 9c] (two pair, Aces and Nines)
zx10rmike collected 550 from pot
*** SUMMARY ***
Total pot 550 | Rake 0 
Board [3h Qh As Ah Ks]
Seat 1: fekkai (big blind) showed [9h 9c] and lost with two pair, Aces and Nines
Seat 2: Mahu2021 (button) folded before Flop (didn't bet)
Seat 3: zx10rmike (small blind) showed [Ac Kd] and won (550) with a full house, Aces full of Kings



PokerStars Hand #252675844337: Tournament #3806126364, $1.84+$0.16 USD Hold'em No Limit - Level III (20/40) - 2024/09/28 22:08:31 CET [2024/09/28 16:08:31 ET]
Table '3806126364 1' 3-max Seat #3 is the button
Seat 1: fekkai (125 in chips) 
Seat 2: Mahu2021 (825 in chips) 
Seat 3: zx10rmike (550 in chips) 
fekkai: posts small blind 20
Mahu2021: posts big blind 40
*** HOLE CARDS ***
Dealt to Mahu2021 [3h Th]
zx10rmike: calls 40
fekkai: calls 20
Mahu2021: checks 
*** FLOP *** [Qd 6c 3d]
fekkai: bets 85 and is all-in
Mahu2021: calls 85
zx10rmike: folds 
*** TURN *** [Qd 6c 3d] [6s]
*** RIVER *** [Qd 6c 3d 6s] [3s]
*** SHOW DOWN ***
fekkai: shows [5s 7s] (two pair, Sixes and Threes)
Mahu2021: shows [3h Th] (a full house, Threes full of Sixes)
Mahu2021 collected 290 from pot
fekkai finished the tournament in 3rd place
*** SUMMARY ***
Total pot 290 | Rake 0 
Board [Qd 6c 3d 6s 3s]
Seat 1: fekkai (small blind) showed [5s 7s] and lost with two pair, Sixes and Threes
Seat 2: Mahu2021 (big blind) showed [3h Th] and won (290) with a full house, Threes full of Sixes
Seat 3: zx10rmike (button) folded on the Flop



PokerStars Hand #252675851455: Tournament #3806126364, $1.84+$0.16 USD Hold'em No Limit - Level III (20/40) - 2024/09/28 22:08:54 CET [2024/09/28 16:08:54 ET]
Table '3806126364 1' 3-max Seat #2 is the button
Seat 2: Mahu2021 (990 in chips) 
Seat 3: zx10rmike (510 in chips) 
Mahu2021: posts small blind 20
zx10rmike: posts big blind 40
*** HOLE CARDS ***
Dealt to Mahu2021 [Ks 5c]
Mahu2021: raises 40 to 80
zx10rmike: calls 40
*** FLOP *** [8s Jh 7d]
zx10rmike: checks 
Mahu2021: checks 
*** TURN *** [8s Jh 7d] [3c]
zx10rmike: bets 40
Mahu2021: calls 40
*** RIVER *** [8s Jh 7d 3c] [Qc]
zx10rmike: bets 120
Mahu2021: folds 
Uncalled bet (120) returned to zx10rmike
zx10rmike collected 240 from pot
*** SUMMARY ***
Total pot 240 | Rake 0 
Board [8s Jh 7d 3c Qc]
Seat 2: Mahu2021 (button) (small blind) folded on the River
Seat 3: zx10rmike (big blind) collected (240)



PokerStars Hand #252675858187: Tournament #3806126364, $1.84+$0.16 USD Hold'em No Limit - Level IV (30/60) - 2024/09/28 22:09:15 CET [2024/09/28 16:09:15 ET]
Table '3806126364 1' 3-max Seat #3 is the button
Seat 2: Mahu2021 (870 in chips) 
Seat 3: zx10rmike (630 in chips) 
zx10rmike: posts small blind 30
Mahu2021: posts big blind 60
*** HOLE CARDS ***
Dealt to Mahu2021 [7h Jh]
zx10rmike: calls 30
Mahu2021: checks 
*** FLOP *** [Kc 9d 4s]
Mahu2021: checks 
zx10rmike: checks 
*** TURN *** [Kc 9d 4s] [Td]
Mahu2021: checks 
zx10rmike: bets 60
Mahu2021: calls 60
*** RIVER *** [Kc 9d 4s Td] [5c]
Mahu2021: checks 
zx10rmike: bets 180
Mahu2021: folds 
Uncalled bet (180) returned to zx10rmike
zx10rmike collected 240 from pot
*** SUMMARY ***
Total pot 240 | Rake 0 
Board [Kc 9d 4s Td 5c]
Seat 2: Mahu2021 (big blind) folded on the River
Seat 3: zx10rmike (button) (small blind) collected (240)



PokerStars Hand #252675864091: Tournament #3806126364, $1.84+$0.16 USD Hold'em No Limit - Level IV (30/60) - 2024/09/28 22:09:34 CET [2024/09/28 16:09:34 ET]
Table '3806126364 1' 3-max Seat #2 is the button
Seat 2: Mahu2021 (750 in chips) 
Seat 3: zx10rmike (750 in chips) 
Mahu2021: posts small blind 30
zx10rmike: posts big blind 60
*** HOLE CARDS ***
Dealt to Mahu2021 [Kd 7h]
Mahu2021: raises 60 to 120
zx10rmike: calls 60
*** FLOP *** [5h 5d Ah]
zx10rmike: checks 
Mahu2021: bets 120
zx10rmike: folds 
Uncalled bet (120) returned to Mahu2021
Mahu2021 collected 240 from pot
Mahu2021: doesn't show hand 
*** SUMMARY ***
Total pot 240 | Rake 0 
Board [5h 5d Ah]
Seat 2: Mahu2021 (button) (small blind) collected (240)
Seat 3: zx10rmike (big blind) folded on the Flop



PokerStars Hand #252675867384: Tournament #3806126364, $1.84+$0.16 USD Hold'em No Limit - Level IV (30/60) - 2024/09/28 22:09:45 CET [2024/09/28 16:09:45 ET]
Table '3806126364 1' 3-max Seat #3 is the button
Seat 2: Mahu2021 (870 in chips) 
Seat 3: zx10rmike (630 in chips) 
zx10rmike: posts small blind 30
Mahu2021: posts big blind 60
*** HOLE CARDS ***
Dealt to Mahu2021 [Qd 9d]
zx10rmike: calls 30
Mahu2021: checks 
*** FLOP *** [Ad 3d Kc]
Mahu2021: bets 60
zx10rmike: folds 
Uncalled bet (60) returned to Mahu2021
Mahu2021 collected 120 from pot
Mahu2021: doesn't show hand 
*** SUMMARY ***
Total pot 120 | Rake 0 
Board [Ad 3d Kc]
Seat 2: Mahu2021 (big blind) collected (120)
Seat 3: zx10rmike (button) (small blind) folded on the Flop



PokerStars Hand #252675870117: Tournament #3806126364, $1.84+$0.16 USD Hold'em No Limit - Level IV (30/60) - 2024/09/28 22:09:54 CET [2024/09/28 16:09:54 ET]
Table '3806126364 1' 3-max Seat #2 is the button
Seat 2: Mahu2021 (930 in chips) 
Seat 3: zx10rmike (570 in chips) 
Mahu2021: posts small blind 30
zx10rmike: posts big blind 60
*** HOLE CARDS ***
Dealt to Mahu2021 [6c Qh]
Mahu2021: calls 30
zx10rmike: raises 60 to 120
Mahu2021: calls 60
*** FLOP *** [6h 4s 9c]
zx10rmike: bets 60
Mahu2021: raises 750 to 810 and is all-in
zx10rmike: calls 390 and is all-in
Uncalled bet (360) returned to Mahu2021
*** TURN *** [6h 4s 9c] [4h]
*** RIVER *** [6h 4s 9c 4h] [Ts]
*** SHOW DOWN ***
zx10rmike: shows [Jh Jc] (two pair, Jacks and Fours)
Mahu2021: shows [6c Qh] (two pair, Sixes and Fours)
zx10rmike collected 1140 from pot
*** SUMMARY ***
Total pot 1140 | Rake 0 
Board [6h 4s 9c 4h Ts]
Seat 2: Mahu2021 (button) (small blind) showed [6c Qh] and lost with two pair, Sixes and Fours
Seat 3: zx10rmike (big blind) showed [Jh Jc] and won (1140) with two pair, Jacks and Fours



PokerStars Hand #252675876172: Tournament #3806126364, $1.84+$0.16 USD Hold'em No Limit - Level IV (30/60) - 2024/09/28 22:10:13 CET [2024/09/28 16:10:13 ET]
Table '3806126364 1' 3-max Seat #3 is the button
Seat 2: Mahu2021 (360 in chips) 
Seat 3: zx10rmike (1140 in chips) 
zx10rmike: posts small blind 30
Mahu2021: posts big blind 60
*** HOLE CARDS ***
Dealt to Mahu2021 [Kh Ts]
zx10rmike: raises 1080 to 1140 and is all-in
Mahu2021: calls 300 and is all-in
Uncalled bet (780) returned to zx10rmike
*** FLOP *** [2d Th 8s]
*** TURN *** [2d Th 8s] [2s]
*** RIVER *** [2d Th 8s 2s] [6c]
*** SHOW DOWN ***
Mahu2021: shows [Kh Ts] (two pair, Tens and Deuces)
zx10rmike: shows [7d 7h] (two pair, Sevens and Deuces)
Mahu2021 collected 720 from pot
*** SUMMARY ***
Total pot 720 | Rake 0 
Board [2d Th 8s 2s 6c]
Seat 2: Mahu2021 (big blind) showed [Kh Ts] and won (720) with two pair, Tens and Deuces
Seat 3: zx10rmike (button) (small blind) showed [7d 7h] and lost with two pair, Sevens and Deuces



PokerStars Hand #252675880254: Tournament #3806126364, $1.84+$0.16 USD Hold'em No Limit - Level IV (30/60) - 2024/09/28 22:10:26 CET [2024/09/28 16:10:26 ET]
Table '3806126364 1' 3-max Seat #2 is the button
Seat 2: Mahu2021 (720 in chips) 
Seat 3: zx10rmike (780 in chips) 
Mahu2021: posts small blind 30
zx10rmike: posts big blind 60
*** HOLE CARDS ***
Dealt to Mahu2021 [Jh 2s]
Mahu2021: calls 30
zx10rmike: raises 720 to 780 and is all-in
Mahu2021: folds 
Uncalled bet (720) returned to zx10rmike
zx10rmike collected 120 from pot
*** SUMMARY ***
Total pot 120 | Rake 0 
Seat 2: Mahu2021 (button) (small blind) folded before Flop
Seat 3: zx10rmike (big blind) collected (120)



PokerStars Hand #252675882631: Tournament #3806126364, $1.84+$0.16 USD Hold'em No Limit - Level IV (30/60) - 2024/09/28 22:10:33 CET [2024/09/28 16:10:33 ET]
Table '3806126364 1' 3-max Seat #3 is the button
Seat 2: Mahu2021 (660 in chips) 
Seat 3: zx10rmike (840 in chips) 
zx10rmike: posts small blind 30
Mahu2021: posts big blind 60
*** HOLE CARDS ***
Dealt to Mahu2021 [2s Ah]
zx10rmike: raises 780 to 840 and is all-in
Mahu2021: folds 
Uncalled bet (780) returned to zx10rmike
zx10rmike collected 120 from pot
*** SUMMARY ***
Total pot 120 | Rake 0 
Seat 2: Mahu2021 (big blind) folded before Flop
Seat 3: zx10rmike (button) (small blind) collected (120)



PokerStars Hand #252675884882: Tournament #3806126364, $1.84+$0.16 USD Hold'em No Limit - Level IV (30/60) - 2024/09/28 22:10:40 CET [2024/09/28 16:10:40 ET]
Table '3806126364 1' 3-max Seat #2 is the button
Seat 2: Mahu2021 (600 in chips) 
Seat 3: zx10rmike (900 in chips) 
Mahu2021: posts small blind 30
zx10rmike: posts big blind 60
*** HOLE CARDS ***
Dealt to Mahu2021 [Ks 8h]
Mahu2021: calls 30
zx10rmike: checks 
*** FLOP *** [6h Td 2c]
zx10rmike: checks 
Mahu2021: checks 
*** TURN *** [6h Td 2c] [5d]
zx10rmike: checks 
Mahu2021: checks 
*** RIVER *** [6h Td 2c 5d] [Qh]
zx10rmike: bets 60
Mahu2021: folds 
Uncalled bet (60) returned to zx10rmike
zx10rmike collected 120 from pot
*** SUMMARY ***
Total pot 120 | Rake 0 
Board [6h Td 2c 5d Qh]
Seat 2: Mahu2021 (button) (small blind) folded on the River
Seat 3: zx10rmike (big blind) collected (120)



PokerStars Hand #252675890150: Tournament #3806126364, $1.84+$0.16 USD Hold'em No Limit - Level V (40/80) - 2024/09/28 22:10:57 CET [2024/09/28 16:10:57 ET]
Table '3806126364 1' 3-max Seat #3 is the button
Seat 2: Mahu2021 (540 in chips) 
Seat 3: zx10rmike (960 in chips) 
zx10rmike: posts small blind 40
Mahu2021: posts big blind 80
*** HOLE CARDS ***
Dealt to Mahu2021 [3h 2s]
zx10rmike: calls 40
Mahu2021: checks 
*** FLOP *** [Tc Ks Qs]
Mahu2021: checks 
zx10rmike: checks 
*** TURN *** [Tc Ks Qs] [2h]
Mahu2021: checks 
zx10rmike: checks 
*** RIVER *** [Tc Ks Qs 2h] [As]
Mahu2021: bets 80
zx10rmike: folds 
Uncalled bet (80) returned to Mahu2021
Mahu2021 collected 160 from pot
Mahu2021: doesn't show hand 
*** SUMMARY ***
Total pot 160 | Rake 0 
Board [Tc Ks Qs 2h As]
Seat 2: Mahu2021 (big blind) collected (160)
Seat 3: zx10rmike (button) (small blind) folded on the River



PokerStars Hand #252675894413: Tournament #3806126364, $1.84+$0.16 USD Hold'em No Limit - Level V (40/80) - 2024/09/28 22:11:11 CET [2024/09/28 16:11:11 ET]
Table '3806126364 1' 3-max Seat #2 is the button
Seat 2: Mahu2021 (620 in chips) 
Seat 3: zx10rmike (880 in chips) 
Mahu2021: posts small blind 40
zx10rmike: posts big blind 80
*** HOLE CARDS ***
Dealt to Mahu2021 [Kh 7h]
Mahu2021: raises 80 to 160
zx10rmike: calls 80
*** FLOP *** [5h 6c 9h]
zx10rmike: checks 
Mahu2021: bets 460 and is all-in
zx10rmike: folds 
Uncalled bet (460) returned to Mahu2021
Mahu2021 collected 320 from pot
Mahu2021: doesn't show hand 
*** SUMMARY ***
Total pot 320 | Rake 0 
Board [5h 6c 9h]
Seat 2: Mahu2021 (button) (small blind) collected (320)
Seat 3: zx10rmike (big blind) folded on the Flop



PokerStars Hand #252675897879: Tournament #3806126364, $1.84+$0.16 USD Hold'em No Limit - Level V (40/80) - 2024/09/28 22:11:22 CET [2024/09/28 16:11:22 ET]
Table '3806126364 1' 3-max Seat #3 is the button
Seat 2: Mahu2021 (780 in chips) 
Seat 3: zx10rmike (720 in chips) 
zx10rmike: posts small blind 40
Mahu2021: posts big blind 80
*** HOLE CARDS ***
Dealt to Mahu2021 [3c Qs]
zx10rmike: calls 40
Mahu2021: checks 
*** FLOP *** [3d 7c Ac]
Mahu2021: checks 
zx10rmike: checks 
*** TURN *** [3d 7c Ac] [4c]
Mahu2021: checks 
zx10rmike: checks 
*** RIVER *** [3d 7c Ac 4c] [Ad]
Mahu2021: bets 80
zx10rmike: folds 
Uncalled bet (80) returned to Mahu2021
Mahu2021 collected 160 from pot
Mahu2021: doesn't show hand 
*** SUMMARY ***
Total pot 160 | Rake 0 
Board [3d 7c Ac 4c Ad]
Seat 2: Mahu2021 (big blind) collected (160)
Seat 3: zx10rmike (button) (small blind) folded on the River



PokerStars Hand #252675902100: Tournament #3806126364, $1.84+$0.16 USD Hold'em No Limit - Level V (40/80) - 2024/09/28 22:11:35 CET [2024/09/28 16:11:35 ET]
Table '3806126364 1' 3-max Seat #2 is the button
Seat 2: Mahu2021 (860 in chips) 
Seat 3: zx10rmike (640 in chips) 
Mahu2021: posts small blind 40
zx10rmike: posts big blind 80
*** HOLE CARDS ***
Dealt to Mahu2021 [Ks 9s]
Mahu2021: raises 80 to 160
zx10rmike: calls 80
*** FLOP *** [8h 4d Kd]
zx10rmike: checks 
Mahu2021: bets 160
zx10rmike: folds 
Uncalled bet (160) returned to Mahu2021
Mahu2021 collected 320 from pot
Mahu2021: doesn't show hand 
*** SUMMARY ***
Total pot 320 | Rake 0 
Board [8h 4d Kd]
Seat 2: Mahu2021 (button) (small blind) collected (320)
Seat 3: zx10rmike (big blind) folded on the Flop



PokerStars Hand #252675906654: Tournament #3806126364, $1.84+$0.16 USD Hold'em No Limit - Level V (40/80) - 2024/09/28 22:11:49 CET [2024/09/28 16:11:49 ET]
Table '3806126364 1' 3-max Seat #3 is the button
Seat 2: Mahu2021 (1020 in chips) 
Seat 3: zx10rmike (480 in chips) 
zx10rmike: posts small blind 40
Mahu2021: posts big blind 80
*** HOLE CARDS ***
Dealt to Mahu2021 [6h 4h]
zx10rmike: calls 40
Mahu2021: checks 
*** FLOP *** [3s 8s 4c]
Mahu2021: checks 
zx10rmike: checks 
*** TURN *** [3s 8s 4c] [2h]
Mahu2021: bets 80
zx10rmike: calls 80
*** RIVER *** [3s 8s 4c 2h] [5c]
Mahu2021: bets 160
zx10rmike: calls 160
*** SHOW DOWN ***
Mahu2021: shows [6h 4h] (a straight, Deuce to Six)
zx10rmike: mucks hand 
Mahu2021 collected 640 from pot
*** SUMMARY ***
Total pot 640 | Rake 0 
Board [3s 8s 4c 2h 5c]
Seat 2: Mahu2021 (big blind) showed [6h 4h] and won (640) with a straight, Deuce to Six
Seat 3: zx10rmike (button) (small blind) mucked [Kh Tc]



PokerStars Hand #252675912667: Tournament #3806126364, $1.84+$0.16 USD Hold'em No Limit - Level V (40/80) - 2024/09/28 22:12:08 CET [2024/09/28 16:12:08 ET]
Table '3806126364 1' 3-max Seat #2 is the button
Seat 2: Mahu2021 (1340 in chips) 
Seat 3: zx10rmike (160 in chips) 
Mahu2021: posts small blind 40
zx10rmike: posts big blind 80
*** HOLE CARDS ***
Dealt to Mahu2021 [Tc Ts]
Mahu2021: raises 80 to 160
zx10rmike: folds 
Uncalled bet (80) returned to Mahu2021
Mahu2021 collected 160 from pot
Mahu2021: doesn't show hand 
*** SUMMARY ***
Total pot 160 | Rake 0 
Seat 2: Mahu2021 (button) (small blind) collected (160)
Seat 3: zx10rmike (big blind) folded before Flop



PokerStars Hand #252675914562: Tournament #3806126364, $1.84+$0.16 USD Hold'em No Limit - Level V (40/80) - 2024/09/28 22:12:14 CET [2024/09/28 16:12:14 ET]
Table '3806126364 1' 3-max Seat #3 is the button
Seat 2: Mahu2021 (1420 in chips) 
Seat 3: zx10rmike (80 in chips) 
zx10rmike: posts small blind 40
Mahu2021: posts big blind 80
*** HOLE CARDS ***
Dealt to Mahu2021 [Th 2s]
zx10rmike: calls 40 and is all-in
*** FLOP *** [7c Td Qc]
*** TURN *** [7c Td Qc] [Tc]
*** RIVER *** [7c Td Qc Tc] [Jd]
*** SHOW DOWN ***
Mahu2021: shows [Th 2s] (three of a kind, Tens)
zx10rmike: shows [8h 9s] (a straight, Eight to Queen)
zx10rmike collected 160 from pot
*** SUMMARY ***
Total pot 160 | Rake 0 
Board [7c Td Qc Tc Jd]
Seat 2: Mahu2021 (big blind) showed [Th 2s] and lost with three of a kind, Tens
Seat 3: zx10rmike (button) (small blind) showed [8h 9s] and won (160) with a straight, Eight to Queen



PokerStars Hand #252675918038: Tournament #3806126364, $1.84+$0.16 USD Hold'em No Limit - Level V (40/80) - 2024/09/28 22:12:25 CET [2024/09/28 16:12:25 ET]
Table '3806126364 1' 3-max Seat #2 is the button
Seat 2: Mahu2021 (1340 in chips) 
Seat 3: zx10rmike (160 in chips) 
Mahu2021: posts small blind 40
zx10rmike: posts big blind 80
*** HOLE CARDS ***
Dealt to Mahu2021 [Td Jd]
Mahu2021: raises 80 to 160
zx10rmike: folds 
Uncalled bet (80) returned to Mahu2021
Mahu2021 collected 160 from pot
Mahu2021: doesn't show hand 
*** SUMMARY ***
Total pot 160 | Rake 0 
Seat 2: Mahu2021 (button) (small blind) collected (160)
Seat 3: zx10rmike (big blind) folded before Flop



PokerStars Hand #252675920021: Tournament #3806126364, $1.84+$0.16 USD Hold'em No Limit - Level V (40/80) - 2024/09/28 22:12:31 CET [2024/09/28 16:12:31 ET]
Table '3806126364 1' 3-max Seat #3 is the button
Seat 2: Mahu2021 (1420 in chips) 
Seat 3: zx10rmike (80 in chips) 
zx10rmike: posts small blind 40
Mahu2021: posts big blind 80
*** HOLE CARDS ***
Dealt to Mahu2021 [9s 2c]
zx10rmike: calls 40 and is all-in
*** FLOP *** [Jh Jd Th]
*** TURN *** [Jh Jd Th] [Qd]
*** RIVER *** [Jh Jd Th Qd] [6c]
*** SHOW DOWN ***
Mahu2021: shows [9s 2c] (a pair of Jacks)
zx10rmike: shows [Ad Qs] (two pair, Queens and Jacks)
zx10rmike collected 160 from pot
*** SUMMARY ***
Total pot 160 | Rake 0 
Board [Jh Jd Th Qd 6c]
Seat 2: Mahu2021 (big blind) showed [9s 2c] and lost with a pair of Jacks
Seat 3: zx10rmike (button) (small blind) showed [Ad Qs] and won (160) with two pair, Queens and Jacks



PokerStars Hand #252675923454: Tournament #3806126364, $1.84+$0.16 USD Hold'em No Limit - Level V (40/80) - 2024/09/28 22:12:42 CET [2024/09/28 16:12:42 ET]
Table '3806126364 1' 3-max Seat #2 is the button
Seat 2: Mahu2021 (1340 in chips) 
Seat 3: zx10rmike (160 in chips) 
Mahu2021: posts small blind 40
zx10rmike: posts big blind 80
*** HOLE CARDS ***
Dealt to Mahu2021 [Kh 7h]
Mahu2021: raises 80 to 160
zx10rmike: folds 
Uncalled bet (80) returned to Mahu2021
Mahu2021 collected 160 from pot
Mahu2021: doesn't show hand 
*** SUMMARY ***
Total pot 160 | Rake 0 
Seat 2: Mahu2021 (button) (small blind) collected (160)
Seat 3: zx10rmike (big blind) folded before Flop



PokerStars Hand #252675925704: Tournament #3806126364, $1.84+$0.16 USD Hold'em No Limit - Level V (40/80) - 2024/09/28 22:12:49 CET [2024/09/28 16:12:49 ET]
Table '3806126364 1' 3-max Seat #3 is the button
Seat 2: Mahu2021 (1420 in chips) 
Seat 3: zx10rmike (80 in chips) 
zx10rmike: posts small blind 40
Mahu2021: posts big blind 80
*** HOLE CARDS ***
Dealt to Mahu2021 [Qc 7h]
zx10rmike: calls 40 and is all-in
*** FLOP *** [As 8d Ah]
*** TURN *** [As 8d Ah] [5d]
*** RIVER *** [As 8d Ah 5d] [Kd]
*** SHOW DOWN ***
Mahu2021: shows [Qc 7h] (a pair of Aces)
zx10rmike: shows [2h 3h] (a pair of Aces - lower kicker)
Mahu2021 collected 160 from pot
zx10rmike finished the tournament in 2nd place
Mahu2021 wins the tournament and receives $4.00 - congratulations!
*** SUMMARY ***
Total pot 160 | Rake 0 
Board [As 8d Ah 5d Kd]
Seat 2: Mahu2021 (big blind) showed [Qc 7h] and won (160) with a pair of Aces
Seat 3: zx10rmike (button) (small blind) showed [2h 3h] and lost with a pair of Aces



