PokerStars Hand #247084116215: Tournament #3672616230, $23.50+$1.50 USD Hold'em No Limit - Level I (10/20) - 2023/11/13 13:01:09 CET [2023/11/13 7:01:09 ET]
Table '3672616230 1' 3-max Seat #1 is the button
Seat 1: sirblackroll (500 in chips) 
Seat 2: requena0008 (500 in chips) 
Seat 3: Mahu2021 (500 in chips) 
requena0008: posts small blind 10
Mahu2021: posts big blind 20
*** HOLE CARDS ***
Dealt to Mahu2021 [Qs Jc]
sirblackroll: folds 
requena0008: raises 40 to 60
Mahu2021: calls 40
*** FLOP *** [8s 3d Td]
requena0008: checks 
Mahu2021: checks 
*** TURN *** [8s 3d Td] [3h]
requena0008: checks 
Mahu2021: bets 40
requena0008: calls 40
*** RIVER *** [8s 3d Td 3h] [Ts]
requena0008: checks 
Mahu2021: bets 100
requena0008: folds 
Uncalled bet (100) returned to Mahu2021
Mahu2021 collected 200 from pot
Mahu2021: doesn't show hand 
*** SUMMARY ***
Total pot 200 | Rake 0 
Board [8s 3d Td 3h Ts]
Seat 1: sirblackroll (button) folded before Flop (didn't bet)
Seat 2: requena0008 (small blind) folded on the River
Seat 3: Mahu2021 (big blind) collected (200)



PokerStars Hand #247084123204: Tournament #3672616230, $23.50+$1.50 USD Hold'em No Limit - Level I (10/20) - 2023/11/13 13:01:56 CET [2023/11/13 7:01:56 ET]
Table '3672616230 1' 3-max Seat #2 is the button
Seat 1: sirblackroll (500 in chips) 
Seat 2: requena0008 (400 in chips) 
Seat 3: Mahu2021 (600 in chips) 
Mahu2021: posts small blind 10
sirblackroll: posts big blind 20
*** HOLE CARDS ***
Dealt to Mahu2021 [2s Ah]
requena0008: folds 
Mahu2021: folds 
Uncalled bet (10) returned to sirblackroll
sirblackroll collected 20 from pot
sirblackroll: doesn't show hand 
*** SUMMARY ***
Total pot 20 | Rake 0 
Seat 1: sirblackroll (big blind) collected (20)
Seat 2: requena0008 (button) folded before Flop (didn't bet)
Seat 3: Mahu2021 (small blind) folded before Flop



PokerStars Hand #247084124971: Tournament #3672616230, $23.50+$1.50 USD Hold'em No Limit - Level I (10/20) - 2023/11/13 13:02:07 CET [2023/11/13 7:02:07 ET]
Table '3672616230 1' 3-max Seat #3 is the button
Seat 1: sirblackroll (510 in chips) 
Seat 2: requena0008 (400 in chips) 
Seat 3: Mahu2021 (590 in chips) 
sirblackroll: posts small blind 10
requena0008: posts big blind 20
*** HOLE CARDS ***
Dealt to Mahu2021 [9d 3c]
Mahu2021: folds 
sirblackroll: raises 20 to 40
requena0008: calls 20
*** FLOP *** [Th 2c 6c]
sirblackroll: checks 
requena0008: bets 40
sirblackroll: folds 
Uncalled bet (40) returned to requena0008
requena0008 collected 80 from pot
requena0008: doesn't show hand 
*** SUMMARY ***
Total pot 80 | Rake 0 
Board [Th 2c 6c]
Seat 1: sirblackroll (small blind) folded on the Flop
Seat 2: requena0008 (big blind) collected (80)
Seat 3: Mahu2021 (button) folded before Flop (didn't bet)



PokerStars Hand #247084129459: Tournament #3672616230, $23.50+$1.50 USD Hold'em No Limit - Level I (10/20) - 2023/11/13 13:02:36 CET [2023/11/13 7:02:36 ET]
Table '3672616230 1' 3-max Seat #1 is the button
Seat 1: sirblackroll (470 in chips) 
Seat 2: requena0008 (440 in chips) 
Seat 3: Mahu2021 (590 in chips) 
requena0008: posts small blind 10
Mahu2021: posts big blind 20
*** HOLE CARDS ***
Dealt to Mahu2021 [Qh 9d]
sirblackroll: folds 
requena0008: raises 30 to 50
Mahu2021: folds 
Uncalled bet (30) returned to requena0008
requena0008 collected 40 from pot
requena0008: doesn't show hand 
*** SUMMARY ***
Total pot 40 | Rake 0 
Seat 1: sirblackroll (button) folded before Flop (didn't bet)
Seat 2: requena0008 (small blind) collected (40)
Seat 3: Mahu2021 (big blind) folded before Flop



PokerStars Hand #247084131451: Tournament #3672616230, $23.50+$1.50 USD Hold'em No Limit - Level I (10/20) - 2023/11/13 13:02:49 CET [2023/11/13 7:02:49 ET]
Table '3672616230 1' 3-max Seat #2 is the button
Seat 1: sirblackroll (470 in chips) 
Seat 2: requena0008 (460 in chips) 
Seat 3: Mahu2021 (570 in chips) 
Mahu2021: posts small blind 10
sirblackroll: posts big blind 20
*** HOLE CARDS ***
Dealt to Mahu2021 [Ad Jc]
requena0008: folds 
Mahu2021: raises 40 to 60
sirblackroll: calls 40
*** FLOP *** [6c Th 9c]
Mahu2021: checks 
sirblackroll: bets 60
Mahu2021: folds 
Uncalled bet (60) returned to sirblackroll
sirblackroll collected 120 from pot
sirblackroll: doesn't show hand 
*** SUMMARY ***
Total pot 120 | Rake 0 
Board [6c Th 9c]
Seat 1: sirblackroll (big blind) collected (120)
Seat 2: requena0008 (button) folded before Flop (didn't bet)
Seat 3: Mahu2021 (small blind) folded on the Flop



PokerStars Hand #247084134912: Tournament #3672616230, $23.50+$1.50 USD Hold'em No Limit - Level I (10/20) - 2023/11/13 13:03:10 CET [2023/11/13 7:03:10 ET]
Table '3672616230 1' 3-max Seat #3 is the button
Seat 1: sirblackroll (530 in chips) 
Seat 2: requena0008 (460 in chips) 
Seat 3: Mahu2021 (510 in chips) 
sirblackroll: posts small blind 10
requena0008: posts big blind 20
*** HOLE CARDS ***
Dealt to Mahu2021 [Kd 7s]
Mahu2021: folds 
sirblackroll: folds 
Uncalled bet (10) returned to requena0008
requena0008 collected 20 from pot
requena0008: doesn't show hand 
*** SUMMARY ***
Total pot 20 | Rake 0 
Seat 1: sirblackroll (small blind) folded before Flop
Seat 2: requena0008 (big blind) collected (20)
Seat 3: Mahu2021 (button) folded before Flop (didn't bet)



PokerStars Hand #247084136087: Tournament #3672616230, $23.50+$1.50 USD Hold'em No Limit - Level I (10/20) - 2023/11/13 13:03:18 CET [2023/11/13 7:03:18 ET]
Table '3672616230 1' 3-max Seat #1 is the button
Seat 1: sirblackroll (520 in chips) 
Seat 2: requena0008 (470 in chips) 
Seat 3: Mahu2021 (510 in chips) 
requena0008: posts small blind 10
Mahu2021: posts big blind 20
*** HOLE CARDS ***
Dealt to Mahu2021 [3s 6d]
sirblackroll: folds 
requena0008: folds 
Uncalled bet (10) returned to Mahu2021
Mahu2021 collected 20 from pot
Mahu2021: doesn't show hand 
*** SUMMARY ***
Total pot 20 | Rake 0 
Seat 1: sirblackroll (button) folded before Flop (didn't bet)
Seat 2: requena0008 (small blind) folded before Flop
Seat 3: Mahu2021 (big blind) collected (20)



PokerStars Hand #247084137135: Tournament #3672616230, $23.50+$1.50 USD Hold'em No Limit - Level I (10/20) - 2023/11/13 13:03:24 CET [2023/11/13 7:03:24 ET]
Table '3672616230 1' 3-max Seat #2 is the button
Seat 1: sirblackroll (520 in chips) 
Seat 2: requena0008 (460 in chips) 
Seat 3: Mahu2021 (520 in chips) 
Mahu2021: posts small blind 10
sirblackroll: posts big blind 20
*** HOLE CARDS ***
Dealt to Mahu2021 [3c As]
requena0008: folds 
Mahu2021: raises 40 to 60
sirblackroll: calls 40
*** FLOP *** [5s 4s Kd]
Mahu2021: bets 60
sirblackroll: calls 60
*** TURN *** [5s 4s Kd] [Ac]
Mahu2021: bets 60
sirblackroll: folds 
Uncalled bet (60) returned to Mahu2021
Mahu2021 collected 240 from pot
Mahu2021: doesn't show hand 
*** SUMMARY ***
Total pot 240 | Rake 0 
Board [5s 4s Kd Ac]
Seat 1: sirblackroll (big blind) folded on the Turn
Seat 2: requena0008 (button) folded before Flop (didn't bet)
Seat 3: Mahu2021 (small blind) collected (240)



PokerStars Hand #247084141706: Tournament #3672616230, $23.50+$1.50 USD Hold'em No Limit - Level I (10/20) - 2023/11/13 13:03:53 CET [2023/11/13 7:03:53 ET]
Table '3672616230 1' 3-max Seat #3 is the button
Seat 1: sirblackroll (400 in chips) 
Seat 2: requena0008 (460 in chips) 
Seat 3: Mahu2021 (640 in chips) 
sirblackroll: posts small blind 10
requena0008: posts big blind 20
*** HOLE CARDS ***
Dealt to Mahu2021 [Qc 3h]
Mahu2021: folds 
sirblackroll: folds 
Uncalled bet (10) returned to requena0008
requena0008 collected 20 from pot
requena0008: doesn't show hand 
*** SUMMARY ***
Total pot 20 | Rake 0 
Seat 1: sirblackroll (small blind) folded before Flop
Seat 2: requena0008 (big blind) collected (20)
Seat 3: Mahu2021 (button) folded before Flop (didn't bet)



PokerStars Hand #247084143393: Tournament #3672616230, $23.50+$1.50 USD Hold'em No Limit - Level I (10/20) - 2023/11/13 13:04:04 CET [2023/11/13 7:04:04 ET]
Table '3672616230 1' 3-max Seat #1 is the button
Seat 1: sirblackroll (390 in chips) 
Seat 2: requena0008 (470 in chips) 
Seat 3: Mahu2021 (640 in chips) 
requena0008: posts small blind 10
Mahu2021: posts big blind 20
*** HOLE CARDS ***
Dealt to Mahu2021 [8s 3c]
sirblackroll: folds 
requena0008: raises 40 to 60
Mahu2021: folds 
Uncalled bet (40) returned to requena0008
requena0008 collected 40 from pot
requena0008: doesn't show hand 
*** SUMMARY ***
Total pot 40 | Rake 0 
Seat 1: sirblackroll (button) folded before Flop (didn't bet)
Seat 2: requena0008 (small blind) collected (40)
Seat 3: Mahu2021 (big blind) folded before Flop



PokerStars Hand #247084145823: Tournament #3672616230, $23.50+$1.50 USD Hold'em No Limit - Level II (15/30) - 2023/11/13 13:04:20 CET [2023/11/13 7:04:20 ET]
Table '3672616230 1' 3-max Seat #2 is the button
Seat 1: sirblackroll (390 in chips) 
Seat 2: requena0008 (490 in chips) 
Seat 3: Mahu2021 (620 in chips) 
Mahu2021: posts small blind 15
sirblackroll: posts big blind 30
*** HOLE CARDS ***
Dealt to Mahu2021 [2s 7h]
requena0008: folds 
Mahu2021: folds 
Uncalled bet (15) returned to sirblackroll
sirblackroll collected 30 from pot
sirblackroll: doesn't show hand 
*** SUMMARY ***
Total pot 30 | Rake 0 
Seat 1: sirblackroll (big blind) collected (30)
Seat 2: requena0008 (button) folded before Flop (didn't bet)
Seat 3: Mahu2021 (small blind) folded before Flop



PokerStars Hand #247084146908: Tournament #3672616230, $23.50+$1.50 USD Hold'em No Limit - Level II (15/30) - 2023/11/13 13:04:26 CET [2023/11/13 7:04:26 ET]
Table '3672616230 1' 3-max Seat #3 is the button
Seat 1: sirblackroll (405 in chips) 
Seat 2: requena0008 (490 in chips) 
Seat 3: Mahu2021 (605 in chips) 
sirblackroll: posts small blind 15
requena0008: posts big blind 30
*** HOLE CARDS ***
Dealt to Mahu2021 [Qd Ad]
Mahu2021: raises 60 to 90
sirblackroll: folds 
requena0008: folds 
Uncalled bet (60) returned to Mahu2021
Mahu2021 collected 75 from pot
Mahu2021: doesn't show hand 
*** SUMMARY ***
Total pot 75 | Rake 0 
Seat 1: sirblackroll (small blind) folded before Flop
Seat 2: requena0008 (big blind) folded before Flop
Seat 3: Mahu2021 (button) collected (75)



PokerStars Hand #247084149357: Tournament #3672616230, $23.50+$1.50 USD Hold'em No Limit - Level II (15/30) - 2023/11/13 13:04:42 CET [2023/11/13 7:04:42 ET]
Table '3672616230 1' 3-max Seat #1 is the button
Seat 1: sirblackroll (390 in chips) 
Seat 2: requena0008 (460 in chips) 
Seat 3: Mahu2021 (650 in chips) 
requena0008: posts small blind 15
Mahu2021: posts big blind 30
*** HOLE CARDS ***
Dealt to Mahu2021 [9c 2c]
sirblackroll: folds 
requena0008: folds 
Uncalled bet (15) returned to Mahu2021
Mahu2021 collected 30 from pot
Mahu2021: doesn't show hand 
*** SUMMARY ***
Total pot 30 | Rake 0 
Seat 1: sirblackroll (button) folded before Flop (didn't bet)
Seat 2: requena0008 (small blind) folded before Flop
Seat 3: Mahu2021 (big blind) collected (30)



PokerStars Hand #247084150506: Tournament #3672616230, $23.50+$1.50 USD Hold'em No Limit - Level II (15/30) - 2023/11/13 13:04:49 CET [2023/11/13 7:04:49 ET]
Table '3672616230 1' 3-max Seat #2 is the button
Seat 1: sirblackroll (390 in chips) 
Seat 2: requena0008 (445 in chips) 
Seat 3: Mahu2021 (665 in chips) 
Mahu2021: posts small blind 15
sirblackroll: posts big blind 30
*** HOLE CARDS ***
Dealt to Mahu2021 [5s 3s]
requena0008: folds 
Mahu2021: calls 15
sirblackroll: raises 45 to 75
Mahu2021: folds 
Uncalled bet (45) returned to sirblackroll
sirblackroll collected 60 from pot
sirblackroll: doesn't show hand 
*** SUMMARY ***
Total pot 60 | Rake 0 
Seat 1: sirblackroll (big blind) collected (60)
Seat 2: requena0008 (button) folded before Flop (didn't bet)
Seat 3: Mahu2021 (small blind) folded before Flop



PokerStars Hand #247084153585: Tournament #3672616230, $23.50+$1.50 USD Hold'em No Limit - Level II (15/30) - 2023/11/13 13:05:08 CET [2023/11/13 7:05:08 ET]
Table '3672616230 1' 3-max Seat #3 is the button
Seat 1: sirblackroll (420 in chips) 
Seat 2: requena0008 (445 in chips) 
Seat 3: Mahu2021 (635 in chips) 
sirblackroll: posts small blind 15
requena0008: posts big blind 30
*** HOLE CARDS ***
Dealt to Mahu2021 [8s 5s]
Mahu2021: folds 
sirblackroll: folds 
Uncalled bet (15) returned to requena0008
requena0008 collected 30 from pot
requena0008: doesn't show hand 
*** SUMMARY ***
Total pot 30 | Rake 0 
Seat 1: sirblackroll (small blind) folded before Flop
Seat 2: requena0008 (big blind) collected (30)
Seat 3: Mahu2021 (button) folded before Flop (didn't bet)



PokerStars Hand #247084154773: Tournament #3672616230, $23.50+$1.50 USD Hold'em No Limit - Level II (15/30) - 2023/11/13 13:05:15 CET [2023/11/13 7:05:15 ET]
Table '3672616230 1' 3-max Seat #1 is the button
Seat 1: sirblackroll (405 in chips) 
Seat 2: requena0008 (460 in chips) 
Seat 3: Mahu2021 (635 in chips) 
requena0008: posts small blind 15
Mahu2021: posts big blind 30
*** HOLE CARDS ***
Dealt to Mahu2021 [Kh 4c]
sirblackroll: raises 30 to 60
requena0008: folds 
Mahu2021: calls 30
*** FLOP *** [3c Jd Qc]
Mahu2021: checks 
sirblackroll: bets 39
Mahu2021: folds 
Uncalled bet (39) returned to sirblackroll
sirblackroll collected 135 from pot
sirblackroll: doesn't show hand 
*** SUMMARY ***
Total pot 135 | Rake 0 
Board [3c Jd Qc]
Seat 1: sirblackroll (button) collected (135)
Seat 2: requena0008 (small blind) folded before Flop
Seat 3: Mahu2021 (big blind) folded on the Flop



PokerStars Hand #247084158048: Tournament #3672616230, $23.50+$1.50 USD Hold'em No Limit - Level II (15/30) - 2023/11/13 13:05:36 CET [2023/11/13 7:05:36 ET]
Table '3672616230 1' 3-max Seat #2 is the button
Seat 1: sirblackroll (480 in chips) 
Seat 2: requena0008 (445 in chips) 
Seat 3: Mahu2021 (575 in chips) 
Mahu2021: posts small blind 15
sirblackroll: posts big blind 30
*** HOLE CARDS ***
Dealt to Mahu2021 [Kh 9d]
requena0008: raises 415 to 445 and is all-in
Mahu2021: folds 
sirblackroll: folds 
Uncalled bet (415) returned to requena0008
requena0008 collected 75 from pot
requena0008: doesn't show hand 
*** SUMMARY ***
Total pot 75 | Rake 0 
Seat 1: sirblackroll (big blind) folded before Flop
Seat 2: requena0008 (button) collected (75)
Seat 3: Mahu2021 (small blind) folded before Flop



PokerStars Hand #247084159472: Tournament #3672616230, $23.50+$1.50 USD Hold'em No Limit - Level II (15/30) - 2023/11/13 13:05:45 CET [2023/11/13 7:05:45 ET]
Table '3672616230 1' 3-max Seat #3 is the button
Seat 1: sirblackroll (450 in chips) 
Seat 2: requena0008 (490 in chips) 
Seat 3: Mahu2021 (560 in chips) 
sirblackroll: posts small blind 15
requena0008: posts big blind 30
*** HOLE CARDS ***
Dealt to Mahu2021 [Ah 6d]
Mahu2021: raises 60 to 90
sirblackroll: calls 75
requena0008: folds 
*** FLOP *** [Jd Qh As]
sirblackroll: bets 360 and is all-in
Mahu2021: calls 360
*** TURN *** [Jd Qh As] [7d]
*** RIVER *** [Jd Qh As 7d] [2d]
*** SHOW DOWN ***
sirblackroll: shows [6c Ac] (a pair of Aces)
Mahu2021: shows [Ah 6d] (a pair of Aces)
sirblackroll collected 465 from pot
Mahu2021 collected 465 from pot
*** SUMMARY ***
Total pot 930 | Rake 0 
Board [Jd Qh As 7d 2d]
Seat 1: sirblackroll (small blind) showed [6c Ac] and won (465) with a pair of Aces
Seat 2: requena0008 (big blind) folded before Flop
Seat 3: Mahu2021 (button) showed [Ah 6d] and won (465) with a pair of Aces



PokerStars Hand #247084162599: Tournament #3672616230, $23.50+$1.50 USD Hold'em No Limit - Level II (15/30) - 2023/11/13 13:06:04 CET [2023/11/13 7:06:04 ET]
Table '3672616230 1' 3-max Seat #1 is the button
Seat 1: sirblackroll (465 in chips) 
Seat 2: requena0008 (460 in chips) 
Seat 3: Mahu2021 (575 in chips) 
requena0008: posts small blind 15
Mahu2021: posts big blind 30
*** HOLE CARDS ***
Dealt to Mahu2021 [8s 3h]
sirblackroll: folds 
requena0008: raises 45 to 75
Mahu2021: folds 
Uncalled bet (45) returned to requena0008
requena0008 collected 60 from pot
requena0008: doesn't show hand 
*** SUMMARY ***
Total pot 60 | Rake 0 
Seat 1: sirblackroll (button) folded before Flop (didn't bet)
Seat 2: requena0008 (small blind) collected (60)
Seat 3: Mahu2021 (big blind) folded before Flop



PokerStars Hand #247084164192: Tournament #3672616230, $23.50+$1.50 USD Hold'em No Limit - Level II (15/30) - 2023/11/13 13:06:13 CET [2023/11/13 7:06:13 ET]
Table '3672616230 1' 3-max Seat #2 is the button
Seat 1: sirblackroll (465 in chips) 
Seat 2: requena0008 (490 in chips) 
Seat 3: Mahu2021 (545 in chips) 
Mahu2021: posts small blind 15
sirblackroll: posts big blind 30
*** HOLE CARDS ***
Dealt to Mahu2021 [Tc 4c]
requena0008: folds 
Mahu2021: folds 
Uncalled bet (15) returned to sirblackroll
sirblackroll collected 30 from pot
sirblackroll: doesn't show hand 
*** SUMMARY ***
Total pot 30 | Rake 0 
Seat 1: sirblackroll (big blind) collected (30)
Seat 2: requena0008 (button) folded before Flop (didn't bet)
Seat 3: Mahu2021 (small blind) folded before Flop



PokerStars Hand #247084165556: Tournament #3672616230, $23.50+$1.50 USD Hold'em No Limit - Level II (15/30) - 2023/11/13 13:06:22 CET [2023/11/13 7:06:22 ET]
Table '3672616230 1' 3-max Seat #3 is the button
Seat 1: sirblackroll (480 in chips) 
Seat 2: requena0008 (490 in chips) 
Seat 3: Mahu2021 (530 in chips) 
sirblackroll: posts small blind 15
requena0008: posts big blind 30
*** HOLE CARDS ***
Dealt to Mahu2021 [8s 8d]
Mahu2021: raises 500 to 530 and is all-in
sirblackroll: folds 
requena0008: folds 
Uncalled bet (500) returned to Mahu2021
Mahu2021 collected 75 from pot
Mahu2021: doesn't show hand 
*** SUMMARY ***
Total pot 75 | Rake 0 
Seat 1: sirblackroll (small blind) folded before Flop
Seat 2: requena0008 (big blind) folded before Flop
Seat 3: Mahu2021 (button) collected (75)



PokerStars Hand #247084167178: Tournament #3672616230, $23.50+$1.50 USD Hold'em No Limit - Level II (15/30) - 2023/11/13 13:06:32 CET [2023/11/13 7:06:32 ET]
Table '3672616230 1' 3-max Seat #1 is the button
Seat 1: sirblackroll (465 in chips) 
Seat 2: requena0008 (460 in chips) 
Seat 3: Mahu2021 (575 in chips) 
requena0008: posts small blind 15
Mahu2021: posts big blind 30
*** HOLE CARDS ***
Dealt to Mahu2021 [Jh 2h]
sirblackroll: raises 30 to 60
requena0008: folds 
Mahu2021: calls 30
*** FLOP *** [7c 8d Kd]
Mahu2021: checks 
sirblackroll: bets 68
Mahu2021: folds 
Uncalled bet (68) returned to sirblackroll
sirblackroll collected 135 from pot
sirblackroll: doesn't show hand 
*** SUMMARY ***
Total pot 135 | Rake 0 
Board [7c 8d Kd]
Seat 1: sirblackroll (button) collected (135)
Seat 2: requena0008 (small blind) folded before Flop
Seat 3: Mahu2021 (big blind) folded on the Flop



PokerStars Hand #247084169863: Tournament #3672616230, $23.50+$1.50 USD Hold'em No Limit - Level II (15/30) - 2023/11/13 13:06:49 CET [2023/11/13 7:06:49 ET]
Table '3672616230 1' 3-max Seat #2 is the button
Seat 1: sirblackroll (540 in chips) 
Seat 2: requena0008 (445 in chips) 
Seat 3: Mahu2021 (515 in chips) 
Mahu2021: posts small blind 15
sirblackroll: posts big blind 30
*** HOLE CARDS ***
Dealt to Mahu2021 [6s 3c]
requena0008: raises 30 to 60
Mahu2021: folds 
sirblackroll: calls 30
*** FLOP *** [3h Kc 2c]
sirblackroll: checks 
requena0008: checks 
*** TURN *** [3h Kc 2c] [4h]
sirblackroll: checks 
requena0008: bets 68
sirblackroll: folds 
Uncalled bet (68) returned to requena0008
requena0008 collected 135 from pot
requena0008: doesn't show hand 
*** SUMMARY ***
Total pot 135 | Rake 0 
Board [3h Kc 2c 4h]
Seat 1: sirblackroll (big blind) folded on the Turn
Seat 2: requena0008 (button) collected (135)
Seat 3: Mahu2021 (small blind) folded before Flop



PokerStars Hand #247084175239: Tournament #3672616230, $23.50+$1.50 USD Hold'em No Limit - Level III (20/40) - 2023/11/13 13:07:23 CET [2023/11/13 7:07:23 ET]
Table '3672616230 1' 3-max Seat #3 is the button
Seat 1: sirblackroll (480 in chips) 
Seat 2: requena0008 (520 in chips) 
Seat 3: Mahu2021 (500 in chips) 
sirblackroll: posts small blind 20
requena0008: posts big blind 40
*** HOLE CARDS ***
Dealt to Mahu2021 [3h 6s]
Mahu2021: folds 
sirblackroll: folds 
Uncalled bet (20) returned to requena0008
requena0008 collected 40 from pot
requena0008: doesn't show hand 
*** SUMMARY ***
Total pot 40 | Rake 0 
Seat 1: sirblackroll (small blind) folded before Flop
Seat 2: requena0008 (big blind) collected (40)
Seat 3: Mahu2021 (button) folded before Flop (didn't bet)



PokerStars Hand #247084176690: Tournament #3672616230, $23.50+$1.50 USD Hold'em No Limit - Level III (20/40) - 2023/11/13 13:07:32 CET [2023/11/13 7:07:32 ET]
Table '3672616230 1' 3-max Seat #1 is the button
Seat 1: sirblackroll (460 in chips) 
Seat 2: requena0008 (540 in chips) 
Seat 3: Mahu2021 (500 in chips) 
requena0008: posts small blind 20
Mahu2021: posts big blind 40
*** HOLE CARDS ***
Dealt to Mahu2021 [7d 9s]
sirblackroll: folds 
requena0008: raises 500 to 540 and is all-in
Mahu2021: folds 
Uncalled bet (500) returned to requena0008
requena0008 collected 80 from pot
requena0008: doesn't show hand 
*** SUMMARY ***
Total pot 80 | Rake 0 
Seat 1: sirblackroll (button) folded before Flop (didn't bet)
Seat 2: requena0008 (small blind) collected (80)
Seat 3: Mahu2021 (big blind) folded before Flop



PokerStars Hand #247084179102: Tournament #3672616230, $23.50+$1.50 USD Hold'em No Limit - Level III (20/40) - 2023/11/13 13:07:47 CET [2023/11/13 7:07:47 ET]
Table '3672616230 1' 3-max Seat #2 is the button
Seat 1: sirblackroll (460 in chips) 
Seat 2: requena0008 (580 in chips) 
Seat 3: Mahu2021 (460 in chips) 
Mahu2021: posts small blind 20
sirblackroll: posts big blind 40
*** HOLE CARDS ***
Dealt to Mahu2021 [Jd Td]
requena0008: raises 540 to 580 and is all-in
Mahu2021: folds 
sirblackroll: calls 420 and is all-in
Uncalled bet (120) returned to requena0008
*** FLOP *** [Js 5s Qh]
*** TURN *** [Js 5s Qh] [8c]
*** RIVER *** [Js 5s Qh 8c] [Tc]
*** SHOW DOWN ***
sirblackroll: shows [Qc Kd] (a pair of Queens)
requena0008: shows [Kh Jc] (a pair of Jacks)
sirblackroll collected 940 from pot
*** SUMMARY ***
Total pot 940 | Rake 0 
Board [Js 5s Qh 8c Tc]
Seat 1: sirblackroll (big blind) showed [Qc Kd] and won (940) with a pair of Queens
Seat 2: requena0008 (button) showed [Kh Jc] and lost with a pair of Jacks
Seat 3: Mahu2021 (small blind) folded before Flop



PokerStars Hand #247084182293: Tournament #3672616230, $23.50+$1.50 USD Hold'em No Limit - Level III (20/40) - 2023/11/13 13:08:06 CET [2023/11/13 7:08:06 ET]
Table '3672616230 1' 3-max Seat #3 is the button
Seat 1: sirblackroll (940 in chips) 
Seat 2: requena0008 (120 in chips) 
Seat 3: Mahu2021 (440 in chips) 
sirblackroll: posts small blind 20
requena0008: posts big blind 40
*** HOLE CARDS ***
Dealt to Mahu2021 [7h 2c]
Mahu2021: folds 
sirblackroll: raises 900 to 940 and is all-in
requena0008: calls 80 and is all-in
Uncalled bet (820) returned to sirblackroll
*** FLOP *** [6d Ac Ad]
*** TURN *** [6d Ac Ad] [9s]
*** RIVER *** [6d Ac Ad 9s] [6s]
*** SHOW DOWN ***
sirblackroll: shows [Qh 8s] (two pair, Aces and Sixes)
requena0008: shows [Kd As] (a full house, Aces full of Sixes)
requena0008 collected 240 from pot
*** SUMMARY ***
Total pot 240 | Rake 0 
Board [6d Ac Ad 9s 6s]
Seat 1: sirblackroll (small blind) showed [Qh 8s] and lost with two pair, Aces and Sixes
Seat 2: requena0008 (big blind) showed [Kd As] and won (240) with a full house, Aces full of Sixes
Seat 3: Mahu2021 (button) folded before Flop (didn't bet)



PokerStars Hand #247084185224: Tournament #3672616230, $23.50+$1.50 USD Hold'em No Limit - Level III (20/40) - 2023/11/13 13:08:24 CET [2023/11/13 7:08:24 ET]
Table '3672616230 1' 3-max Seat #1 is the button
Seat 1: sirblackroll (820 in chips) 
Seat 2: requena0008 (240 in chips) 
Seat 3: Mahu2021 (440 in chips) 
requena0008: posts small blind 20
Mahu2021: posts big blind 40
*** HOLE CARDS ***
Dealt to Mahu2021 [Tc Qd]
sirblackroll: raises 40 to 80
requena0008: folds 
Mahu2021: calls 40
*** FLOP *** [2h Jd 3c]
Mahu2021: checks 
sirblackroll: bets 59
Mahu2021: folds 
Uncalled bet (59) returned to sirblackroll
sirblackroll collected 180 from pot
sirblackroll: doesn't show hand 
*** SUMMARY ***
Total pot 180 | Rake 0 
Board [2h Jd 3c]
Seat 1: sirblackroll (button) collected (180)
Seat 2: requena0008 (small blind) folded before Flop
Seat 3: Mahu2021 (big blind) folded on the Flop



PokerStars Hand #247084190909: Tournament #3672616230, $23.50+$1.50 USD Hold'em No Limit - Level III (20/40) - 2023/11/13 13:09:00 CET [2023/11/13 7:09:00 ET]
Table '3672616230 1' 3-max Seat #2 is the button
Seat 1: sirblackroll (920 in chips) 
Seat 2: requena0008 (220 in chips) 
Seat 3: Mahu2021 (360 in chips) 
Mahu2021: posts small blind 20
sirblackroll: posts big blind 40
*** HOLE CARDS ***
Dealt to Mahu2021 [Qc 9h]
requena0008: folds 
Mahu2021: raises 320 to 360 and is all-in
sirblackroll: calls 320
*** FLOP *** [Kd 5d Td]
*** TURN *** [Kd 5d Td] [3c]
*** RIVER *** [Kd 5d Td 3c] [6h]
*** SHOW DOWN ***
Mahu2021: shows [Qc 9h] (high card King)
sirblackroll: shows [3s As] (a pair of Threes)
sirblackroll collected 720 from pot
Mahu2021 finished the tournament in 3rd place
*** SUMMARY ***
Total pot 720 | Rake 0 
Board [Kd 5d Td 3c 6h]
Seat 1: sirblackroll (big blind) showed [3s As] and won (720) with a pair of Threes
Seat 2: requena0008 (button) folded before Flop (didn't bet)
Seat 3: Mahu2021 (small blind) showed [Qc 9h] and lost with high card King



