PokerStars Hand #242817544850: Tournament #3570701054, $0.92+$0.08 USD Hold'em No Limit - Level I (10/20) - 2023/04/01 17:14:50 CET [2023/04/01 11:14:50 ET]
Table '3570701054 1' 3-max Seat #1 is the button
Seat 1: kdasdt (500 in chips) 
Seat 2: jalexrios (500 in chips) 
Seat 3: Mahu2021 (500 in chips) 
jalexrios: posts small blind 10
Mahu2021: posts big blind 20
*** HOLE CARDS ***
Dealt to Mahu2021 [Js 3h]
kdasdt: calls 20
jalexrios: calls 10
Mahu2021: checks 
*** FLOP *** [Jd 8s 2c]
jalexrios: bets 20
Mahu2021: calls 20
kdasdt: folds 
*** TURN *** [Jd 8s 2c] [Qc]
jalexrios: checks 
Mahu2021: checks 
*** RIVER *** [Jd 8s 2c Qc] [8d]
jalexrios: checks 
Mahu2021: checks 
*** SHOW DOWN ***
jalexrios: shows [7h 2h] (two pair, Eights and Deuces)
Mahu2021: shows [Js 3h] (two pair, Jacks and Eights)
Mahu2021 collected 100 from pot
*** SUMMARY ***
Total pot 100 | Rake 0 
Board [Jd 8s 2c Qc 8d]
Seat 1: kdasdt (button) folded on the Flop
Seat 2: jalexrios (small blind) showed [7h 2h] and lost with two pair, Eights and Deuces
Seat 3: Mahu2021 (big blind) showed [Js 3h] and won (100) with two pair, Jacks and Eights



PokerStars Hand #242817550398: Tournament #3570701054, $0.92+$0.08 USD Hold'em No Limit - Level I (10/20) - 2023/04/01 17:15:08 CET [2023/04/01 11:15:08 ET]
Table '3570701054 1' 3-max Seat #2 is the button
Seat 1: kdasdt (480 in chips) 
Seat 2: jalexrios (460 in chips) 
Seat 3: Mahu2021 (560 in chips) 
Mahu2021: posts small blind 10
kdasdt: posts big blind 20
*** HOLE CARDS ***
Dealt to Mahu2021 [Ks 2c]
jalexrios: folds 
Mahu2021: calls 10
kdasdt: checks 
*** FLOP *** [Ad Kh 5s]
Mahu2021: checks 
kdasdt: bets 20
Mahu2021: calls 20
*** TURN *** [Ad Kh 5s] [6d]
Mahu2021: checks 
kdasdt: bets 20
Mahu2021: calls 20
*** RIVER *** [Ad Kh 5s 6d] [5h]
Mahu2021: checks 
kdasdt: bets 20
Mahu2021: calls 20
*** SHOW DOWN ***
kdasdt: shows [As 4s] (two pair, Aces and Fives)
Mahu2021: mucks hand 
kdasdt collected 160 from pot
*** SUMMARY ***
Total pot 160 | Rake 0 
Board [Ad Kh 5s 6d 5h]
Seat 1: kdasdt (big blind) showed [As 4s] and won (160) with two pair, Aces and Fives
Seat 2: jalexrios (button) folded before Flop (didn't bet)
Seat 3: Mahu2021 (small blind) mucked [Ks 2c]



PokerStars Hand #242817555727: Tournament #3570701054, $0.92+$0.08 USD Hold'em No Limit - Level I (10/20) - 2023/04/01 17:15:26 CET [2023/04/01 11:15:26 ET]
Table '3570701054 1' 3-max Seat #3 is the button
Seat 1: kdasdt (560 in chips) 
Seat 2: jalexrios (460 in chips) 
Seat 3: Mahu2021 (480 in chips) 
kdasdt: posts small blind 10
jalexrios: posts big blind 20
*** HOLE CARDS ***
Dealt to Mahu2021 [6h 2h]
Mahu2021: folds 
kdasdt: calls 10
jalexrios: checks 
*** FLOP *** [8c Kc Th]
kdasdt: bets 20
jalexrios: folds 
Uncalled bet (20) returned to kdasdt
kdasdt collected 40 from pot
*** SUMMARY ***
Total pot 40 | Rake 0 
Board [8c Kc Th]
Seat 1: kdasdt (small blind) collected (40)
Seat 2: jalexrios (big blind) folded on the Flop
Seat 3: Mahu2021 (button) folded before Flop (didn't bet)



PokerStars Hand #242817559240: Tournament #3570701054, $0.92+$0.08 USD Hold'em No Limit - Level I (10/20) - 2023/04/01 17:15:37 CET [2023/04/01 11:15:37 ET]
Table '3570701054 1' 3-max Seat #1 is the button
Seat 1: kdasdt (580 in chips) 
Seat 2: jalexrios (440 in chips) 
Seat 3: Mahu2021 (480 in chips) 
jalexrios: posts small blind 10
Mahu2021: posts big blind 20
*** HOLE CARDS ***
Dealt to Mahu2021 [5h Qs]
kdasdt: folds 
jalexrios: calls 10
Mahu2021: checks 
*** FLOP *** [Qh Kh 4c]
jalexrios: bets 40
Mahu2021: calls 40
*** TURN *** [Qh Kh 4c] [7c]
jalexrios: bets 120
Mahu2021: calls 120
*** RIVER *** [Qh Kh 4c 7c] [5d]
jalexrios: bets 260 and is all-in
Mahu2021: calls 260
*** SHOW DOWN ***
jalexrios: shows [Kd 9c] (a pair of Kings)
Mahu2021: shows [5h Qs] (two pair, Queens and Fives)
Mahu2021 collected 880 from pot
jalexrios finished the tournament in 3rd place
*** SUMMARY ***
Total pot 880 | Rake 0 
Board [Qh Kh 4c 7c 5d]
Seat 1: kdasdt (button) folded before Flop (didn't bet)
Seat 2: jalexrios (small blind) showed [Kd 9c] and lost with a pair of Kings
Seat 3: Mahu2021 (big blind) showed [5h Qs] and won (880) with two pair, Queens and Fives



PokerStars Hand #242817566796: Tournament #3570701054, $0.92+$0.08 USD Hold'em No Limit - Level I (10/20) - 2023/04/01 17:16:03 CET [2023/04/01 11:16:03 ET]
Table '3570701054 1' 3-max Seat #3 is the button
Seat 1: kdasdt (580 in chips) 
Seat 3: Mahu2021 (920 in chips) 
Mahu2021: posts small blind 10
kdasdt: posts big blind 20
*** HOLE CARDS ***
Dealt to Mahu2021 [4h Jc]
Mahu2021: calls 10
kdasdt: checks 
*** FLOP *** [6h 7d 9d]
kdasdt: bets 20
Mahu2021: folds 
Uncalled bet (20) returned to kdasdt
kdasdt collected 40 from pot
*** SUMMARY ***
Total pot 40 | Rake 0 
Board [6h 7d 9d]
Seat 1: kdasdt (big blind) collected (40)
Seat 3: Mahu2021 (button) (small blind) folded on the Flop



PokerStars Hand #242817570274: Tournament #3570701054, $0.92+$0.08 USD Hold'em No Limit - Level I (10/20) - 2023/04/01 17:16:15 CET [2023/04/01 11:16:15 ET]
Table '3570701054 1' 3-max Seat #1 is the button
Seat 1: kdasdt (600 in chips) 
Seat 3: Mahu2021 (900 in chips) 
kdasdt: posts small blind 10
Mahu2021: posts big blind 20
*** HOLE CARDS ***
Dealt to Mahu2021 [Jc 6s]
kdasdt: raises 20 to 40
Mahu2021: folds 
Uncalled bet (20) returned to kdasdt
kdasdt collected 40 from pot
*** SUMMARY ***
Total pot 40 | Rake 0 
Seat 1: kdasdt (button) (small blind) collected (40)
Seat 3: Mahu2021 (big blind) folded before Flop



PokerStars Hand #242817572186: Tournament #3570701054, $0.92+$0.08 USD Hold'em No Limit - Level I (10/20) - 2023/04/01 17:16:21 CET [2023/04/01 11:16:21 ET]
Table '3570701054 1' 3-max Seat #3 is the button
Seat 1: kdasdt (620 in chips) 
Seat 3: Mahu2021 (880 in chips) 
Mahu2021: posts small blind 10
kdasdt: posts big blind 20
*** HOLE CARDS ***
Dealt to Mahu2021 [Td 6d]
Mahu2021: calls 10
kdasdt: raises 40 to 60
Mahu2021: calls 40
*** FLOP *** [6c 8h Qd]
kdasdt: bets 60
Mahu2021: calls 60
*** TURN *** [6c 8h Qd] [As]
kdasdt: bets 120
Mahu2021: folds 
Uncalled bet (120) returned to kdasdt
kdasdt collected 240 from pot
kdasdt: shows [8c Ah] (two pair, Aces and Eights)
*** SUMMARY ***
Total pot 240 | Rake 0 
Board [6c 8h Qd As]
Seat 1: kdasdt (big blind) collected (240)
Seat 3: Mahu2021 (button) (small blind) folded on the Turn



PokerStars Hand #242817577044: Tournament #3570701054, $0.92+$0.08 USD Hold'em No Limit - Level I (10/20) - 2023/04/01 17:16:37 CET [2023/04/01 11:16:37 ET]
Table '3570701054 1' 3-max Seat #1 is the button
Seat 1: kdasdt (740 in chips) 
Seat 3: Mahu2021 (760 in chips) 
kdasdt: posts small blind 10
Mahu2021: posts big blind 20
*** HOLE CARDS ***
Dealt to Mahu2021 [4h 4d]
kdasdt: calls 10
Mahu2021: raises 740 to 760 and is all-in
kdasdt: folds 
Uncalled bet (740) returned to Mahu2021
Mahu2021 collected 40 from pot
Mahu2021: doesn't show hand 
*** SUMMARY ***
Total pot 40 | Rake 0 
Seat 1: kdasdt (button) (small blind) folded before Flop
Seat 3: Mahu2021 (big blind) collected (40)



PokerStars Hand #242817579461: Tournament #3570701054, $0.92+$0.08 USD Hold'em No Limit - Level I (10/20) - 2023/04/01 17:16:45 CET [2023/04/01 11:16:45 ET]
Table '3570701054 1' 3-max Seat #3 is the button
Seat 1: kdasdt (720 in chips) 
Seat 3: Mahu2021 (780 in chips) 
Mahu2021: posts small blind 10
kdasdt: posts big blind 20
*** HOLE CARDS ***
Dealt to Mahu2021 [2d Ks]
Mahu2021: folds 
Uncalled bet (10) returned to kdasdt
kdasdt collected 20 from pot
*** SUMMARY ***
Total pot 20 | Rake 0 
Seat 1: kdasdt (big blind) collected (20)
Seat 3: Mahu2021 (button) (small blind) folded before Flop



PokerStars Hand #242817581229: Tournament #3570701054, $0.92+$0.08 USD Hold'em No Limit - Level I (10/20) - 2023/04/01 17:16:51 CET [2023/04/01 11:16:51 ET]
Table '3570701054 1' 3-max Seat #1 is the button
Seat 1: kdasdt (730 in chips) 
Seat 3: Mahu2021 (770 in chips) 
kdasdt: posts small blind 10
Mahu2021: posts big blind 20
*** HOLE CARDS ***
Dealt to Mahu2021 [Jh Qd]
kdasdt: calls 10
Mahu2021: raises 40 to 60
kdasdt: raises 670 to 730 and is all-in
Mahu2021: calls 670
*** FLOP *** [6s 7d Kh]
*** TURN *** [6s 7d Kh] [Kd]
*** RIVER *** [6s 7d Kh Kd] [6c]
*** SHOW DOWN ***
Mahu2021: shows [Jh Qd] (two pair, Kings and Sixes)
kdasdt: shows [As Js] (two pair, Kings and Sixes - Ace kicker)
kdasdt collected 1460 from pot
*** SUMMARY ***
Total pot 1460 | Rake 0 
Board [6s 7d Kh Kd 6c]
Seat 1: kdasdt (button) (small blind) showed [As Js] and won (1460) with two pair, Kings and Sixes
Seat 3: Mahu2021 (big blind) showed [Jh Qd] and lost with two pair, Kings and Sixes



PokerStars Hand #242817586674: Tournament #3570701054, $0.92+$0.08 USD Hold'em No Limit - Level I (10/20) - 2023/04/01 17:17:09 CET [2023/04/01 11:17:09 ET]
Table '3570701054 1' 3-max Seat #3 is the button
Seat 1: kdasdt (1460 in chips) 
Seat 3: Mahu2021 (40 in chips) 
Mahu2021: posts small blind 10
kdasdt: posts big blind 20
*** HOLE CARDS ***
Dealt to Mahu2021 [Th 7d]
Mahu2021: raises 20 to 40 and is all-in
kdasdt: calls 20
*** FLOP *** [Qd 3d 5d]
*** TURN *** [Qd 3d 5d] [9c]
*** RIVER *** [Qd 3d 5d 9c] [4s]
*** SHOW DOWN ***
kdasdt: shows [Kd 3h] (a pair of Threes)
Mahu2021: shows [Th 7d] (high card Queen)
kdasdt collected 80 from pot
Mahu2021 finished the tournament in 2nd place
kdasdt wins the tournament and receives $3.00 - congratulations!
*** SUMMARY ***
Total pot 80 | Rake 0 
Board [Qd 3d 5d 9c 4s]
Seat 1: kdasdt (big blind) showed [Kd 3h] and won (80) with a pair of Threes
Seat 3: Mahu2021 (button) (small blind) showed [Th 7d] and lost with high card Queen



