PokerStars Zoom Hand #255153458232:  Hold'em No Limit ($0.05/$0.10) - 2025/03/05 20:10:55 CET [2025/03/05 14:10:55 ET]
Table 'Aludra' 6-max Seat #1 is the button
Seat 1: qj444 ($12.42 in chips) 
Seat 2: ProjectPokerPro ($13.99 in chips) 
Seat 3: Mahu2021 ($10 in chips) 
Seat 4: Fantasticist ($13.79 in chips) 
Seat 5: ioanna576 ($13.12 in chips) 
Seat 6: kalopara ($11.41 in chips) 
ProjectPokerPro: posts small blind $0.05
Mahu2021: posts big blind $0.10
*** HOLE CARDS ***
Dealt to Mahu2021 [Qh 7h]
Fantasticist: folds 
ioanna576: folds 
kalopara: folds 
qj444: raises $0.15 to $0.25
ProjectPokerPro: folds 
Mahu2021: folds 
Uncalled bet ($0.15) returned to qj444
qj444 collected $0.25 from pot
qj444: doesn't show hand 
*** SUMMARY ***
Total pot $0.25 | Rake $0 
Seat 1: qj444 (button) collected ($0.25)
Seat 2: ProjectPokerPro (small blind) folded before Flop
Seat 3: Mahu2021 (big blind) folded before Flop
Seat 4: Fantasticist folded before Flop (didn't bet)
Seat 5: ioanna576 folded before Flop (didn't bet)
Seat 6: kalopara folded before Flop (didn't bet)



PokerStars Zoom Hand #255153462235:  Hold'em No Limit ($0.05/$0.10) - 2025/03/05 20:11:11 CET [2025/03/05 14:11:11 ET]
Table 'Aludra' 6-max Seat #1 is the button
Seat 1: KidMamba ($23.11 in chips) 
Seat 2: Mahu2021 ($9.90 in chips) 
Seat 3: bangov66 ($10 in chips) 
Seat 4: iudicus ($11.70 in chips) 
Seat 5: Tulikarhu ($17.48 in chips) 
Seat 6: Artysa ($9.44 in chips) 
Mahu2021: posts small blind $0.05
bangov66: posts big blind $0.10
*** HOLE CARDS ***
Dealt to Mahu2021 [Kh 4d]
iudicus: folds 
Tulikarhu: folds 
Artysa: folds 
KidMamba: folds 
Mahu2021: folds 
Uncalled bet ($0.05) returned to bangov66
bangov66 collected $0.10 from pot
bangov66: doesn't show hand 
*** SUMMARY ***
Total pot $0.10 | Rake $0 
Seat 1: KidMamba (button) folded before Flop (didn't bet)
Seat 2: Mahu2021 (small blind) folded before Flop
Seat 3: bangov66 (big blind) collected ($0.10)
Seat 4: iudicus folded before Flop (didn't bet)
Seat 5: Tulikarhu folded before Flop (didn't bet)
Seat 6: Artysa folded before Flop (didn't bet)



PokerStars Zoom Hand #255153470360:  Hold'em No Limit ($0.05/$0.10) - 2025/03/05 20:11:42 CET [2025/03/05 14:11:42 ET]
Table 'Aludra' 6-max Seat #1 is the button
Seat 1: Lenusia392 ($5.26 in chips) 
Seat 2: Luffy V ($14.01 in chips) 
Seat 3: chessismorefun ($10 in chips) 
Seat 4: Mahu2021 ($9.85 in chips) 
Seat 5: 00O-2Z ($10 in chips) 
Seat 6: SchekyyyY ($8.11 in chips) 
Luffy V: posts small blind $0.05
chessismorefun: posts big blind $0.10
*** HOLE CARDS ***
Dealt to Mahu2021 [2s 8d]
Mahu2021: folds 
00O-2Z: folds 
SchekyyyY: folds 
Lenusia392: folds 
Luffy V: folds 
Uncalled bet ($0.05) returned to chessismorefun
chessismorefun collected $0.10 from pot
chessismorefun: doesn't show hand 
*** SUMMARY ***
Total pot $0.10 | Rake $0 
Seat 1: Lenusia392 (button) folded before Flop (didn't bet)
Seat 2: Luffy V (small blind) folded before Flop
Seat 3: chessismorefun (big blind) collected ($0.10)
Seat 4: Mahu2021 folded before Flop (didn't bet)
Seat 5: 00O-2Z folded before Flop (didn't bet)
Seat 6: SchekyyyY folded before Flop (didn't bet)



PokerStars Zoom Hand #255153471205:  Hold'em No Limit ($0.05/$0.10) - 2025/03/05 20:11:46 CET [2025/03/05 14:11:46 ET]
Table 'Aludra' 6-max Seat #1 is the button
Seat 1: Mahu2021 ($9.85 in chips) 
Seat 2: metalamen96 ($10 in chips) 
Seat 3: ProjectPokerPro ($10.37 in chips) 
Seat 4: NeetAce ($83.46 in chips) 
Seat 5: slayerhd369 ($16.06 in chips) 
Seat 6: investor2ne1 ($4.60 in chips) 
metalamen96: posts small blind $0.05
ProjectPokerPro: posts big blind $0.10
*** HOLE CARDS ***
Dealt to Mahu2021 [2s Ac]
NeetAce: folds 
slayerhd369: folds 
investor2ne1: folds 
Mahu2021: folds 
metalamen96: folds 
Uncalled bet ($0.05) returned to ProjectPokerPro
ProjectPokerPro collected $0.10 from pot
ProjectPokerPro: doesn't show hand 
*** SUMMARY ***
Total pot $0.10 | Rake $0 
Seat 1: Mahu2021 (button) folded before Flop (didn't bet)
Seat 2: metalamen96 (small blind) folded before Flop
Seat 3: ProjectPokerPro (big blind) collected ($0.10)
Seat 4: NeetAce folded before Flop (didn't bet)
Seat 5: slayerhd369 folded before Flop (didn't bet)
Seat 6: investor2ne1 folded before Flop (didn't bet)



PokerStars Zoom Hand #255153468143:  Hold'em No Limit ($0.05/$0.10) - 2025/03/05 20:11:34 CET [2025/03/05 14:11:34 ET]
Table 'Aludra' 6-max Seat #1 is the button
Seat 1: Julian.S1989 ($19.28 in chips) 
Seat 2: soulfly2145 ($36.80 in chips) 
Seat 3: danny2798 ($26.36 in chips) 
Seat 4: nordrel ($8.08 in chips) 
Seat 5: elvenu ($12.71 in chips) 
Seat 6: Mahu2021 ($9.85 in chips) 
soulfly2145: posts small blind $0.05
danny2798: posts big blind $0.10
*** HOLE CARDS ***
Dealt to Mahu2021 [Kh 5h]
nordrel: folds 
elvenu: raises $0.15 to $0.25
Mahu2021: folds 
Julian.S1989: folds 
soulfly2145: folds 
danny2798: folds 
Uncalled bet ($0.15) returned to elvenu
elvenu collected $0.25 from pot
elvenu: doesn't show hand 
*** SUMMARY ***
Total pot $0.25 | Rake $0 
Seat 1: Julian.S1989 (button) folded before Flop (didn't bet)
Seat 2: soulfly2145 (small blind) folded before Flop
Seat 3: danny2798 (big blind) folded before Flop
Seat 4: nordrel folded before Flop (didn't bet)
Seat 5: elvenu collected ($0.25)
Seat 6: Mahu2021 folded before Flop (didn't bet)



PokerStars Zoom Hand #255153465832:  Hold'em No Limit ($0.05/$0.10) - 2025/03/05 20:11:25 CET [2025/03/05 14:11:25 ET]
Table 'Aludra' 6-max Seat #1 is the button
Seat 1: Mahu2021 ($9.85 in chips) 
Seat 2: Krul1337 ($10.05 in chips) 
Seat 3: kalopara ($22.33 in chips) 
Seat 4: luvstyle ($12.75 in chips) 
Seat 5: Last70 ($10.15 in chips) 
Seat 6: SchekyyyY ($9.42 in chips) 
Krul1337: posts small blind $0.05
kalopara: posts big blind $0.10
*** HOLE CARDS ***
Dealt to Mahu2021 [2s 4c]
luvstyle: folds 
Last70: folds 
SchekyyyY: folds 
Mahu2021: folds 
Krul1337: raises $0.20 to $0.30
kalopara: calls $0.20
*** FLOP *** [3h Jd Kc]
Krul1337: checks 
kalopara: checks 
*** TURN *** [3h Jd Kc] [Th]
Krul1337: checks 
kalopara: checks 
*** RIVER *** [3h Jd Kc Th] [Qs]
Krul1337: checks 
kalopara: checks 
*** SHOW DOWN ***
Krul1337: shows [Jc 9s] (a straight, Nine to King)
kalopara: shows [Ac 3d] (a straight, Ten to Ace)
kalopara collected $0.57 from pot
*** SUMMARY ***
Total pot $0.60 | Rake $0.03 
Board [3h Jd Kc Th Qs]
Seat 1: Mahu2021 (button) folded before Flop (didn't bet)
Seat 2: Krul1337 (small blind) showed [Jc 9s] and lost with a straight, Nine to King
Seat 3: kalopara (big blind) showed [Ac 3d] and won ($0.57) with a straight, Ten to Ace
Seat 4: luvstyle folded before Flop (didn't bet)
Seat 5: Last70 folded before Flop (didn't bet)
Seat 6: SchekyyyY folded before Flop (didn't bet)



PokerStars Zoom Hand #255153472252:  Hold'em No Limit ($0.05/$0.10) - 2025/03/05 20:11:50 CET [2025/03/05 14:11:50 ET]
Table 'Aludra' 6-max Seat #1 is the button
Seat 1: pcsk8 ($10.07 in chips) 
Seat 2: Bamblbi2G ($13.72 in chips) 
Seat 3: Mahu2021 ($9.85 in chips) 
Seat 4: COVEIROANCAP ($11.30 in chips) 
Seat 5: colomo1 ($14.90 in chips) 
Seat 6: Lenusia392 ($5.26 in chips) 
Bamblbi2G: posts small blind $0.05
Mahu2021: posts big blind $0.10
*** HOLE CARDS ***
Dealt to Mahu2021 [8s 4d]
COVEIROANCAP: raises $0.15 to $0.25
colomo1: folds 
Lenusia392: folds 
pcsk8: folds 
Bamblbi2G: calls $0.20
Mahu2021: folds 
*** FLOP *** [7s 5h Js]
Bamblbi2G: checks 
COVEIROANCAP: bets $0.19
Bamblbi2G: folds 
Uncalled bet ($0.19) returned to COVEIROANCAP
COVEIROANCAP collected $0.57 from pot
COVEIROANCAP: doesn't show hand 
*** SUMMARY ***
Total pot $0.60 | Rake $0.03 
Board [7s 5h Js]
Seat 1: pcsk8 (button) folded before Flop (didn't bet)
Seat 2: Bamblbi2G (small blind) folded on the Flop
Seat 3: Mahu2021 (big blind) folded before Flop
Seat 4: COVEIROANCAP collected ($0.57)
Seat 5: colomo1 folded before Flop (didn't bet)
Seat 6: Lenusia392 folded before Flop (didn't bet)



PokerStars Zoom Hand #255153473876:  Hold'em No Limit ($0.05/$0.10) - 2025/03/05 20:11:56 CET [2025/03/05 14:11:56 ET]
Table 'Aludra' 6-max Seat #1 is the button
Seat 1: LinoLK175 ($18.32 in chips) 
Seat 2: ProjectPokerPro ($10.42 in chips) 
Seat 3: qj444 ($12.42 in chips) 
Seat 4: K@rsburg ($10.52 in chips) 
Seat 5: Jerman93 ($7.49 in chips) 
Seat 6: Mahu2021 ($9.75 in chips) 
ProjectPokerPro: posts small blind $0.05
qj444: posts big blind $0.10
*** HOLE CARDS ***
Dealt to Mahu2021 [5s Js]
K@rsburg: folds 
Jerman93: folds 
Mahu2021: folds 
LinoLK175: folds 
ProjectPokerPro: folds 
Uncalled bet ($0.05) returned to qj444
qj444 collected $0.10 from pot
qj444: doesn't show hand 
*** SUMMARY ***
Total pot $0.10 | Rake $0 
Seat 1: LinoLK175 (button) folded before Flop (didn't bet)
Seat 2: ProjectPokerPro (small blind) folded before Flop
Seat 3: qj444 (big blind) collected ($0.10)
Seat 4: K@rsburg folded before Flop (didn't bet)
Seat 5: Jerman93 folded before Flop (didn't bet)
Seat 6: Mahu2021 folded before Flop (didn't bet)



PokerStars Zoom Hand #255153474906:  Hold'em No Limit ($0.05/$0.10) - 2025/03/05 20:12:00 CET [2025/03/05 14:12:00 ET]
Table 'Aludra' 6-max Seat #1 is the button
Seat 1: NeetAce ($83.41 in chips) 
Seat 2: Mahu2021 ($9.75 in chips) 
Seat 3: ksjhs4207 ($9.50 in chips) 
Seat 4: Noro1606 ($9.36 in chips) 
Seat 5: SchekyyyY ($34.80 in chips) 
Seat 6: Krul1337 ($10 in chips) 
Mahu2021: posts small blind $0.05
ksjhs4207: posts big blind $0.10
*** HOLE CARDS ***
Dealt to Mahu2021 [9d Js]
Noro1606: raises $0.70 to $0.80
SchekyyyY: folds 
Krul1337: folds 
NeetAce: folds 
Mahu2021: folds 
ksjhs4207: folds 
Uncalled bet ($0.70) returned to Noro1606
Noro1606 collected $0.25 from pot
Noro1606: doesn't show hand 
*** SUMMARY ***
Total pot $0.25 | Rake $0 
Seat 1: NeetAce (button) folded before Flop (didn't bet)
Seat 2: Mahu2021 (small blind) folded before Flop
Seat 3: ksjhs4207 (big blind) folded before Flop
Seat 4: Noro1606 collected ($0.25)
Seat 5: SchekyyyY folded before Flop (didn't bet)
Seat 6: Krul1337 folded before Flop (didn't bet)



PokerStars Zoom Hand #255153476969:  Hold'em No Limit ($0.05/$0.10) - 2025/03/05 20:12:08 CET [2025/03/05 14:12:08 ET]
Table 'Aludra' 6-max Seat #1 is the button
Seat 1: colomo1 ($14.80 in chips) 
Seat 2: Zutuzutu_90 ($9.34 in chips) 
Seat 3: JD 2266 E ($9.34 in chips) 
Seat 4: SchekyyyY ($7.16 in chips) 
Seat 5: Mahu2021 ($9.70 in chips) 
Seat 6: COVEIROANCAP ($16.85 in chips) 
Zutuzutu_90: posts small blind $0.05
JD 2266 E: posts big blind $0.10
*** HOLE CARDS ***
Dealt to Mahu2021 [Jd Jh]
SchekyyyY: folds 
Mahu2021: raises $0.14 to $0.24
COVEIROANCAP: folds 
colomo1: folds 
Zutuzutu_90: folds 
JD 2266 E: folds 
Uncalled bet ($0.14) returned to Mahu2021
Mahu2021 collected $0.25 from pot
Mahu2021: doesn't show hand 
*** SUMMARY ***
Total pot $0.25 | Rake $0 
Seat 1: colomo1 (button) folded before Flop (didn't bet)
Seat 2: Zutuzutu_90 (small blind) folded before Flop
Seat 3: JD 2266 E (big blind) folded before Flop
Seat 4: SchekyyyY folded before Flop (didn't bet)
Seat 5: Mahu2021 collected ($0.25)
Seat 6: COVEIROANCAP folded before Flop (didn't bet)



PokerStars Zoom Hand #255153475924:  Hold'em No Limit ($0.05/$0.10) - 2025/03/05 20:12:04 CET [2025/03/05 14:12:04 ET]
Table 'Aludra' 6-max Seat #1 is the button
Seat 1: Artysa ($11.61 in chips) 
Seat 2: slayerhd369 ($17.67 in chips) 
Seat 3: FAT BASTARD 101 ($14.86 in chips) 
Seat 4: marjeta1994p ($5.34 in chips) 
Seat 5: Mahu2021 ($9.70 in chips) 
Seat 6: LiL-Pakks ($10.24 in chips) 
slayerhd369: posts small blind $0.05
FAT BASTARD 101: posts big blind $0.10
*** HOLE CARDS ***
Dealt to Mahu2021 [7d 6h]
marjeta1994p: raises $0.10 to $0.20
Mahu2021: folds 
LiL-Pakks: folds 
Artysa: calls $0.20
slayerhd369: folds 
FAT BASTARD 101: calls $0.10
*** FLOP *** [5s 2d 4c]
FAT BASTARD 101: checks 
marjeta1994p: checks 
Artysa: checks 
*** TURN *** [5s 2d 4c] [Qc]
FAT BASTARD 101: checks 
marjeta1994p: checks 
Artysa: checks 
*** RIVER *** [5s 2d 4c Qc] [Td]
FAT BASTARD 101: bets $0.62
marjeta1994p: calls $0.62
Artysa: folds 
*** SHOW DOWN ***
FAT BASTARD 101: shows [9c Qs] (a pair of Queens)
marjeta1994p: mucks hand 
FAT BASTARD 101 collected $1.80 from pot
*** SUMMARY ***
Total pot $1.89 | Rake $0.09 
Board [5s 2d 4c Qc Td]
Seat 1: Artysa (button) folded on the River
Seat 2: slayerhd369 (small blind) folded before Flop
Seat 3: FAT BASTARD 101 (big blind) showed [9c Qs] and won ($1.80) with a pair of Queens
Seat 4: marjeta1994p mucked [Ad Jh]
Seat 5: Mahu2021 folded before Flop (didn't bet)
Seat 6: LiL-Pakks folded before Flop (didn't bet)



PokerStars Zoom Hand #255153469427:  Hold'em No Limit ($0.05/$0.10) - 2025/03/05 20:11:39 CET [2025/03/05 14:11:39 ET]
Table 'Aludra' 6-max Seat #1 is the button
Seat 1: iudicus ($10 in chips) 
Seat 2: Deegox_E ($13.67 in chips) 
Seat 3: chessismorefun ($10 in chips) 
Seat 4: ProjectPokerPro ($10.46 in chips) 
Seat 5: Mahu2021 ($9.85 in chips) 
Seat 6: investor2ne1 ($5.30 in chips) 
Deegox_E: posts small blind $0.05
chessismorefun: posts big blind $0.10
*** HOLE CARDS ***
Dealt to Mahu2021 [2s Kd]
ProjectPokerPro: folds 
Mahu2021: folds 
investor2ne1: folds 
iudicus: raises $0.30 to $0.40
Deegox_E: raises $0.90 to $1.30
chessismorefun: raises $1.30 to $2.60
iudicus: folds 
Deegox_E: raises $11.07 to $13.67 and is all-in
chessismorefun: calls $7.40 and is all-in
Uncalled bet ($3.67) returned to Deegox_E
*** FIRST FLOP *** [Qh 3c 4h]
*** FIRST TURN *** [Qh 3c 4h] [7c]
*** FIRST RIVER *** [Qh 3c 4h 7c] [3h]
*** SECOND FLOP *** [Td 5s 2h]
*** SECOND TURN *** [Td 5s 2h] [4s]
*** SECOND RIVER *** [Td 5s 2h 4s] [Jh]
*** FIRST SHOW DOWN ***
Deegox_E: shows [8c 8h] (two pair, Eights and Threes)
chessismorefun: shows [Ad As] (two pair, Aces and Threes)
chessismorefun collected $9.74 from pot
*** SECOND SHOW DOWN ***
Deegox_E: shows [8c 8h] (a pair of Eights)
chessismorefun: shows [Ad As] (a pair of Aces)
chessismorefun collected $9.74 from pot
*** SUMMARY ***
Total pot $20.40 | Rake $0.92 
Hand was run twice
FIRST Board [Qh 3c 4h 7c 3h]
SECOND Board [Td 5s 2h 4s Jh]
Seat 1: iudicus (button) folded before Flop
Seat 2: Deegox_E (small blind) showed [8c 8h] and lost with two pair, Eights and Threes, and lost with a pair of Eights
Seat 3: chessismorefun (big blind) showed [Ad As] and won ($9.74) with two pair, Aces and Threes, and won ($9.74) with a pair of Aces
Seat 4: ProjectPokerPro folded before Flop (didn't bet)
Seat 5: Mahu2021 folded before Flop (didn't bet)
Seat 6: investor2ne1 folded before Flop (didn't bet)



PokerStars Zoom Hand #255153482786:  Hold'em No Limit ($0.05/$0.10) - 2025/03/05 20:12:30 CET [2025/03/05 14:12:30 ET]
Table 'Aludra' 6-max Seat #1 is the button
Seat 1: Mahu2021 ($9.75 in chips) 
Seat 2: Julian.S1989 ($16.84 in chips) 
Seat 3: totway ($10.09 in chips) 
Seat 4: JD 2266 E ($9.19 in chips) 
Seat 5: SchekyyyY ($7.96 in chips) 
Seat 6: kalopara ($22.60 in chips) 
Julian.S1989: posts small blind $0.05
totway: posts big blind $0.10
*** HOLE CARDS ***
Dealt to Mahu2021 [3c 2c]
JD 2266 E: folds 
SchekyyyY: folds 
kalopara: raises $0.10 to $0.20
Mahu2021: folds 
Julian.S1989: folds 
totway: folds 
Uncalled bet ($0.10) returned to kalopara
kalopara collected $0.25 from pot
kalopara: doesn't show hand 
*** SUMMARY ***
Total pot $0.25 | Rake $0 
Seat 1: Mahu2021 (button) folded before Flop (didn't bet)
Seat 2: Julian.S1989 (small blind) folded before Flop
Seat 3: totway (big blind) folded before Flop
Seat 4: JD 2266 E folded before Flop (didn't bet)
Seat 5: SchekyyyY folded before Flop (didn't bet)
Seat 6: kalopara collected ($0.25)



PokerStars Zoom Hand #255153484827:  Hold'em No Limit ($0.05/$0.10) - 2025/03/05 20:12:38 CET [2025/03/05 14:12:38 ET]
Table 'Aludra' 6-max Seat #1 is the button
Seat 1: ProjectPokerPro ($10.46 in chips) 
Seat 2: Mahu2021 ($9.75 in chips) 
Seat 3: JD 2266 E ($9.19 in chips) 
Seat 4: kloniss ($14.25 in chips) 
Seat 5: qj444 ($10 in chips) 
Seat 6: dalgas19 ($22.27 in chips) 
Mahu2021: posts small blind $0.05
JD 2266 E: posts big blind $0.10
*** HOLE CARDS ***
Dealt to Mahu2021 [6c 7s]
kloniss: folds 
qj444: folds 
dalgas19: folds 
ProjectPokerPro: folds 
Mahu2021: folds 
Uncalled bet ($0.05) returned to JD 2266 E
JD 2266 E collected $0.10 from pot
JD 2266 E: doesn't show hand 
*** SUMMARY ***
Total pot $0.10 | Rake $0 
Seat 1: ProjectPokerPro (button) folded before Flop (didn't bet)
Seat 2: Mahu2021 (small blind) folded before Flop
Seat 3: JD 2266 E (big blind) collected ($0.10)
Seat 4: kloniss folded before Flop (didn't bet)
Seat 5: qj444 folded before Flop (didn't bet)
Seat 6: dalgas19 folded before Flop (didn't bet)



PokerStars Zoom Hand #255153486118:  Hold'em No Limit ($0.05/$0.10) - 2025/03/05 20:12:43 CET [2025/03/05 14:12:43 ET]
Table 'Aludra' 6-max Seat #1 is the button
Seat 1: Luffy V ($11.86 in chips) 
Seat 2: Julian.S1989 ($11.86 in chips) 
Seat 3: SchekyyyY ($7.96 in chips) 
Seat 4: colomo1 ($14.50 in chips) 
Seat 5: ioanna576 ($10.12 in chips) 
Seat 6: Mahu2021 ($9.70 in chips) 
Julian.S1989: posts small blind $0.05
SchekyyyY: posts big blind $0.10
*** HOLE CARDS ***
Dealt to Mahu2021 [5s Ks]
colomo1: folds 
ioanna576: folds 
Mahu2021: folds 
Luffy V: raises $0.15 to $0.25
Julian.S1989: folds 
SchekyyyY: folds 
Uncalled bet ($0.15) returned to Luffy V
Luffy V collected $0.25 from pot
Luffy V: doesn't show hand 
*** SUMMARY ***
Total pot $0.25 | Rake $0 
Seat 1: Luffy V (button) collected ($0.25)
Seat 2: Julian.S1989 (small blind) folded before Flop
Seat 3: SchekyyyY (big blind) folded before Flop
Seat 4: colomo1 folded before Flop (didn't bet)
Seat 5: ioanna576 folded before Flop (didn't bet)
Seat 6: Mahu2021 folded before Flop (didn't bet)



PokerStars Zoom Hand #255153487164:  Hold'em No Limit ($0.05/$0.10) - 2025/03/05 20:12:47 CET [2025/03/05 14:12:47 ET]
Table 'Aludra' 6-max Seat #1 is the button
Seat 1: IEVAL ($20.20 in chips) 
Seat 2: qj444 ($12.22 in chips) 
Seat 3: tzianvader ($5.86 in chips) 
Seat 4: Mahu2021 ($9.70 in chips) 
Seat 5: Fish0016 ($8.98 in chips) 
Seat 6: slayerhd369 ($10 in chips) 
qj444: posts small blind $0.05
tzianvader: posts big blind $0.10
*** HOLE CARDS ***
Dealt to Mahu2021 [Ac 4c]
Mahu2021: raises $0.14 to $0.24
Fish0016: folds 
slayerhd369: folds 
IEVAL: folds 
qj444: folds 
tzianvader: folds 
Uncalled bet ($0.14) returned to Mahu2021
Mahu2021 collected $0.25 from pot
Mahu2021: doesn't show hand 
*** SUMMARY ***
Total pot $0.25 | Rake $0 
Seat 1: IEVAL (button) folded before Flop (didn't bet)
Seat 2: qj444 (small blind) folded before Flop
Seat 3: tzianvader (big blind) folded before Flop
Seat 4: Mahu2021 collected ($0.25)
Seat 5: Fish0016 folded before Flop (didn't bet)
Seat 6: slayerhd369 folded before Flop (didn't bet)



PokerStars Zoom Hand #255153481160:  Hold'em No Limit ($0.05/$0.10) - 2025/03/05 20:12:24 CET [2025/03/05 14:12:24 ET]
Table 'Aludra' 6-max Seat #1 is the button
Seat 1: qj444 ($11.51 in chips) 
Seat 2: raketant ($5.40 in chips) 
Seat 3: Mahu2021 ($9.85 in chips) 
Seat 4: investor2ne1 ($7.17 in chips) 
Seat 5: K@rsburg ($10.47 in chips) 
Seat 6: PavanaTTo23 ($18.83 in chips) 
raketant: posts small blind $0.05
Mahu2021: posts big blind $0.10
*** HOLE CARDS ***
Dealt to Mahu2021 [7h Qs]
investor2ne1: raises $0.10 to $0.20
K@rsburg: folds 
PavanaTTo23: folds 
qj444: folds 
raketant: raises $0.60 to $0.80
Mahu2021: folds 
investor2ne1: calls $0.60
*** FLOP *** [Ac 2c 8c]
raketant: bets $0.79
investor2ne1: folds 
Uncalled bet ($0.79) returned to raketant
raketant collected $1.62 from pot
raketant: doesn't show hand 
*** SUMMARY ***
Total pot $1.70 | Rake $0.08 
Board [Ac 2c 8c]
Seat 1: qj444 (button) folded before Flop (didn't bet)
Seat 2: raketant (small blind) collected ($1.62)
Seat 3: Mahu2021 (big blind) folded before Flop
Seat 4: investor2ne1 folded on the Flop
Seat 5: K@rsburg folded before Flop (didn't bet)
Seat 6: PavanaTTo23 folded before Flop (didn't bet)



PokerStars Zoom Hand #255153490382:  Hold'em No Limit ($0.05/$0.10) - 2025/03/05 20:13:00 CET [2025/03/05 14:13:00 ET]
Table 'Aludra' 6-max Seat #1 is the button
Seat 1: Julian.S1989 ($19.13 in chips) 
Seat 2: dalgas19 ($10.20 in chips) 
Seat 3: SchekyyyY ($8.97 in chips) 
Seat 4: Fish0016 ($8.98 in chips) 
Seat 5: Bamblbi2G ($13.32 in chips) 
Seat 6: Mahu2021 ($9.85 in chips) 
dalgas19: posts small blind $0.05
SchekyyyY: posts big blind $0.10
*** HOLE CARDS ***
Dealt to Mahu2021 [5c 3c]
Fish0016: folds 
Bamblbi2G: calls $0.10
Mahu2021: folds 
Julian.S1989: folds 
dalgas19: folds 
SchekyyyY: checks 
*** FLOP *** [Ac 9s 3s]
SchekyyyY: checks 
Bamblbi2G: checks 
*** TURN *** [Ac 9s 3s] [Jc]
SchekyyyY: checks 
Bamblbi2G: checks 
*** RIVER *** [Ac 9s 3s Jc] [3h]
SchekyyyY: checks 
Bamblbi2G: checks 
*** SHOW DOWN ***
SchekyyyY: shows [2d 4s] (a pair of Threes)
Bamblbi2G: shows [7h Ks] (a pair of Threes - Ace+King kicker)
Bamblbi2G collected $0.24 from pot
*** SUMMARY ***
Total pot $0.25 | Rake $0.01 
Board [Ac 9s 3s Jc 3h]
Seat 1: Julian.S1989 (button) folded before Flop (didn't bet)
Seat 2: dalgas19 (small blind) folded before Flop
Seat 3: SchekyyyY (big blind) showed [2d 4s] and lost with a pair of Threes
Seat 4: Fish0016 folded before Flop (didn't bet)
Seat 5: Bamblbi2G showed [7h Ks] and won ($0.24) with a pair of Threes
Seat 6: Mahu2021 folded before Flop (didn't bet)



PokerStars Zoom Hand #255153492981:  Hold'em No Limit ($0.05/$0.10) - 2025/03/05 20:13:10 CET [2025/03/05 14:13:10 ET]
Table 'Aludra' 6-max Seat #1 is the button
Seat 1: LinoLK175 ($11.42 in chips) 
Seat 2: Last70 ($14.44 in chips) 
Seat 3: vinibl ($8.32 in chips) 
Seat 4: colomo1 ($10.36 in chips) 
Seat 5: Mahu2021 ($9.85 in chips) 
Seat 6: ksjhs4207 ($17.54 in chips) 
Last70: posts small blind $0.05
vinibl: posts big blind $0.10
*** HOLE CARDS ***
Dealt to Mahu2021 [4d 6h]
colomo1: folds 
Mahu2021: folds 
ksjhs4207: folds 
LinoLK175: raises $0.15 to $0.25
Last70: raises $0.65 to $0.90
vinibl: folds 
LinoLK175: folds 
Uncalled bet ($0.65) returned to Last70
Last70 collected $0.60 from pot
Last70: doesn't show hand 
*** SUMMARY ***
Total pot $0.60 | Rake $0 
Seat 1: LinoLK175 (button) folded before Flop
Seat 2: Last70 (small blind) collected ($0.60)
Seat 3: vinibl (big blind) folded before Flop
Seat 4: colomo1 folded before Flop (didn't bet)
Seat 5: Mahu2021 folded before Flop (didn't bet)
Seat 6: ksjhs4207 folded before Flop (didn't bet)



PokerStars Zoom Hand #255153491606:  Hold'em No Limit ($0.05/$0.10) - 2025/03/05 20:13:05 CET [2025/03/05 14:13:05 ET]
Table 'Aludra' 6-max Seat #1 is the button
Seat 1: LevA1989 ($9.57 in chips) 
Seat 2: acd_045 ($10 in chips) 
Seat 3: kalopara ($22.70 in chips) 
Seat 4: Mahu2021 ($9.85 in chips) 
Seat 5: nordrel ($8.96 in chips) 
Seat 6: Julian.S1989 ($19.13 in chips) 
acd_045: posts small blind $0.05
kalopara: posts big blind $0.10
*** HOLE CARDS ***
Dealt to Mahu2021 [Td Js]
Mahu2021: folds 
nordrel: folds 
Julian.S1989: raises $0.15 to $0.25
LevA1989: folds 
acd_045: folds 
kalopara: calls $0.15
*** FLOP *** [5h Th Qc]
kalopara: checks 
Julian.S1989: bets $0.40
kalopara: calls $0.40
*** TURN *** [5h Th Qc] [Ad]
kalopara: checks 
Julian.S1989: bets $0.43
kalopara: calls $0.43
*** RIVER *** [5h Th Qc Ad] [Kd]
kalopara: checks 
Julian.S1989: bets $1.50
kalopara: calls $1.50
*** SHOW DOWN ***
Julian.S1989: shows [Qs Qd] (three of a kind, Queens)
kalopara: mucks hand 
Julian.S1989 collected $4.92 from pot
*** SUMMARY ***
Total pot $5.21 | Rake $0.29 
Board [5h Th Qc Ad Kd]
Seat 1: LevA1989 (button) folded before Flop (didn't bet)
Seat 2: acd_045 (small blind) folded before Flop
Seat 3: kalopara (big blind) mucked [9d Ts]
Seat 4: Mahu2021 folded before Flop (didn't bet)
Seat 5: nordrel folded before Flop (didn't bet)
Seat 6: Julian.S1989 showed [Qs Qd] and won ($4.92) with three of a kind, Queens



PokerStars Zoom Hand #255153494017:  Hold'em No Limit ($0.05/$0.10) - 2025/03/05 20:13:14 CET [2025/03/05 14:13:14 ET]
Table 'Aludra' 6-max Seat #1 is the button
Seat 1: Deegox_E ($11.23 in chips) 
Seat 2: Luffy V ($17.15 in chips) 
Seat 3: Mahu2021 ($9.85 in chips) 
Seat 4: Malloy08 ($10.47 in chips) 
Seat 5: K@rsburg ($14.24 in chips) 
Seat 6: danny2798 ($26.06 in chips) 
Luffy V: posts small blind $0.05
Mahu2021: posts big blind $0.10
*** HOLE CARDS ***
Dealt to Mahu2021 [5s Kd]
Malloy08: folds 
K@rsburg: folds 
danny2798: folds 
Deegox_E: raises $0.15 to $0.25
Luffy V: raises $0.75 to $1
Mahu2021: folds 
Deegox_E: calls $0.75
*** FLOP *** [6h 3h Jc]
Luffy V: bets $0.66
Deegox_E: calls $0.66
*** TURN *** [6h 3h Jc] [Jd]
Luffy V: checks 
Deegox_E: checks 
*** RIVER *** [6h 3h Jc Jd] [Ks]
Luffy V: bets $2.75
Deegox_E: folds 
Uncalled bet ($2.75) returned to Luffy V
Luffy V collected $3.27 from pot
Luffy V: doesn't show hand 
*** SUMMARY ***
Total pot $3.42 | Rake $0.15 
Board [6h 3h Jc Jd Ks]
Seat 1: Deegox_E (button) folded on the River
Seat 2: Luffy V (small blind) collected ($3.27)
Seat 3: Mahu2021 (big blind) folded before Flop
Seat 4: Malloy08 folded before Flop (didn't bet)
Seat 5: K@rsburg folded before Flop (didn't bet)
Seat 6: danny2798 folded before Flop (didn't bet)



PokerStars Zoom Hand #255153497998:  Hold'em No Limit ($0.05/$0.10) - 2025/03/05 20:13:29 CET [2025/03/05 14:13:29 ET]
Table 'Aludra' 6-max Seat #1 is the button
Seat 1: Mahu2021 ($9.75 in chips) 
Seat 2: Tulikarhu ($11.06 in chips) 
Seat 3: totway ($10.23 in chips) 
Seat 4: Bamblbi2G ($13.46 in chips) 
Seat 5: HDan1717 ($13.33 in chips) 
Seat 6: JD 2266 E ($11.53 in chips) 
Tulikarhu: posts small blind $0.05
totway: posts big blind $0.10
*** HOLE CARDS ***
Dealt to Mahu2021 [5h 4h]
Bamblbi2G: calls $0.10
HDan1717: folds 
JD 2266 E: raises $0.15 to $0.25
Mahu2021: calls $0.25
Tulikarhu: folds 
totway: calls $0.15
Bamblbi2G has timed out
Bamblbi2G: folds 
*** FLOP *** [3c Kh Ts]
totway: checks 
JD 2266 E: checks 
Mahu2021: checks 
*** TURN *** [3c Kh Ts] [6h]
totway: checks 
JD 2266 E: checks 
Mahu2021: bets $0.86
totway: folds 
JD 2266 E: folds 
Uncalled bet ($0.86) returned to Mahu2021
Mahu2021 collected $0.86 from pot
Mahu2021: doesn't show hand 
*** SUMMARY ***
Total pot $0.90 | Rake $0.04 
Board [3c Kh Ts 6h]
Seat 1: Mahu2021 (button) collected ($0.86)
Seat 2: Tulikarhu (small blind) folded before Flop
Seat 3: totway (big blind) folded on the Turn
Seat 4: Bamblbi2G folded before Flop
Seat 5: HDan1717 folded before Flop (didn't bet)
Seat 6: JD 2266 E folded on the Turn



PokerStars Zoom Hand #255153521601:  Hold'em No Limit ($0.05/$0.10) - 2025/03/05 20:15:00 CET [2025/03/05 14:15:00 ET]
Table 'Aludra' 6-max Seat #1 is the button
Seat 1: Krul1337 ($13.18 in chips) 
Seat 2: Mahu2021 ($10.36 in chips) 
Seat 3: SownedxD ($22.93 in chips) 
Seat 4: iudicus ($16.95 in chips) 
Seat 5: Deegox_E ($10.27 in chips) 
Seat 6: Zutuzutu_90 ($11.38 in chips) 
Mahu2021: posts small blind $0.05
SownedxD: posts big blind $0.10
*** HOLE CARDS ***
Dealt to Mahu2021 [7h Ah]
iudicus: folds 
Deegox_E: folds 
Zutuzutu_90: folds 
Krul1337: folds 
Mahu2021: raises $0.20 to $0.30
SownedxD: folds 
Uncalled bet ($0.20) returned to Mahu2021
Mahu2021 collected $0.20 from pot
Mahu2021: doesn't show hand 
*** SUMMARY ***
Total pot $0.20 | Rake $0 
Seat 1: Krul1337 (button) folded before Flop (didn't bet)
Seat 2: Mahu2021 (small blind) collected ($0.20)
Seat 3: SownedxD (big blind) folded before Flop
Seat 4: iudicus folded before Flop (didn't bet)
Seat 5: Deegox_E folded before Flop (didn't bet)
Seat 6: Zutuzutu_90 folded before Flop (didn't bet)



PokerStars Zoom Hand #255153524473:  Hold'em No Limit ($0.05/$0.10) - 2025/03/05 20:15:11 CET [2025/03/05 14:15:11 ET]
Table 'Aludra' 6-max Seat #1 is the button
Seat 1: KidMamba ($22.15 in chips) 
Seat 2: JD 2266 E ($9.98 in chips) 
Seat 3: Mahu2021 ($10.46 in chips) 
Seat 4: acd_045 ($21.94 in chips) 
Seat 5: Georg006830 ($5.88 in chips) 
Seat 6: qj444 ($10 in chips) 
JD 2266 E: posts small blind $0.05
Mahu2021: posts big blind $0.10
*** HOLE CARDS ***
Dealt to Mahu2021 [7d Qs]
acd_045: folds 
Georg006830: folds 
qj444: folds 
KidMamba: raises $0.13 to $0.23
JD 2266 E: folds 
Mahu2021: folds 
Uncalled bet ($0.13) returned to KidMamba
KidMamba collected $0.25 from pot
KidMamba: doesn't show hand 
*** SUMMARY ***
Total pot $0.25 | Rake $0 
Seat 1: KidMamba (button) collected ($0.25)
Seat 2: JD 2266 E (small blind) folded before Flop
Seat 3: Mahu2021 (big blind) folded before Flop
Seat 4: acd_045 folded before Flop (didn't bet)
Seat 5: Georg006830 folded before Flop (didn't bet)
Seat 6: qj444 folded before Flop (didn't bet)



PokerStars Zoom Hand #255153527908:  Hold'em No Limit ($0.05/$0.10) - 2025/03/05 20:15:24 CET [2025/03/05 14:15:24 ET]
Table 'Aludra' 6-max Seat #1 is the button
Seat 1: Fish0016 ($8.83 in chips) 
Seat 2: colomo1 ($14.18 in chips) 
Seat 3: Tulikarhu ($17.92 in chips) 
Seat 4: HarryKhoo ($10 in chips) 
Seat 5: Mahu2021 ($10.36 in chips) 
Seat 6: LinoLK175 ($11.47 in chips) 
colomo1: posts small blind $0.05
Tulikarhu: posts big blind $0.10
*** HOLE CARDS ***
Dealt to Mahu2021 [5d 2h]
HarryKhoo: folds 
Mahu2021: folds 
LinoLK175: raises $0.13 to $0.23
Fish0016: folds 
colomo1: folds 
Tulikarhu: folds 
Uncalled bet ($0.13) returned to LinoLK175
LinoLK175 collected $0.25 from pot
LinoLK175: doesn't show hand 
*** SUMMARY ***
Total pot $0.25 | Rake $0 
Seat 1: Fish0016 (button) folded before Flop (didn't bet)
Seat 2: colomo1 (small blind) folded before Flop
Seat 3: Tulikarhu (big blind) folded before Flop
Seat 4: HarryKhoo folded before Flop (didn't bet)
Seat 5: Mahu2021 folded before Flop (didn't bet)
Seat 6: LinoLK175 collected ($0.25)



PokerStars Zoom Hand #255153528869:  Hold'em No Limit ($0.05/$0.10) - 2025/03/05 20:15:28 CET [2025/03/05 14:15:28 ET]
Table 'Aludra' 6-max Seat #1 is the button
Seat 1: qj444 ($10 in chips) 
Seat 2: Mahu2021 ($10.36 in chips) 
Seat 3: ProjectPokerPro ($15.31 in chips) 
Seat 4: investor2ne1 ($5.62 in chips) 
Seat 5: mimis622 ($10.42 in chips) 
Seat 6: HFriis70 ($15.61 in chips) 
Mahu2021: posts small blind $0.05
ProjectPokerPro: posts big blind $0.10
*** HOLE CARDS ***
Dealt to Mahu2021 [7d Td]
investor2ne1: folds 
mimis622: raises $0.25 to $0.35
HFriis70: folds 
qj444: calls $0.35
Mahu2021: folds 
ProjectPokerPro: folds 
*** FLOP *** [6c 7s 6s]
mimis622: checks 
qj444: checks 
*** TURN *** [6c 7s 6s] [Kd]
mimis622: bets $0.20
qj444: calls $0.20
*** RIVER *** [6c 7s 6s Kd] [Kh]
mimis622: checks 
qj444: checks 
*** SHOW DOWN ***
mimis622: shows [Ah Jc] (two pair, Kings and Sixes)
qj444: shows [Ts As] (two pair, Kings and Sixes)
mimis622 collected $0.60 from pot
qj444 collected $0.59 from pot
*** SUMMARY ***
Total pot $1.25 | Rake $0.06 
Board [6c 7s 6s Kd Kh]
Seat 1: qj444 (button) showed [Ts As] and won ($0.59) with two pair, Kings and Sixes
Seat 2: Mahu2021 (small blind) folded before Flop
Seat 3: ProjectPokerPro (big blind) folded before Flop
Seat 4: investor2ne1 folded before Flop (didn't bet)
Seat 5: mimis622 showed [Ah Jc] and won ($0.60) with two pair, Kings and Sixes
Seat 6: HFriis70 folded before Flop (didn't bet)



PokerStars Zoom Hand #255153530145:  Hold'em No Limit ($0.05/$0.10) - 2025/03/05 20:15:33 CET [2025/03/05 14:15:33 ET]
Table 'Aludra' 6-max Seat #1 is the button
Seat 1: Mahu2021 ($10.31 in chips) 
Seat 2: HarryKhoo ($11.02 in chips) 
Seat 3: Benegrip ($12.91 in chips) 
Seat 4: gena60 ($10 in chips) 
Seat 5: vinibl ($7.92 in chips) 
Seat 6: Eucalyptus00 ($10.18 in chips) 
HarryKhoo: posts small blind $0.05
Benegrip: posts big blind $0.10
*** HOLE CARDS ***
Dealt to Mahu2021 [Jh Qd]
gena60: folds 
vinibl: folds 
Eucalyptus00: folds 
Mahu2021: raises $0.20 to $0.30
HarryKhoo: folds 
Benegrip: calls $0.20
*** FLOP *** [Js 4h Ks]
Benegrip: checks 
Mahu2021: bets $0.30
Benegrip: calls $0.30
*** TURN *** [Js 4h Ks] [Jd]
Benegrip: checks 
Mahu2021: bets $1.19
Benegrip: folds 
Uncalled bet ($1.19) returned to Mahu2021
Mahu2021 collected $1.19 from pot
Mahu2021: doesn't show hand 
*** SUMMARY ***
Total pot $1.25 | Rake $0.06 
Board [Js 4h Ks Jd]
Seat 1: Mahu2021 (button) collected ($1.19)
Seat 2: HarryKhoo (small blind) folded before Flop
Seat 3: Benegrip (big blind) folded on the Turn
Seat 4: gena60 folded before Flop (didn't bet)
Seat 5: vinibl folded before Flop (didn't bet)
Seat 6: Eucalyptus00 folded before Flop (didn't bet)



