PokerStars Hand #244547358340: Tournament #3610844853, $0.92+$0.08 USD Hold'em No Limit - Level I (10/20) - 2023/06/30 18:21:22 CET [2023/06/30 12:21:22 ET]
Table '3610844853 1' 3-max Seat #1 is the button
Seat 1: Mahu2021 (500 in chips) 
Seat 2: walter medin (500 in chips) 
Seat 3: iloveawp (500 in chips) 
walter medin: posts small blind 10
iloveawp: posts big blind 20
*** HOLE CARDS ***
Dealt to Mahu2021 [6c Jc]
Mahu2021: folds 
walter medin: raises 480 to 500 and is all-in
iloveawp: calls 480 and is all-in
*** FLOP *** [6d 9h As]
*** TURN *** [6d 9h As] [Ks]
*** RIVER *** [6d 9h As Ks] [3s]
*** SHOW DOWN ***
walter medin: shows [Kc Kd] (three of a kind, Kings)
iloveawp: shows [7h 7c] (a pair of Sevens)
walter medin collected 1000 from pot
iloveawp finished the tournament in 3rd place
*** SUMMARY ***
Total pot 1000 | Rake 0 
Board [6d 9h As Ks 3s]
Seat 1: Mahu2021 (button) folded before Flop (didn't bet)
Seat 2: walter medin (small blind) showed [Kc Kd] and won (1000) with three of a kind, Kings
Seat 3: iloveawp (big blind) showed [7h 7c] and lost with a pair of Sevens



PokerStars Hand #244547363297: Tournament #3610844853, $0.92+$0.08 USD Hold'em No Limit - Level I (10/20) - 2023/06/30 18:21:42 CET [2023/06/30 12:21:42 ET]
Table '3610844853 1' 3-max Seat #2 is the button
Seat 1: Mahu2021 (500 in chips) 
Seat 2: walter medin (1000 in chips) 
walter medin: posts small blind 10
Mahu2021: posts big blind 20
*** HOLE CARDS ***
Dealt to Mahu2021 [Td 6h]
walter medin: calls 10
Mahu2021: checks 
*** FLOP *** [4h 9s 2d]
Mahu2021: checks 
walter medin: bets 20
Mahu2021: folds 
Uncalled bet (20) returned to walter medin
walter medin collected 40 from pot
*** SUMMARY ***
Total pot 40 | Rake 0 
Board [4h 9s 2d]
Seat 1: Mahu2021 (big blind) folded on the Flop
Seat 2: walter medin (button) (small blind) collected (40)



PokerStars Hand #244547366215: Tournament #3610844853, $0.92+$0.08 USD Hold'em No Limit - Level I (10/20) - 2023/06/30 18:21:53 CET [2023/06/30 12:21:53 ET]
Table '3610844853 1' 3-max Seat #1 is the button
Seat 1: Mahu2021 (480 in chips) 
Seat 2: walter medin (1020 in chips) 
Mahu2021: posts small blind 10
walter medin: posts big blind 20
*** HOLE CARDS ***
Dealt to Mahu2021 [2h Jd]
Mahu2021: folds 
Uncalled bet (10) returned to walter medin
walter medin collected 20 from pot
*** SUMMARY ***
Total pot 20 | Rake 0 
Seat 1: Mahu2021 (button) (small blind) folded before Flop
Seat 2: walter medin (big blind) collected (20)



PokerStars Hand #244547367533: Tournament #3610844853, $0.92+$0.08 USD Hold'em No Limit - Level I (10/20) - 2023/06/30 18:21:58 CET [2023/06/30 12:21:58 ET]
Table '3610844853 1' 3-max Seat #2 is the button
Seat 1: Mahu2021 (470 in chips) 
Seat 2: walter medin (1030 in chips) 
walter medin: posts small blind 10
Mahu2021: posts big blind 20
*** HOLE CARDS ***
Dealt to Mahu2021 [4c 8h]
walter medin: raises 1010 to 1030 and is all-in
Mahu2021: folds 
Uncalled bet (1010) returned to walter medin
walter medin collected 40 from pot
*** SUMMARY ***
Total pot 40 | Rake 0 
Seat 1: Mahu2021 (big blind) folded before Flop
Seat 2: walter medin (button) (small blind) collected (40)



PokerStars Hand #244547369298: Tournament #3610844853, $0.92+$0.08 USD Hold'em No Limit - Level I (10/20) - 2023/06/30 18:22:05 CET [2023/06/30 12:22:05 ET]
Table '3610844853 1' 3-max Seat #1 is the button
Seat 1: Mahu2021 (450 in chips) 
Seat 2: walter medin (1050 in chips) 
Mahu2021: posts small blind 10
walter medin: posts big blind 20
*** HOLE CARDS ***
Dealt to Mahu2021 [Ad 4h]
Mahu2021: calls 10
walter medin: raises 1030 to 1050 and is all-in
Mahu2021: folds 
Uncalled bet (1030) returned to walter medin
walter medin collected 40 from pot
*** SUMMARY ***
Total pot 40 | Rake 0 
Seat 1: Mahu2021 (button) (small blind) folded before Flop
Seat 2: walter medin (big blind) collected (40)



PokerStars Hand #244547372258: Tournament #3610844853, $0.92+$0.08 USD Hold'em No Limit - Level I (10/20) - 2023/06/30 18:22:17 CET [2023/06/30 12:22:17 ET]
Table '3610844853 1' 3-max Seat #2 is the button
Seat 1: Mahu2021 (430 in chips) 
Seat 2: walter medin (1070 in chips) 
walter medin: posts small blind 10
Mahu2021: posts big blind 20
*** HOLE CARDS ***
Dealt to Mahu2021 [6h Qh]
walter medin: calls 10
Mahu2021: checks 
*** FLOP *** [5s 4c 5d]
Mahu2021: checks 
walter medin: bets 20
Mahu2021: folds 
Uncalled bet (20) returned to walter medin
walter medin collected 40 from pot
*** SUMMARY ***
Total pot 40 | Rake 0 
Board [5s 4c 5d]
Seat 1: Mahu2021 (big blind) folded on the Flop
Seat 2: walter medin (button) (small blind) collected (40)



PokerStars Hand #244547375631: Tournament #3610844853, $0.92+$0.08 USD Hold'em No Limit - Level I (10/20) - 2023/06/30 18:22:30 CET [2023/06/30 12:22:30 ET]
Table '3610844853 1' 3-max Seat #1 is the button
Seat 1: Mahu2021 (410 in chips) 
Seat 2: walter medin (1090 in chips) 
Mahu2021: posts small blind 10
walter medin: posts big blind 20
*** HOLE CARDS ***
Dealt to Mahu2021 [Jc Kd]
Mahu2021: calls 10
walter medin: checks 
*** FLOP *** [7d 2s 7h]
walter medin: checks 
Mahu2021: checks 
*** TURN *** [7d 2s 7h] [Js]
walter medin: checks 
Mahu2021: bets 20
walter medin: folds 
Uncalled bet (20) returned to Mahu2021
Mahu2021 collected 40 from pot
Mahu2021: doesn't show hand 
*** SUMMARY ***
Total pot 40 | Rake 0 
Board [7d 2s 7h Js]
Seat 1: Mahu2021 (button) (small blind) collected (40)
Seat 2: walter medin (big blind) folded on the Turn



PokerStars Hand #244547380361: Tournament #3610844853, $0.92+$0.08 USD Hold'em No Limit - Level I (10/20) - 2023/06/30 18:22:49 CET [2023/06/30 12:22:49 ET]
Table '3610844853 1' 3-max Seat #2 is the button
Seat 1: Mahu2021 (430 in chips) 
Seat 2: walter medin (1070 in chips) 
walter medin: posts small blind 10
Mahu2021: posts big blind 20
*** HOLE CARDS ***
Dealt to Mahu2021 [Jh 8d]
walter medin: calls 10
Mahu2021: checks 
*** FLOP *** [Th 2s 6h]
Mahu2021: checks 
walter medin: checks 
*** TURN *** [Th 2s 6h] [9d]
Mahu2021: checks 
walter medin: checks 
*** RIVER *** [Th 2s 6h 9d] [5h]
Mahu2021: checks 
walter medin: checks 
*** SHOW DOWN ***
Mahu2021: shows [Jh 8d] (high card Jack)
walter medin: mucks hand 
Mahu2021 collected 40 from pot
*** SUMMARY ***
Total pot 40 | Rake 0 
Board [Th 2s 6h 9d 5h]
Seat 1: Mahu2021 (big blind) showed [Jh 8d] and won (40) with high card Jack
Seat 2: walter medin (button) (small blind) mucked [Js 4d]



PokerStars Hand #244547384581: Tournament #3610844853, $0.92+$0.08 USD Hold'em No Limit - Level I (10/20) - 2023/06/30 18:23:06 CET [2023/06/30 12:23:06 ET]
Table '3610844853 1' 3-max Seat #1 is the button
Seat 1: Mahu2021 (450 in chips) 
Seat 2: walter medin (1050 in chips) 
Mahu2021: posts small blind 10
walter medin: posts big blind 20
*** HOLE CARDS ***
Dealt to Mahu2021 [Ks Ah]
Mahu2021: raises 40 to 60
walter medin: calls 40
*** FLOP *** [Kd 5c Th]
walter medin: checks 
Mahu2021: bets 390 and is all-in
walter medin: folds 
Uncalled bet (390) returned to Mahu2021
Mahu2021 collected 120 from pot
Mahu2021: doesn't show hand 
*** SUMMARY ***
Total pot 120 | Rake 0 
Board [Kd 5c Th]
Seat 1: Mahu2021 (button) (small blind) collected (120)
Seat 2: walter medin (big blind) folded on the Flop



PokerStars Hand #244547387964: Tournament #3610844853, $0.92+$0.08 USD Hold'em No Limit - Level I (10/20) - 2023/06/30 18:23:19 CET [2023/06/30 12:23:19 ET]
Table '3610844853 1' 3-max Seat #2 is the button
Seat 1: Mahu2021 (510 in chips) 
Seat 2: walter medin (990 in chips) 
walter medin: posts small blind 10
Mahu2021: posts big blind 20
*** HOLE CARDS ***
Dealt to Mahu2021 [7d Td]
walter medin: raises 970 to 990 and is all-in
Mahu2021: folds 
Uncalled bet (970) returned to walter medin
walter medin collected 40 from pot
*** SUMMARY ***
Total pot 40 | Rake 0 
Seat 1: Mahu2021 (big blind) folded before Flop
Seat 2: walter medin (button) (small blind) collected (40)



PokerStars Hand #244547389906: Tournament #3610844853, $0.92+$0.08 USD Hold'em No Limit - Level I (10/20) - 2023/06/30 18:23:27 CET [2023/06/30 12:23:27 ET]
Table '3610844853 1' 3-max Seat #1 is the button
Seat 1: Mahu2021 (490 in chips) 
Seat 2: walter medin (1010 in chips) 
Mahu2021: posts small blind 10
walter medin: posts big blind 20
*** HOLE CARDS ***
Dealt to Mahu2021 [7d 8h]
Mahu2021: calls 10
walter medin: raises 990 to 1010 and is all-in
Mahu2021: folds 
Uncalled bet (990) returned to walter medin
walter medin collected 40 from pot
*** SUMMARY ***
Total pot 40 | Rake 0 
Seat 1: Mahu2021 (button) (small blind) folded before Flop
Seat 2: walter medin (big blind) collected (40)



PokerStars Hand #244547392085: Tournament #3610844853, $0.92+$0.08 USD Hold'em No Limit - Level I (10/20) - 2023/06/30 18:23:35 CET [2023/06/30 12:23:35 ET]
Table '3610844853 1' 3-max Seat #2 is the button
Seat 1: Mahu2021 (470 in chips) 
Seat 2: walter medin (1030 in chips) 
walter medin: posts small blind 10
Mahu2021: posts big blind 20
*** HOLE CARDS ***
Dealt to Mahu2021 [8h 3c]
walter medin: calls 10
Mahu2021: checks 
*** FLOP *** [Ks Qs Qc]
Mahu2021: checks 
walter medin: checks 
*** TURN *** [Ks Qs Qc] [Jc]
Mahu2021: checks 
walter medin: checks 
*** RIVER *** [Ks Qs Qc Jc] [2d]
Mahu2021: checks 
walter medin: bets 20
Mahu2021: folds 
Uncalled bet (20) returned to walter medin
walter medin collected 40 from pot
*** SUMMARY ***
Total pot 40 | Rake 0 
Board [Ks Qs Qc Jc 2d]
Seat 1: Mahu2021 (big blind) folded on the River
Seat 2: walter medin (button) (small blind) collected (40)



PokerStars Hand #244547396354: Tournament #3610844853, $0.92+$0.08 USD Hold'em No Limit - Level I (10/20) - 2023/06/30 18:23:52 CET [2023/06/30 12:23:52 ET]
Table '3610844853 1' 3-max Seat #1 is the button
Seat 1: Mahu2021 (450 in chips) 
Seat 2: walter medin (1050 in chips) 
Mahu2021: posts small blind 10
walter medin: posts big blind 20
*** HOLE CARDS ***
Dealt to Mahu2021 [4c Jc]
Mahu2021: calls 10
walter medin: raises 1030 to 1050 and is all-in
Mahu2021: folds 
Uncalled bet (1030) returned to walter medin
walter medin collected 40 from pot
*** SUMMARY ***
Total pot 40 | Rake 0 
Seat 1: Mahu2021 (button) (small blind) folded before Flop
Seat 2: walter medin (big blind) collected (40)



PokerStars Hand #244547398465: Tournament #3610844853, $0.92+$0.08 USD Hold'em No Limit - Level I (10/20) - 2023/06/30 18:24:00 CET [2023/06/30 12:24:00 ET]
Table '3610844853 1' 3-max Seat #2 is the button
Seat 1: Mahu2021 (430 in chips) 
Seat 2: walter medin (1070 in chips) 
walter medin: posts small blind 10
Mahu2021: posts big blind 20
*** HOLE CARDS ***
Dealt to Mahu2021 [3h 8s]
walter medin: calls 10
Mahu2021: checks 
*** FLOP *** [Qc 6d 2c]
Mahu2021: checks 
walter medin: checks 
*** TURN *** [Qc 6d 2c] [Ks]
Mahu2021: checks 
walter medin: checks 
*** RIVER *** [Qc 6d 2c Ks] [9s]
Mahu2021: checks 
walter medin: checks 
*** SHOW DOWN ***
Mahu2021: shows [3h 8s] (high card King)
walter medin: mucks hand 
Mahu2021 collected 40 from pot
*** SUMMARY ***
Total pot 40 | Rake 0 
Board [Qc 6d 2c Ks 9s]
Seat 1: Mahu2021 (big blind) showed [3h 8s] and won (40) with high card King
Seat 2: walter medin (button) (small blind) mucked [4h 7d]



PokerStars Hand #244547402238: Tournament #3610844853, $0.92+$0.08 USD Hold'em No Limit - Level I (10/20) - 2023/06/30 18:24:15 CET [2023/06/30 12:24:15 ET]
Table '3610844853 1' 3-max Seat #1 is the button
Seat 1: Mahu2021 (450 in chips) 
Seat 2: walter medin (1050 in chips) 
Mahu2021: posts small blind 10
walter medin: posts big blind 20
*** HOLE CARDS ***
Dealt to Mahu2021 [9s 8s]
Mahu2021: calls 10
walter medin: checks 
*** FLOP *** [4c 4s 3s]
walter medin: bets 20
Mahu2021: calls 20
*** TURN *** [4c 4s 3s] [Qd]
walter medin: checks 
Mahu2021: bets 60
walter medin: calls 60
*** RIVER *** [4c 4s 3s Qd] [6h]
walter medin: checks 
Mahu2021: checks 
*** SHOW DOWN ***
walter medin: shows [8d 6s] (two pair, Sixes and Fours)
Mahu2021: mucks hand 
walter medin collected 200 from pot
*** SUMMARY ***
Total pot 200 | Rake 0 
Board [4c 4s 3s Qd 6h]
Seat 1: Mahu2021 (button) (small blind) mucked [9s 8s]
Seat 2: walter medin (big blind) showed [8d 6s] and won (200) with two pair, Sixes and Fours



PokerStars Hand #244547408430: Tournament #3610844853, $0.92+$0.08 USD Hold'em No Limit - Level II (15/30) - 2023/06/30 18:24:39 CET [2023/06/30 12:24:39 ET]
Table '3610844853 1' 3-max Seat #2 is the button
Seat 1: Mahu2021 (350 in chips) 
Seat 2: walter medin (1150 in chips) 
walter medin: posts small blind 15
Mahu2021: posts big blind 30
*** HOLE CARDS ***
Dealt to Mahu2021 [9h Qd]
walter medin: calls 15
Mahu2021: checks 
*** FLOP *** [8d 6c 3s]
Mahu2021: checks 
walter medin: checks 
*** TURN *** [8d 6c 3s] [Ac]
Mahu2021: checks 
walter medin: checks 
*** RIVER *** [8d 6c 3s Ac] [3c]
Mahu2021: checks 
walter medin: bets 30
Mahu2021: folds 
Uncalled bet (30) returned to walter medin
walter medin collected 60 from pot
*** SUMMARY ***
Total pot 60 | Rake 0 
Board [8d 6c 3s Ac 3c]
Seat 1: Mahu2021 (big blind) folded on the River
Seat 2: walter medin (button) (small blind) collected (60)



PokerStars Hand #244547412511: Tournament #3610844853, $0.92+$0.08 USD Hold'em No Limit - Level II (15/30) - 2023/06/30 18:24:54 CET [2023/06/30 12:24:54 ET]
Table '3610844853 1' 3-max Seat #1 is the button
Seat 1: Mahu2021 (320 in chips) 
Seat 2: walter medin (1180 in chips) 
Mahu2021: posts small blind 15
walter medin: posts big blind 30
*** HOLE CARDS ***
Dealt to Mahu2021 [9h 7s]
Mahu2021: folds 
Uncalled bet (15) returned to walter medin
walter medin collected 30 from pot
*** SUMMARY ***
Total pot 30 | Rake 0 
Seat 1: Mahu2021 (button) (small blind) folded before Flop
Seat 2: walter medin (big blind) collected (30)



PokerStars Hand #244547413823: Tournament #3610844853, $0.92+$0.08 USD Hold'em No Limit - Level II (15/30) - 2023/06/30 18:25:00 CET [2023/06/30 12:25:00 ET]
Table '3610844853 1' 3-max Seat #2 is the button
Seat 1: Mahu2021 (305 in chips) 
Seat 2: walter medin (1195 in chips) 
walter medin: posts small blind 15
Mahu2021: posts big blind 30
*** HOLE CARDS ***
Dealt to Mahu2021 [2s 3s]
walter medin: raises 1165 to 1195 and is all-in
Mahu2021: folds 
Uncalled bet (1165) returned to walter medin
walter medin collected 60 from pot
*** SUMMARY ***
Total pot 60 | Rake 0 
Seat 1: Mahu2021 (big blind) folded before Flop
Seat 2: walter medin (button) (small blind) collected (60)



PokerStars Hand #244547415721: Tournament #3610844853, $0.92+$0.08 USD Hold'em No Limit - Level II (15/30) - 2023/06/30 18:25:07 CET [2023/06/30 12:25:07 ET]
Table '3610844853 1' 3-max Seat #1 is the button
Seat 1: Mahu2021 (275 in chips) 
Seat 2: walter medin (1225 in chips) 
Mahu2021: posts small blind 15
walter medin: posts big blind 30
*** HOLE CARDS ***
Dealt to Mahu2021 [6d Qc]
Mahu2021: folds 
Uncalled bet (15) returned to walter medin
walter medin collected 30 from pot
*** SUMMARY ***
Total pot 30 | Rake 0 
Seat 1: Mahu2021 (button) (small blind) folded before Flop
Seat 2: walter medin (big blind) collected (30)



PokerStars Hand #244547417334: Tournament #3610844853, $0.92+$0.08 USD Hold'em No Limit - Level II (15/30) - 2023/06/30 18:25:12 CET [2023/06/30 12:25:12 ET]
Table '3610844853 1' 3-max Seat #2 is the button
Seat 1: Mahu2021 (260 in chips) 
Seat 2: walter medin (1240 in chips) 
walter medin: posts small blind 15
Mahu2021: posts big blind 30
*** HOLE CARDS ***
Dealt to Mahu2021 [Qc As]
walter medin: calls 15
Mahu2021: raises 230 to 260 and is all-in
walter medin: calls 230
*** FLOP *** [5s 2h 6d]
*** TURN *** [5s 2h 6d] [8c]
*** RIVER *** [5s 2h 6d 8c] [2s]
*** SHOW DOWN ***
Mahu2021: shows [Qc As] (a pair of Deuces)
walter medin: shows [6s 8s] (two pair, Eights and Sixes)
walter medin collected 520 from pot
Mahu2021 finished the tournament in 2nd place
walter medin wins the tournament and receives $3.00 - congratulations!
*** SUMMARY ***
Total pot 520 | Rake 0 
Board [5s 2h 6d 8c 2s]
Seat 1: Mahu2021 (big blind) showed [Qc As] and lost with a pair of Deuces
Seat 2: walter medin (button) (small blind) showed [6s 8s] and won (520) with two pair, Eights and Sixes



