PokerStars Hand #253065400310: Tournament #3815637168, $1.84+$0.16 USD Hold'em No Limit - Level I (10/20) - 2024/10/23 17:38:28 CET [2024/10/23 11:38:28 ET]
Table '3815637168 1' 3-max Seat #1 is the button
Seat 1: LinasPovil (500 in chips) 
Seat 2: Javra86 (500 in chips) 
Seat 3: Mahu2021 (500 in chips) 
Javra86: posts small blind 10
Mahu2021: posts big blind 20
*** HOLE CARDS ***
Dealt to Mahu2021 [5d 4d]
LinasPovil: folds 
Javra86: raises 20 to 40
Mahu2021: calls 20
*** FLOP *** [Ah 6c 5c]
Javra86: bets 31
Mahu2021: calls 31
*** TURN *** [Ah 6c 5c] [6d]
Javra86: checks 
Mahu2021: checks 
*** RIVER *** [Ah 6c 5c 6d] [Jd]
Javra86: checks 
Mahu2021: checks 
*** SHOW DOWN ***
Javra86: shows [Td 8s] (a pair of Sixes)
Mahu2021: shows [5d 4d] (two pair, Sixes and Fives)
Mahu2021 collected 142 from pot
*** SUMMARY ***
Total pot 142 | Rake 0 
Board [Ah 6c 5c 6d Jd]
Seat 1: LinasPovil (button) folded before Flop (didn't bet)
Seat 2: Javra86 (small blind) showed [Td 8s] and lost with a pair of Sixes
Seat 3: Mahu2021 (big blind) showed [5d 4d] and won (142) with two pair, Sixes and Fives



PokerStars Hand #253065403409: Tournament #3815637168, $1.84+$0.16 USD Hold'em No Limit - Level I (10/20) - 2024/10/23 17:38:42 CET [2024/10/23 11:38:42 ET]
Table '3815637168 1' 3-max Seat #2 is the button
Seat 1: LinasPovil (500 in chips) 
Seat 2: Javra86 (429 in chips) 
Seat 3: Mahu2021 (571 in chips) 
Mahu2021: posts small blind 10
LinasPovil: posts big blind 20
*** HOLE CARDS ***
Dealt to Mahu2021 [Qc 2d]
Javra86: raises 20 to 40
Mahu2021: folds 
LinasPovil: calls 20
*** FLOP *** [Jh 4h 9s]
LinasPovil: checks 
Javra86: bets 53
LinasPovil: folds 
Uncalled bet (53) returned to Javra86
Javra86 collected 90 from pot
Javra86: doesn't show hand 
*** SUMMARY ***
Total pot 90 | Rake 0 
Board [Jh 4h 9s]
Seat 1: LinasPovil (big blind) folded on the Flop
Seat 2: Javra86 (button) collected (90)
Seat 3: Mahu2021 (small blind) folded before Flop



PokerStars Hand #253065406236: Tournament #3815637168, $1.84+$0.16 USD Hold'em No Limit - Level I (10/20) - 2024/10/23 17:38:55 CET [2024/10/23 11:38:55 ET]
Table '3815637168 1' 3-max Seat #3 is the button
Seat 1: LinasPovil (460 in chips) 
Seat 2: Javra86 (479 in chips) 
Seat 3: Mahu2021 (561 in chips) 
LinasPovil: posts small blind 10
Javra86: posts big blind 20
*** HOLE CARDS ***
Dealt to Mahu2021 [3d 8c]
Mahu2021: folds 
LinasPovil: calls 10
Javra86: checks 
*** FLOP *** [Th 5h As]
LinasPovil: bets 20
Javra86: folds 
Uncalled bet (20) returned to LinasPovil
LinasPovil collected 40 from pot
LinasPovil: doesn't show hand 
*** SUMMARY ***
Total pot 40 | Rake 0 
Board [Th 5h As]
Seat 1: LinasPovil (small blind) collected (40)
Seat 2: Javra86 (big blind) folded on the Flop
Seat 3: Mahu2021 (button) folded before Flop (didn't bet)



PokerStars Hand #253065408853: Tournament #3815637168, $1.84+$0.16 USD Hold'em No Limit - Level I (10/20) - 2024/10/23 17:39:08 CET [2024/10/23 11:39:08 ET]
Table '3815637168 1' 3-max Seat #1 is the button
Seat 1: LinasPovil (480 in chips) 
Seat 2: Javra86 (459 in chips) 
Seat 3: Mahu2021 (561 in chips) 
Javra86: posts small blind 10
Mahu2021: posts big blind 20
*** HOLE CARDS ***
Dealt to Mahu2021 [3d 6d]
LinasPovil: folds 
Javra86: raises 20 to 40
Mahu2021: calls 20
*** FLOP *** [Kh Js Qd]
Javra86: checks 
Mahu2021: checks 
*** TURN *** [Kh Js Qd] [Ts]
Javra86: checks 
Mahu2021: bets 80
Javra86: folds 
Uncalled bet (80) returned to Mahu2021
Mahu2021 collected 80 from pot
Mahu2021: doesn't show hand 
*** SUMMARY ***
Total pot 80 | Rake 0 
Board [Kh Js Qd Ts]
Seat 1: LinasPovil (button) folded before Flop (didn't bet)
Seat 2: Javra86 (small blind) folded on the Turn
Seat 3: Mahu2021 (big blind) collected (80)



PokerStars Hand #253065412483: Tournament #3815637168, $1.84+$0.16 USD Hold'em No Limit - Level I (10/20) - 2024/10/23 17:39:26 CET [2024/10/23 11:39:26 ET]
Table '3815637168 1' 3-max Seat #2 is the button
Seat 1: LinasPovil (480 in chips) 
Seat 2: Javra86 (419 in chips) 
Seat 3: Mahu2021 (601 in chips) 
Mahu2021: posts small blind 10
LinasPovil: posts big blind 20
*** HOLE CARDS ***
Dealt to Mahu2021 [5d 8h]
Javra86: raises 20 to 40
Mahu2021: folds 
LinasPovil: raises 440 to 480 and is all-in
Javra86: folds 
Uncalled bet (440) returned to LinasPovil
LinasPovil collected 90 from pot
LinasPovil: doesn't show hand 
*** SUMMARY ***
Total pot 90 | Rake 0 
Seat 1: LinasPovil (big blind) collected (90)
Seat 2: Javra86 (button) folded before Flop
Seat 3: Mahu2021 (small blind) folded before Flop



PokerStars Hand #253065414401: Tournament #3815637168, $1.84+$0.16 USD Hold'em No Limit - Level I (10/20) - 2024/10/23 17:39:35 CET [2024/10/23 11:39:35 ET]
Table '3815637168 1' 3-max Seat #3 is the button
Seat 1: LinasPovil (530 in chips) 
Seat 2: Javra86 (379 in chips) 
Seat 3: Mahu2021 (591 in chips) 
LinasPovil: posts small blind 10
Javra86: posts big blind 20
*** HOLE CARDS ***
Dealt to Mahu2021 [2c Qs]
Mahu2021: folds 
LinasPovil: calls 10
Javra86: checks 
*** FLOP *** [8h 6c 3h]
LinasPovil: bets 20
Javra86: folds 
Uncalled bet (20) returned to LinasPovil
LinasPovil collected 40 from pot
LinasPovil: doesn't show hand 
*** SUMMARY ***
Total pot 40 | Rake 0 
Board [8h 6c 3h]
Seat 1: LinasPovil (small blind) collected (40)
Seat 2: Javra86 (big blind) folded on the Flop
Seat 3: Mahu2021 (button) folded before Flop (didn't bet)



PokerStars Hand #253065417103: Tournament #3815637168, $1.84+$0.16 USD Hold'em No Limit - Level I (10/20) - 2024/10/23 17:39:47 CET [2024/10/23 11:39:47 ET]
Table '3815637168 1' 3-max Seat #1 is the button
Seat 1: LinasPovil (550 in chips) 
Seat 2: Javra86 (359 in chips) 
Seat 3: Mahu2021 (591 in chips) 
Javra86: posts small blind 10
Mahu2021: posts big blind 20
*** HOLE CARDS ***
Dealt to Mahu2021 [3s 2s]
LinasPovil: raises 20 to 40
Javra86: folds 
Mahu2021: calls 20
*** FLOP *** [6d Kd Jh]
Mahu2021: checks 
LinasPovil: bets 30
Mahu2021: folds 
Uncalled bet (30) returned to LinasPovil
LinasPovil collected 90 from pot
LinasPovil: doesn't show hand 
*** SUMMARY ***
Total pot 90 | Rake 0 
Board [6d Kd Jh]
Seat 1: LinasPovil (button) collected (90)
Seat 2: Javra86 (small blind) folded before Flop
Seat 3: Mahu2021 (big blind) folded on the Flop



PokerStars Hand #253065419866: Tournament #3815637168, $1.84+$0.16 USD Hold'em No Limit - Level I (10/20) - 2024/10/23 17:40:01 CET [2024/10/23 11:40:01 ET]
Table '3815637168 1' 3-max Seat #2 is the button
Seat 1: LinasPovil (600 in chips) 
Seat 2: Javra86 (349 in chips) 
Seat 3: Mahu2021 (551 in chips) 
Mahu2021: posts small blind 10
LinasPovil: posts big blind 20
*** HOLE CARDS ***
Dealt to Mahu2021 [3c 5d]
Javra86: folds 
Mahu2021: folds 
Uncalled bet (10) returned to LinasPovil
LinasPovil collected 20 from pot
LinasPovil: doesn't show hand 
*** SUMMARY ***
Total pot 20 | Rake 0 
Seat 1: LinasPovil (big blind) collected (20)
Seat 2: Javra86 (button) folded before Flop (didn't bet)
Seat 3: Mahu2021 (small blind) folded before Flop



PokerStars Hand #253065421045: Tournament #3815637168, $1.84+$0.16 USD Hold'em No Limit - Level I (10/20) - 2024/10/23 17:40:06 CET [2024/10/23 11:40:06 ET]
Table '3815637168 1' 3-max Seat #3 is the button
Seat 1: LinasPovil (610 in chips) 
Seat 2: Javra86 (349 in chips) 
Seat 3: Mahu2021 (541 in chips) 
LinasPovil: posts small blind 10
Javra86: posts big blind 20
*** HOLE CARDS ***
Dealt to Mahu2021 [Ts 2s]
Mahu2021: folds 
LinasPovil: folds 
Uncalled bet (10) returned to Javra86
Javra86 collected 20 from pot
Javra86: doesn't show hand 
*** SUMMARY ***
Total pot 20 | Rake 0 
Seat 1: LinasPovil (small blind) folded before Flop
Seat 2: Javra86 (big blind) collected (20)
Seat 3: Mahu2021 (button) folded before Flop (didn't bet)



PokerStars Hand #253065422448: Tournament #3815637168, $1.84+$0.16 USD Hold'em No Limit - Level I (10/20) - 2024/10/23 17:40:13 CET [2024/10/23 11:40:13 ET]
Table '3815637168 1' 3-max Seat #1 is the button
Seat 1: LinasPovil (600 in chips) 
Seat 2: Javra86 (359 in chips) 
Seat 3: Mahu2021 (541 in chips) 
Javra86: posts small blind 10
Mahu2021: posts big blind 20
*** HOLE CARDS ***
Dealt to Mahu2021 [2h 8h]
LinasPovil: folds 
Javra86: raises 20 to 40
Mahu2021: folds 
Uncalled bet (20) returned to Javra86
Javra86 collected 40 from pot
Javra86: doesn't show hand 
*** SUMMARY ***
Total pot 40 | Rake 0 
Seat 1: LinasPovil (button) folded before Flop (didn't bet)
Seat 2: Javra86 (small blind) collected (40)
Seat 3: Mahu2021 (big blind) folded before Flop



PokerStars Hand #253065423662: Tournament #3815637168, $1.84+$0.16 USD Hold'em No Limit - Level I (10/20) - 2024/10/23 17:40:19 CET [2024/10/23 11:40:19 ET]
Table '3815637168 1' 3-max Seat #2 is the button
Seat 1: LinasPovil (600 in chips) 
Seat 2: Javra86 (379 in chips) 
Seat 3: Mahu2021 (521 in chips) 
Mahu2021: posts small blind 10
LinasPovil: posts big blind 20
*** HOLE CARDS ***
Dealt to Mahu2021 [4s Ac]
Javra86: raises 20 to 40
Mahu2021: calls 30
LinasPovil: calls 20
*** FLOP *** [2d Kc 3h]
Mahu2021: checks 
LinasPovil: checks 
Javra86: bets 71
Mahu2021: folds 
LinasPovil: calls 71
*** TURN *** [2d Kc 3h] [8h]
LinasPovil: checks 
Javra86: bets 155
LinasPovil: raises 334 to 489 and is all-in
Javra86: calls 113 and is all-in
Uncalled bet (221) returned to LinasPovil
*** RIVER *** [2d Kc 3h 8h] [As]
*** SHOW DOWN ***
LinasPovil: shows [7d Kh] (a pair of Kings)
Javra86: shows [Jc Kd] (a pair of Kings - Ace+Jack kicker)
Javra86 collected 798 from pot
*** SUMMARY ***
Total pot 798 | Rake 0 
Board [2d Kc 3h 8h As]
Seat 1: LinasPovil (big blind) showed [7d Kh] and lost with a pair of Kings
Seat 2: Javra86 (button) showed [Jc Kd] and won (798) with a pair of Kings
Seat 3: Mahu2021 (small blind) folded on the Flop



PokerStars Hand #253065431530: Tournament #3815637168, $1.84+$0.16 USD Hold'em No Limit - Level II (15/30) - 2024/10/23 17:40:56 CET [2024/10/23 11:40:56 ET]
Table '3815637168 1' 3-max Seat #3 is the button
Seat 1: LinasPovil (221 in chips) 
Seat 2: Javra86 (798 in chips) 
Seat 3: Mahu2021 (481 in chips) 
LinasPovil: posts small blind 15
Javra86: posts big blind 30
*** HOLE CARDS ***
Dealt to Mahu2021 [6c Qs]
Mahu2021: calls 30
LinasPovil: calls 15
Javra86: checks 
*** FLOP *** [Kc 2h 8s]
LinasPovil: checks 
Javra86: bets 30
Mahu2021: folds 
LinasPovil: folds 
Uncalled bet (30) returned to Javra86
Javra86 collected 90 from pot
Javra86: doesn't show hand 
*** SUMMARY ***
Total pot 90 | Rake 0 
Board [Kc 2h 8s]
Seat 1: LinasPovil (small blind) folded on the Flop
Seat 2: Javra86 (big blind) collected (90)
Seat 3: Mahu2021 (button) folded on the Flop



PokerStars Hand #253065436119: Tournament #3815637168, $1.84+$0.16 USD Hold'em No Limit - Level II (15/30) - 2024/10/23 17:41:18 CET [2024/10/23 11:41:18 ET]
Table '3815637168 1' 3-max Seat #1 is the button
Seat 1: LinasPovil (191 in chips) 
Seat 2: Javra86 (858 in chips) 
Seat 3: Mahu2021 (451 in chips) 
Javra86: posts small blind 15
Mahu2021: posts big blind 30
*** HOLE CARDS ***
Dealt to Mahu2021 [9d 9c]
LinasPovil: folds 
Javra86: folds 
Uncalled bet (15) returned to Mahu2021
Mahu2021 collected 30 from pot
Mahu2021: doesn't show hand 
*** SUMMARY ***
Total pot 30 | Rake 0 
Seat 1: LinasPovil (button) folded before Flop (didn't bet)
Seat 2: Javra86 (small blind) folded before Flop
Seat 3: Mahu2021 (big blind) collected (30)



PokerStars Hand #253065437405: Tournament #3815637168, $1.84+$0.16 USD Hold'em No Limit - Level II (15/30) - 2024/10/23 17:41:24 CET [2024/10/23 11:41:24 ET]
Table '3815637168 1' 3-max Seat #2 is the button
Seat 1: LinasPovil (191 in chips) 
Seat 2: Javra86 (843 in chips) 
Seat 3: Mahu2021 (466 in chips) 
Mahu2021: posts small blind 15
LinasPovil: posts big blind 30
*** HOLE CARDS ***
Dealt to Mahu2021 [4h 2d]
Javra86: folds 
Mahu2021: folds 
Uncalled bet (15) returned to LinasPovil
LinasPovil collected 30 from pot
LinasPovil: doesn't show hand 
*** SUMMARY ***
Total pot 30 | Rake 0 
Seat 1: LinasPovil (big blind) collected (30)
Seat 2: Javra86 (button) folded before Flop (didn't bet)
Seat 3: Mahu2021 (small blind) folded before Flop



PokerStars Hand #253065438543: Tournament #3815637168, $1.84+$0.16 USD Hold'em No Limit - Level II (15/30) - 2024/10/23 17:41:30 CET [2024/10/23 11:41:30 ET]
Table '3815637168 1' 3-max Seat #3 is the button
Seat 1: LinasPovil (206 in chips) 
Seat 2: Javra86 (843 in chips) 
Seat 3: Mahu2021 (451 in chips) 
LinasPovil: posts small blind 15
Javra86: posts big blind 30
*** HOLE CARDS ***
Dealt to Mahu2021 [Td Tc]
Mahu2021: raises 30 to 60
LinasPovil: folds 
Javra86: calls 30
*** FLOP *** [5h 4d Qs]
Javra86: checks 
Mahu2021: bets 60
Javra86: calls 60
*** TURN *** [5h 4d Qs] [3d]
Javra86: checks 
Mahu2021: checks 
*** RIVER *** [5h 4d Qs 3d] [Kc]
Javra86: bets 60
Mahu2021: calls 60
*** SHOW DOWN ***
Javra86: shows [Qd 9c] (a pair of Queens)
Mahu2021: mucks hand 
Javra86 collected 375 from pot
*** SUMMARY ***
Total pot 375 | Rake 0 
Board [5h 4d Qs 3d Kc]
Seat 1: LinasPovil (small blind) folded before Flop
Seat 2: Javra86 (big blind) showed [Qd 9c] and won (375) with a pair of Queens
Seat 3: Mahu2021 (button) mucked [Td Tc]



PokerStars Hand #253065442951: Tournament #3815637168, $1.84+$0.16 USD Hold'em No Limit - Level II (15/30) - 2024/10/23 17:41:51 CET [2024/10/23 11:41:51 ET]
Table '3815637168 1' 3-max Seat #1 is the button
Seat 1: LinasPovil (191 in chips) 
Seat 2: Javra86 (1038 in chips) 
Seat 3: Mahu2021 (271 in chips) 
Javra86: posts small blind 15
Mahu2021: posts big blind 30
*** HOLE CARDS ***
Dealt to Mahu2021 [Qd 3c]
LinasPovil: raises 161 to 191 and is all-in
Javra86: folds 
Mahu2021: folds 
Uncalled bet (161) returned to LinasPovil
LinasPovil collected 75 from pot
LinasPovil: doesn't show hand 
*** SUMMARY ***
Total pot 75 | Rake 0 
Seat 1: LinasPovil (button) collected (75)
Seat 2: Javra86 (small blind) folded before Flop
Seat 3: Mahu2021 (big blind) folded before Flop



PokerStars Hand #253065444102: Tournament #3815637168, $1.84+$0.16 USD Hold'em No Limit - Level II (15/30) - 2024/10/23 17:41:56 CET [2024/10/23 11:41:56 ET]
Table '3815637168 1' 3-max Seat #2 is the button
Seat 1: LinasPovil (236 in chips) 
Seat 2: Javra86 (1023 in chips) 
Seat 3: Mahu2021 (241 in chips) 
Mahu2021: posts small blind 15
LinasPovil: posts big blind 30
*** HOLE CARDS ***
Dealt to Mahu2021 [2d 8h]
Javra86: folds 
Mahu2021: folds 
Uncalled bet (15) returned to LinasPovil
LinasPovil collected 30 from pot
LinasPovil: doesn't show hand 
*** SUMMARY ***
Total pot 30 | Rake 0 
Seat 1: LinasPovil (big blind) collected (30)
Seat 2: Javra86 (button) folded before Flop (didn't bet)
Seat 3: Mahu2021 (small blind) folded before Flop



PokerStars Hand #253065445018: Tournament #3815637168, $1.84+$0.16 USD Hold'em No Limit - Level II (15/30) - 2024/10/23 17:42:00 CET [2024/10/23 11:42:00 ET]
Table '3815637168 1' 3-max Seat #3 is the button
Seat 1: LinasPovil (251 in chips) 
Seat 2: Javra86 (1023 in chips) 
Seat 3: Mahu2021 (226 in chips) 
LinasPovil: posts small blind 15
Javra86: posts big blind 30
*** HOLE CARDS ***
Dealt to Mahu2021 [4s As]
Mahu2021: raises 30 to 60
LinasPovil: folds 
Javra86: calls 30
*** FLOP *** [Ad 2h 6h]
Javra86: checks 
Mahu2021: bets 166 and is all-in
Javra86: calls 166
*** TURN *** [Ad 2h 6h] [7d]
*** RIVER *** [Ad 2h 6h 7d] [Th]
*** SHOW DOWN ***
Javra86: shows [6c Qs] (a pair of Sixes)
Mahu2021: shows [4s As] (a pair of Aces)
Mahu2021 collected 467 from pot
*** SUMMARY ***
Total pot 467 | Rake 0 
Board [Ad 2h 6h 7d Th]
Seat 1: LinasPovil (small blind) folded before Flop
Seat 2: Javra86 (big blind) showed [6c Qs] and lost with a pair of Sixes
Seat 3: Mahu2021 (button) showed [4s As] and won (467) with a pair of Aces



PokerStars Hand #253065448871: Tournament #3815637168, $1.84+$0.16 USD Hold'em No Limit - Level II (15/30) - 2024/10/23 17:42:19 CET [2024/10/23 11:42:19 ET]
Table '3815637168 1' 3-max Seat #1 is the button
Seat 1: LinasPovil (236 in chips) 
Seat 2: Javra86 (797 in chips) 
Seat 3: Mahu2021 (467 in chips) 
Javra86: posts small blind 15
Mahu2021: posts big blind 30
*** HOLE CARDS ***
Dealt to Mahu2021 [3c 6c]
LinasPovil: raises 206 to 236 and is all-in
Javra86: folds 
Mahu2021: folds 
Uncalled bet (206) returned to LinasPovil
LinasPovil collected 75 from pot
LinasPovil: doesn't show hand 
*** SUMMARY ***
Total pot 75 | Rake 0 
Seat 1: LinasPovil (button) collected (75)
Seat 2: Javra86 (small blind) folded before Flop
Seat 3: Mahu2021 (big blind) folded before Flop



PokerStars Hand #253065450180: Tournament #3815637168, $1.84+$0.16 USD Hold'em No Limit - Level II (15/30) - 2024/10/23 17:42:25 CET [2024/10/23 11:42:25 ET]
Table '3815637168 1' 3-max Seat #2 is the button
Seat 1: LinasPovil (281 in chips) 
Seat 2: Javra86 (782 in chips) 
Seat 3: Mahu2021 (437 in chips) 
Mahu2021: posts small blind 15
LinasPovil: posts big blind 30
*** HOLE CARDS ***
Dealt to Mahu2021 [Ts 9c]
Javra86: raises 30 to 60
Mahu2021: folds 
LinasPovil: folds 
Uncalled bet (30) returned to Javra86
Javra86 collected 75 from pot
Javra86: doesn't show hand 
*** SUMMARY ***
Total pot 75 | Rake 0 
Seat 1: LinasPovil (big blind) folded before Flop
Seat 2: Javra86 (button) collected (75)
Seat 3: Mahu2021 (small blind) folded before Flop



PokerStars Hand #253065452460: Tournament #3815637168, $1.84+$0.16 USD Hold'em No Limit - Level III (20/40) - 2024/10/23 17:42:36 CET [2024/10/23 11:42:36 ET]
Table '3815637168 1' 3-max Seat #3 is the button
Seat 1: LinasPovil (251 in chips) 
Seat 2: Javra86 (827 in chips) 
Seat 3: Mahu2021 (422 in chips) 
LinasPovil: posts small blind 20
Javra86: posts big blind 40
*** HOLE CARDS ***
Dealt to Mahu2021 [7h 9h]
Mahu2021: calls 40
LinasPovil: raises 211 to 251 and is all-in
Javra86: folds 
Mahu2021: folds 
Uncalled bet (211) returned to LinasPovil
LinasPovil collected 120 from pot
LinasPovil: doesn't show hand 
*** SUMMARY ***
Total pot 120 | Rake 0 
Seat 1: LinasPovil (small blind) collected (120)
Seat 2: Javra86 (big blind) folded before Flop
Seat 3: Mahu2021 (button) folded before Flop



PokerStars Hand #253065454179: Tournament #3815637168, $1.84+$0.16 USD Hold'em No Limit - Level III (20/40) - 2024/10/23 17:42:44 CET [2024/10/23 11:42:44 ET]
Table '3815637168 1' 3-max Seat #1 is the button
Seat 1: LinasPovil (331 in chips) 
Seat 2: Javra86 (787 in chips) 
Seat 3: Mahu2021 (382 in chips) 
Javra86: posts small blind 20
Mahu2021: posts big blind 40
*** HOLE CARDS ***
Dealt to Mahu2021 [Ts 7s]
LinasPovil: raises 291 to 331 and is all-in
Javra86: folds 
Mahu2021: folds 
Uncalled bet (291) returned to LinasPovil
LinasPovil collected 100 from pot
LinasPovil: doesn't show hand 
*** SUMMARY ***
Total pot 100 | Rake 0 
Seat 1: LinasPovil (button) collected (100)
Seat 2: Javra86 (small blind) folded before Flop
Seat 3: Mahu2021 (big blind) folded before Flop



PokerStars Hand #253065455392: Tournament #3815637168, $1.84+$0.16 USD Hold'em No Limit - Level III (20/40) - 2024/10/23 17:42:50 CET [2024/10/23 11:42:50 ET]
Table '3815637168 1' 3-max Seat #2 is the button
Seat 1: LinasPovil (391 in chips) 
Seat 2: Javra86 (767 in chips) 
Seat 3: Mahu2021 (342 in chips) 
Mahu2021: posts small blind 20
LinasPovil: posts big blind 40
*** HOLE CARDS ***
Dealt to Mahu2021 [Th 4s]
Javra86: folds 
Mahu2021: folds 
Uncalled bet (20) returned to LinasPovil
LinasPovil collected 40 from pot
LinasPovil: doesn't show hand 
*** SUMMARY ***
Total pot 40 | Rake 0 
Seat 1: LinasPovil (big blind) collected (40)
Seat 2: Javra86 (button) folded before Flop (didn't bet)
Seat 3: Mahu2021 (small blind) folded before Flop



PokerStars Hand #253065456422: Tournament #3815637168, $1.84+$0.16 USD Hold'em No Limit - Level III (20/40) - 2024/10/23 17:42:55 CET [2024/10/23 11:42:55 ET]
Table '3815637168 1' 3-max Seat #3 is the button
Seat 1: LinasPovil (411 in chips) 
Seat 2: Javra86 (767 in chips) 
Seat 3: Mahu2021 (322 in chips) 
LinasPovil: posts small blind 20
Javra86: posts big blind 40
*** HOLE CARDS ***
Dealt to Mahu2021 [8h 4s]
Mahu2021: folds 
LinasPovil: folds 
Uncalled bet (20) returned to Javra86
Javra86 collected 40 from pot
Javra86: doesn't show hand 
*** SUMMARY ***
Total pot 40 | Rake 0 
Seat 1: LinasPovil (small blind) folded before Flop
Seat 2: Javra86 (big blind) collected (40)
Seat 3: Mahu2021 (button) folded before Flop (didn't bet)



PokerStars Hand #253065458818: Tournament #3815637168, $1.84+$0.16 USD Hold'em No Limit - Level III (20/40) - 2024/10/23 17:43:06 CET [2024/10/23 11:43:06 ET]
Table '3815637168 1' 3-max Seat #1 is the button
Seat 1: LinasPovil (391 in chips) 
Seat 2: Javra86 (787 in chips) 
Seat 3: Mahu2021 (322 in chips) 
Javra86: posts small blind 20
Mahu2021: posts big blind 40
*** HOLE CARDS ***
Dealt to Mahu2021 [9c 2c]
LinasPovil: folds 
Javra86: raises 40 to 80
Mahu2021: folds 
Uncalled bet (40) returned to Javra86
Javra86 collected 80 from pot
Javra86: doesn't show hand 
*** SUMMARY ***
Total pot 80 | Rake 0 
Seat 1: LinasPovil (button) folded before Flop (didn't bet)
Seat 2: Javra86 (small blind) collected (80)
Seat 3: Mahu2021 (big blind) folded before Flop



PokerStars Hand #253065459948: Tournament #3815637168, $1.84+$0.16 USD Hold'em No Limit - Level III (20/40) - 2024/10/23 17:43:11 CET [2024/10/23 11:43:11 ET]
Table '3815637168 1' 3-max Seat #2 is the button
Seat 1: LinasPovil (391 in chips) 
Seat 2: Javra86 (827 in chips) 
Seat 3: Mahu2021 (282 in chips) 
Mahu2021: posts small blind 20
LinasPovil: posts big blind 40
*** HOLE CARDS ***
Dealt to Mahu2021 [Qs As]
Javra86: folds 
Mahu2021: calls 20
LinasPovil: raises 351 to 391 and is all-in
Mahu2021: calls 242 and is all-in
Uncalled bet (109) returned to LinasPovil
*** FLOP *** [8s Ks Th]
*** TURN *** [8s Ks Th] [3h]
*** RIVER *** [8s Ks Th 3h] [Tc]
*** SHOW DOWN ***
Mahu2021: shows [Qs As] (a pair of Tens)
LinasPovil: shows [Kd 8h] (two pair, Kings and Tens)
LinasPovil collected 564 from pot
Mahu2021 finished the tournament in 3rd place
*** SUMMARY ***
Total pot 564 | Rake 0 
Board [8s Ks Th 3h Tc]
Seat 1: LinasPovil (big blind) showed [Kd 8h] and won (564) with two pair, Kings and Tens
Seat 2: Javra86 (button) folded before Flop (didn't bet)
Seat 3: Mahu2021 (small blind) showed [Qs As] and lost with a pair of Tens



