PokerStars Hand #253473128053: Tournament #3825116533, $1.84+$0.16 USD Hold'em No Limit - Level I (10/20) - 2024/11/19 9:30:40 CET [2024/11/19 3:30:40 ET]
Table '3825116533 1' 3-max Seat #1 is the button
Seat 1: LoveyEmmanuel (500 in chips) 
Seat 2: Mahu2021 (500 in chips) 
Seat 3: ÉnMikike (500 in chips) 
Mahu2021: posts small blind 10
ÉnMikike: posts big blind 20
*** HOLE CARDS ***
Dealt to Mahu2021 [5c Qc]
LoveyEmmanuel: folds 
Mahu2021: calls 10
ÉnMikike: raises 480 to 500 and is all-in
Mahu2021: folds 
Uncalled bet (480) returned to ÉnMikike
ÉnMikike collected 40 from pot
ÉnMikike: doesn't show hand 
*** SUMMARY ***
Total pot 40 | Rake 0 
Seat 1: LoveyEmmanuel (button) folded before Flop (didn't bet)
Seat 2: Mahu2021 (small blind) folded before Flop
Seat 3: ÉnMikike (big blind) collected (40)



PokerStars Hand #253473129284: Tournament #3825116533, $1.84+$0.16 USD Hold'em No Limit - Level I (10/20) - 2024/11/19 9:30:57 CET [2024/11/19 3:30:57 ET]
Table '3825116533 1' 3-max Seat #2 is the button
Seat 1: LoveyEmmanuel (500 in chips) 
Seat 2: Mahu2021 (480 in chips) 
Seat 3: ÉnMikike (520 in chips) 
ÉnMikike: posts small blind 10
LoveyEmmanuel: posts big blind 20
*** HOLE CARDS ***
Dealt to Mahu2021 [9c 2c]
Mahu2021: folds 
ÉnMikike: folds 
Uncalled bet (10) returned to LoveyEmmanuel
LoveyEmmanuel collected 20 from pot
LoveyEmmanuel: doesn't show hand 
*** SUMMARY ***
Total pot 20 | Rake 0 
Seat 1: LoveyEmmanuel (big blind) collected (20)
Seat 2: Mahu2021 (button) folded before Flop (didn't bet)
Seat 3: ÉnMikike (small blind) folded before Flop



PokerStars Hand #253473130043: Tournament #3825116533, $1.84+$0.16 USD Hold'em No Limit - Level I (10/20) - 2024/11/19 9:31:07 CET [2024/11/19 3:31:07 ET]
Table '3825116533 1' 3-max Seat #3 is the button
Seat 1: LoveyEmmanuel (510 in chips) 
Seat 2: Mahu2021 (480 in chips) 
Seat 3: ÉnMikike (510 in chips) 
LoveyEmmanuel: posts small blind 10
Mahu2021: posts big blind 20
*** HOLE CARDS ***
Dealt to Mahu2021 [7d 2s]
ÉnMikike: folds 
LoveyEmmanuel: folds 
Uncalled bet (10) returned to Mahu2021
Mahu2021 collected 20 from pot
Mahu2021: doesn't show hand 
*** SUMMARY ***
Total pot 20 | Rake 0 
Seat 1: LoveyEmmanuel (small blind) folded before Flop
Seat 2: Mahu2021 (big blind) collected (20)
Seat 3: ÉnMikike (button) folded before Flop (didn't bet)



PokerStars Hand #253473130770: Tournament #3825116533, $1.84+$0.16 USD Hold'em No Limit - Level I (10/20) - 2024/11/19 9:31:16 CET [2024/11/19 3:31:16 ET]
Table '3825116533 1' 3-max Seat #1 is the button
Seat 1: LoveyEmmanuel (500 in chips) 
Seat 2: Mahu2021 (490 in chips) 
Seat 3: ÉnMikike (510 in chips) 
Mahu2021: posts small blind 10
ÉnMikike: posts big blind 20
*** HOLE CARDS ***
Dealt to Mahu2021 [2d Tc]
LoveyEmmanuel: raises 20 to 40
Mahu2021: folds 
ÉnMikike: calls 20
*** FLOP *** [5s Ah 2c]
ÉnMikike: checks 
LoveyEmmanuel: bets 50
ÉnMikike: folds 
Uncalled bet (50) returned to LoveyEmmanuel
LoveyEmmanuel collected 90 from pot
LoveyEmmanuel: doesn't show hand 
*** SUMMARY ***
Total pot 90 | Rake 0 
Board [5s Ah 2c]
Seat 1: LoveyEmmanuel (button) collected (90)
Seat 2: Mahu2021 (small blind) folded before Flop
Seat 3: ÉnMikike (big blind) folded on the Flop



PokerStars Hand #253473133733: Tournament #3825116533, $1.84+$0.16 USD Hold'em No Limit - Level I (10/20) - 2024/11/19 9:31:56 CET [2024/11/19 3:31:56 ET]
Table '3825116533 1' 3-max Seat #2 is the button
Seat 1: LoveyEmmanuel (550 in chips) 
Seat 2: Mahu2021 (480 in chips) 
Seat 3: ÉnMikike (470 in chips) 
ÉnMikike: posts small blind 10
LoveyEmmanuel: posts big blind 20
*** HOLE CARDS ***
Dealt to Mahu2021 [7h 5h]
Mahu2021: folds 
ÉnMikike: raises 20 to 40
LoveyEmmanuel: calls 20
*** FLOP *** [2h Td Kd]
ÉnMikike: checks 
LoveyEmmanuel: bets 54
ÉnMikike: folds 
Uncalled bet (54) returned to LoveyEmmanuel
LoveyEmmanuel collected 80 from pot
LoveyEmmanuel: doesn't show hand 
*** SUMMARY ***
Total pot 80 | Rake 0 
Board [2h Td Kd]
Seat 1: LoveyEmmanuel (big blind) collected (80)
Seat 2: Mahu2021 (button) folded before Flop (didn't bet)
Seat 3: ÉnMikike (small blind) folded on the Flop



PokerStars Hand #253473135240: Tournament #3825116533, $1.84+$0.16 USD Hold'em No Limit - Level I (10/20) - 2024/11/19 9:32:16 CET [2024/11/19 3:32:16 ET]
Table '3825116533 1' 3-max Seat #3 is the button
Seat 1: LoveyEmmanuel (590 in chips) 
Seat 2: Mahu2021 (480 in chips) 
Seat 3: ÉnMikike (430 in chips) 
LoveyEmmanuel: posts small blind 10
Mahu2021: posts big blind 20
*** HOLE CARDS ***
Dealt to Mahu2021 [2s 4c]
ÉnMikike: folds 
LoveyEmmanuel: folds 
Uncalled bet (10) returned to Mahu2021
Mahu2021 collected 20 from pot
Mahu2021: doesn't show hand 
*** SUMMARY ***
Total pot 20 | Rake 0 
Seat 1: LoveyEmmanuel (small blind) folded before Flop
Seat 2: Mahu2021 (big blind) collected (20)
Seat 3: ÉnMikike (button) folded before Flop (didn't bet)



PokerStars Hand #253473136164: Tournament #3825116533, $1.84+$0.16 USD Hold'em No Limit - Level I (10/20) - 2024/11/19 9:32:28 CET [2024/11/19 3:32:28 ET]
Table '3825116533 1' 3-max Seat #1 is the button
Seat 1: LoveyEmmanuel (580 in chips) 
Seat 2: Mahu2021 (490 in chips) 
Seat 3: ÉnMikike (430 in chips) 
Mahu2021: posts small blind 10
ÉnMikike: posts big blind 20
*** HOLE CARDS ***
Dealt to Mahu2021 [6d 8d]
LoveyEmmanuel: raises 20 to 40
Mahu2021: calls 30
ÉnMikike: calls 20
*** FLOP *** [As 2h 8c]
Mahu2021: checks 
ÉnMikike: checks 
LoveyEmmanuel: bets 50
Mahu2021: calls 50
ÉnMikike: folds 
*** TURN *** [As 2h 8c] [3s]
Mahu2021: checks 
LoveyEmmanuel: checks 
*** RIVER *** [As 2h 8c 3s] [Qs]
Mahu2021: checks 
LoveyEmmanuel: checks 
*** SHOW DOWN ***
Mahu2021: shows [6d 8d] (a pair of Eights)
LoveyEmmanuel: mucks hand 
Mahu2021 collected 220 from pot
*** SUMMARY ***
Total pot 220 | Rake 0 
Board [As 2h 8c 3s Qs]
Seat 1: LoveyEmmanuel (button) mucked [Kd 7d]
Seat 2: Mahu2021 (small blind) showed [6d 8d] and won (220) with a pair of Eights
Seat 3: ÉnMikike (big blind) folded on the Flop



PokerStars Hand #253473140236: Tournament #3825116533, $1.84+$0.16 USD Hold'em No Limit - Level I (10/20) - 2024/11/19 9:33:22 CET [2024/11/19 3:33:22 ET]
Table '3825116533 1' 3-max Seat #2 is the button
Seat 1: LoveyEmmanuel (490 in chips) 
Seat 2: Mahu2021 (620 in chips) 
Seat 3: ÉnMikike (390 in chips) 
ÉnMikike: posts small blind 10
LoveyEmmanuel: posts big blind 20
*** HOLE CARDS ***
Dealt to Mahu2021 [5c Ad]
Mahu2021: calls 20
ÉnMikike: folds 
LoveyEmmanuel: checks 
*** FLOP *** [6c 4s 8d]
LoveyEmmanuel: checks 
Mahu2021: checks 
*** TURN *** [6c 4s 8d] [9c]
LoveyEmmanuel: bets 40
Mahu2021: folds 
Uncalled bet (40) returned to LoveyEmmanuel
LoveyEmmanuel collected 50 from pot
LoveyEmmanuel: doesn't show hand 
*** SUMMARY ***
Total pot 50 | Rake 0 
Board [6c 4s 8d 9c]
Seat 1: LoveyEmmanuel (big blind) collected (50)
Seat 2: Mahu2021 (button) folded on the Turn
Seat 3: ÉnMikike (small blind) folded before Flop



PokerStars Hand #253473142579: Tournament #3825116533, $1.84+$0.16 USD Hold'em No Limit - Level II (15/30) - 2024/11/19 9:33:53 CET [2024/11/19 3:33:53 ET]
Table '3825116533 1' 3-max Seat #3 is the button
Seat 1: LoveyEmmanuel (520 in chips) 
Seat 2: Mahu2021 (600 in chips) 
Seat 3: ÉnMikike (380 in chips) 
LoveyEmmanuel: posts small blind 15
Mahu2021: posts big blind 30
*** HOLE CARDS ***
Dealt to Mahu2021 [Jh Td]
ÉnMikike: folds 
LoveyEmmanuel: raises 45 to 75
Mahu2021: calls 45
*** FLOP *** [5c 7c 7d]
LoveyEmmanuel: checks 
Mahu2021: checks 
*** TURN *** [5c 7c 7d] [Js]
LoveyEmmanuel: bets 150
Mahu2021: folds 
Uncalled bet (150) returned to LoveyEmmanuel
LoveyEmmanuel collected 150 from pot
LoveyEmmanuel: doesn't show hand 
*** SUMMARY ***
Total pot 150 | Rake 0 
Board [5c 7c 7d Js]
Seat 1: LoveyEmmanuel (small blind) collected (150)
Seat 2: Mahu2021 (big blind) folded on the Turn
Seat 3: ÉnMikike (button) folded before Flop (didn't bet)



PokerStars Hand #253473145502: Tournament #3825116533, $1.84+$0.16 USD Hold'em No Limit - Level II (15/30) - 2024/11/19 9:34:31 CET [2024/11/19 3:34:31 ET]
Table '3825116533 1' 3-max Seat #1 is the button
Seat 1: LoveyEmmanuel (595 in chips) 
Seat 2: Mahu2021 (525 in chips) 
Seat 3: ÉnMikike (380 in chips) 
Mahu2021: posts small blind 15
ÉnMikike: posts big blind 30
*** HOLE CARDS ***
Dealt to Mahu2021 [9s Ts]
LoveyEmmanuel: folds 
Mahu2021: raises 30 to 60
ÉnMikike: calls 30
*** FLOP *** [7c 2d 4d]
Mahu2021: checks 
ÉnMikike: checks 
*** TURN *** [7c 2d 4d] [8d]
Mahu2021: bets 60
ÉnMikike: folds 
Uncalled bet (60) returned to Mahu2021
Mahu2021 collected 120 from pot
Mahu2021: doesn't show hand 
*** SUMMARY ***
Total pot 120 | Rake 0 
Board [7c 2d 4d 8d]
Seat 1: LoveyEmmanuel (button) folded before Flop (didn't bet)
Seat 2: Mahu2021 (small blind) collected (120)
Seat 3: ÉnMikike (big blind) folded on the Turn



PokerStars Hand #253473148760: Tournament #3825116533, $1.84+$0.16 USD Hold'em No Limit - Level II (15/30) - 2024/11/19 9:35:14 CET [2024/11/19 3:35:14 ET]
Table '3825116533 1' 3-max Seat #2 is the button
Seat 1: LoveyEmmanuel (595 in chips) 
Seat 2: Mahu2021 (585 in chips) 
Seat 3: ÉnMikike (320 in chips) 
ÉnMikike: posts small blind 15
LoveyEmmanuel: posts big blind 30
*** HOLE CARDS ***
Dealt to Mahu2021 [6c Qs]
Mahu2021: folds 
ÉnMikike: folds 
Uncalled bet (15) returned to LoveyEmmanuel
LoveyEmmanuel collected 30 from pot
LoveyEmmanuel: doesn't show hand 
*** SUMMARY ***
Total pot 30 | Rake 0 
Seat 1: LoveyEmmanuel (big blind) collected (30)
Seat 2: Mahu2021 (button) folded before Flop (didn't bet)
Seat 3: ÉnMikike (small blind) folded before Flop



PokerStars Hand #253473149873: Tournament #3825116533, $1.84+$0.16 USD Hold'em No Limit - Level II (15/30) - 2024/11/19 9:35:29 CET [2024/11/19 3:35:29 ET]
Table '3825116533 1' 3-max Seat #3 is the button
Seat 1: LoveyEmmanuel (610 in chips) 
Seat 2: Mahu2021 (585 in chips) 
Seat 3: ÉnMikike (305 in chips) 
LoveyEmmanuel: posts small blind 15
Mahu2021: posts big blind 30
*** HOLE CARDS ***
Dealt to Mahu2021 [7h 8c]
ÉnMikike: folds 
LoveyEmmanuel: raises 45 to 75
Mahu2021: folds 
Uncalled bet (45) returned to LoveyEmmanuel
LoveyEmmanuel collected 60 from pot
LoveyEmmanuel: doesn't show hand 
*** SUMMARY ***
Total pot 60 | Rake 0 
Seat 1: LoveyEmmanuel (small blind) collected (60)
Seat 2: Mahu2021 (big blind) folded before Flop
Seat 3: ÉnMikike (button) folded before Flop (didn't bet)



PokerStars Hand #253473151382: Tournament #3825116533, $1.84+$0.16 USD Hold'em No Limit - Level II (15/30) - 2024/11/19 9:35:48 CET [2024/11/19 3:35:48 ET]
Table '3825116533 1' 3-max Seat #1 is the button
Seat 1: LoveyEmmanuel (640 in chips) 
Seat 2: Mahu2021 (555 in chips) 
Seat 3: ÉnMikike (305 in chips) 
Mahu2021: posts small blind 15
ÉnMikike: posts big blind 30
*** HOLE CARDS ***
Dealt to Mahu2021 [Kh 7d]
LoveyEmmanuel: folds 
Mahu2021: raises 30 to 60
ÉnMikike: calls 30
*** FLOP *** [6s Ad 5s]
Mahu2021: checks 
ÉnMikike: bets 245 and is all-in
Mahu2021: folds 
Uncalled bet (245) returned to ÉnMikike
ÉnMikike collected 120 from pot
ÉnMikike: doesn't show hand 
*** SUMMARY ***
Total pot 120 | Rake 0 
Board [6s Ad 5s]
Seat 1: LoveyEmmanuel (button) folded before Flop (didn't bet)
Seat 2: Mahu2021 (small blind) folded on the Flop
Seat 3: ÉnMikike (big blind) collected (120)



PokerStars Hand #253473154229: Tournament #3825116533, $1.84+$0.16 USD Hold'em No Limit - Level II (15/30) - 2024/11/19 9:36:26 CET [2024/11/19 3:36:26 ET]
Table '3825116533 1' 3-max Seat #2 is the button
Seat 1: LoveyEmmanuel (640 in chips) 
Seat 2: Mahu2021 (495 in chips) 
Seat 3: ÉnMikike (365 in chips) 
ÉnMikike: posts small blind 15
LoveyEmmanuel: posts big blind 30
*** HOLE CARDS ***
Dealt to Mahu2021 [Jc Qh]
Mahu2021: raises 30 to 60
ÉnMikike: folds 
LoveyEmmanuel: folds 
Uncalled bet (30) returned to Mahu2021
Mahu2021 collected 75 from pot
Mahu2021: doesn't show hand 
*** SUMMARY ***
Total pot 75 | Rake 0 
Seat 1: LoveyEmmanuel (big blind) folded before Flop
Seat 2: Mahu2021 (button) collected (75)
Seat 3: ÉnMikike (small blind) folded before Flop



PokerStars Hand #253473156058: Tournament #3825116533, $1.84+$0.16 USD Hold'em No Limit - Level III (20/40) - 2024/11/19 9:36:49 CET [2024/11/19 3:36:49 ET]
Table '3825116533 1' 3-max Seat #3 is the button
Seat 1: LoveyEmmanuel (610 in chips) 
Seat 2: Mahu2021 (540 in chips) 
Seat 3: ÉnMikike (350 in chips) 
LoveyEmmanuel: posts small blind 20
Mahu2021: posts big blind 40
*** HOLE CARDS ***
Dealt to Mahu2021 [Js 3h]
ÉnMikike: folds 
LoveyEmmanuel: raises 40 to 80
Mahu2021: calls 40
*** FLOP *** [6s 2d 6c]
LoveyEmmanuel: checks 
Mahu2021: checks 
*** TURN *** [6s 2d 6c] [3d]
LoveyEmmanuel: checks 
Mahu2021: bets 160
LoveyEmmanuel: folds 
Uncalled bet (160) returned to Mahu2021
Mahu2021 collected 160 from pot
Mahu2021: doesn't show hand 
*** SUMMARY ***
Total pot 160 | Rake 0 
Board [6s 2d 6c 3d]
Seat 1: LoveyEmmanuel (small blind) folded on the Turn
Seat 2: Mahu2021 (big blind) collected (160)
Seat 3: ÉnMikike (button) folded before Flop (didn't bet)



PokerStars Hand #253473158499: Tournament #3825116533, $1.84+$0.16 USD Hold'em No Limit - Level III (20/40) - 2024/11/19 9:37:22 CET [2024/11/19 3:37:22 ET]
Table '3825116533 1' 3-max Seat #1 is the button
Seat 1: LoveyEmmanuel (530 in chips) 
Seat 2: Mahu2021 (620 in chips) 
Seat 3: ÉnMikike (350 in chips) 
Mahu2021: posts small blind 20
ÉnMikike: posts big blind 40
*** HOLE CARDS ***
Dealt to Mahu2021 [6c Kc]
LoveyEmmanuel: folds 
Mahu2021: raises 40 to 80
ÉnMikike: folds 
Uncalled bet (40) returned to Mahu2021
Mahu2021 collected 80 from pot
Mahu2021: doesn't show hand 
*** SUMMARY ***
Total pot 80 | Rake 0 
Seat 1: LoveyEmmanuel (button) folded before Flop (didn't bet)
Seat 2: Mahu2021 (small blind) collected (80)
Seat 3: ÉnMikike (big blind) folded before Flop



PokerStars Hand #253473160268: Tournament #3825116533, $1.84+$0.16 USD Hold'em No Limit - Level III (20/40) - 2024/11/19 9:37:45 CET [2024/11/19 3:37:45 ET]
Table '3825116533 1' 3-max Seat #2 is the button
Seat 1: LoveyEmmanuel (530 in chips) 
Seat 2: Mahu2021 (660 in chips) 
Seat 3: ÉnMikike (310 in chips) 
ÉnMikike: posts small blind 20
LoveyEmmanuel: posts big blind 40
*** HOLE CARDS ***
Dealt to Mahu2021 [8d Kd]
Mahu2021: raises 40 to 80
ÉnMikike: raises 230 to 310 and is all-in
LoveyEmmanuel: folds 
Mahu2021: calls 230
*** FLOP *** [6h Jc Th]
*** TURN *** [6h Jc Th] [Kc]
*** RIVER *** [6h Jc Th Kc] [3c]
*** SHOW DOWN ***
ÉnMikike: shows [Qd Qs] (a pair of Queens)
Mahu2021: shows [8d Kd] (a pair of Kings)
Mahu2021 collected 660 from pot
ÉnMikike finished the tournament in 3rd place
*** SUMMARY ***
Total pot 660 | Rake 0 
Board [6h Jc Th Kc 3c]
Seat 1: LoveyEmmanuel (big blind) folded before Flop
Seat 2: Mahu2021 (button) showed [8d Kd] and won (660) with a pair of Kings
Seat 3: ÉnMikike (small blind) showed [Qd Qs] and lost with a pair of Queens



PokerStars Hand #253473162482: Tournament #3825116533, $1.84+$0.16 USD Hold'em No Limit - Level III (20/40) - 2024/11/19 9:38:13 CET [2024/11/19 3:38:13 ET]
Table '3825116533 1' 3-max Seat #1 is the button
Seat 1: LoveyEmmanuel (490 in chips) 
Seat 2: Mahu2021 (1010 in chips) 
LoveyEmmanuel: posts small blind 20
Mahu2021: posts big blind 40
*** HOLE CARDS ***
Dealt to Mahu2021 [3d 2d]
LoveyEmmanuel: raises 60 to 100
Mahu2021: folds 
Uncalled bet (60) returned to LoveyEmmanuel
LoveyEmmanuel collected 80 from pot
LoveyEmmanuel: doesn't show hand 
*** SUMMARY ***
Total pot 80 | Rake 0 
Seat 1: LoveyEmmanuel (button) (small blind) collected (80)
Seat 2: Mahu2021 (big blind) folded before Flop



PokerStars Hand #253473163041: Tournament #3825116533, $1.84+$0.16 USD Hold'em No Limit - Level III (20/40) - 2024/11/19 9:38:21 CET [2024/11/19 3:38:21 ET]
Table '3825116533 1' 3-max Seat #2 is the button
Seat 1: LoveyEmmanuel (530 in chips) 
Seat 2: Mahu2021 (970 in chips) 
Mahu2021: posts small blind 20
LoveyEmmanuel: posts big blind 40
*** HOLE CARDS ***
Dealt to Mahu2021 [3c Td]
Mahu2021: folds 
Uncalled bet (20) returned to LoveyEmmanuel
LoveyEmmanuel collected 40 from pot
LoveyEmmanuel: doesn't show hand 
*** SUMMARY ***
Total pot 40 | Rake 0 
Seat 1: LoveyEmmanuel (big blind) collected (40)
Seat 2: Mahu2021 (button) (small blind) folded before Flop



PokerStars Hand #253473163394: Tournament #3825116533, $1.84+$0.16 USD Hold'em No Limit - Level III (20/40) - 2024/11/19 9:38:25 CET [2024/11/19 3:38:25 ET]
Table '3825116533 1' 3-max Seat #1 is the button
Seat 1: LoveyEmmanuel (550 in chips) 
Seat 2: Mahu2021 (950 in chips) 
LoveyEmmanuel: posts small blind 20
Mahu2021: posts big blind 40
*** HOLE CARDS ***
Dealt to Mahu2021 [9c 8d]
LoveyEmmanuel: raises 510 to 550 and is all-in
Mahu2021: folds 
Uncalled bet (510) returned to LoveyEmmanuel
LoveyEmmanuel collected 80 from pot
LoveyEmmanuel: doesn't show hand 
*** SUMMARY ***
Total pot 80 | Rake 0 
Seat 1: LoveyEmmanuel (button) (small blind) collected (80)
Seat 2: Mahu2021 (big blind) folded before Flop



PokerStars Hand #253473163993: Tournament #3825116533, $1.84+$0.16 USD Hold'em No Limit - Level III (20/40) - 2024/11/19 9:38:33 CET [2024/11/19 3:38:33 ET]
Table '3825116533 1' 3-max Seat #2 is the button
Seat 1: LoveyEmmanuel (590 in chips) 
Seat 2: Mahu2021 (910 in chips) 
Mahu2021: posts small blind 20
LoveyEmmanuel: posts big blind 40
*** HOLE CARDS ***
Dealt to Mahu2021 [4d 9c]
Mahu2021: folds 
Uncalled bet (20) returned to LoveyEmmanuel
LoveyEmmanuel collected 40 from pot
LoveyEmmanuel: doesn't show hand 
*** SUMMARY ***
Total pot 40 | Rake 0 
Seat 1: LoveyEmmanuel (big blind) collected (40)
Seat 2: Mahu2021 (button) (small blind) folded before Flop



PokerStars Hand #253473164367: Tournament #3825116533, $1.84+$0.16 USD Hold'em No Limit - Level III (20/40) - 2024/11/19 9:38:38 CET [2024/11/19 3:38:38 ET]
Table '3825116533 1' 3-max Seat #1 is the button
Seat 1: LoveyEmmanuel (610 in chips) 
Seat 2: Mahu2021 (890 in chips) 
LoveyEmmanuel: posts small blind 20
Mahu2021: posts big blind 40
*** HOLE CARDS ***
Dealt to Mahu2021 [Qc 8s]
LoveyEmmanuel: raises 40 to 80
Mahu2021: calls 40
*** FLOP *** [Qd 3h Jd]
Mahu2021: checks 
LoveyEmmanuel: bets 80
Mahu2021: raises 120 to 200
LoveyEmmanuel: folds 
Uncalled bet (120) returned to Mahu2021
Mahu2021 collected 320 from pot
Mahu2021: doesn't show hand 
*** SUMMARY ***
Total pot 320 | Rake 0 
Board [Qd 3h Jd]
Seat 1: LoveyEmmanuel (button) (small blind) folded on the Flop
Seat 2: Mahu2021 (big blind) collected (320)



PokerStars Hand #253473165435: Tournament #3825116533, $1.84+$0.16 USD Hold'em No Limit - Level III (20/40) - 2024/11/19 9:38:51 CET [2024/11/19 3:38:51 ET]
Table '3825116533 1' 3-max Seat #2 is the button
Seat 1: LoveyEmmanuel (450 in chips) 
Seat 2: Mahu2021 (1050 in chips) 
Mahu2021: posts small blind 20
LoveyEmmanuel: posts big blind 40
*** HOLE CARDS ***
Dealt to Mahu2021 [Kc 5s]
Mahu2021: raises 40 to 80
LoveyEmmanuel: folds 
Uncalled bet (40) returned to Mahu2021
Mahu2021 collected 80 from pot
Mahu2021: doesn't show hand 
*** SUMMARY ***
Total pot 80 | Rake 0 
Seat 1: LoveyEmmanuel (big blind) folded before Flop
Seat 2: Mahu2021 (button) (small blind) collected (80)



PokerStars Hand #253473165909: Tournament #3825116533, $1.84+$0.16 USD Hold'em No Limit - Level III (20/40) - 2024/11/19 9:38:58 CET [2024/11/19 3:38:58 ET]
Table '3825116533 1' 3-max Seat #1 is the button
Seat 1: LoveyEmmanuel (410 in chips) 
Seat 2: Mahu2021 (1090 in chips) 
LoveyEmmanuel: posts small blind 20
Mahu2021: posts big blind 40
*** HOLE CARDS ***
Dealt to Mahu2021 [Qd 9h]
LoveyEmmanuel: folds 
Uncalled bet (20) returned to Mahu2021
Mahu2021 collected 40 from pot
Mahu2021: doesn't show hand 
*** SUMMARY ***
Total pot 40 | Rake 0 
Seat 1: LoveyEmmanuel (button) (small blind) folded before Flop
Seat 2: Mahu2021 (big blind) collected (40)



PokerStars Hand #253473166297: Tournament #3825116533, $1.84+$0.16 USD Hold'em No Limit - Level III (20/40) - 2024/11/19 9:39:03 CET [2024/11/19 3:39:03 ET]
Table '3825116533 1' 3-max Seat #2 is the button
Seat 1: LoveyEmmanuel (390 in chips) 
Seat 2: Mahu2021 (1110 in chips) 
Mahu2021: posts small blind 20
LoveyEmmanuel: posts big blind 40
*** HOLE CARDS ***
Dealt to Mahu2021 [7d 2c]
Mahu2021: folds 
Uncalled bet (20) returned to LoveyEmmanuel
LoveyEmmanuel collected 40 from pot
LoveyEmmanuel: doesn't show hand 
*** SUMMARY ***
Total pot 40 | Rake 0 
Seat 1: LoveyEmmanuel (big blind) collected (40)
Seat 2: Mahu2021 (button) (small blind) folded before Flop



PokerStars Hand #253473166667: Tournament #3825116533, $1.84+$0.16 USD Hold'em No Limit - Level III (20/40) - 2024/11/19 9:39:07 CET [2024/11/19 3:39:07 ET]
Table '3825116533 1' 3-max Seat #1 is the button
Seat 1: LoveyEmmanuel (410 in chips) 
Seat 2: Mahu2021 (1090 in chips) 
LoveyEmmanuel: posts small blind 20
Mahu2021: posts big blind 40
*** HOLE CARDS ***
Dealt to Mahu2021 [Qd 3s]
LoveyEmmanuel: raises 370 to 410 and is all-in
Mahu2021: folds 
Uncalled bet (370) returned to LoveyEmmanuel
LoveyEmmanuel collected 80 from pot
LoveyEmmanuel: doesn't show hand 
*** SUMMARY ***
Total pot 80 | Rake 0 
Seat 1: LoveyEmmanuel (button) (small blind) collected (80)
Seat 2: Mahu2021 (big blind) folded before Flop



PokerStars Hand #253473167193: Tournament #3825116533, $1.84+$0.16 USD Hold'em No Limit - Level III (20/40) - 2024/11/19 9:39:14 CET [2024/11/19 3:39:14 ET]
Table '3825116533 1' 3-max Seat #2 is the button
Seat 1: LoveyEmmanuel (450 in chips) 
Seat 2: Mahu2021 (1050 in chips) 
Mahu2021: posts small blind 20
LoveyEmmanuel: posts big blind 40
*** HOLE CARDS ***
Dealt to Mahu2021 [3s 9c]
Mahu2021: folds 
Uncalled bet (20) returned to LoveyEmmanuel
LoveyEmmanuel collected 40 from pot
LoveyEmmanuel: doesn't show hand 
*** SUMMARY ***
Total pot 40 | Rake 0 
Seat 1: LoveyEmmanuel (big blind) collected (40)
Seat 2: Mahu2021 (button) (small blind) folded before Flop



PokerStars Hand #253473167541: Tournament #3825116533, $1.84+$0.16 USD Hold'em No Limit - Level III (20/40) - 2024/11/19 9:39:19 CET [2024/11/19 3:39:19 ET]
Table '3825116533 1' 3-max Seat #1 is the button
Seat 1: LoveyEmmanuel (470 in chips) 
Seat 2: Mahu2021 (1030 in chips) 
LoveyEmmanuel: posts small blind 20
Mahu2021: posts big blind 40
*** HOLE CARDS ***
Dealt to Mahu2021 [Td 7h]
LoveyEmmanuel: folds 
Uncalled bet (20) returned to Mahu2021
Mahu2021 collected 40 from pot
Mahu2021: doesn't show hand 
*** SUMMARY ***
Total pot 40 | Rake 0 
Seat 1: LoveyEmmanuel (button) (small blind) folded before Flop
Seat 2: Mahu2021 (big blind) collected (40)



PokerStars Hand #253473167929: Tournament #3825116533, $1.84+$0.16 USD Hold'em No Limit - Level III (20/40) - 2024/11/19 9:39:24 CET [2024/11/19 3:39:24 ET]
Table '3825116533 1' 3-max Seat #2 is the button
Seat 1: LoveyEmmanuel (450 in chips) 
Seat 2: Mahu2021 (1050 in chips) 
Mahu2021: posts small blind 20
LoveyEmmanuel: posts big blind 40
*** HOLE CARDS ***
Dealt to Mahu2021 [8d 6d]
Mahu2021: raises 40 to 80
LoveyEmmanuel: folds 
Uncalled bet (40) returned to Mahu2021
Mahu2021 collected 80 from pot
Mahu2021: doesn't show hand 
*** SUMMARY ***
Total pot 80 | Rake 0 
Seat 1: LoveyEmmanuel (big blind) folded before Flop
Seat 2: Mahu2021 (button) (small blind) collected (80)



PokerStars Hand #253473168466: Tournament #3825116533, $1.84+$0.16 USD Hold'em No Limit - Level III (20/40) - 2024/11/19 9:39:31 CET [2024/11/19 3:39:31 ET]
Table '3825116533 1' 3-max Seat #1 is the button
Seat 1: LoveyEmmanuel (410 in chips) 
Seat 2: Mahu2021 (1090 in chips) 
LoveyEmmanuel: posts small blind 20
Mahu2021: posts big blind 40
*** HOLE CARDS ***
Dealt to Mahu2021 [Jd 4s]
LoveyEmmanuel: raises 370 to 410 and is all-in
Mahu2021: folds 
Uncalled bet (370) returned to LoveyEmmanuel
LoveyEmmanuel collected 80 from pot
LoveyEmmanuel: doesn't show hand 
*** SUMMARY ***
Total pot 80 | Rake 0 
Seat 1: LoveyEmmanuel (button) (small blind) collected (80)
Seat 2: Mahu2021 (big blind) folded before Flop



PokerStars Hand #253473169042: Tournament #3825116533, $1.84+$0.16 USD Hold'em No Limit - Level III (20/40) - 2024/11/19 9:39:38 CET [2024/11/19 3:39:38 ET]
Table '3825116533 1' 3-max Seat #2 is the button
Seat 1: LoveyEmmanuel (450 in chips) 
Seat 2: Mahu2021 (1050 in chips) 
Mahu2021: posts small blind 20
LoveyEmmanuel: posts big blind 40
*** HOLE CARDS ***
Dealt to Mahu2021 [3h Tc]
Mahu2021: folds 
Uncalled bet (20) returned to LoveyEmmanuel
LoveyEmmanuel collected 40 from pot
LoveyEmmanuel: doesn't show hand 
*** SUMMARY ***
Total pot 40 | Rake 0 
Seat 1: LoveyEmmanuel (big blind) collected (40)
Seat 2: Mahu2021 (button) (small blind) folded before Flop



PokerStars Hand #253473169707: Tournament #3825116533, $1.84+$0.16 USD Hold'em No Limit - Level IV (30/60) - 2024/11/19 9:39:46 CET [2024/11/19 3:39:46 ET]
Table '3825116533 1' 3-max Seat #1 is the button
Seat 1: LoveyEmmanuel (470 in chips) 
Seat 2: Mahu2021 (1030 in chips) 
LoveyEmmanuel: posts small blind 30
Mahu2021: posts big blind 60
*** HOLE CARDS ***
Dealt to Mahu2021 [2s Js]
LoveyEmmanuel: raises 410 to 470 and is all-in
Mahu2021: folds 
Uncalled bet (410) returned to LoveyEmmanuel
LoveyEmmanuel collected 120 from pot
LoveyEmmanuel: doesn't show hand 
*** SUMMARY ***
Total pot 120 | Rake 0 
Seat 1: LoveyEmmanuel (button) (small blind) collected (120)
Seat 2: Mahu2021 (big blind) folded before Flop



PokerStars Hand #253473170566: Tournament #3825116533, $1.84+$0.16 USD Hold'em No Limit - Level IV (30/60) - 2024/11/19 9:39:57 CET [2024/11/19 3:39:57 ET]
Table '3825116533 1' 3-max Seat #2 is the button
Seat 1: LoveyEmmanuel (530 in chips) 
Seat 2: Mahu2021 (970 in chips) 
Mahu2021: posts small blind 30
LoveyEmmanuel: posts big blind 60
*** HOLE CARDS ***
Dealt to Mahu2021 [6s 3h]
Mahu2021: folds 
Uncalled bet (30) returned to LoveyEmmanuel
LoveyEmmanuel collected 60 from pot
LoveyEmmanuel: doesn't show hand 
*** SUMMARY ***
Total pot 60 | Rake 0 
Seat 1: LoveyEmmanuel (big blind) collected (60)
Seat 2: Mahu2021 (button) (small blind) folded before Flop



PokerStars Hand #253473170955: Tournament #3825116533, $1.84+$0.16 USD Hold'em No Limit - Level IV (30/60) - 2024/11/19 9:40:02 CET [2024/11/19 3:40:02 ET]
Table '3825116533 1' 3-max Seat #1 is the button
Seat 1: LoveyEmmanuel (560 in chips) 
Seat 2: Mahu2021 (940 in chips) 
LoveyEmmanuel: posts small blind 30
Mahu2021: posts big blind 60
*** HOLE CARDS ***
Dealt to Mahu2021 [8c Jc]
LoveyEmmanuel: raises 500 to 560 and is all-in
Mahu2021: folds 
Uncalled bet (500) returned to LoveyEmmanuel
LoveyEmmanuel collected 120 from pot
LoveyEmmanuel: doesn't show hand 
*** SUMMARY ***
Total pot 120 | Rake 0 
Seat 1: LoveyEmmanuel (button) (small blind) collected (120)
Seat 2: Mahu2021 (big blind) folded before Flop



PokerStars Hand #253473171639: Tournament #3825116533, $1.84+$0.16 USD Hold'em No Limit - Level IV (30/60) - 2024/11/19 9:40:11 CET [2024/11/19 3:40:11 ET]
Table '3825116533 1' 3-max Seat #2 is the button
Seat 1: LoveyEmmanuel (620 in chips) 
Seat 2: Mahu2021 (880 in chips) 
Mahu2021: posts small blind 30
LoveyEmmanuel: posts big blind 60
*** HOLE CARDS ***
Dealt to Mahu2021 [8c As]
Mahu2021: raises 60 to 120
LoveyEmmanuel: folds 
Uncalled bet (60) returned to Mahu2021
Mahu2021 collected 120 from pot
Mahu2021: doesn't show hand 
*** SUMMARY ***
Total pot 120 | Rake 0 
Seat 1: LoveyEmmanuel (big blind) folded before Flop
Seat 2: Mahu2021 (button) (small blind) collected (120)



PokerStars Hand #253473172186: Tournament #3825116533, $1.84+$0.16 USD Hold'em No Limit - Level IV (30/60) - 2024/11/19 9:40:18 CET [2024/11/19 3:40:18 ET]
Table '3825116533 1' 3-max Seat #1 is the button
Seat 1: LoveyEmmanuel (560 in chips) 
Seat 2: Mahu2021 (940 in chips) 
LoveyEmmanuel: posts small blind 30
Mahu2021: posts big blind 60
*** HOLE CARDS ***
Dealt to Mahu2021 [4s 7s]
LoveyEmmanuel: raises 500 to 560 and is all-in
Mahu2021: folds 
Uncalled bet (500) returned to LoveyEmmanuel
LoveyEmmanuel collected 120 from pot
LoveyEmmanuel: doesn't show hand 
*** SUMMARY ***
Total pot 120 | Rake 0 
Seat 1: LoveyEmmanuel (button) (small blind) collected (120)
Seat 2: Mahu2021 (big blind) folded before Flop



PokerStars Hand #253473172682: Tournament #3825116533, $1.84+$0.16 USD Hold'em No Limit - Level IV (30/60) - 2024/11/19 9:40:24 CET [2024/11/19 3:40:24 ET]
Table '3825116533 1' 3-max Seat #2 is the button
Seat 1: LoveyEmmanuel (620 in chips) 
Seat 2: Mahu2021 (880 in chips) 
Mahu2021: posts small blind 30
LoveyEmmanuel: posts big blind 60
*** HOLE CARDS ***
Dealt to Mahu2021 [4h 7h]
Mahu2021: raises 60 to 120
LoveyEmmanuel: folds 
Uncalled bet (60) returned to Mahu2021
Mahu2021 collected 120 from pot
Mahu2021: doesn't show hand 
*** SUMMARY ***
Total pot 120 | Rake 0 
Seat 1: LoveyEmmanuel (big blind) folded before Flop
Seat 2: Mahu2021 (button) (small blind) collected (120)



PokerStars Hand #253473173130: Tournament #3825116533, $1.84+$0.16 USD Hold'em No Limit - Level IV (30/60) - 2024/11/19 9:40:30 CET [2024/11/19 3:40:30 ET]
Table '3825116533 1' 3-max Seat #1 is the button
Seat 1: LoveyEmmanuel (560 in chips) 
Seat 2: Mahu2021 (940 in chips) 
LoveyEmmanuel: posts small blind 30
Mahu2021: posts big blind 60
*** HOLE CARDS ***
Dealt to Mahu2021 [4d Ts]
LoveyEmmanuel: raises 500 to 560 and is all-in
Mahu2021: folds 
Uncalled bet (500) returned to LoveyEmmanuel
LoveyEmmanuel collected 120 from pot
LoveyEmmanuel: doesn't show hand 
*** SUMMARY ***
Total pot 120 | Rake 0 
Seat 1: LoveyEmmanuel (button) (small blind) collected (120)
Seat 2: Mahu2021 (big blind) folded before Flop



PokerStars Hand #253473173616: Tournament #3825116533, $1.84+$0.16 USD Hold'em No Limit - Level IV (30/60) - 2024/11/19 9:40:36 CET [2024/11/19 3:40:36 ET]
Table '3825116533 1' 3-max Seat #2 is the button
Seat 1: LoveyEmmanuel (620 in chips) 
Seat 2: Mahu2021 (880 in chips) 
Mahu2021: posts small blind 30
LoveyEmmanuel: posts big blind 60
*** HOLE CARDS ***
Dealt to Mahu2021 [2d 3h]
Mahu2021: folds 
Uncalled bet (30) returned to LoveyEmmanuel
LoveyEmmanuel collected 60 from pot
LoveyEmmanuel: doesn't show hand 
*** SUMMARY ***
Total pot 60 | Rake 0 
Seat 1: LoveyEmmanuel (big blind) collected (60)
Seat 2: Mahu2021 (button) (small blind) folded before Flop



PokerStars Hand #253473174063: Tournament #3825116533, $1.84+$0.16 USD Hold'em No Limit - Level IV (30/60) - 2024/11/19 9:40:41 CET [2024/11/19 3:40:41 ET]
Table '3825116533 1' 3-max Seat #1 is the button
Seat 1: LoveyEmmanuel (650 in chips) 
Seat 2: Mahu2021 (850 in chips) 
LoveyEmmanuel: posts small blind 30
Mahu2021: posts big blind 60
*** HOLE CARDS ***
Dealt to Mahu2021 [7h Ks]
LoveyEmmanuel: raises 590 to 650 and is all-in
Mahu2021: calls 590
*** FLOP *** [7s 2d 4d]
*** TURN *** [7s 2d 4d] [2h]
*** RIVER *** [7s 2d 4d 2h] [9s]
*** SHOW DOWN ***
Mahu2021: shows [7h Ks] (two pair, Sevens and Deuces)
LoveyEmmanuel: shows [6c As] (a pair of Deuces)
Mahu2021 collected 1300 from pot
LoveyEmmanuel finished the tournament in 2nd place
Mahu2021 wins the tournament and receives $10.00 - congratulations!
*** SUMMARY ***
Total pot 1300 | Rake 0 
Board [7s 2d 4d 2h 9s]
Seat 1: LoveyEmmanuel (button) (small blind) showed [6c As] and lost with a pair of Deuces
Seat 2: Mahu2021 (big blind) showed [7h Ks] and won (1300) with two pair, Sevens and Deuces



