PokerStars Zoom Hand #253651662038:  Hold'em No Limit ($0.05/$0.10) - 2024/12/01 12:39:00 CET [2024/12/01 6:39:00 ET]
Table 'Aludra' 6-max Seat #1 is the button
Seat 1: crownroyal65 ($18.43 in chips) 
Seat 2: paulgrey ($12.60 in chips) 
Seat 3: Mahu2021 ($10 in chips) 
Seat 4: Guanche Furioso ($10 in chips) 
Seat 5: SoiledFool ($31.04 in chips) 
Seat 6: Bruno CP796 ($8.11 in chips) 
paulgrey: posts small blind $0.05
Mahu2021: posts big blind $0.10
*** HOLE CARDS ***
Dealt to Mahu2021 [Jc 5h]
Guanche Furioso: folds 
SoiledFool: folds 
Bruno CP796: folds 
crownroyal65: raises $0.20 to $0.30
paulgrey: folds 
Mahu2021: folds 
Uncalled bet ($0.20) returned to crownroyal65
crownroyal65 collected $0.25 from pot
crownroyal65: doesn't show hand 
*** SUMMARY ***
Total pot $0.25 | Rake $0 
Seat 1: crownroyal65 (button) collected ($0.25)
Seat 2: paulgrey (small blind) folded before Flop
Seat 3: Mahu2021 (big blind) folded before Flop
Seat 4: Guanche Furioso folded before Flop (didn't bet)
Seat 5: SoiledFool folded before Flop (didn't bet)
Seat 6: Bruno CP796 folded before Flop (didn't bet)



PokerStars Zoom Hand #253651663475:  Hold'em No Limit ($0.05/$0.10) - 2024/12/01 12:39:11 CET [2024/12/01 6:39:11 ET]
Table 'Aludra' 6-max Seat #1 is the button
Seat 1: fransisweber ($10.62 in chips) 
Seat 2: Mahu2021 ($9.90 in chips) 
Seat 3: dzonnson ($33.74 in chips) 
Seat 4: tigerfarm ($10 in chips) 
Seat 5: ccmoz ($10 in chips) 
Seat 6: mrfreaky1989 ($10 in chips) 
Mahu2021: posts small blind $0.05
dzonnson: posts big blind $0.10
*** HOLE CARDS ***
Dealt to Mahu2021 [Tc Jd]
tigerfarm: folds 
ccmoz: folds 
mrfreaky1989: raises $0.15 to $0.25
fransisweber: folds 
Mahu2021: calls $0.20
dzonnson: raises $1 to $1.25
mrfreaky1989: folds 
Mahu2021: folds 
Uncalled bet ($1) returned to dzonnson
dzonnson collected $0.75 from pot
dzonnson: doesn't show hand 
*** SUMMARY ***
Total pot $0.75 | Rake $0 
Seat 1: fransisweber (button) folded before Flop (didn't bet)
Seat 2: Mahu2021 (small blind) folded before Flop
Seat 3: dzonnson (big blind) collected ($0.75)
Seat 4: tigerfarm folded before Flop (didn't bet)
Seat 5: ccmoz folded before Flop (didn't bet)
Seat 6: mrfreaky1989 folded before Flop



PokerStars Zoom Hand #253651666866:  Hold'em No Limit ($0.05/$0.10) - 2024/12/01 12:39:35 CET [2024/12/01 6:39:35 ET]
Table 'Aludra' 6-max Seat #1 is the button
Seat 1: Guanche Furioso ($13.09 in chips) 
Seat 2: pokking876 ($7.89 in chips) 
Seat 3: Baratrum777 ($10.27 in chips) 
Seat 4: papat73799 ($10 in chips) 
Seat 5: mrfreaky1989 ($10.45 in chips) 
Seat 6: Mahu2021 ($9.65 in chips) 
pokking876: posts small blind $0.05
Baratrum777: posts big blind $0.10
*** HOLE CARDS ***
Dealt to Mahu2021 [Qd 3h]
papat73799: folds 
mrfreaky1989: folds 
Mahu2021: folds 
Guanche Furioso: folds 
pokking876: folds 
Uncalled bet ($0.05) returned to Baratrum777
Baratrum777 collected $0.10 from pot
Baratrum777: doesn't show hand 
*** SUMMARY ***
Total pot $0.10 | Rake $0 
Seat 1: Guanche Furioso (button) folded before Flop (didn't bet)
Seat 2: pokking876 (small blind) folded before Flop
Seat 3: Baratrum777 (big blind) collected ($0.10)
Seat 4: papat73799 folded before Flop (didn't bet)
Seat 5: mrfreaky1989 folded before Flop (didn't bet)
Seat 6: Mahu2021 folded before Flop (didn't bet)



PokerStars Zoom Hand #253651666299:  Hold'em No Limit ($0.05/$0.10) - 2024/12/01 12:39:31 CET [2024/12/01 6:39:31 ET]
Table 'Aludra' 6-max Seat #1 is the button
Seat 1: Mahu2021 ($9.65 in chips) 
Seat 2: Guanche Furioso ($13.14 in chips) 
Seat 3: fransisweber ($18.37 in chips) 
Seat 4: SoiledFool ($26.17 in chips) 
Seat 5: Nemoo88 ($9.35 in chips) 
Seat 6: FugoSushi ($17.51 in chips) 
Guanche Furioso: posts small blind $0.05
fransisweber: posts big blind $0.10
*** HOLE CARDS ***
Dealt to Mahu2021 [2s 8s]
SoiledFool: folds 
Nemoo88: raises $0.20 to $0.30
FugoSushi: folds 
Mahu2021: folds 
Guanche Furioso: folds 
fransisweber: folds 
Uncalled bet ($0.20) returned to Nemoo88
Nemoo88 collected $0.25 from pot
Nemoo88: doesn't show hand 
*** SUMMARY ***
Total pot $0.25 | Rake $0 
Seat 1: Mahu2021 (button) folded before Flop (didn't bet)
Seat 2: Guanche Furioso (small blind) folded before Flop
Seat 3: fransisweber (big blind) folded before Flop
Seat 4: SoiledFool folded before Flop (didn't bet)
Seat 5: Nemoo88 collected ($0.25)
Seat 6: FugoSushi folded before Flop (didn't bet)



PokerStars Zoom Hand #253651667641:  Hold'em No Limit ($0.05/$0.10) - 2024/12/01 12:39:41 CET [2024/12/01 6:39:41 ET]
Table 'Aludra' 6-max Seat #1 is the button
Seat 1: 23dm11 ($10 in chips) 
Seat 2: dzonnson ($25.03 in chips) 
Seat 3: Mahu2021 ($9.65 in chips) 
Seat 4: SoiledFool ($30.94 in chips) 
Seat 5: kinijimas ($9.71 in chips) 
Seat 6: PedroDSantos8 ($15.05 in chips) 
dzonnson: posts small blind $0.05
Mahu2021: posts big blind $0.10
*** HOLE CARDS ***
Dealt to Mahu2021 [Qd 6c]
SoiledFool: folds 
kinijimas: folds 
PedroDSantos8: raises $0.20 to $0.30
23dm11: folds 
dzonnson: folds 
Mahu2021: folds 
Uncalled bet ($0.20) returned to PedroDSantos8
PedroDSantos8 collected $0.25 from pot
PedroDSantos8: doesn't show hand 
*** SUMMARY ***
Total pot $0.25 | Rake $0 
Seat 1: 23dm11 (button) folded before Flop (didn't bet)
Seat 2: dzonnson (small blind) folded before Flop
Seat 3: Mahu2021 (big blind) folded before Flop
Seat 4: SoiledFool folded before Flop (didn't bet)
Seat 5: kinijimas folded before Flop (didn't bet)
Seat 6: PedroDSantos8 collected ($0.25)



PokerStars Zoom Hand #253651668742:  Hold'em No Limit ($0.05/$0.10) - 2024/12/01 12:39:50 CET [2024/12/01 6:39:50 ET]
Table 'Aludra' 6-max Seat #1 is the button
Seat 1: coolio1984 ($20.73 in chips) 
Seat 2: bettyblue212 ($11.70 in chips) 
Seat 3: gt3826 ($11.34 in chips) 
Seat 4: tilen1243 ($9.87 in chips) 
Seat 5: Mahu2021 ($9.55 in chips) 
Seat 6: Bestology ($13.60 in chips) 
bettyblue212: posts small blind $0.05
gt3826: posts big blind $0.10
*** HOLE CARDS ***
Dealt to Mahu2021 [6c Jc]
tilen1243: folds 
Mahu2021: folds 
Bestology: folds 
coolio1984: folds 
bettyblue212: raises $0.20 to $0.30
gt3826: calls $0.20
*** FLOP *** [5c 5d Td]
bettyblue212: checks 
gt3826: bets $0.29
bettyblue212: folds 
Uncalled bet ($0.29) returned to gt3826
gt3826 collected $0.57 from pot
gt3826: doesn't show hand 
*** SUMMARY ***
Total pot $0.60 | Rake $0.03 
Board [5c 5d Td]
Seat 1: coolio1984 (button) folded before Flop (didn't bet)
Seat 2: bettyblue212 (small blind) folded on the Flop
Seat 3: gt3826 (big blind) collected ($0.57)
Seat 4: tilen1243 folded before Flop (didn't bet)
Seat 5: Mahu2021 folded before Flop (didn't bet)
Seat 6: Bestology folded before Flop (didn't bet)



PokerStars Zoom Hand #253651667252:  Hold'em No Limit ($0.05/$0.10) - 2024/12/01 12:39:38 CET [2024/12/01 6:39:38 ET]
Table 'Aludra' 6-max Seat #1 is the button
Seat 1: Vert Dider ($10 in chips) 
Seat 2: PROSTOZIDAR ($7.64 in chips) 
Seat 3: SoiledFool ($35.21 in chips) 
Seat 4: Mahu2021 ($9.65 in chips) 
Seat 5: FugoSushi ($17.51 in chips) 
Seat 6: mrfreaky1989 ($10.45 in chips) 
PROSTOZIDAR: posts small blind $0.05
SoiledFool: posts big blind $0.10
*** HOLE CARDS ***
Dealt to Mahu2021 [7d Js]
Mahu2021: folds 
FugoSushi: calls $0.10
mrfreaky1989: folds 
Vert Dider: folds 
PROSTOZIDAR: calls $0.05
SoiledFool: checks 
*** FLOP *** [As 6s 4s]
PROSTOZIDAR: checks 
SoiledFool: checks 
FugoSushi: checks 
*** TURN *** [As 6s 4s] [Kc]
PROSTOZIDAR: checks 
SoiledFool: checks 
FugoSushi: checks 
*** RIVER *** [As 6s 4s Kc] [9c]
PROSTOZIDAR: bets $0.10
SoiledFool: folds 
FugoSushi: folds 
Uncalled bet ($0.10) returned to PROSTOZIDAR
PROSTOZIDAR collected $0.29 from pot
PROSTOZIDAR: doesn't show hand 
*** SUMMARY ***
Total pot $0.30 | Rake $0.01 
Board [As 6s 4s Kc 9c]
Seat 1: Vert Dider (button) folded before Flop (didn't bet)
Seat 2: PROSTOZIDAR (small blind) collected ($0.29)
Seat 3: SoiledFool (big blind) folded on the River
Seat 4: Mahu2021 folded before Flop (didn't bet)
Seat 5: FugoSushi folded on the River
Seat 6: mrfreaky1989 folded before Flop (didn't bet)



PokerStars Zoom Hand #253651669278:  Hold'em No Limit ($0.05/$0.10) - 2024/12/01 12:39:54 CET [2024/12/01 6:39:54 ET]
Table 'Aludra' 6-max Seat #1 is the button
Seat 1: Vert Dider ($10.15 in chips) 
Seat 2: Mahu2021 ($9.55 in chips) 
Seat 3: coolio1984 ($20.73 in chips) 
Seat 4: Bestology ($13.60 in chips) 
Seat 5: SoiledFool ($26.07 in chips) 
Seat 6: ccmoz ($10 in chips) 
Mahu2021: posts small blind $0.05
coolio1984: posts big blind $0.10
*** HOLE CARDS ***
Dealt to Mahu2021 [Ah 9s]
Bestology: folds 
SoiledFool: folds 
ccmoz: raises $0.15 to $0.25
Vert Dider: folds 
Mahu2021: calls $0.20
coolio1984: folds 
*** FLOP *** [4h 5d 3h]
Mahu2021: checks 
ccmoz: bets $0.41
Mahu2021: calls $0.41
*** TURN *** [4h 5d 3h] [Qh]
Mahu2021: checks 
ccmoz: bets $0.98
Mahu2021: raises $1.42 to $2.40
ccmoz: folds 
Uncalled bet ($1.42) returned to Mahu2021
Mahu2021 collected $3.23 from pot
Mahu2021: doesn't show hand 
*** SUMMARY ***
Total pot $3.38 | Rake $0.15 
Board [4h 5d 3h Qh]
Seat 1: Vert Dider (button) folded before Flop (didn't bet)
Seat 2: Mahu2021 (small blind) collected ($3.23)
Seat 3: coolio1984 (big blind) folded before Flop
Seat 4: Bestology folded before Flop (didn't bet)
Seat 5: SoiledFool folded before Flop (didn't bet)
Seat 6: ccmoz folded on the Turn



PokerStars Zoom Hand #253651674725:  Hold'em No Limit ($0.05/$0.10) - 2024/12/01 12:40:35 CET [2024/12/01 6:40:35 ET]
Table 'Aludra' 6-max Seat #1 is the button
Seat 1: PokerLesson77 ($13.69 in chips) 
Seat 2: ccmoz ($10 in chips) 
Seat 3: fransisweber ($12.72 in chips) 
Seat 4: tilen1243 ($9.87 in chips) 
Seat 5: Mahu2021 ($11.14 in chips) 
Seat 6: pokking876 ($7.89 in chips) 
ccmoz: posts small blind $0.05
fransisweber: posts big blind $0.10
*** HOLE CARDS ***
Dealt to Mahu2021 [Qd Ah]
tilen1243: folds 
Mahu2021: raises $0.20 to $0.30
pokking876: folds 
PokerLesson77: folds 
ccmoz: folds 
fransisweber: folds 
Uncalled bet ($0.20) returned to Mahu2021
Mahu2021 collected $0.25 from pot
Mahu2021: doesn't show hand 
*** SUMMARY ***
Total pot $0.25 | Rake $0 
Seat 1: PokerLesson77 (button) folded before Flop (didn't bet)
Seat 2: ccmoz (small blind) folded before Flop
Seat 3: fransisweber (big blind) folded before Flop
Seat 4: tilen1243 folded before Flop (didn't bet)
Seat 5: Mahu2021 collected ($0.25)
Seat 6: pokking876 folded before Flop (didn't bet)



PokerStars Zoom Hand #253651677143:  Hold'em No Limit ($0.05/$0.10) - 2024/12/01 12:40:54 CET [2024/12/01 6:40:54 ET]
Table 'Aludra' 6-max Seat #1 is the button
Seat 1: Nemoo88 ($9.25 in chips) 
Seat 2: daily228 ($10.05 in chips) 
Seat 3: Mahu2021 ($11.29 in chips) 
Seat 4: mrfreaky1989 ($10 in chips) 
Seat 5: Bestology ($10 in chips) 
Seat 6: Baratrum777 ($10 in chips) 
daily228: posts small blind $0.05
Mahu2021: posts big blind $0.10
*** HOLE CARDS ***
Dealt to Mahu2021 [Tc Th]
mrfreaky1989: raises $0.15 to $0.25
Bestology: folds 
Baratrum777: calls $0.25
Nemoo88: calls $0.25
daily228: folds 
Mahu2021: calls $0.15
*** FLOP *** [4d 3c Js]
Mahu2021: checks 
mrfreaky1989: bets $0.51
Baratrum777: folds 
Nemoo88: folds 
Mahu2021: folds 
Uncalled bet ($0.51) returned to mrfreaky1989
mrfreaky1989 collected $1 from pot
mrfreaky1989: doesn't show hand 
*** SUMMARY ***
Total pot $1.05 | Rake $0.05 
Board [4d 3c Js]
Seat 1: Nemoo88 (button) folded on the Flop
Seat 2: daily228 (small blind) folded before Flop
Seat 3: Mahu2021 (big blind) folded on the Flop
Seat 4: mrfreaky1989 collected ($1)
Seat 5: Bestology folded before Flop (didn't bet)
Seat 6: Baratrum777 folded on the Flop



PokerStars Zoom Hand #253651676742:  Hold'em No Limit ($0.05/$0.10) - 2024/12/01 12:40:50 CET [2024/12/01 6:40:50 ET]
Table 'Aludra' 6-max Seat #1 is the button
Seat 1: MarkRegen ($10.53 in chips) 
Seat 2: bettyblue212 ($12.19 in chips) 
Seat 3: SoiledFool ($26.02 in chips) 
Seat 4: PedroDSantos8 ($15.05 in chips) 
Seat 5: Mahu2021 ($11.29 in chips) 
Seat 6: how2liv ($10.37 in chips) 
bettyblue212: posts small blind $0.05
SoiledFool: posts big blind $0.10
*** HOLE CARDS ***
Dealt to Mahu2021 [4h 9c]
PedroDSantos8: folds 
Mahu2021: folds 
how2liv: folds 
MarkRegen: calls $0.10
bettyblue212: folds 
SoiledFool: checks 
*** FLOP *** [7s Tc 3h]
SoiledFool: checks 
MarkRegen: checks 
*** TURN *** [7s Tc 3h] [9h]
SoiledFool: checks 
MarkRegen: bets $0.20
SoiledFool: folds 
Uncalled bet ($0.20) returned to MarkRegen
MarkRegen collected $0.24 from pot
MarkRegen: doesn't show hand 
*** SUMMARY ***
Total pot $0.25 | Rake $0.01 
Board [7s Tc 3h 9h]
Seat 1: MarkRegen (button) collected ($0.24)
Seat 2: bettyblue212 (small blind) folded before Flop
Seat 3: SoiledFool (big blind) folded on the Turn
Seat 4: PedroDSantos8 folded before Flop (didn't bet)
Seat 5: Mahu2021 folded before Flop (didn't bet)
Seat 6: how2liv folded before Flop (didn't bet)



PokerStars Zoom Hand #253651681943:  Hold'em No Limit ($0.05/$0.10) - 2024/12/01 12:41:30 CET [2024/12/01 6:41:30 ET]
Table 'Aludra' 6-max Seat #1 is the button
Seat 1: gt3826 ($11.14 in chips) 
Seat 2: Mahu2021 ($11.04 in chips) 
Seat 3: Bestology ($12.45 in chips) 
Seat 4: coolio1984 ($14.57 in chips) 
Seat 5: Baratrum777 ($10 in chips) 
Seat 6: PokerLesson77 ($21.79 in chips) 
Mahu2021: posts small blind $0.05
Bestology: posts big blind $0.10
*** HOLE CARDS ***
Dealt to Mahu2021 [9c 6s]
coolio1984: folds 
Baratrum777: folds 
PokerLesson77: folds 
gt3826: folds 
Mahu2021: folds 
Uncalled bet ($0.05) returned to Bestology
Bestology collected $0.10 from pot
Bestology: doesn't show hand 
*** SUMMARY ***
Total pot $0.10 | Rake $0 
Seat 1: gt3826 (button) folded before Flop (didn't bet)
Seat 2: Mahu2021 (small blind) folded before Flop
Seat 3: Bestology (big blind) collected ($0.10)
Seat 4: coolio1984 folded before Flop (didn't bet)
Seat 5: Baratrum777 folded before Flop (didn't bet)
Seat 6: PokerLesson77 folded before Flop (didn't bet)



PokerStars Zoom Hand #253651683112:  Hold'em No Limit ($0.05/$0.10) - 2024/12/01 12:41:38 CET [2024/12/01 6:41:38 ET]
Table 'Aludra' 6-max Seat #1 is the button
Seat 1: Mahu2021 ($10.99 in chips) 
Seat 2: Baratrum777 ($11.22 in chips) 
Seat 3: WPER98_ ($2.43 in chips) 
Seat 4: ccmoz ($19.97 in chips) 
Seat 5: fernandooof4 ($2.15 in chips) 
Seat 6: pokking876 ($14.20 in chips) 
Baratrum777: posts small blind $0.05
WPER98_: posts big blind $0.10
*** HOLE CARDS ***
Dealt to Mahu2021 [6c 7h]
ccmoz: folds 
fernandooof4: folds 
pokking876: folds 
Mahu2021: folds 
Baratrum777: folds 
Uncalled bet ($0.05) returned to WPER98_
WPER98_ collected $0.10 from pot
WPER98_: doesn't show hand 
*** SUMMARY ***
Total pot $0.10 | Rake $0 
Seat 1: Mahu2021 (button) folded before Flop (didn't bet)
Seat 2: Baratrum777 (small blind) folded before Flop
Seat 3: WPER98_ (big blind) collected ($0.10)
Seat 4: ccmoz folded before Flop (didn't bet)
Seat 5: fernandooof4 folded before Flop (didn't bet)
Seat 6: pokking876 folded before Flop (didn't bet)



PokerStars Zoom Hand #253651683643:  Hold'em No Limit ($0.05/$0.10) - 2024/12/01 12:41:42 CET [2024/12/01 6:41:42 ET]
Table 'Aludra' 6-max Seat #1 is the button
Seat 1: 68iou1-69 ($21.31 in chips) 
Seat 2: Bestology ($12.50 in chips) 
Seat 3: SoiledFool ($25.87 in chips) 
Seat 4: SuicideKingSK ($12.10 in chips) 
Seat 5: Vert Dider ($10 in chips) 
Seat 6: Mahu2021 ($10.99 in chips) 
Bestology: posts small blind $0.05
SoiledFool: posts big blind $0.10
*** HOLE CARDS ***
Dealt to Mahu2021 [Ah Jc]
SuicideKingSK: folds 
Vert Dider: folds 
Mahu2021: raises $0.20 to $0.30
68iou1-69: folds 
Bestology: folds 
SoiledFool: folds 
Uncalled bet ($0.20) returned to Mahu2021
Mahu2021 collected $0.25 from pot
Mahu2021: doesn't show hand 
*** SUMMARY ***
Total pot $0.25 | Rake $0 
Seat 1: 68iou1-69 (button) folded before Flop (didn't bet)
Seat 2: Bestology (small blind) folded before Flop
Seat 3: SoiledFool (big blind) folded before Flop
Seat 4: SuicideKingSK folded before Flop (didn't bet)
Seat 5: Vert Dider folded before Flop (didn't bet)
Seat 6: Mahu2021 collected ($0.25)



PokerStars Zoom Hand #253651676244:  Hold'em No Limit ($0.05/$0.10) - 2024/12/01 12:40:47 CET [2024/12/01 6:40:47 ET]
Table 'Aludra' 6-max Seat #1 is the button
Seat 1: Mahu2021 ($11.29 in chips) 
Seat 2: coolio1984 ($14.72 in chips) 
Seat 3: PokerLesson77 ($11.67 in chips) 
Seat 4: bettyblue212 ($12.19 in chips) 
Seat 5: PROSTOZIDAR ($7.83 in chips) 
Seat 6: ccmoz ($10.15 in chips) 
coolio1984: posts small blind $0.05
PokerLesson77: posts big blind $0.10
*** HOLE CARDS ***
Dealt to Mahu2021 [Jd 2c]
bettyblue212: folds 
PROSTOZIDAR: raises $0.20 to $0.30
ccmoz: folds 
Mahu2021: folds 
coolio1984: folds 
PokerLesson77: calls $0.20
*** FLOP *** [7s 3c Qs]
PokerLesson77: checks 
PROSTOZIDAR: bets $0.31
PokerLesson77: raises $0.31 to $0.62
PROSTOZIDAR: raises $0.88 to $1.50
PokerLesson77: calls $0.88
*** TURN *** [7s 3c Qs] [Td]
PokerLesson77: checks 
PROSTOZIDAR: bets $2
PokerLesson77: calls $2
*** RIVER *** [7s 3c Qs Td] [Ts]
PokerLesson77: checks 
PROSTOZIDAR: bets $4.03 and is all-in
PokerLesson77: calls $4.03
*** SHOW DOWN ***
PROSTOZIDAR: shows [Qh As] (two pair, Queens and Tens)
PokerLesson77: shows [Kc Qd] (two pair, Queens and Tens - lower kicker)
PROSTOZIDAR collected $15 from pot
*** SUMMARY ***
Total pot $15.71 | Rake $0.71 
Board [7s 3c Qs Td Ts]
Seat 1: Mahu2021 (button) folded before Flop (didn't bet)
Seat 2: coolio1984 (small blind) folded before Flop
Seat 3: PokerLesson77 (big blind) showed [Kc Qd] and lost with two pair, Queens and Tens
Seat 4: bettyblue212 folded before Flop (didn't bet)
Seat 5: PROSTOZIDAR showed [Qh As] and won ($15) with two pair, Queens and Tens
Seat 6: ccmoz folded before Flop (didn't bet)



PokerStars Zoom Hand #253651682529:  Hold'em No Limit ($0.05/$0.10) - 2024/12/01 12:41:34 CET [2024/12/01 6:41:34 ET]
Table 'Aludra' 6-max Seat #1 is the button
Seat 1: tigerfarm ($10 in chips) 
Seat 2: occhirac ($31.24 in chips) 
Seat 3: poorme88 ($9.01 in chips) 
Seat 4: Schackpro ($29.11 in chips) 
Seat 5: coolio1984 ($11.38 in chips) 
Seat 6: Mahu2021 ($10.99 in chips) 
occhirac: posts small blind $0.05
poorme88: posts big blind $0.10
*** HOLE CARDS ***
Dealt to Mahu2021 [9d 4s]
Schackpro: folds 
coolio1984: folds 
Mahu2021: folds 
tigerfarm: raises $0.13 to $0.23
occhirac: calls $0.18
poorme88: folds 
*** FLOP *** [3d 5c Kd]
occhirac: checks 
tigerfarm: bets $0.16
occhirac: calls $0.16
*** TURN *** [3d 5c Kd] [7d]
occhirac: checks 
tigerfarm: bets $0.61
occhirac: folds 
Uncalled bet ($0.61) returned to tigerfarm
tigerfarm collected $0.84 from pot
tigerfarm: doesn't show hand 
*** SUMMARY ***
Total pot $0.88 | Rake $0.04 
Board [3d 5c Kd 7d]
Seat 1: tigerfarm (button) collected ($0.84)
Seat 2: occhirac (small blind) folded on the Turn
Seat 3: poorme88 (big blind) folded before Flop
Seat 4: Schackpro folded before Flop (didn't bet)
Seat 5: coolio1984 folded before Flop (didn't bet)
Seat 6: Mahu2021 folded before Flop (didn't bet)



PokerStars Zoom Hand #253651686032:  Hold'em No Limit ($0.05/$0.10) - 2024/12/01 12:42:01 CET [2024/12/01 6:42:01 ET]
Table 'Aludra' 6-max Seat #1 is the button
Seat 1: SumaTelescopica ($11.83 in chips) 
Seat 2: Schackpro ($27.24 in chips) 
Seat 3: Vert Dider ($10.15 in chips) 
Seat 4: FugoSushi ($16.91 in chips) 
Seat 5: Mahu2021 ($11.14 in chips) 
Seat 6: coolio1984 ($20.33 in chips) 
Schackpro: posts small blind $0.05
Vert Dider: posts big blind $0.10
*** HOLE CARDS ***
Dealt to Mahu2021 [Tc 5c]
FugoSushi: folds 
Mahu2021: folds 
coolio1984: folds 
SumaTelescopica: folds 
Schackpro: folds 
Uncalled bet ($0.05) returned to Vert Dider
Vert Dider collected $0.10 from pot
Vert Dider: doesn't show hand 
*** SUMMARY ***
Total pot $0.10 | Rake $0 
Seat 1: SumaTelescopica (button) folded before Flop (didn't bet)
Seat 2: Schackpro (small blind) folded before Flop
Seat 3: Vert Dider (big blind) collected ($0.10)
Seat 4: FugoSushi folded before Flop (didn't bet)
Seat 5: Mahu2021 folded before Flop (didn't bet)
Seat 6: coolio1984 folded before Flop (didn't bet)



PokerStars Zoom Hand #253651686658:  Hold'em No Limit ($0.05/$0.10) - 2024/12/01 12:42:05 CET [2024/12/01 6:42:05 ET]
Table 'Aludra' 6-max Seat #1 is the button
Seat 1: PokerLesson77 ($9.95 in chips) 
Seat 2: FugoSushi ($16.91 in chips) 
Seat 3: Mahu2021 ($11.14 in chips) 
Seat 4: bettyblue212 ($11.30 in chips) 
Seat 5: SoiledFool ($25.77 in chips) 
Seat 6: fernandooof4 ($2 in chips) 
FugoSushi: posts small blind $0.05
Mahu2021: posts big blind $0.10
*** HOLE CARDS ***
Dealt to Mahu2021 [2c 4c]
bettyblue212: folds 
SoiledFool: raises $0.10 to $0.20
fernandooof4: folds 
PokerLesson77: folds 
FugoSushi: folds 
Mahu2021: calls $0.10
*** FLOP *** [4d 5d 6s]
Mahu2021: checks 
SoiledFool: bets $0.15
Mahu2021: folds 
Uncalled bet ($0.15) returned to SoiledFool
SoiledFool collected $0.43 from pot
SoiledFool: doesn't show hand 
*** SUMMARY ***
Total pot $0.45 | Rake $0.02 
Board [4d 5d 6s]
Seat 1: PokerLesson77 (button) folded before Flop (didn't bet)
Seat 2: FugoSushi (small blind) folded before Flop
Seat 3: Mahu2021 (big blind) folded on the Flop
Seat 4: bettyblue212 folded before Flop (didn't bet)
Seat 5: SoiledFool collected ($0.43)
Seat 6: fernandooof4 folded before Flop (didn't bet)



PokerStars Zoom Hand #253651685591:  Hold'em No Limit ($0.05/$0.10) - 2024/12/01 12:41:57 CET [2024/12/01 6:41:57 ET]
Table 'Aludra' 6-max Seat #1 is the button
Seat 1: ccmoz ($19.92 in chips) 
Seat 2: Bruno CP796 ($14.15 in chips) 
Seat 3: luvingkind ($15.17 in chips) 
Seat 4: Mahu2021 ($11.14 in chips) 
Seat 5: SumaTelescopica ($11.83 in chips) 
Seat 6: SoiledFool ($10.57 in chips) 
Bruno CP796: posts small blind $0.05
luvingkind: posts big blind $0.10
*** HOLE CARDS ***
Dealt to Mahu2021 [7d Td]
Mahu2021: folds 
SumaTelescopica: folds 
SoiledFool: folds 
ccmoz: raises $0.15 to $0.25
Bruno CP796: calls $0.20
luvingkind: folds 
*** FLOP *** [3h 2s 2c]
Bruno CP796: checks 
ccmoz: bets $0.19
Bruno CP796: folds 
Uncalled bet ($0.19) returned to ccmoz
ccmoz collected $0.57 from pot
ccmoz: doesn't show hand 
*** SUMMARY ***
Total pot $0.60 | Rake $0.03 
Board [3h 2s 2c]
Seat 1: ccmoz (button) collected ($0.57)
Seat 2: Bruno CP796 (small blind) folded on the Flop
Seat 3: luvingkind (big blind) folded before Flop
Seat 4: Mahu2021 folded before Flop (didn't bet)
Seat 5: SumaTelescopica folded before Flop (didn't bet)
Seat 6: SoiledFool folded before Flop (didn't bet)



PokerStars Zoom Hand #253651689569:  Hold'em No Limit ($0.05/$0.10) - 2024/12/01 12:42:28 CET [2024/12/01 6:42:28 ET]
Table 'Aludra' 6-max Seat #1 is the button
Seat 1: Mahu2021 ($10.94 in chips) 
Seat 2: luvingkind ($17.34 in chips) 
Seat 3: SoiledFool ($10.47 in chips) 
Seat 4: dzonnson ($35.58 in chips) 
Seat 5: PokerLesson77 ($18.31 in chips) 
Seat 6: paulgrey ($10.57 in chips) 
luvingkind: posts small blind $0.05
SoiledFool: posts big blind $0.10
*** HOLE CARDS ***
Dealt to Mahu2021 [Ac 6h]
dzonnson: folds 
PokerLesson77: folds 
paulgrey: folds 
Mahu2021: raises $0.20 to $0.30
luvingkind: folds 
SoiledFool: folds 
Uncalled bet ($0.20) returned to Mahu2021
Mahu2021 collected $0.25 from pot
Mahu2021: doesn't show hand 
*** SUMMARY ***
Total pot $0.25 | Rake $0 
Seat 1: Mahu2021 (button) collected ($0.25)
Seat 2: luvingkind (small blind) folded before Flop
Seat 3: SoiledFool (big blind) folded before Flop
Seat 4: dzonnson folded before Flop (didn't bet)
Seat 5: PokerLesson77 folded before Flop (didn't bet)
Seat 6: paulgrey folded before Flop (didn't bet)



PokerStars Zoom Hand #253651691571:  Hold'em No Limit ($0.05/$0.10) - 2024/12/01 12:42:43 CET [2024/12/01 6:42:43 ET]
Table 'Aludra' 6-max Seat #1 is the button
Seat 1: daily228 ($10 in chips) 
Seat 2: Mahu2021 ($11.09 in chips) 
Seat 3: HHI34 ($13.20 in chips) 
Seat 4: PokerLesson77 ($18.26 in chips) 
Seat 5: bettyblue212 ($13.74 in chips) 
Seat 6: 23dm11 ($13.50 in chips) 
Mahu2021: posts small blind $0.05
HHI34: posts big blind $0.10
*** HOLE CARDS ***
Dealt to Mahu2021 [Kd Jc]
PokerLesson77: folds 
bettyblue212: folds 
23dm11: folds 
daily228: folds 
Mahu2021: raises $0.20 to $0.30
HHI34: calls $0.20
*** FLOP *** [4h 5c Qc]
Mahu2021: checks 
HHI34: bets $0.30
Mahu2021: folds 
Uncalled bet ($0.30) returned to HHI34
HHI34 collected $0.57 from pot
HHI34: doesn't show hand 
*** SUMMARY ***
Total pot $0.60 | Rake $0.03 
Board [4h 5c Qc]
Seat 1: daily228 (button) folded before Flop (didn't bet)
Seat 2: Mahu2021 (small blind) folded on the Flop
Seat 3: HHI34 (big blind) collected ($0.57)
Seat 4: PokerLesson77 folded before Flop (didn't bet)
Seat 5: bettyblue212 folded before Flop (didn't bet)
Seat 6: 23dm11 folded before Flop (didn't bet)



PokerStars Zoom Hand #253651694342:  Hold'em No Limit ($0.05/$0.10) - 2024/12/01 12:43:04 CET [2024/12/01 6:43:04 ET]
Table 'Aludra' 6-max Seat #1 is the button
Seat 1: Bestology ($10.83 in chips) 
Seat 2: daily228 ($13.20 in chips) 
Seat 3: gt3826 ($8.59 in chips) 
Seat 4: Mahu2021 ($10.79 in chips) 
Seat 5: ccmoz ($20.14 in chips) 
Seat 6: HHI34 ($10 in chips) 
daily228: posts small blind $0.05
gt3826: posts big blind $0.10
*** HOLE CARDS ***
Dealt to Mahu2021 [Qs 6d]
Mahu2021: folds 
ccmoz: folds 
HHI34: folds 
Bestology: folds 
daily228: folds 
Uncalled bet ($0.05) returned to gt3826
gt3826 collected $0.10 from pot
gt3826: doesn't show hand 
*** SUMMARY ***
Total pot $0.10 | Rake $0 
Seat 1: Bestology (button) folded before Flop (didn't bet)
Seat 2: daily228 (small blind) folded before Flop
Seat 3: gt3826 (big blind) collected ($0.10)
Seat 4: Mahu2021 folded before Flop (didn't bet)
Seat 5: ccmoz folded before Flop (didn't bet)
Seat 6: HHI34 folded before Flop (didn't bet)



PokerStars Zoom Hand #253651695661:  Hold'em No Limit ($0.05/$0.10) - 2024/12/01 12:43:14 CET [2024/12/01 6:43:14 ET]
Table 'Aludra' 6-max Seat #1 is the button
Seat 1: paulgrey ($10.97 in chips) 
Seat 2: bettyblue212 ($11.05 in chips) 
Seat 3: Mahu2021 ($10.79 in chips) 
Seat 4: cris_civil ($10.30 in chips) 
Seat 5: PedroDSantos8 ($13.25 in chips) 
Seat 6: Vert Dider ($10.83 in chips) 
bettyblue212: posts small blind $0.05
Mahu2021: posts big blind $0.10
*** HOLE CARDS ***
Dealt to Mahu2021 [Qd As]
cris_civil: folds 
PedroDSantos8: folds 
Vert Dider: folds 
paulgrey: folds 
bettyblue212: folds 
Uncalled bet ($0.05) returned to Mahu2021
Mahu2021 collected $0.10 from pot
Mahu2021: doesn't show hand 
*** SUMMARY ***
Total pot $0.10 | Rake $0 
Seat 1: paulgrey (button) folded before Flop (didn't bet)
Seat 2: bettyblue212 (small blind) folded before Flop
Seat 3: Mahu2021 (big blind) collected ($0.10)
Seat 4: cris_civil folded before Flop (didn't bet)
Seat 5: PedroDSantos8 folded before Flop (didn't bet)
Seat 6: Vert Dider folded before Flop (didn't bet)



PokerStars Zoom Hand #253651697235:  Hold'em No Limit ($0.05/$0.10) - 2024/12/01 12:43:26 CET [2024/12/01 6:43:26 ET]
Table 'Aludra' 6-max Seat #1 is the button
Seat 1: daily228 ($10 in chips) 
Seat 2: SoiledFool ($35.12 in chips) 
Seat 3: 23dm11 ($10 in chips) 
Seat 4: Mahu2021 ($10.84 in chips) 
Seat 5: bettyblue212 ($11 in chips) 
Seat 6: snaiperis33 ($12.18 in chips) 
SoiledFool: posts small blind $0.05
23dm11: posts big blind $0.10
*** HOLE CARDS ***
Dealt to Mahu2021 [Kd Jd]
Mahu2021: raises $0.20 to $0.30
bettyblue212: folds 
snaiperis33: folds 
daily228: folds 
SoiledFool: folds 
23dm11: folds 
Uncalled bet ($0.20) returned to Mahu2021
Mahu2021 collected $0.25 from pot
Mahu2021: doesn't show hand 
*** SUMMARY ***
Total pot $0.25 | Rake $0 
Seat 1: daily228 (button) folded before Flop (didn't bet)
Seat 2: SoiledFool (small blind) folded before Flop
Seat 3: 23dm11 (big blind) folded before Flop
Seat 4: Mahu2021 collected ($0.25)
Seat 5: bettyblue212 folded before Flop (didn't bet)
Seat 6: snaiperis33 folded before Flop (didn't bet)



PokerStars Zoom Hand #253651695116:  Hold'em No Limit ($0.05/$0.10) - 2024/12/01 12:43:10 CET [2024/12/01 6:43:10 ET]
Table 'Aludra' 6-max Seat #1 is the button
Seat 1: pokking876 ($14.05 in chips) 
Seat 2: SuicideKingSK ($11.85 in chips) 
Seat 3: fernandooof4 ($3.91 in chips) 
Seat 4: MarkRegen ($11.35 in chips) 
Seat 5: daily228 ($10.05 in chips) 
Seat 6: Mahu2021 ($10.79 in chips) 
SuicideKingSK: posts small blind $0.05
fernandooof4: posts big blind $0.10
*** HOLE CARDS ***
Dealt to Mahu2021 [5h 8h]
MarkRegen: folds 
daily228: folds 
Mahu2021: folds 
pokking876: folds 
SuicideKingSK: raises $0.15 to $0.25
fernandooof4: calls $0.15
*** FLOP *** [2s Kc Ad]
SuicideKingSK: bets $0.30
fernandooof4: raises $0.30 to $0.60
SuicideKingSK: calls $0.30
*** TURN *** [2s Kc Ad] [Qh]
SuicideKingSK: checks 
fernandooof4: bets $0.49
SuicideKingSK: calls $0.49
*** RIVER *** [2s Kc Ad Qh] [5d]
SuicideKingSK: checks 
fernandooof4: checks 
*** SHOW DOWN ***
SuicideKingSK: shows [Jc Js] (a pair of Jacks)
fernandooof4: shows [9h As] (a pair of Aces)
fernandooof4 collected $2.56 from pot
*** SUMMARY ***
Total pot $2.68 | Rake $0.12 
Board [2s Kc Ad Qh 5d]
Seat 1: pokking876 (button) folded before Flop (didn't bet)
Seat 2: SuicideKingSK (small blind) showed [Jc Js] and lost with a pair of Jacks
Seat 3: fernandooof4 (big blind) showed [9h As] and won ($2.56) with a pair of Aces
Seat 4: MarkRegen folded before Flop (didn't bet)
Seat 5: daily228 folded before Flop (didn't bet)
Seat 6: Mahu2021 folded before Flop (didn't bet)



PokerStars Zoom Hand #253651699018:  Hold'em No Limit ($0.05/$0.10) - 2024/12/01 12:43:39 CET [2024/12/01 6:43:39 ET]
Table 'Aludra' 6-max Seat #1 is the button
Seat 1: Mahu2021 ($10.99 in chips) 
Seat 2: tigerfarm ($10 in chips) 
Seat 3: daily228 ($10 in chips) 
Seat 4: Baratrum777 ($10.50 in chips) 
Seat 5: SumaTelescopica ($11.03 in chips) 
Seat 6: how2liv ($10.02 in chips) 
tigerfarm: posts small blind $0.05
daily228: posts big blind $0.10
*** HOLE CARDS ***
Dealt to Mahu2021 [7s 3c]
Baratrum777: folds 
SumaTelescopica: folds 
how2liv: folds 
Mahu2021: folds 
tigerfarm: raises $0.20 to $0.30
daily228: folds 
Uncalled bet ($0.20) returned to tigerfarm
tigerfarm collected $0.20 from pot
tigerfarm: doesn't show hand 
*** SUMMARY ***
Total pot $0.20 | Rake $0 
Seat 1: Mahu2021 (button) folded before Flop (didn't bet)
Seat 2: tigerfarm (small blind) collected ($0.20)
Seat 3: daily228 (big blind) folded before Flop
Seat 4: Baratrum777 folded before Flop (didn't bet)
Seat 5: SumaTelescopica folded before Flop (didn't bet)
Seat 6: how2liv folded before Flop (didn't bet)



PokerStars Zoom Hand #253651700256:  Hold'em No Limit ($0.05/$0.10) - 2024/12/01 12:43:48 CET [2024/12/01 6:43:48 ET]
Table 'Aludra' 6-max Seat #1 is the button
Seat 1: tilen1243 ($9.10 in chips) 
Seat 2: zoly88 ($10.33 in chips) 
Seat 3: Pokerlupe ($10.15 in chips) 
Seat 4: Mahu2021 ($10.94 in chips) 
Seat 5: daily228 ($12.75 in chips) 
Seat 6: Bestology ($11.33 in chips) 
zoly88: posts small blind $0.05
Pokerlupe: posts big blind $0.10
*** HOLE CARDS ***
Dealt to Mahu2021 [Qc Qs]
Mahu2021: raises $0.20 to $0.30
daily228: folds 
Bestology: calls $0.30
tilen1243: folds 
zoly88: folds 
Pokerlupe: folds 
*** FLOP *** [2c 7s 7c]
Mahu2021: bets $0.72
Bestology: folds 
Uncalled bet ($0.72) returned to Mahu2021
Mahu2021 collected $0.72 from pot
Mahu2021: doesn't show hand 
*** SUMMARY ***
Total pot $0.75 | Rake $0.03 
Board [2c 7s 7c]
Seat 1: tilen1243 (button) folded before Flop (didn't bet)
Seat 2: zoly88 (small blind) folded before Flop
Seat 3: Pokerlupe (big blind) folded before Flop
Seat 4: Mahu2021 collected ($0.72)
Seat 5: daily228 folded before Flop (didn't bet)
Seat 6: Bestology folded on the Flop



PokerStars Zoom Hand #253651699583:  Hold'em No Limit ($0.05/$0.10) - 2024/12/01 12:43:43 CET [2024/12/01 6:43:43 ET]
Table 'Aludra' 6-max Seat #1 is the button
Seat 1: Schackpro ($29.16 in chips) 
Seat 2: Mahu2021 ($10.99 in chips) 
Seat 3: HHI34 ($10 in chips) 
Seat 4: PokerLesson77 ($17.96 in chips) 
Seat 5: 23dm11 ($10 in chips) 
Seat 6: MR7Z ($10 in chips) 
Mahu2021: posts small blind $0.05
HHI34: posts big blind $0.10
*** HOLE CARDS ***
Dealt to Mahu2021 [3h Jc]
PokerLesson77: raises $0.10 to $0.20
23dm11: calls $0.20
MR7Z: folds 
Schackpro: raises $0.60 to $0.80
Mahu2021: folds 
HHI34: folds 
PokerLesson77: calls $0.60
23dm11: calls $0.60
*** FLOP *** [Qh Jd Ah]
PokerLesson77: checks 
23dm11: checks 
Schackpro: checks 
*** TURN *** [Qh Jd Ah] [3s]
PokerLesson77: bets $1.02
23dm11: folds 
Schackpro: folds 
Uncalled bet ($1.02) returned to PokerLesson77
PokerLesson77 collected $2.44 from pot
PokerLesson77: doesn't show hand 
*** SUMMARY ***
Total pot $2.55 | Rake $0.11 
Board [Qh Jd Ah 3s]
Seat 1: Schackpro (button) folded on the Turn
Seat 2: Mahu2021 (small blind) folded before Flop
Seat 3: HHI34 (big blind) folded before Flop
Seat 4: PokerLesson77 collected ($2.44)
Seat 5: 23dm11 folded on the Turn
Seat 6: MR7Z folded before Flop (didn't bet)



PokerStars Zoom Hand #253651704907:  Hold'em No Limit ($0.05/$0.10) - 2024/12/01 12:44:23 CET [2024/12/01 6:44:23 ET]
Table 'Aludra' 6-max Seat #1 is the button
Seat 1: leuchte1812 ($4.85 in chips) 
Seat 2: Pesulle ($13.11 in chips) 
Seat 3: Mahu2021 ($11.36 in chips) 
Seat 4: pokking876 ($16.69 in chips) 
Seat 5: ccmoz ($10.05 in chips) 
Seat 6: HHI34 ($12.77 in chips) 
Pesulle: posts small blind $0.05
Mahu2021: posts big blind $0.10
*** HOLE CARDS ***
Dealt to Mahu2021 [8c 6d]
pokking876: folds 
ccmoz: raises $0.15 to $0.25
HHI34: folds 
leuchte1812: raises $0.15 to $0.40
Pesulle: folds 
Mahu2021: folds 
ccmoz: calls $0.15
*** FLOP *** [Kc 5c 3d]
ccmoz: checks 
leuchte1812: bets $0.46
ccmoz: calls $0.46
*** TURN *** [Kc 5c 3d] [3s]
ccmoz: checks 
leuchte1812: checks 
*** RIVER *** [Kc 5c 3d 3s] [Jd]
ccmoz: checks 
leuchte1812: checks 
*** SHOW DOWN ***
ccmoz: shows [Kh Qs] (two pair, Kings and Threes)
leuchte1812: mucks hand 
ccmoz collected $1.79 from pot
*** SUMMARY ***
Total pot $1.87 | Rake $0.08 
Board [Kc 5c 3d 3s Jd]
Seat 1: leuchte1812 (button) mucked [9s 9c]
Seat 2: Pesulle (small blind) folded before Flop
Seat 3: Mahu2021 (big blind) folded before Flop
Seat 4: pokking876 folded before Flop (didn't bet)
Seat 5: ccmoz showed [Kh Qs] and won ($1.79) with two pair, Kings and Threes
Seat 6: HHI34 folded before Flop (didn't bet)



PokerStars Zoom Hand #253651706942:  Hold'em No Limit ($0.05/$0.10) - 2024/12/01 12:44:38 CET [2024/12/01 6:44:38 ET]
Table 'Aludra' 6-max Seat #1 is the button
Seat 1: Vert Dider ($17.97 in chips) 
Seat 2: luvingkind ($10.33 in chips) 
Seat 3: daily228 ($10.60 in chips) 
Seat 4: cris_civil ($26.11 in chips) 
Seat 5: Mahu2021 ($11.26 in chips) 
Seat 6: dzonnson ($25.21 in chips) 
luvingkind: posts small blind $0.05
daily228: posts big blind $0.10
*** HOLE CARDS ***
Dealt to Mahu2021 [Ac 4c]
cris_civil: folds 
Mahu2021: raises $0.10 to $0.20
dzonnson: folds 
Vert Dider: folds 
luvingkind: folds 
daily228: folds 
Uncalled bet ($0.10) returned to Mahu2021
Mahu2021 collected $0.25 from pot
Mahu2021: doesn't show hand 
*** SUMMARY ***
Total pot $0.25 | Rake $0 
Seat 1: Vert Dider (button) folded before Flop (didn't bet)
Seat 2: luvingkind (small blind) folded before Flop
Seat 3: daily228 (big blind) folded before Flop
Seat 4: cris_civil folded before Flop (didn't bet)
Seat 5: Mahu2021 collected ($0.25)
Seat 6: dzonnson folded before Flop (didn't bet)



PokerStars Zoom Hand #253651706258:  Hold'em No Limit ($0.05/$0.10) - 2024/12/01 12:44:34 CET [2024/12/01 6:44:34 ET]
Table 'Aludra' 6-max Seat #1 is the button
Seat 1: paulgrey ($10.77 in chips) 
Seat 2: SoiledFool ($35.27 in chips) 
Seat 3: mika999777 ($4.85 in chips) 
Seat 4: drtaka212 ($10.17 in chips) 
Seat 5: Baratrum777 ($10.35 in chips) 
Seat 6: Mahu2021 ($11.26 in chips) 
SoiledFool: posts small blind $0.05
mika999777: posts big blind $0.10
*** HOLE CARDS ***
Dealt to Mahu2021 [Ac 4d]
drtaka212: folds 
Baratrum777: raises $0.14 to $0.24
Mahu2021: folds 
paulgrey: folds 
SoiledFool: folds 
mika999777: raises $0.54 to $0.78
Baratrum777: folds 
Uncalled bet ($0.54) returned to mika999777
mika999777 collected $0.53 from pot
mika999777: doesn't show hand 
*** SUMMARY ***
Total pot $0.53 | Rake $0 
Seat 1: paulgrey (button) folded before Flop (didn't bet)
Seat 2: SoiledFool (small blind) folded before Flop
Seat 3: mika999777 (big blind) collected ($0.53)
Seat 4: drtaka212 folded before Flop (didn't bet)
Seat 5: Baratrum777 folded before Flop
Seat 6: Mahu2021 folded before Flop (didn't bet)



PokerStars Zoom Hand #253651710351:  Hold'em No Limit ($0.05/$0.10) - 2024/12/01 12:45:03 CET [2024/12/01 6:45:03 ET]
Table 'Aludra' 6-max Seat #1 is the button
Seat 1: Mahu2021 ($11.36 in chips) 
Seat 2: fernandooof4 ($5.03 in chips) 
Seat 3: pokking876 ($8.95 in chips) 
Seat 4: DaveS888 ($2.90 in chips) 
Seat 5: Nemoo88 ($7.58 in chips) 
Seat 6: ccmoz ($10.26 in chips) 
fernandooof4: posts small blind $0.05
pokking876: posts big blind $0.10
*** HOLE CARDS ***
Dealt to Mahu2021 [4s Ts]
DaveS888: folds 
Nemoo88: folds 
ccmoz: folds 
Mahu2021: folds 
fernandooof4: folds 
Uncalled bet ($0.05) returned to pokking876
pokking876 collected $0.10 from pot
pokking876: doesn't show hand 
*** SUMMARY ***
Total pot $0.10 | Rake $0 
Seat 1: Mahu2021 (button) folded before Flop (didn't bet)
Seat 2: fernandooof4 (small blind) folded before Flop
Seat 3: pokking876 (big blind) collected ($0.10)
Seat 4: DaveS888 folded before Flop (didn't bet)
Seat 5: Nemoo88 folded before Flop (didn't bet)
Seat 6: ccmoz folded before Flop (didn't bet)



PokerStars Zoom Hand #253651710900:  Hold'em No Limit ($0.05/$0.10) - 2024/12/01 12:45:08 CET [2024/12/01 6:45:08 ET]
Table 'Aludra' 6-max Seat #1 is the button
Seat 1: mika999777 ($5.09 in chips) 
Seat 2: 68iou1-69 ($27.45 in chips) 
Seat 3: FredonPok ($10 in chips) 
Seat 4: Nemoo88 ($7.58 in chips) 
Seat 5: dzonnson ($25.16 in chips) 
Seat 6: Mahu2021 ($11.36 in chips) 
68iou1-69: posts small blind $0.05
FredonPok: posts big blind $0.10
*** HOLE CARDS ***
Dealt to Mahu2021 [4d 2d]
Nemoo88: folds 
dzonnson: folds 
Mahu2021: folds 
mika999777: raises $0.20 to $0.30
68iou1-69: folds 
FredonPok: folds 
Uncalled bet ($0.20) returned to mika999777
mika999777 collected $0.25 from pot
mika999777: doesn't show hand 
*** SUMMARY ***
Total pot $0.25 | Rake $0 
Seat 1: mika999777 (button) collected ($0.25)
Seat 2: 68iou1-69 (small blind) folded before Flop
Seat 3: FredonPok (big blind) folded before Flop
Seat 4: Nemoo88 folded before Flop (didn't bet)
Seat 5: dzonnson folded before Flop (didn't bet)
Seat 6: Mahu2021 folded before Flop (didn't bet)



PokerStars Zoom Hand #253651712115:  Hold'em No Limit ($0.05/$0.10) - 2024/12/01 12:45:17 CET [2024/12/01 6:45:17 ET]
Table 'Aludra' 6-max Seat #1 is the button
Seat 1: HHI34 ($13.15 in chips) 
Seat 2: coolio1984 ($17.90 in chips) 
Seat 3: ccmoz ($10.63 in chips) 
Seat 4: Mahu2021 ($11.36 in chips) 
Seat 5: how2liv ($10.40 in chips) 
Seat 6: SoiledFool ($40.44 in chips) 
coolio1984: posts small blind $0.05
ccmoz: posts big blind $0.10
*** HOLE CARDS ***
Dealt to Mahu2021 [8s 4s]
Mahu2021: folds 
how2liv: folds 
SoiledFool: folds 
HHI34: folds 
coolio1984: folds 
Uncalled bet ($0.05) returned to ccmoz
ccmoz collected $0.10 from pot
ccmoz: doesn't show hand 
*** SUMMARY ***
Total pot $0.10 | Rake $0 
Seat 1: HHI34 (button) folded before Flop (didn't bet)
Seat 2: coolio1984 (small blind) folded before Flop
Seat 3: ccmoz (big blind) collected ($0.10)
Seat 4: Mahu2021 folded before Flop (didn't bet)
Seat 5: how2liv folded before Flop (didn't bet)
Seat 6: SoiledFool folded before Flop (didn't bet)



PokerStars Zoom Hand #253651711358:  Hold'em No Limit ($0.05/$0.10) - 2024/12/01 12:45:11 CET [2024/12/01 6:45:11 ET]
Table 'Aludra' 6-max Seat #1 is the button
Seat 1: DaveS888 ($2.90 in chips) 
Seat 2: crownroyal65 ($18.73 in chips) 
Seat 3: Nemoo88 ($7.58 in chips) 
Seat 4: coolio1984 ($17.90 in chips) 
Seat 5: Mahu2021 ($11.36 in chips) 
Seat 6: daily228 ($10.50 in chips) 
crownroyal65: posts small blind $0.05
Nemoo88: posts big blind $0.10
*** HOLE CARDS ***
Dealt to Mahu2021 [8c 9h]
coolio1984: folds 
Mahu2021: folds 
daily228: folds 
DaveS888: folds 
crownroyal65: raises $0.10 to $0.20
Nemoo88: calls $0.10
*** FLOP *** [Ac Ah 6s]
crownroyal65: checks 
Nemoo88: checks 
*** TURN *** [Ac Ah 6s] [3s]
crownroyal65: checks 
Nemoo88: bets $0.30
crownroyal65: folds 
Uncalled bet ($0.30) returned to Nemoo88
Nemoo88 collected $0.38 from pot
Nemoo88: doesn't show hand 
*** SUMMARY ***
Total pot $0.40 | Rake $0.02 
Board [Ac Ah 6s 3s]
Seat 1: DaveS888 (button) folded before Flop (didn't bet)
Seat 2: crownroyal65 (small blind) folded on the Turn
Seat 3: Nemoo88 (big blind) collected ($0.38)
Seat 4: coolio1984 folded before Flop (didn't bet)
Seat 5: Mahu2021 folded before Flop (didn't bet)
Seat 6: daily228 folded before Flop (didn't bet)



PokerStars Zoom Hand #253651709400:  Hold'em No Limit ($0.05/$0.10) - 2024/12/01 12:44:57 CET [2024/12/01 6:44:57 ET]
Table 'Aludra' 6-max Seat #1 is the button
Seat 1: coolio1984 ($19.10 in chips) 
Seat 2: Mahu2021 ($11.41 in chips) 
Seat 3: Bestology ($13.10 in chips) 
Seat 4: HHI34 ($11.77 in chips) 
Seat 5: luvingkind ($10.18 in chips) 
Seat 6: paulgrey ($10.67 in chips) 
Mahu2021: posts small blind $0.05
Bestology: posts big blind $0.10
*** HOLE CARDS ***
Dealt to Mahu2021 [Qd 6s]
HHI34: folds 
luvingkind: raises $0.15 to $0.25
paulgrey: folds 
coolio1984: folds 
Mahu2021: folds 
Bestology: raises $0.15 to $0.40
luvingkind: calls $0.15
*** FLOP *** [4s Jd Th]
Bestology: bets $0.41
luvingkind: calls $0.41
*** TURN *** [4s Jd Th] [3s]
Bestology: bets $1.59
luvingkind: folds 
Uncalled bet ($1.59) returned to Bestology
Bestology collected $1.57 from pot
Bestology: doesn't show hand 
*** SUMMARY ***
Total pot $1.67 | Rake $0.10 
Board [4s Jd Th 3s]
Seat 1: coolio1984 (button) folded before Flop (didn't bet)
Seat 2: Mahu2021 (small blind) folded before Flop
Seat 3: Bestology (big blind) collected ($1.57)
Seat 4: HHI34 folded before Flop (didn't bet)
Seat 5: luvingkind folded on the Turn
Seat 6: paulgrey folded before Flop (didn't bet)



PokerStars Zoom Hand #253651712645:  Hold'em No Limit ($0.05/$0.10) - 2024/12/01 12:45:20 CET [2024/12/01 6:45:20 ET]
Table 'Aludra' 6-max Seat #1 is the button
Seat 1: 23dm11 ($13.51 in chips) 
Seat 2: Play4llHands ($14.13 in chips) 
Seat 3: Mahu2021 ($11.36 in chips) 
Seat 4: Bestology ($13.74 in chips) 
Seat 5: HHI34 ($13.15 in chips) 
Seat 6: vojtek1968 ($28.50 in chips) 
Play4llHands: posts small blind $0.05
Mahu2021: posts big blind $0.10
*** HOLE CARDS ***
Dealt to Mahu2021 [As Kd]
Bestology: raises $0.10 to $0.20
HHI34: folds 
vojtek1968: folds 
23dm11: folds 
Play4llHands: folds 
Mahu2021: calls $0.10
*** FLOP *** [Js 8c 4h]
Mahu2021: checks 
Bestology: bets $0.10
Mahu2021: calls $0.10
*** TURN *** [Js 8c 4h] [8s]
Mahu2021: checks 
Bestology: bets $0.31
Mahu2021: calls $0.31
*** RIVER *** [Js 8c 4h 8s] [3d]
Mahu2021: checks 
Bestology: checks 
*** SHOW DOWN ***
Mahu2021: shows [As Kd] (a pair of Eights)
Bestology: shows [5s 5c] (two pair, Eights and Fives)
Bestology collected $1.19 from pot
*** SUMMARY ***
Total pot $1.27 | Rake $0.08 
Board [Js 8c 4h 8s 3d]
Seat 1: 23dm11 (button) folded before Flop (didn't bet)
Seat 2: Play4llHands (small blind) folded before Flop
Seat 3: Mahu2021 (big blind) showed [As Kd] and lost with a pair of Eights
Seat 4: Bestology showed [5s 5c] and won ($1.19) with two pair, Eights and Fives
Seat 5: HHI34 folded before Flop (didn't bet)
Seat 6: vojtek1968 folded before Flop (didn't bet)



PokerStars Zoom Hand #253651717319:  Hold'em No Limit ($0.05/$0.10) - 2024/12/01 12:45:55 CET [2024/12/01 6:45:55 ET]
Table 'Aludra' 6-max Seat #1 is the button
Seat 1: alpharfn ($11.86 in chips) 
Seat 2: Guanche Furioso ($10.37 in chips) 
Seat 3: Bestology ($14.32 in chips) 
Seat 4: Nemoo88 ($7.71 in chips) 
Seat 5: Mahu2021 ($10.75 in chips) 
Seat 6: ryokenyamauchi ($14.64 in chips) 
Guanche Furioso: posts small blind $0.05
Bestology: posts big blind $0.10
*** HOLE CARDS ***
Dealt to Mahu2021 [4s 9s]
Nemoo88: folds 
Mahu2021: folds 
ryokenyamauchi: folds 
alpharfn: folds 
Guanche Furioso: raises $0.20 to $0.30
Bestology: folds 
Uncalled bet ($0.20) returned to Guanche Furioso
Guanche Furioso collected $0.20 from pot
Guanche Furioso: doesn't show hand 
*** SUMMARY ***
Total pot $0.20 | Rake $0 
Seat 1: alpharfn (button) folded before Flop (didn't bet)
Seat 2: Guanche Furioso (small blind) collected ($0.20)
Seat 3: Bestology (big blind) folded before Flop
Seat 4: Nemoo88 folded before Flop (didn't bet)
Seat 5: Mahu2021 folded before Flop (didn't bet)
Seat 6: ryokenyamauchi folded before Flop (didn't bet)



PokerStars Zoom Hand #253651719100:  Hold'em No Limit ($0.05/$0.10) - 2024/12/01 12:46:08 CET [2024/12/01 6:46:08 ET]
Table 'Aludra' 6-max Seat #1 is the button
Seat 1: Mahu2021 ($10.70 in chips) 
Seat 2: fernandooof4 ($4.73 in chips) 
Seat 3: pokking876 ($17.06 in chips) 
Seat 4: SoiledFool ($24.70 in chips) 
Seat 5: SumaTelescopica ($12.62 in chips) 
Seat 6: paulgrey ($10.51 in chips) 
fernandooof4: posts small blind $0.05
pokking876: posts big blind $0.10
*** HOLE CARDS ***
Dealt to Mahu2021 [Qs 2d]
SoiledFool: folds 
SumaTelescopica: folds 
paulgrey: folds 
Mahu2021: folds 
fernandooof4: folds 
Uncalled bet ($0.05) returned to pokking876
pokking876 collected $0.10 from pot
pokking876: doesn't show hand 
*** SUMMARY ***
Total pot $0.10 | Rake $0 
Seat 1: Mahu2021 (button) folded before Flop (didn't bet)
Seat 2: fernandooof4 (small blind) folded before Flop
Seat 3: pokking876 (big blind) collected ($0.10)
Seat 4: SoiledFool folded before Flop (didn't bet)
Seat 5: SumaTelescopica folded before Flop (didn't bet)
Seat 6: paulgrey folded before Flop (didn't bet)



PokerStars Zoom Hand #253651718435:  Hold'em No Limit ($0.05/$0.10) - 2024/12/01 12:46:03 CET [2024/12/01 6:46:03 ET]
Table 'Aludra' 6-max Seat #1 is the button
Seat 1: zoly88 ($9.87 in chips) 
Seat 2: Mahu2021 ($10.75 in chips) 
Seat 3: luvingkind ($14.97 in chips) 
Seat 4: Pesulle ($11.40 in chips) 
Seat 5: tigerfarm ($10.10 in chips) 
Seat 6: ccmoz ($11 in chips) 
Mahu2021: posts small blind $0.05
luvingkind: posts big blind $0.10
*** HOLE CARDS ***
Dealt to Mahu2021 [5d 8c]
Pesulle: folds 
tigerfarm: folds 
ccmoz: folds 
zoly88: folds 
Mahu2021: folds 
Uncalled bet ($0.05) returned to luvingkind
luvingkind collected $0.10 from pot
luvingkind: doesn't show hand 
*** SUMMARY ***
Total pot $0.10 | Rake $0 
Seat 1: zoly88 (button) folded before Flop (didn't bet)
Seat 2: Mahu2021 (small blind) folded before Flop
Seat 3: luvingkind (big blind) collected ($0.10)
Seat 4: Pesulle folded before Flop (didn't bet)
Seat 5: tigerfarm folded before Flop (didn't bet)
Seat 6: ccmoz folded before Flop (didn't bet)



PokerStars Zoom Hand #253651717820:  Hold'em No Limit ($0.05/$0.10) - 2024/12/01 12:45:58 CET [2024/12/01 6:45:58 ET]
Table 'Aludra' 6-max Seat #1 is the button
Seat 1: pokking876 ($8.62 in chips) 
Seat 2: gt3826 ($9.67 in chips) 
Seat 3: vojtek1968 ($28.65 in chips) 
Seat 4: daily228 ($10.60 in chips) 
Seat 5: PokerLesson77 ($22.16 in chips) 
Seat 6: Mahu2021 ($10.75 in chips) 
gt3826: posts small blind $0.05
vojtek1968: posts big blind $0.10
*** HOLE CARDS ***
Dealt to Mahu2021 [Qh 5s]
daily228: raises $0.10 to $0.20
PokerLesson77: folds 
Mahu2021: folds 
pokking876: folds 
gt3826: calls $0.15
vojtek1968: folds 
*** FLOP *** [4h Ac Qs]
gt3826: bets $0.30
daily228: folds 
Uncalled bet ($0.30) returned to gt3826
gt3826 collected $0.48 from pot
gt3826: doesn't show hand 
*** SUMMARY ***
Total pot $0.50 | Rake $0.02 
Board [4h Ac Qs]
Seat 1: pokking876 (button) folded before Flop (didn't bet)
Seat 2: gt3826 (small blind) collected ($0.48)
Seat 3: vojtek1968 (big blind) folded before Flop
Seat 4: daily228 folded on the Flop
Seat 5: PokerLesson77 folded before Flop (didn't bet)
Seat 6: Mahu2021 folded before Flop (didn't bet)



PokerStars Zoom Hand #253651720135:  Hold'em No Limit ($0.05/$0.10) - 2024/12/01 12:46:15 CET [2024/12/01 6:46:15 ET]
Table 'Aludra' 6-max Seat #1 is the button
Seat 1: Guanche Furioso ($13.34 in chips) 
Seat 2: paulgrey ($10.51 in chips) 
Seat 3: Mahu2021 ($10.70 in chips) 
Seat 4: Pesulle ($13.35 in chips) 
Seat 5: ccmoz ($11.08 in chips) 
Seat 6: snaiperis33 ($14.13 in chips) 
paulgrey: posts small blind $0.05
Mahu2021: posts big blind $0.10
*** HOLE CARDS ***
Dealt to Mahu2021 [Qd 5c]
Pesulle: folds 
ccmoz: folds 
snaiperis33: raises $0.10 to $0.20
Guanche Furioso: folds 
paulgrey: folds 
Mahu2021: folds 
Uncalled bet ($0.10) returned to snaiperis33
snaiperis33 collected $0.25 from pot
snaiperis33: doesn't show hand 
*** SUMMARY ***
Total pot $0.25 | Rake $0 
Seat 1: Guanche Furioso (button) folded before Flop (didn't bet)
Seat 2: paulgrey (small blind) folded before Flop
Seat 3: Mahu2021 (big blind) folded before Flop
Seat 4: Pesulle folded before Flop (didn't bet)
Seat 5: ccmoz folded before Flop (didn't bet)
Seat 6: snaiperis33 collected ($0.25)



PokerStars Zoom Hand #253651719660:  Hold'em No Limit ($0.05/$0.10) - 2024/12/01 12:46:12 CET [2024/12/01 6:46:12 ET]
Table 'Aludra' 6-max Seat #1 is the button
Seat 1: SumaTelescopica ($12.62 in chips) 
Seat 2: kaizenfood9 ($10.23 in chips) 
Seat 3: FugoSushi ($17.41 in chips) 
Seat 4: Bestology ($13.86 in chips) 
Seat 5: Mahu2021 ($10.70 in chips) 
Seat 6: 68iou1-69 ($27.30 in chips) 
kaizenfood9: posts small blind $0.05
FugoSushi: posts big blind $0.10
*** HOLE CARDS ***
Dealt to Mahu2021 [As 5h]
Bestology: folds 
Mahu2021: folds 
68iou1-69: folds 
SumaTelescopica: raises $0.20 to $0.30
kaizenfood9: folds 
FugoSushi: calls $0.20
*** FLOP *** [9s Kh 2d]
FugoSushi: checks 
SumaTelescopica: checks 
*** TURN *** [9s Kh 2d] [Qd]
FugoSushi: checks 
SumaTelescopica: checks 
*** RIVER *** [9s Kh 2d Qd] [Ad]
FugoSushi: checks 
SumaTelescopica: checks 
*** SHOW DOWN ***
FugoSushi: shows [7c 6c] (high card Ace)
SumaTelescopica: mucks hand 
FugoSushi collected $0.62 from pot
*** SUMMARY ***
Total pot $0.65 | Rake $0.03 
Board [9s Kh 2d Qd Ad]
Seat 1: SumaTelescopica (button) mucked [4h 3h]
Seat 2: kaizenfood9 (small blind) folded before Flop
Seat 3: FugoSushi (big blind) showed [7c 6c] and won ($0.62) with high card Ace
Seat 4: Bestology folded before Flop (didn't bet)
Seat 5: Mahu2021 folded before Flop (didn't bet)
Seat 6: 68iou1-69 folded before Flop (didn't bet)



PokerStars Zoom Hand #253651722657:  Hold'em No Limit ($0.05/$0.10) - 2024/12/01 12:46:34 CET [2024/12/01 6:46:34 ET]
Table 'Aludra' 6-max Seat #1 is the button
Seat 1: drtaka212 ($11.71 in chips) 
Seat 2: tilen1243 ($10.30 in chips) 
Seat 3: fernandooof4 ($4.63 in chips) 
Seat 4: snaiperis33 ($14.28 in chips) 
Seat 5: Vert Dider ($12.22 in chips) 
Seat 6: Mahu2021 ($10.60 in chips) 
tilen1243: posts small blind $0.05
fernandooof4: posts big blind $0.10
*** HOLE CARDS ***
Dealt to Mahu2021 [Td Jd]
snaiperis33: folds 
Vert Dider: raises $0.13 to $0.23
Mahu2021: calls $0.23
drtaka212: folds 
tilen1243: folds 
fernandooof4: calls $0.13
*** FLOP *** [Tc 3s 2d]
fernandooof4: checks 
Vert Dider: bets $0.23
Mahu2021: calls $0.23
fernandooof4: calls $0.23
*** TURN *** [Tc 3s 2d] [Js]
fernandooof4: checks 
Vert Dider: bets $1.05
Mahu2021: calls $1.05
fernandooof4: raises $3.12 to $4.17 and is all-in
Vert Dider: folds 
Mahu2021: calls $3.12
*** RIVER *** [Tc 3s 2d Js] [Qh]
*** SHOW DOWN ***
fernandooof4: shows [Jh Th] (two pair, Jacks and Tens)
Mahu2021: shows [Td Jd] (two pair, Jacks and Tens)
fernandooof4 collected $5.17 from pot
Mahu2021 collected $5.16 from pot
*** SUMMARY ***
Total pot $10.82 | Rake $0.49 
Board [Tc 3s 2d Js Qh]
Seat 1: drtaka212 (button) folded before Flop (didn't bet)
Seat 2: tilen1243 (small blind) folded before Flop
Seat 3: fernandooof4 (big blind) showed [Jh Th] and won ($5.17) with two pair, Jacks and Tens
Seat 4: snaiperis33 folded before Flop (didn't bet)
Seat 5: Vert Dider folded on the Turn
Seat 6: Mahu2021 showed [Td Jd] and won ($5.16) with two pair, Jacks and Tens



PokerStars Zoom Hand #253651728316:  Hold'em No Limit ($0.05/$0.10) - 2024/12/01 12:47:16 CET [2024/12/01 6:47:16 ET]
Table 'Aludra' 6-max Seat #1 is the button
Seat 1: fernandooof4 ($5.17 in chips) 
Seat 2: Mahu2021 ($11.13 in chips) 
Seat 3: luvingkind ($15.07 in chips) 
Seat 4: pokking876 ($13.69 in chips) 
Seat 5: SoiledFool ($12.36 in chips) 
Seat 6: cris_civil ($10.02 in chips) 
Mahu2021: posts small blind $0.05
luvingkind: posts big blind $0.10
*** HOLE CARDS ***
Dealt to Mahu2021 [6c 2c]
pokking876 has timed out
pokking876: folds 
SoiledFool: folds 
cris_civil: folds 
fernandooof4: folds 
Mahu2021: folds 
Uncalled bet ($0.05) returned to luvingkind
luvingkind collected $0.10 from pot
luvingkind: doesn't show hand 
*** SUMMARY ***
Total pot $0.10 | Rake $0 
Seat 1: fernandooof4 (button) folded before Flop (didn't bet)
Seat 2: Mahu2021 (small blind) folded before Flop
Seat 3: luvingkind (big blind) collected ($0.10)
Seat 4: pokking876 folded before Flop (didn't bet)
Seat 5: SoiledFool folded before Flop (didn't bet)
Seat 6: cris_civil folded before Flop (didn't bet)



PokerStars Zoom Hand #253651728969:  Hold'em No Limit ($0.05/$0.10) - 2024/12/01 12:47:21 CET [2024/12/01 6:47:21 ET]
Table 'Aludra' 6-max Seat #1 is the button
Seat 1: DaveS888 ($4.84 in chips) 
Seat 2: ccmoz ($11.58 in chips) 
Seat 3: occhirac ($30.47 in chips) 
Seat 4: fernandooof4 ($5.17 in chips) 
Seat 5: Mahu2021 ($11.08 in chips) 
Seat 6: SyraXmaX ($10.10 in chips) 
ccmoz: posts small blind $0.05
occhirac: posts big blind $0.10
*** HOLE CARDS ***
Dealt to Mahu2021 [7h Kh]
fernandooof4: folds 
Mahu2021: folds 
SyraXmaX: folds 
DaveS888: raises $0.20 to $0.30
ccmoz: folds 
occhirac: calls $0.20
*** FLOP *** [6s Tc Td]
occhirac: checks 
DaveS888: bets $0.43
occhirac: folds 
Uncalled bet ($0.43) returned to DaveS888
DaveS888 collected $0.62 from pot
DaveS888: doesn't show hand 
*** SUMMARY ***
Total pot $0.65 | Rake $0.03 
Board [6s Tc Td]
Seat 1: DaveS888 (button) collected ($0.62)
Seat 2: ccmoz (small blind) folded before Flop
Seat 3: occhirac (big blind) folded on the Flop
Seat 4: fernandooof4 folded before Flop (didn't bet)
Seat 5: Mahu2021 folded before Flop (didn't bet)
Seat 6: SyraXmaX folded before Flop (didn't bet)



PokerStars Zoom Hand #253651729898:  Hold'em No Limit ($0.05/$0.10) - 2024/12/01 12:47:28 CET [2024/12/01 6:47:28 ET]
Table 'Aludra' 6-max Seat #1 is the button
Seat 1: apicius2 ($10.74 in chips) 
Seat 2: WPER98_ ($4.45 in chips) 
Seat 3: snaiperis33 ($9.22 in chips) 
Seat 4: Mahu2021 ($11.08 in chips) 
Seat 5: 23dm11 ($10 in chips) 
Seat 6: drtaka212 ($12.68 in chips) 
WPER98_: posts small blind $0.05
snaiperis33: posts big blind $0.10
*** HOLE CARDS ***
Dealt to Mahu2021 [9c 3c]
Mahu2021: folds 
23dm11: folds 
drtaka212: folds 
apicius2: folds 
WPER98_: raises $0.10 to $0.20
snaiperis33: folds 
Uncalled bet ($0.10) returned to WPER98_
WPER98_ collected $0.20 from pot
WPER98_: doesn't show hand 
*** SUMMARY ***
Total pot $0.20 | Rake $0 
Seat 1: apicius2 (button) folded before Flop (didn't bet)
Seat 2: WPER98_ (small blind) collected ($0.20)
Seat 3: snaiperis33 (big blind) folded before Flop
Seat 4: Mahu2021 folded before Flop (didn't bet)
Seat 5: 23dm11 folded before Flop (didn't bet)
Seat 6: drtaka212 folded before Flop (didn't bet)



PokerStars Zoom Hand #253651731136:  Hold'em No Limit ($0.05/$0.10) - 2024/12/01 12:47:37 CET [2024/12/01 6:47:37 ET]
Table 'Aludra' 6-max Seat #1 is the button
Seat 1: luvingkind ($15.12 in chips) 
Seat 2: SumaTelescopica ($14.50 in chips) 
Seat 3: pokking876 ($13.69 in chips) 
Seat 4: Mahu2021 ($11.08 in chips) 
Seat 5: Guanche Furioso ($13.37 in chips) 
Seat 6: ccmoz ($20.95 in chips) 
SumaTelescopica: posts small blind $0.05
pokking876: posts big blind $0.10
*** HOLE CARDS ***
Dealt to Mahu2021 [Jh 2c]
Mahu2021: folds 
Guanche Furioso: folds 
ccmoz: folds 
luvingkind: folds 
SumaTelescopica: folds 
Uncalled bet ($0.05) returned to pokking876
pokking876 collected $0.10 from pot
pokking876: doesn't show hand 
*** SUMMARY ***
Total pot $0.10 | Rake $0 
Seat 1: luvingkind (button) folded before Flop (didn't bet)
Seat 2: SumaTelescopica (small blind) folded before Flop
Seat 3: pokking876 (big blind) collected ($0.10)
Seat 4: Mahu2021 folded before Flop (didn't bet)
Seat 5: Guanche Furioso folded before Flop (didn't bet)
Seat 6: ccmoz folded before Flop (didn't bet)



PokerStars Zoom Hand #253651730449:  Hold'em No Limit ($0.05/$0.10) - 2024/12/01 12:47:32 CET [2024/12/01 6:47:32 ET]
Table 'Aludra' 6-max Seat #1 is the button
Seat 1: Mahu2021 ($11.08 in chips) 
Seat 2: SoiledFool ($12.36 in chips) 
Seat 3: tilen1243 ($10.10 in chips) 
Seat 4: ryokenyamauchi ($14.39 in chips) 
Seat 5: cris_civil ($13.83 in chips) 
Seat 6: luvingkind ($15.12 in chips) 
SoiledFool: posts small blind $0.05
tilen1243: posts big blind $0.10
*** HOLE CARDS ***
Dealt to Mahu2021 [Th 4s]
ryokenyamauchi: folds 
cris_civil: folds 
luvingkind: folds 
Mahu2021: folds 
SoiledFool: folds 
Uncalled bet ($0.05) returned to tilen1243
tilen1243 collected $0.10 from pot
tilen1243: doesn't show hand 
*** SUMMARY ***
Total pot $0.10 | Rake $0 
Seat 1: Mahu2021 (button) folded before Flop (didn't bet)
Seat 2: SoiledFool (small blind) folded before Flop
Seat 3: tilen1243 (big blind) collected ($0.10)
Seat 4: ryokenyamauchi folded before Flop (didn't bet)
Seat 5: cris_civil folded before Flop (didn't bet)
Seat 6: luvingkind folded before Flop (didn't bet)



PokerStars Zoom Hand #253651731647:  Hold'em No Limit ($0.05/$0.10) - 2024/12/01 12:47:41 CET [2024/12/01 6:47:41 ET]
Table 'Aludra' 6-max Seat #1 is the button
Seat 1: Schackpro ($26.85 in chips) 
Seat 2: 23dm11 ($14.14 in chips) 
Seat 3: Mahu2021 ($11.08 in chips) 
Seat 4: Nemoo88 ($9.22 in chips) 
Seat 5: SoiledFool ($24.35 in chips) 
Seat 6: ccmoz ($11.53 in chips) 
23dm11: posts small blind $0.05
Mahu2021: posts big blind $0.10
*** HOLE CARDS ***
Dealt to Mahu2021 [8h 4s]
Nemoo88: folds 
SoiledFool: folds 
ccmoz: folds 
Schackpro: folds 
23dm11: folds 
Uncalled bet ($0.05) returned to Mahu2021
Mahu2021 collected $0.10 from pot
Mahu2021: doesn't show hand 
*** SUMMARY ***
Total pot $0.10 | Rake $0 
Seat 1: Schackpro (button) folded before Flop (didn't bet)
Seat 2: 23dm11 (small blind) folded before Flop
Seat 3: Mahu2021 (big blind) collected ($0.10)
Seat 4: Nemoo88 folded before Flop (didn't bet)
Seat 5: SoiledFool folded before Flop (didn't bet)
Seat 6: ccmoz folded before Flop (didn't bet)



PokerStars Zoom Hand #253651733023:  Hold'em No Limit ($0.05/$0.10) - 2024/12/01 12:47:51 CET [2024/12/01 6:47:51 ET]
Table 'Aludra' 6-max Seat #1 is the button
Seat 1: SoiledFool ($12.36 in chips) 
Seat 2: Mahu2021 ($11.13 in chips) 
Seat 3: DIGOPONTES04 ($6.54 in chips) 
Seat 4: PokerLesson77 ($10 in chips) 
Seat 5: potusthedog ($26.46 in chips) 
Seat 6: pokking876 ($13.74 in chips) 
Mahu2021: posts small blind $0.05
DIGOPONTES04: posts big blind $0.10
*** HOLE CARDS ***
Dealt to Mahu2021 [8h 8s]
PokerLesson77 has timed out
PokerLesson77: folds 
potusthedog: folds 
pokking876: raises $0.10 to $0.20
SoiledFool: folds 
Mahu2021: calls $0.15
DIGOPONTES04: folds 
*** FLOP *** [Kc 6s Qd]
Mahu2021: checks 
pokking876: checks 
*** TURN *** [Kc 6s Qd] [5c]
Mahu2021: checks 
pokking876: bets $0.48
Mahu2021: folds 
Uncalled bet ($0.48) returned to pokking876
pokking876 collected $0.48 from pot
pokking876: doesn't show hand 
*** SUMMARY ***
Total pot $0.50 | Rake $0.02 
Board [Kc 6s Qd 5c]
Seat 1: SoiledFool (button) folded before Flop (didn't bet)
Seat 2: Mahu2021 (small blind) folded on the Turn
Seat 3: DIGOPONTES04 (big blind) folded before Flop
Seat 4: PokerLesson77 folded before Flop (didn't bet)
Seat 5: potusthedog folded before Flop (didn't bet)
Seat 6: pokking876 collected ($0.48)



PokerStars Zoom Hand #253651737247:  Hold'em No Limit ($0.05/$0.10) - 2024/12/01 12:48:23 CET [2024/12/01 6:48:23 ET]
Table 'Aludra' 6-max Seat #1 is the button
Seat 1: Mahu2021 ($10.93 in chips) 
Seat 2: 23dm11 ($10 in chips) 
Seat 3: alpharfn ($15.97 in chips) 
Seat 4: SoiledFool ($34.72 in chips) 
Seat 5: Guanche Furioso ($13.64 in chips) 
Seat 6: vojtek1968 ($11.47 in chips) 
23dm11: posts small blind $0.05
alpharfn: posts big blind $0.10
*** HOLE CARDS ***
Dealt to Mahu2021 [4s 6c]
SoiledFool: folds 
Guanche Furioso: folds 
vojtek1968: folds 
Mahu2021: folds 
23dm11: folds 
Uncalled bet ($0.05) returned to alpharfn
alpharfn collected $0.10 from pot
alpharfn: doesn't show hand 
*** SUMMARY ***
Total pot $0.10 | Rake $0 
Seat 1: Mahu2021 (button) folded before Flop (didn't bet)
Seat 2: 23dm11 (small blind) folded before Flop
Seat 3: alpharfn (big blind) collected ($0.10)
Seat 4: SoiledFool folded before Flop (didn't bet)
Seat 5: Guanche Furioso folded before Flop (didn't bet)
Seat 6: vojtek1968 folded before Flop (didn't bet)



PokerStars Zoom Hand #253651738411:  Hold'em No Limit ($0.05/$0.10) - 2024/12/01 12:48:32 CET [2024/12/01 6:48:32 ET]
Table 'Aludra' 6-max Seat #1 is the button
Seat 1: PokerLesson77 ($10 in chips) 
Seat 2: camilo13186 ($4.51 in chips) 
Seat 3: Mahu2021 ($10.93 in chips) 
Seat 4: SoiledFool ($37.94 in chips) 
Seat 5: ccmoz ($10.45 in chips) 
Seat 6: cris_civil ($16.36 in chips) 
camilo13186: posts small blind $0.05
Mahu2021: posts big blind $0.10
*** HOLE CARDS ***
Dealt to Mahu2021 [6s 7h]
SoiledFool: folds 
ccmoz: folds 
cris_civil: folds 
PokerLesson77: folds 
camilo13186: calls $0.05
Mahu2021: checks 
*** FLOP *** [5c 9d Kh]
camilo13186: bets $0.10
Mahu2021: calls $0.10
*** TURN *** [5c 9d Kh] [Kd]
camilo13186: bets $0.10
Mahu2021: folds 
Uncalled bet ($0.10) returned to camilo13186
camilo13186 collected $0.38 from pot
camilo13186: doesn't show hand 
*** SUMMARY ***
Total pot $0.40 | Rake $0.02 
Board [5c 9d Kh Kd]
Seat 1: PokerLesson77 (button) folded before Flop (didn't bet)
Seat 2: camilo13186 (small blind) collected ($0.38)
Seat 3: Mahu2021 (big blind) folded on the Turn
Seat 4: SoiledFool folded before Flop (didn't bet)
Seat 5: ccmoz folded before Flop (didn't bet)
Seat 6: cris_civil folded before Flop (didn't bet)



PokerStars Zoom Hand #253651737792:  Hold'em No Limit ($0.05/$0.10) - 2024/12/01 12:48:27 CET [2024/12/01 6:48:27 ET]
Table 'Aludra' 6-max Seat #1 is the button
Seat 1: pokking876 ($7.47 in chips) 
Seat 2: Guanche Furioso ($12.92 in chips) 
Seat 3: SuicideKingSK ($10.28 in chips) 
Seat 4: tigerfarm ($10.46 in chips) 
Seat 5: Vert Dider ($13.66 in chips) 
Seat 6: Mahu2021 ($10.93 in chips) 
Guanche Furioso: posts small blind $0.05
SuicideKingSK: posts big blind $0.10
*** HOLE CARDS ***
Dealt to Mahu2021 [4h 9c]
tigerfarm: raises $0.13 to $0.23
Vert Dider: folds 
Mahu2021: folds 
pokking876: folds 
Guanche Furioso: folds 
SuicideKingSK: raises $1.02 to $1.25
tigerfarm: folds 
Uncalled bet ($1.02) returned to SuicideKingSK
SuicideKingSK collected $0.51 from pot
SuicideKingSK: doesn't show hand 
*** SUMMARY ***
Total pot $0.51 | Rake $0 
Seat 1: pokking876 (button) folded before Flop (didn't bet)
Seat 2: Guanche Furioso (small blind) folded before Flop
Seat 3: SuicideKingSK (big blind) collected ($0.51)
Seat 4: tigerfarm folded before Flop
Seat 5: Vert Dider folded before Flop (didn't bet)
Seat 6: Mahu2021 folded before Flop (didn't bet)



PokerStars Zoom Hand #253651740680:  Hold'em No Limit ($0.05/$0.10) - 2024/12/01 12:48:49 CET [2024/12/01 6:48:49 ET]
Table 'Aludra' 6-max Seat #1 is the button
Seat 1: SoiledFool ($12.21 in chips) 
Seat 2: tigerfarm ($10.23 in chips) 
Seat 3: Guanche Furioso ($13.79 in chips) 
Seat 4: Mahu2021 ($10.73 in chips) 
Seat 5: SyraXmaX ($10.13 in chips) 
Seat 6: mika999777 ($5.14 in chips) 
tigerfarm: posts small blind $0.05
Guanche Furioso: posts big blind $0.10
*** HOLE CARDS ***
Dealt to Mahu2021 [Ac 2d]
Mahu2021: folds 
SyraXmaX: folds 
mika999777: folds 
SoiledFool: folds 
tigerfarm: folds 
Uncalled bet ($0.05) returned to Guanche Furioso
Guanche Furioso collected $0.10 from pot
Guanche Furioso: doesn't show hand 
*** SUMMARY ***
Total pot $0.10 | Rake $0 
Seat 1: SoiledFool (button) folded before Flop (didn't bet)
Seat 2: tigerfarm (small blind) folded before Flop
Seat 3: Guanche Furioso (big blind) collected ($0.10)
Seat 4: Mahu2021 folded before Flop (didn't bet)
Seat 5: SyraXmaX folded before Flop (didn't bet)
Seat 6: mika999777 folded before Flop (didn't bet)



PokerStars Zoom Hand #253651741329:  Hold'em No Limit ($0.05/$0.10) - 2024/12/01 12:48:54 CET [2024/12/01 6:48:54 ET]
Table 'Aludra' 6-max Seat #1 is the button
Seat 1: Mahu2021 ($10.73 in chips) 
Seat 2: mika999777 ($5.14 in chips) 
Seat 3: drtaka212 ($11.36 in chips) 
Seat 4: SyraXmaX ($10.13 in chips) 
Seat 5: dzonnson ($35.26 in chips) 
Seat 6: Guanche Furioso ($12.92 in chips) 
mika999777: posts small blind $0.05
drtaka212: posts big blind $0.10
*** HOLE CARDS ***
Dealt to Mahu2021 [5s 2d]
SyraXmaX: folds 
dzonnson: folds 
Guanche Furioso: folds 
Mahu2021: folds 
mika999777: folds 
Uncalled bet ($0.05) returned to drtaka212
drtaka212 collected $0.10 from pot
drtaka212: doesn't show hand 
*** SUMMARY ***
Total pot $0.10 | Rake $0 
Seat 1: Mahu2021 (button) folded before Flop (didn't bet)
Seat 2: mika999777 (small blind) folded before Flop
Seat 3: drtaka212 (big blind) collected ($0.10)
Seat 4: SyraXmaX folded before Flop (didn't bet)
Seat 5: dzonnson folded before Flop (didn't bet)
Seat 6: Guanche Furioso folded before Flop (didn't bet)



PokerStars Zoom Hand #253651743052:  Hold'em No Limit ($0.05/$0.10) - 2024/12/01 12:49:07 CET [2024/12/01 6:49:07 ET]
Table 'Aludra' 6-max Seat #1 is the button
Seat 1: ryokenyamauchi ($14.19 in chips) 
Seat 2: Mahu2021 ($10.73 in chips) 
Seat 3: SoiledFool ($12.16 in chips) 
Seat 4: drtaka212 ($11.41 in chips) 
Seat 5: 23dm11 ($10 in chips) 
Seat 6: tilen1243 ($9.80 in chips) 
Mahu2021: posts small blind $0.05
SoiledFool: posts big blind $0.10
*** HOLE CARDS ***
Dealt to Mahu2021 [Jc 3d]
drtaka212: folds 
23dm11: folds 
tilen1243: folds 
ryokenyamauchi: folds 
Mahu2021: folds 
Uncalled bet ($0.05) returned to SoiledFool
SoiledFool collected $0.10 from pot
SoiledFool: doesn't show hand 
*** SUMMARY ***
Total pot $0.10 | Rake $0 
Seat 1: ryokenyamauchi (button) folded before Flop (didn't bet)
Seat 2: Mahu2021 (small blind) folded before Flop
Seat 3: SoiledFool (big blind) collected ($0.10)
Seat 4: drtaka212 folded before Flop (didn't bet)
Seat 5: 23dm11 folded before Flop (didn't bet)
Seat 6: tilen1243 folded before Flop (didn't bet)



PokerStars Zoom Hand #253651742386:  Hold'em No Limit ($0.05/$0.10) - 2024/12/01 12:49:02 CET [2024/12/01 6:49:02 ET]
Table 'Aludra' 6-max Seat #1 is the button
Seat 1: janissimo490 ($10.80 in chips) 
Seat 2: 23Rainbow23 ($12.50 in chips) 
Seat 3: Vert Dider ($13.81 in chips) 
Seat 4: SoiledFool ($12.16 in chips) 
Seat 5: Mahu2021 ($10.73 in chips) 
Seat 6: tigerfarm ($10.18 in chips) 
23Rainbow23: posts small blind $0.05
Vert Dider: posts big blind $0.10
*** HOLE CARDS ***
Dealt to Mahu2021 [9s 7d]
SoiledFool: folds 
Mahu2021: folds 
tigerfarm: raises $0.13 to $0.23
janissimo490: folds 
23Rainbow23: folds 
Vert Dider: folds 
Uncalled bet ($0.13) returned to tigerfarm
tigerfarm collected $0.25 from pot
tigerfarm: doesn't show hand 
*** SUMMARY ***
Total pot $0.25 | Rake $0 
Seat 1: janissimo490 (button) folded before Flop (didn't bet)
Seat 2: 23Rainbow23 (small blind) folded before Flop
Seat 3: Vert Dider (big blind) folded before Flop
Seat 4: SoiledFool folded before Flop (didn't bet)
Seat 5: Mahu2021 folded before Flop (didn't bet)
Seat 6: tigerfarm collected ($0.25)



PokerStars Zoom Hand #253651745755:  Hold'em No Limit ($0.05/$0.10) - 2024/12/01 12:49:27 CET [2024/12/01 6:49:27 ET]
Table 'Aludra' 6-max Seat #1 is the button
Seat 1: niichetoo ($9.70 in chips) 
Seat 2: TKTPackman ($10 in chips) 
Seat 3: fatboy005 ($7.21 in chips) 
Seat 4: Mahu2021 ($10.68 in chips) 
Seat 5: MarkRegen ($9.95 in chips) 
Seat 6: tigerfarm ($11.90 in chips) 
TKTPackman: posts small blind $0.05
fatboy005: posts big blind $0.10
*** HOLE CARDS ***
Dealt to Mahu2021 [Kc Jh]
Mahu2021: folds 
MarkRegen: folds 
tigerfarm: folds 
niichetoo: folds 
TKTPackman: folds 
Uncalled bet ($0.05) returned to fatboy005
fatboy005 collected $0.10 from pot
fatboy005: doesn't show hand 
*** SUMMARY ***
Total pot $0.10 | Rake $0 
Seat 1: niichetoo (button) folded before Flop (didn't bet)
Seat 2: TKTPackman (small blind) folded before Flop
Seat 3: fatboy005 (big blind) collected ($0.10)
Seat 4: Mahu2021 folded before Flop (didn't bet)
Seat 5: MarkRegen folded before Flop (didn't bet)
Seat 6: tigerfarm folded before Flop (didn't bet)



PokerStars Zoom Hand #253651746233:  Hold'em No Limit ($0.05/$0.10) - 2024/12/01 12:49:31 CET [2024/12/01 6:49:31 ET]
Table 'Aludra' 6-max Seat #1 is the button
Seat 1: daily228 ($18.11 in chips) 
Seat 2: 23dm11 ($10 in chips) 
Seat 3: Mahu2021 ($10.68 in chips) 
Seat 4: ccmoz ($10.30 in chips) 
Seat 5: Nemoo88 ($5.70 in chips) 
Seat 6: Bestology ($13.99 in chips) 
23dm11: posts small blind $0.05
Mahu2021: posts big blind $0.10
*** HOLE CARDS ***
Dealt to Mahu2021 [9h 3c]
ccmoz: folds 
Nemoo88: folds 
Bestology: folds 
daily228: raises $0.15 to $0.25
23dm11: folds 
Mahu2021: folds 
Uncalled bet ($0.15) returned to daily228
daily228 collected $0.25 from pot
daily228: doesn't show hand 
*** SUMMARY ***
Total pot $0.25 | Rake $0 
Seat 1: daily228 (button) collected ($0.25)
Seat 2: 23dm11 (small blind) folded before Flop
Seat 3: Mahu2021 (big blind) folded before Flop
Seat 4: ccmoz folded before Flop (didn't bet)
Seat 5: Nemoo88 folded before Flop (didn't bet)
Seat 6: Bestology folded before Flop (didn't bet)



PokerStars Zoom Hand #253651744906:  Hold'em No Limit ($0.05/$0.10) - 2024/12/01 12:49:21 CET [2024/12/01 6:49:21 ET]
Table 'Aludra' 6-max Seat #1 is the button
Seat 1: PokerLesson77 ($9.90 in chips) 
Seat 2: tigerfarm ($11.95 in chips) 
Seat 3: Schackpro ($26.85 in chips) 
Seat 4: MarkRegen ($9.95 in chips) 
Seat 5: Mahu2021 ($10.68 in chips) 
Seat 6: drtaka212 ($11.36 in chips) 
tigerfarm: posts small blind $0.05
Schackpro: posts big blind $0.10
*** HOLE CARDS ***
Dealt to Mahu2021 [9h Tc]
MarkRegen: folds 
Mahu2021: folds 
drtaka212: raises $0.16 to $0.26
PokerLesson77: calls $0.26
tigerfarm: folds 
Schackpro: folds 
*** FLOP *** [5c 2c 3s]
drtaka212: bets $0.21
PokerLesson77: folds 
Uncalled bet ($0.21) returned to drtaka212
drtaka212 collected $0.64 from pot
drtaka212: doesn't show hand 
*** SUMMARY ***
Total pot $0.67 | Rake $0.03 
Board [5c 2c 3s]
Seat 1: PokerLesson77 (button) folded on the Flop
Seat 2: tigerfarm (small blind) folded before Flop
Seat 3: Schackpro (big blind) folded before Flop
Seat 4: MarkRegen folded before Flop (didn't bet)
Seat 5: Mahu2021 folded before Flop (didn't bet)
Seat 6: drtaka212 collected ($0.64)



PokerStars Zoom Hand #253651744342:  Hold'em No Limit ($0.05/$0.10) - 2024/12/01 12:49:17 CET [2024/12/01 6:49:17 ET]
Table 'Aludra' 6-max Seat #1 is the button
Seat 1: ccmoz ($10.30 in chips) 
Seat 2: pokking876 ($13.87 in chips) 
Seat 3: mika999777 ($5.09 in chips) 
Seat 4: Schackpro ($26.85 in chips) 
Seat 5: Bruno CP796 ($8.09 in chips) 
Seat 6: Mahu2021 ($10.68 in chips) 
pokking876: posts small blind $0.05
mika999777: posts big blind $0.10
*** HOLE CARDS ***
Dealt to Mahu2021 [7c Jh]
Schackpro: folds 
Bruno CP796: folds 
Mahu2021: folds 
ccmoz: folds 
pokking876: raises $0.10 to $0.20
mika999777: calls $0.10
*** FLOP *** [7h 6c 6d]
pokking876: checks 
mika999777: checks 
*** TURN *** [7h 6c 6d] [Ah]
pokking876: bets $0.10
mika999777: calls $0.10
*** RIVER *** [7h 6c 6d Ah] [6h]
pokking876: checks 
mika999777: bets $0.29
pokking876: folds 
Uncalled bet ($0.29) returned to mika999777
mika999777 collected $0.57 from pot
mika999777: doesn't show hand 
*** SUMMARY ***
Total pot $0.60 | Rake $0.03 
Board [7h 6c 6d Ah 6h]
Seat 1: ccmoz (button) folded before Flop (didn't bet)
Seat 2: pokking876 (small blind) folded on the River
Seat 3: mika999777 (big blind) collected ($0.57)
Seat 4: Schackpro folded before Flop (didn't bet)
Seat 5: Bruno CP796 folded before Flop (didn't bet)
Seat 6: Mahu2021 folded before Flop (didn't bet)



PokerStars Zoom Hand #253651743809:  Hold'em No Limit ($0.05/$0.10) - 2024/12/01 12:49:13 CET [2024/12/01 6:49:13 ET]
Table 'Aludra' 6-max Seat #1 is the button
Seat 1: mika999777 ($5.09 in chips) 
Seat 2: kaizenfood9 ($11.67 in chips) 
Seat 3: potusthedog ($26.16 in chips) 
Seat 4: Mahu2021 ($10.68 in chips) 
Seat 5: SyraXmaX ($10.03 in chips) 
Seat 6: fernandooof4 ($5.20 in chips) 
kaizenfood9: posts small blind $0.05
potusthedog: posts big blind $0.10
*** HOLE CARDS ***
Dealt to Mahu2021 [Ks Jc]
Mahu2021: folds 
SyraXmaX: raises $0.15 to $0.25
fernandooof4: folds 
mika999777: folds 
kaizenfood9: folds 
potusthedog: calls $0.15
*** FLOP *** [2c 2h Ts]
potusthedog: checks 
SyraXmaX: bets $0.16
potusthedog: calls $0.16
*** TURN *** [2c 2h Ts] [6d]
potusthedog: checks 
SyraXmaX: bets $0.54
potusthedog: calls $0.54
*** RIVER *** [2c 2h Ts 6d] [Td]
potusthedog: bets $25.21 and is all-in
SyraXmaX: folds 
Uncalled bet ($25.21) returned to potusthedog
potusthedog collected $1.86 from pot
potusthedog: doesn't show hand 
*** SUMMARY ***
Total pot $1.95 | Rake $0.09 
Board [2c 2h Ts 6d Td]
Seat 1: mika999777 (button) folded before Flop (didn't bet)
Seat 2: kaizenfood9 (small blind) folded before Flop
Seat 3: potusthedog (big blind) collected ($1.86)
Seat 4: Mahu2021 folded before Flop (didn't bet)
Seat 5: SyraXmaX folded on the River
Seat 6: fernandooof4 folded before Flop (didn't bet)



PokerStars Zoom Hand #253651747519:  Hold'em No Limit ($0.05/$0.10) - 2024/12/01 12:49:41 CET [2024/12/01 6:49:41 ET]
Table 'Aludra' 6-max Seat #1 is the button
Seat 1: SoiledFool ($24.73 in chips) 
Seat 2: Mahu2021 ($10.58 in chips) 
Seat 3: niichetoo ($9.70 in chips) 
Seat 4: tigerfarm ($11.90 in chips) 
Seat 5: 23Rainbow23 ($12.30 in chips) 
Seat 6: pokking876 ($7.37 in chips) 
Mahu2021: posts small blind $0.05
niichetoo: posts big blind $0.10
*** HOLE CARDS ***
Dealt to Mahu2021 [5d Ad]
tigerfarm: folds 
23Rainbow23: folds 
pokking876: raises $0.10 to $0.20
SoiledFool: folds 
Mahu2021: calls $0.15
niichetoo: folds 
*** FLOP *** [3h 6c Ts]
Mahu2021: checks 
pokking876: checks 
*** TURN *** [3h 6c Ts] [7h]
Mahu2021: checks 
pokking876: checks 
*** RIVER *** [3h 6c Ts 7h] [9h]
Mahu2021: checks 
pokking876: bets $7.17 and is all-in
Mahu2021: folds 
Uncalled bet ($7.17) returned to pokking876
pokking876 collected $0.48 from pot
pokking876: doesn't show hand 
*** SUMMARY ***
Total pot $0.50 | Rake $0.02 
Board [3h 6c Ts 7h 9h]
Seat 1: SoiledFool (button) folded before Flop (didn't bet)
Seat 2: Mahu2021 (small blind) folded on the River
Seat 3: niichetoo (big blind) folded before Flop
Seat 4: tigerfarm folded before Flop (didn't bet)
Seat 5: 23Rainbow23 folded before Flop (didn't bet)
Seat 6: pokking876 collected ($0.48)



PokerStars Zoom Hand #253651751946:  Hold'em No Limit ($0.05/$0.10) - 2024/12/01 12:50:14 CET [2024/12/01 6:50:14 ET]
Table 'Aludra' 6-max Seat #1 is the button
Seat 1: maceo78 ($12.68 in chips) 
Seat 2: SoiledFool ($38.01 in chips) 
Seat 3: PokerLesson77 ($9.95 in chips) 
Seat 4: Pesulle ($10.20 in chips) 
Seat 5: potusthedog ($27.02 in chips) 
Seat 6: Mahu2021 ($10.38 in chips) 
SoiledFool: posts small blind $0.05
PokerLesson77: posts big blind $0.10
*** HOLE CARDS ***
Dealt to Mahu2021 [7s Ad]
Pesulle: folds 
potusthedog: folds 
Mahu2021: raises $0.20 to $0.30
maceo78: folds 
SoiledFool: folds 
PokerLesson77: calls $0.20
*** FLOP *** [8h 3c 9d]
PokerLesson77: bets $0.31
Mahu2021: folds 
Uncalled bet ($0.31) returned to PokerLesson77
PokerLesson77 collected $0.62 from pot
PokerLesson77: doesn't show hand 
*** SUMMARY ***
Total pot $0.65 | Rake $0.03 
Board [8h 3c 9d]
Seat 1: maceo78 (button) folded before Flop (didn't bet)
Seat 2: SoiledFool (small blind) folded before Flop
Seat 3: PokerLesson77 (big blind) collected ($0.62)
Seat 4: Pesulle folded before Flop (didn't bet)
Seat 5: potusthedog folded before Flop (didn't bet)
Seat 6: Mahu2021 folded on the Flop



PokerStars Zoom Hand #253651756165:  Hold'em No Limit ($0.05/$0.10) - 2024/12/01 12:50:44 CET [2024/12/01 6:50:44 ET]
Table 'Aludra' 6-max Seat #1 is the button
Seat 1: SoiledFool ($37.86 in chips) 
Seat 2: SyraXmaX ($12.47 in chips) 
Seat 3: Mahu2021 ($10.08 in chips) 
Seat 4: dzonnson ($35.41 in chips) 
Seat 5: SumaTelescopica ($10.41 in chips) 
Seat 6: ga25x ($10 in chips) 
SyraXmaX: posts small blind $0.05
Mahu2021: posts big blind $0.10
*** HOLE CARDS ***
Dealt to Mahu2021 [Ts As]
dzonnson: folds 
SumaTelescopica: folds 
ga25x: folds 
SoiledFool: folds 
SyraXmaX: folds 
Uncalled bet ($0.05) returned to Mahu2021
Mahu2021 collected $0.10 from pot
Mahu2021: doesn't show hand 
*** SUMMARY ***
Total pot $0.10 | Rake $0 
Seat 1: SoiledFool (button) folded before Flop (didn't bet)
Seat 2: SyraXmaX (small blind) folded before Flop
Seat 3: Mahu2021 (big blind) collected ($0.10)
Seat 4: dzonnson folded before Flop (didn't bet)
Seat 5: SumaTelescopica folded before Flop (didn't bet)
Seat 6: ga25x folded before Flop (didn't bet)



PokerStars Zoom Hand #253651751368:  Hold'em No Limit ($0.05/$0.10) - 2024/12/01 12:50:09 CET [2024/12/01 6:50:09 ET]
Table 'Aludra' 6-max Seat #1 is the button
Seat 1: Mahu2021 ($10.38 in chips) 
Seat 2: Colajerry ($10 in chips) 
Seat 3: Schackpro ($26.70 in chips) 
Seat 4: drtaka212 ($10.30 in chips) 
Seat 5: pokking876 ($7.65 in chips) 
Seat 6: 23dm11 ($10 in chips) 
Colajerry: posts small blind $0.05
Schackpro: posts big blind $0.10
*** HOLE CARDS ***
Dealt to Mahu2021 [6d 7c]
drtaka212: raises $0.16 to $0.26
pokking876: folds 
23dm11: folds 
Mahu2021: folds 
Colajerry: folds 
Schackpro: raises $0.94 to $1.20
drtaka212: calls $0.94
*** FLOP *** [Ah 3d Ac]
Schackpro: bets $0.77
drtaka212: calls $0.77
*** TURN *** [Ah 3d Ac] [9c]
Schackpro: bets $1.26
drtaka212: calls $1.26
*** RIVER *** [Ah 3d Ac 9c] [5s]
Schackpro: checks 
drtaka212: bets $2.05
Schackpro: folds 
Uncalled bet ($2.05) returned to drtaka212
drtaka212 collected $6.22 from pot
drtaka212: doesn't show hand 
*** SUMMARY ***
Total pot $6.51 | Rake $0.29 
Board [Ah 3d Ac 9c 5s]
Seat 1: Mahu2021 (button) folded before Flop (didn't bet)
Seat 2: Colajerry (small blind) folded before Flop
Seat 3: Schackpro (big blind) folded on the River
Seat 4: drtaka212 collected ($6.22)
Seat 5: pokking876 folded before Flop (didn't bet)
Seat 6: 23dm11 folded before Flop (didn't bet)



PokerStars Zoom Hand #253651759366:  Hold'em No Limit ($0.05/$0.10) - 2024/12/01 12:51:08 CET [2024/12/01 6:51:08 ET]
Table 'Aludra' 6-max Seat #1 is the button
Seat 1: niichetoo ($9.25 in chips) 
Seat 2: 23dm11 ($14.98 in chips) 
Seat 3: Colajerry ($10.30 in chips) 
Seat 4: SumaTelescopica ($10.56 in chips) 
Seat 5: ccmoz ($11.63 in chips) 
Seat 6: Mahu2021 ($10.08 in chips) 
23dm11: posts small blind $0.05
Colajerry: posts big blind $0.10
*** HOLE CARDS ***
Dealt to Mahu2021 [Qs 8h]
SumaTelescopica: folds 
ccmoz: folds 
Mahu2021: folds 
niichetoo: folds 
23dm11: folds 
Uncalled bet ($0.05) returned to Colajerry
Colajerry collected $0.10 from pot
Colajerry: doesn't show hand 
*** SUMMARY ***
Total pot $0.10 | Rake $0 
Seat 1: niichetoo (button) folded before Flop (didn't bet)
Seat 2: 23dm11 (small blind) folded before Flop
Seat 3: Colajerry (big blind) collected ($0.10)
Seat 4: SumaTelescopica folded before Flop (didn't bet)
Seat 5: ccmoz folded before Flop (didn't bet)
Seat 6: Mahu2021 folded before Flop (didn't bet)



PokerStars Zoom Hand #253651758324:  Hold'em No Limit ($0.05/$0.10) - 2024/12/01 12:51:00 CET [2024/12/01 6:51:00 ET]
Table 'Aludra' 6-max Seat #1 is the button
Seat 1: cris_civil ($16.06 in chips) 
Seat 2: SoiledFool ($37.86 in chips) 
Seat 3: FugoSushi ($15.36 in chips) 
Seat 4: alpharfn ($16.60 in chips) 
Seat 5: Mahu2021 ($10.13 in chips) 
Seat 6: SyraXmaX ($12.42 in chips) 
SoiledFool: posts small blind $0.05
FugoSushi: posts big blind $0.10
*** HOLE CARDS ***
Dealt to Mahu2021 [8h 3h]
alpharfn: folds 
Mahu2021: folds 
SyraXmaX: folds 
cris_civil: folds 
SoiledFool: calls $0.05
FugoSushi: checks 
*** FLOP *** [Ac 3d Kc]
SoiledFool: bets $0.10
FugoSushi: folds 
Uncalled bet ($0.10) returned to SoiledFool
SoiledFool collected $0.19 from pot
SoiledFool: doesn't show hand 
*** SUMMARY ***
Total pot $0.20 | Rake $0.01 
Board [Ac 3d Kc]
Seat 1: cris_civil (button) folded before Flop (didn't bet)
Seat 2: SoiledFool (small blind) collected ($0.19)
Seat 3: FugoSushi (big blind) folded on the Flop
Seat 4: alpharfn folded before Flop (didn't bet)
Seat 5: Mahu2021 folded before Flop (didn't bet)
Seat 6: SyraXmaX folded before Flop (didn't bet)



PokerStars Zoom Hand #253651757655:  Hold'em No Limit ($0.05/$0.10) - 2024/12/01 12:50:55 CET [2024/12/01 6:50:55 ET]
Table 'Aludra' 6-max Seat #1 is the button
Seat 1: Mahu2021 ($10.13 in chips) 
Seat 2: Bestology ($15.12 in chips) 
Seat 3: Berserkzz ($24.18 in chips) 
Seat 4: drtaka212 ($11.89 in chips) 
Seat 5: ccmoz ($11.63 in chips) 
Seat 6: vojtek1968 ($29.53 in chips) 
Bestology: posts small blind $0.05
Berserkzz: posts big blind $0.10
*** HOLE CARDS ***
Dealt to Mahu2021 [9h 8c]
drtaka212: raises $0.16 to $0.26
ccmoz: folds 
vojtek1968: folds 
Mahu2021: folds 
Bestology: folds 
Berserkzz: calls $0.16
*** FLOP *** [4d 3h 5h]
Berserkzz: checks 
drtaka212: bets $0.40
Berserkzz: folds 
Uncalled bet ($0.40) returned to drtaka212
drtaka212 collected $0.54 from pot
drtaka212: doesn't show hand 
*** SUMMARY ***
Total pot $0.57 | Rake $0.03 
Board [4d 3h 5h]
Seat 1: Mahu2021 (button) folded before Flop (didn't bet)
Seat 2: Bestology (small blind) folded before Flop
Seat 3: Berserkzz (big blind) folded on the Flop
Seat 4: drtaka212 collected ($0.54)
Seat 5: ccmoz folded before Flop (didn't bet)
Seat 6: vojtek1968 folded before Flop (didn't bet)



PokerStars Zoom Hand #253651759908:  Hold'em No Limit ($0.05/$0.10) - 2024/12/01 12:51:12 CET [2024/12/01 6:51:12 ET]
Table 'Aludra' 6-max Seat #1 is the button
Seat 1: drtaka212 ($13.29 in chips) 
Seat 2: SumaTelescopica ($10.56 in chips) 
Seat 3: 23Rainbow23 ($9.70 in chips) 
Seat 4: Mahu2021 ($10.08 in chips) 
Seat 5: niichetoo ($9.25 in chips) 
Seat 6: 23dm11 ($14.93 in chips) 
SumaTelescopica: posts small blind $0.05
23Rainbow23: posts big blind $0.10
*** HOLE CARDS ***
Dealt to Mahu2021 [7h 5c]
Mahu2021: folds 
niichetoo: raises $0.20 to $0.30
23dm11: folds 
drtaka212: folds 
SumaTelescopica: folds 
23Rainbow23: folds 
Uncalled bet ($0.20) returned to niichetoo
niichetoo collected $0.25 from pot
niichetoo: doesn't show hand 
*** SUMMARY ***
Total pot $0.25 | Rake $0 
Seat 1: drtaka212 (button) folded before Flop (didn't bet)
Seat 2: SumaTelescopica (small blind) folded before Flop
Seat 3: 23Rainbow23 (big blind) folded before Flop
Seat 4: Mahu2021 folded before Flop (didn't bet)
Seat 5: niichetoo collected ($0.25)
Seat 6: 23dm11 folded before Flop (didn't bet)



PokerStars Zoom Hand #253651760483:  Hold'em No Limit ($0.05/$0.10) - 2024/12/01 12:51:16 CET [2024/12/01 6:51:16 ET]
Table 'Aludra' 6-max Seat #1 is the button
Seat 1: SoiledFool ($11.48 in chips) 
Seat 2: Colajerry ($10.35 in chips) 
Seat 3: 23dm11 ($10 in chips) 
Seat 4: ryokenyamauchi ($14.19 in chips) 
Seat 5: Mahu2021 ($10.08 in chips) 
Seat 6: mika999777 ($5.01 in chips) 
Colajerry: posts small blind $0.05
23dm11: posts big blind $0.10
*** HOLE CARDS ***
Dealt to Mahu2021 [Ts 2d]
ryokenyamauchi: folds 
Mahu2021: folds 
mika999777: folds 
SoiledFool: folds 
Colajerry: folds 
Uncalled bet ($0.05) returned to 23dm11
23dm11 collected $0.10 from pot
23dm11: doesn't show hand 
*** SUMMARY ***
Total pot $0.10 | Rake $0 
Seat 1: SoiledFool (button) folded before Flop (didn't bet)
Seat 2: Colajerry (small blind) folded before Flop
Seat 3: 23dm11 (big blind) collected ($0.10)
Seat 4: ryokenyamauchi folded before Flop (didn't bet)
Seat 5: Mahu2021 folded before Flop (didn't bet)
Seat 6: mika999777 folded before Flop (didn't bet)



PokerStars Zoom Hand #253651762076:  Hold'em No Limit ($0.05/$0.10) - 2024/12/01 12:51:29 CET [2024/12/01 6:51:29 ET]
Table 'Aludra' 6-max Seat #1 is the button
Seat 1: E2AS ($7.07 in chips) 
Seat 2: Mahu2021 ($9.98 in chips) 
Seat 3: PokerLesson77 ($17.29 in chips) 
Seat 4: tigerfarm ($10.44 in chips) 
Seat 5: TKTPackman ($7.33 in chips) 
Seat 6: Dymetadrine ($15.03 in chips) 
Mahu2021: posts small blind $0.05
PokerLesson77: posts big blind $0.10
*** HOLE CARDS ***
Dealt to Mahu2021 [Jc Qc]
tigerfarm: folds 
TKTPackman: folds 
Dymetadrine: folds 
E2AS: folds 
Mahu2021: raises $0.20 to $0.30
PokerLesson77: folds 
Uncalled bet ($0.20) returned to Mahu2021
Mahu2021 collected $0.20 from pot
Mahu2021: doesn't show hand 
*** SUMMARY ***
Total pot $0.20 | Rake $0 
Seat 1: E2AS (button) folded before Flop (didn't bet)
Seat 2: Mahu2021 (small blind) collected ($0.20)
Seat 3: PokerLesson77 (big blind) folded before Flop
Seat 4: tigerfarm folded before Flop (didn't bet)
Seat 5: TKTPackman folded before Flop (didn't bet)
Seat 6: Dymetadrine folded before Flop (didn't bet)



PokerStars Zoom Hand #253651763866:  Hold'em No Limit ($0.05/$0.10) - 2024/12/01 12:51:41 CET [2024/12/01 6:51:41 ET]
Table 'Aludra' 6-max Seat #1 is the button
Seat 1: vojtek1968 ($29.48 in chips) 
Seat 2: cris_civil ($10.10 in chips) 
Seat 3: tigerfarm ($10 in chips) 
Seat 4: Mahu2021 ($10.08 in chips) 
Seat 5: Dymetadrine ($14.98 in chips) 
Seat 6: zoly88 ($9.71 in chips) 
cris_civil: posts small blind $0.05
tigerfarm: posts big blind $0.10
*** HOLE CARDS ***
Dealt to Mahu2021 [Tc 3s]
Mahu2021: folds 
Dymetadrine: raises $0.15 to $0.25
zoly88: folds 
vojtek1968: folds 
cris_civil: folds 
tigerfarm: folds 
Uncalled bet ($0.15) returned to Dymetadrine
Dymetadrine collected $0.25 from pot
Dymetadrine: doesn't show hand 
*** SUMMARY ***
Total pot $0.25 | Rake $0 
Seat 1: vojtek1968 (button) folded before Flop (didn't bet)
Seat 2: cris_civil (small blind) folded before Flop
Seat 3: tigerfarm (big blind) folded before Flop
Seat 4: Mahu2021 folded before Flop (didn't bet)
Seat 5: Dymetadrine collected ($0.25)
Seat 6: zoly88 folded before Flop (didn't bet)



PokerStars Zoom Hand #253651764985:  Hold'em No Limit ($0.05/$0.10) - 2024/12/01 12:51:50 CET [2024/12/01 6:51:50 ET]
Table 'Aludra' 6-max Seat #1 is the button
Seat 1: fernandooof4 ($4.20 in chips) 
Seat 2: bettyblue212 ($11.05 in chips) 
Seat 3: vogiatzis97 ($11.30 in chips) 
Seat 4: Mahu2021 ($10.08 in chips) 
Seat 5: SyraXmaX ($10 in chips) 
Seat 6: vojtek1968 ($29.48 in chips) 
bettyblue212: posts small blind $0.05
vogiatzis97: posts big blind $0.10
*** HOLE CARDS ***
Dealt to Mahu2021 [Ah Th]
Mahu2021: raises $0.20 to $0.30
SyraXmaX: folds 
vojtek1968: folds 
fernandooof4: folds 
bettyblue212: folds 
vogiatzis97: folds 
Uncalled bet ($0.20) returned to Mahu2021
Mahu2021 collected $0.25 from pot
Mahu2021: doesn't show hand 
*** SUMMARY ***
Total pot $0.25 | Rake $0 
Seat 1: fernandooof4 (button) folded before Flop (didn't bet)
Seat 2: bettyblue212 (small blind) folded before Flop
Seat 3: vogiatzis97 (big blind) folded before Flop
Seat 4: Mahu2021 collected ($0.25)
Seat 5: SyraXmaX folded before Flop (didn't bet)
Seat 6: vojtek1968 folded before Flop (didn't bet)



PokerStars Zoom Hand #253651761275:  Hold'em No Limit ($0.05/$0.10) - 2024/12/01 12:51:22 CET [2024/12/01 6:51:22 ET]
Table 'Aludra' 6-max Seat #1 is the button
Seat 1: Berserkzz ($23.92 in chips) 
Seat 2: cris_civil ($10.15 in chips) 
Seat 3: Mahu2021 ($10.08 in chips) 
Seat 4: Bruno CP796 ($6.66 in chips) 
Seat 5: Vert Dider ($14.10 in chips) 
Seat 6: ccmoz ($10 in chips) 
cris_civil: posts small blind $0.05
Mahu2021: posts big blind $0.10
*** HOLE CARDS ***
Dealt to Mahu2021 [Js 2c]
Bruno CP796: raises $0.20 to $0.30
Vert Dider: raises $0.40 to $0.70
ccmoz: folds 
Berserkzz: folds 
cris_civil: folds 
Mahu2021: folds 
Bruno CP796: calls $0.40
*** FLOP *** [4c 5h Kh]
Bruno CP796: checks 
Vert Dider: bets $0.49
Bruno CP796: calls $0.49
*** TURN *** [4c 5h Kh] [As]
Bruno CP796: checks 
Vert Dider: checks 
*** RIVER *** [4c 5h Kh As] [9d]
Bruno CP796: checks 
Vert Dider: checks 
*** SHOW DOWN ***
Bruno CP796: shows [5c Tc] (a pair of Fives)
Vert Dider: shows [Kc 8c] (a pair of Kings)
Vert Dider collected $2.42 from pot
*** SUMMARY ***
Total pot $2.53 | Rake $0.11 
Board [4c 5h Kh As 9d]
Seat 1: Berserkzz (button) folded before Flop (didn't bet)
Seat 2: cris_civil (small blind) folded before Flop
Seat 3: Mahu2021 (big blind) folded before Flop
Seat 4: Bruno CP796 showed [5c Tc] and lost with a pair of Fives
Seat 5: Vert Dider showed [Kc 8c] and won ($2.42) with a pair of Kings
Seat 6: ccmoz folded before Flop (didn't bet)



PokerStars Zoom Hand #253651758812:  Hold'em No Limit ($0.05/$0.10) - 2024/12/01 12:51:04 CET [2024/12/01 6:51:04 ET]
Table 'Aludra' 6-max Seat #1 is the button
Seat 1: pokking876 ($12.44 in chips) 
Seat 2: Mahu2021 ($10.13 in chips) 
Seat 3: cris_civil ($24.42 in chips) 
Seat 4: PokerLesson77 ($10.05 in chips) 
Seat 5: SyraXmaX ($12.42 in chips) 
Seat 6: alpharfn ($16.60 in chips) 
Mahu2021: posts small blind $0.05
cris_civil: posts big blind $0.10
*** HOLE CARDS ***
Dealt to Mahu2021 [Jd 8s]
PokerLesson77: folds 
SyraXmaX: raises $0.15 to $0.25
alpharfn: calls $0.25
pokking876: calls $0.25
Mahu2021: folds 
cris_civil: folds 
*** FLOP *** [3s 6h 4h]
SyraXmaX: checks 
alpharfn: bets $0.43
pokking876: calls $0.43
SyraXmaX: folds 
*** TURN *** [3s 6h 4h] [2s]
alpharfn: checks 
pokking876: bets $0.84
alpharfn: folds 
Uncalled bet ($0.84) returned to pokking876
pokking876 collected $1.68 from pot
pokking876: doesn't show hand 
*** SUMMARY ***
Total pot $1.76 | Rake $0.08 
Board [3s 6h 4h 2s]
Seat 1: pokking876 (button) collected ($1.68)
Seat 2: Mahu2021 (small blind) folded before Flop
Seat 3: cris_civil (big blind) folded before Flop
Seat 4: PokerLesson77 folded before Flop (didn't bet)
Seat 5: SyraXmaX folded on the Flop
Seat 6: alpharfn folded on the Turn



PokerStars Zoom Hand #253651766905:  Hold'em No Limit ($0.05/$0.10) - 2024/12/01 12:52:05 CET [2024/12/01 6:52:05 ET]
Table 'Aludra' 6-max Seat #1 is the button
Seat 1: pokking876 ($11.82 in chips) 
Seat 2: SyraXmaX ($10 in chips) 
Seat 3: Mahu2021 ($10.23 in chips) 
Seat 4: Colajerry ($10.30 in chips) 
Seat 5: luvingkind ($17.39 in chips) 
Seat 6: leuchte1812 ($3.84 in chips) 
SyraXmaX: posts small blind $0.05
Mahu2021: posts big blind $0.10
*** HOLE CARDS ***
Dealt to Mahu2021 [Kh Js]
Colajerry: folds 
luvingkind: folds 
leuchte1812: folds 
pokking876: folds 
SyraXmaX: raises $0.20 to $0.30
Mahu2021: calls $0.20
*** FLOP *** [8c Qd 4d]
SyraXmaX: bets $0.29
Mahu2021: folds 
Uncalled bet ($0.29) returned to SyraXmaX
SyraXmaX collected $0.57 from pot
SyraXmaX: doesn't show hand 
*** SUMMARY ***
Total pot $0.60 | Rake $0.03 
Board [8c Qd 4d]
Seat 1: pokking876 (button) folded before Flop (didn't bet)
Seat 2: SyraXmaX (small blind) collected ($0.57)
Seat 3: Mahu2021 (big blind) folded on the Flop
Seat 4: Colajerry folded before Flop (didn't bet)
Seat 5: luvingkind folded before Flop (didn't bet)
Seat 6: leuchte1812 folded before Flop (didn't bet)



PokerStars Zoom Hand #253651766253:  Hold'em No Limit ($0.05/$0.10) - 2024/12/01 12:52:00 CET [2024/12/01 6:52:00 ET]
Table 'Aludra' 6-max Seat #1 is the button
Seat 1: SyraXmaX ($10 in chips) 
Seat 2: Bestology ($15.22 in chips) 
Seat 3: cris_civil ($10.05 in chips) 
Seat 4: fernandooof4 ($4.20 in chips) 
Seat 5: how2liv ($10.04 in chips) 
Seat 6: Mahu2021 ($10.23 in chips) 
Bestology: posts small blind $0.05
cris_civil: posts big blind $0.10
*** HOLE CARDS ***
Dealt to Mahu2021 [8c Qh]
fernandooof4: raises $0.10 to $0.20
how2liv: folds 
Mahu2021: folds 
SyraXmaX: folds 
Bestology: folds 
cris_civil: calls $0.10
*** FLOP *** [2d 8s 4d]
cris_civil: checks 
fernandooof4: checks 
*** TURN *** [2d 8s 4d] [7d]
cris_civil: checks 
fernandooof4: checks 
*** RIVER *** [2d 8s 4d 7d] [4c]
cris_civil: checks 
fernandooof4: checks 
*** SHOW DOWN ***
cris_civil: shows [As Jh] (a pair of Fours)
fernandooof4: shows [Ks Ac] (a pair of Fours - Ace+King kicker)
fernandooof4 collected $0.43 from pot
*** SUMMARY ***
Total pot $0.45 | Rake $0.02 
Board [2d 8s 4d 7d 4c]
Seat 1: SyraXmaX (button) folded before Flop (didn't bet)
Seat 2: Bestology (small blind) folded before Flop
Seat 3: cris_civil (big blind) showed [As Jh] and lost with a pair of Fours
Seat 4: fernandooof4 showed [Ks Ac] and won ($0.43) with a pair of Fours
Seat 5: how2liv folded before Flop (didn't bet)
Seat 6: Mahu2021 folded before Flop (didn't bet)



PokerStars Zoom Hand #253651764359:  Hold'em No Limit ($0.05/$0.10) - 2024/12/01 12:51:45 CET [2024/12/01 6:51:45 ET]
Table 'Aludra' 6-max Seat #1 is the button
Seat 1: Mahu2021 ($10.08 in chips) 
Seat 2: MarkRegen ($10.21 in chips) 
Seat 3: Colajerry ($10 in chips) 
Seat 4: mika999777 ($5.06 in chips) 
Seat 5: zoly88 ($9.71 in chips) 
Seat 6: ccmoz ($21.10 in chips) 
MarkRegen: posts small blind $0.05
Colajerry: posts big blind $0.10
*** HOLE CARDS ***
Dealt to Mahu2021 [Qs 4h]
mika999777: raises $0.20 to $0.30
zoly88: calls $0.30
ccmoz: folds 
Mahu2021: folds 
MarkRegen: calls $0.25
Colajerry: calls $0.20
*** FLOP *** [Ad Kc 4c]
MarkRegen: checks 
Colajerry: checks 
mika999777: bets $0.48
zoly88: calls $0.48
MarkRegen: folds 
Colajerry: calls $0.48
*** TURN *** [Ad Kc 4c] [3h]
Colajerry: checks 
mika999777: bets $1.36
zoly88: folds 
Colajerry: raises $7.86 to $9.22 and is all-in
mika999777: calls $2.92 and is all-in
Uncalled bet ($4.94) returned to Colajerry
*** RIVER *** [Ad Kc 4c 3h] [5h]
*** SHOW DOWN ***
Colajerry: shows [Ac Td] (a pair of Aces)
mika999777: shows [Kh Ks] (three of a kind, Kings)
mika999777 collected $10.70 from pot
*** SUMMARY ***
Total pot $11.20 | Rake $0.50 
Board [Ad Kc 4c 3h 5h]
Seat 1: Mahu2021 (button) folded before Flop (didn't bet)
Seat 2: MarkRegen (small blind) folded on the Flop
Seat 3: Colajerry (big blind) showed [Ac Td] and lost with a pair of Aces
Seat 4: mika999777 showed [Kh Ks] and won ($10.70) with three of a kind, Kings
Seat 5: zoly88 folded on the Turn
Seat 6: ccmoz folded before Flop (didn't bet)



PokerStars Zoom Hand #253651771771:  Hold'em No Limit ($0.05/$0.10) - 2024/12/01 12:52:41 CET [2024/12/01 6:52:41 ET]
Table 'Aludra' 6-max Seat #1 is the button
Seat 1: Mahu2021 ($9.88 in chips) 
Seat 2: ga25x ($10 in chips) 
Seat 3: ccmoz ($10 in chips) 
Seat 4: Schackpro ($23.17 in chips) 
Seat 5: gt3826 ($11.89 in chips) 
Seat 6: vogiatzis97 ($11.15 in chips) 
ga25x: posts small blind $0.05
ccmoz: posts big blind $0.10
*** HOLE CARDS ***
Dealt to Mahu2021 [3h 5s]
Schackpro: folds 
gt3826: folds 
vogiatzis97: folds 
Mahu2021: folds 
ga25x: raises $0.20 to $0.30
ccmoz: folds 
Uncalled bet ($0.20) returned to ga25x
ga25x collected $0.20 from pot
ga25x: doesn't show hand 
*** SUMMARY ***
Total pot $0.20 | Rake $0 
Seat 1: Mahu2021 (button) folded before Flop (didn't bet)
Seat 2: ga25x (small blind) collected ($0.20)
Seat 3: ccmoz (big blind) folded before Flop
Seat 4: Schackpro folded before Flop (didn't bet)
Seat 5: gt3826 folded before Flop (didn't bet)
Seat 6: vogiatzis97 folded before Flop (didn't bet)



PokerStars Zoom Hand #253651770107:  Hold'em No Limit ($0.05/$0.10) - 2024/12/01 12:52:28 CET [2024/12/01 6:52:28 ET]
Table 'Aludra' 6-max Seat #1 is the button
Seat 1: Guanche Furioso ($16.78 in chips) 
Seat 2: Schackpro ($30.05 in chips) 
Seat 3: vogiatzis97 ($10.53 in chips) 
Seat 4: MarkRegen ($9.91 in chips) 
Seat 5: Mahu2021 ($9.93 in chips) 
Seat 6: Berserkzz ($23.40 in chips) 
Schackpro: posts small blind $0.05
vogiatzis97: posts big blind $0.10
*** HOLE CARDS ***
Dealt to Mahu2021 [4d 9c]
MarkRegen: folds 
Mahu2021: folds 
Berserkzz: raises $0.10 to $0.20
Guanche Furioso: folds 
Schackpro: folds 
vogiatzis97: calls $0.10
*** FLOP *** [2d 9d 2h]
vogiatzis97: checks 
Berserkzz: checks 
*** TURN *** [2d 9d 2h] [Kc]
vogiatzis97: checks 
Berserkzz: checks 
*** RIVER *** [2d 9d 2h Kc] [Kd]
vogiatzis97: checks 
Berserkzz: checks 
*** SHOW DOWN ***
vogiatzis97: shows [As 2s] (a full house, Deuces full of Kings)
Berserkzz: mucks hand 
vogiatzis97 collected $0.43 from pot
*** SUMMARY ***
Total pot $0.45 | Rake $0.02 
Board [2d 9d 2h Kc Kd]
Seat 1: Guanche Furioso (button) folded before Flop (didn't bet)
Seat 2: Schackpro (small blind) folded before Flop
Seat 3: vogiatzis97 (big blind) showed [As 2s] and won ($0.43) with a full house, Deuces full of Kings
Seat 4: MarkRegen folded before Flop (didn't bet)
Seat 5: Mahu2021 folded before Flop (didn't bet)
Seat 6: Berserkzz mucked [5h Ac]



PokerStars Zoom Hand #253651770721:  Hold'em No Limit ($0.05/$0.10) - 2024/12/01 12:52:33 CET [2024/12/01 6:52:33 ET]
Table 'Aludra' 6-max Seat #1 is the button
Seat 1: Bruno CP796 ($5.17 in chips) 
Seat 2: how2liv ($9.94 in chips) 
Seat 3: SyraXmaX ($12.22 in chips) 
Seat 4: Mahu2021 ($9.93 in chips) 
Seat 5: ccmoz ($10 in chips) 
Seat 6: drtaka212 ($10 in chips) 
how2liv: posts small blind $0.05
SyraXmaX: posts big blind $0.10
*** HOLE CARDS ***
Dealt to Mahu2021 [6c Ah]
Mahu2021: folds 
ccmoz: folds 
drtaka212: raises $0.16 to $0.26
Bruno CP796: folds 
how2liv: folds 
SyraXmaX: raises $0.74 to $1
drtaka212: calls $0.74
*** FLOP *** [2c Kd Kc]
SyraXmaX: bets $0.69
drtaka212: calls $0.69
*** TURN *** [2c Kd Kc] [2d]
SyraXmaX: checks 
drtaka212: checks 
*** RIVER *** [2c Kd Kc 2d] [Th]
SyraXmaX: bets $1.64
drtaka212: calls $1.64
*** SHOW DOWN ***
SyraXmaX: shows [Tc Ts] (a full house, Tens full of Kings)
drtaka212: mucks hand 
SyraXmaX collected $6.41 from pot
*** SUMMARY ***
Total pot $6.71 | Rake $0.30 
Board [2c Kd Kc 2d Th]
Seat 1: Bruno CP796 (button) folded before Flop (didn't bet)
Seat 2: how2liv (small blind) folded before Flop
Seat 3: SyraXmaX (big blind) showed [Tc Ts] and won ($6.41) with a full house, Tens full of Kings
Seat 4: Mahu2021 folded before Flop (didn't bet)
Seat 5: ccmoz folded before Flop (didn't bet)
Seat 6: drtaka212 mucked [4h 4s]



PokerStars Zoom Hand #253651772495:  Hold'em No Limit ($0.05/$0.10) - 2024/12/01 12:52:46 CET [2024/12/01 6:52:46 ET]
Table 'Aludra' 6-max Seat #1 is the button
Seat 1: ryokenyamauchi ($13.29 in chips) 
Seat 2: SumaTelescopica ($10.46 in chips) 
Seat 3: SoiledFool ($24.01 in chips) 
Seat 4: pokking876 ($13.24 in chips) 
Seat 5: vogiatzis97 ($11.15 in chips) 
Seat 6: Mahu2021 ($9.88 in chips) 
SumaTelescopica: posts small blind $0.05
SoiledFool: posts big blind $0.10
*** HOLE CARDS ***
Dealt to Mahu2021 [5d 6d]
pokking876: folds 
vogiatzis97: raises $0.10 to $0.20
Mahu2021: calls $0.20
ryokenyamauchi: folds 
SumaTelescopica: folds 
SoiledFool: calls $0.10
*** FLOP *** [3c Qd Jc]
SoiledFool: checks 
vogiatzis97: checks 
Mahu2021: checks 
*** TURN *** [3c Qd Jc] [Ac]
SoiledFool: checks 
vogiatzis97: checks 
Mahu2021: checks 
*** RIVER *** [3c Qd Jc Ac] [8h]
SoiledFool: checks 
vogiatzis97: checks 
Mahu2021: checks 
*** SHOW DOWN ***
SoiledFool: shows [9h 9s] (a pair of Nines)
vogiatzis97: mucks hand 
Mahu2021: mucks hand 
SoiledFool collected $0.62 from pot
*** SUMMARY ***
Total pot $0.65 | Rake $0.03 
Board [3c Qd Jc Ac 8h]
Seat 1: ryokenyamauchi (button) folded before Flop (didn't bet)
Seat 2: SumaTelescopica (small blind) folded before Flop
Seat 3: SoiledFool (big blind) showed [9h 9s] and won ($0.62) with a pair of Nines
Seat 4: pokking876 folded before Flop (didn't bet)
Seat 5: vogiatzis97 mucked [Kh 5h]
Seat 6: Mahu2021 mucked [5d 6d]



PokerStars Zoom Hand #253651771230:  Hold'em No Limit ($0.05/$0.10) - 2024/12/01 12:52:37 CET [2024/12/01 6:52:37 ET]
Table 'Aludra' 6-max Seat #1 is the button
Seat 1: Maulwurf304 ($6.06 in chips) 
Seat 2: Mahu2021 ($9.93 in chips) 
Seat 3: cris_civil ($24.17 in chips) 
Seat 4: shortstackpro ($4.82 in chips) 
Seat 5: 23dm11 ($10.76 in chips) 
Seat 6: Bruno CP796 ($5.17 in chips) 
Mahu2021: posts small blind $0.05
cris_civil: posts big blind $0.10
*** HOLE CARDS ***
Dealt to Mahu2021 [4d 5s]
shortstackpro: calls $0.10
23dm11: folds 
Bruno CP796: calls $0.10
Maulwurf304: folds 
Mahu2021: folds 
cris_civil: checks 
*** FLOP *** [9c 6c 6s]
cris_civil: bets $0.27
shortstackpro: calls $0.27
Bruno CP796: calls $0.27
*** TURN *** [9c 6c 6s] [As]
cris_civil: bets $1.11
shortstackpro: calls $1.11
Bruno CP796: folds 
*** RIVER *** [9c 6c 6s As] [8d]
cris_civil: bets $4.85
shortstackpro has timed out
shortstackpro: folds 
Uncalled bet ($4.85) returned to cris_civil
cris_civil collected $3.23 from pot
cris_civil: doesn't show hand 
*** SUMMARY ***
Total pot $3.38 | Rake $0.15 
Board [9c 6c 6s As 8d]
Seat 1: Maulwurf304 (button) folded before Flop (didn't bet)
Seat 2: Mahu2021 (small blind) folded before Flop
Seat 3: cris_civil (big blind) collected ($3.23)
Seat 4: shortstackpro folded on the River
Seat 5: 23dm11 folded before Flop (didn't bet)
Seat 6: Bruno CP796 folded on the Turn



PokerStars Zoom Hand #253651779809:  Hold'em No Limit ($0.05/$0.10) - 2024/12/01 12:53:41 CET [2024/12/01 6:53:41 ET]
Table 'Aludra' 6-max Seat #1 is the button
Seat 1: SyraXmaX ($14.98 in chips) 
Seat 2: 23dm11 ($24.46 in chips) 
Seat 3: Mahu2021 ($9.68 in chips) 
Seat 4: ccmoz ($10.10 in chips) 
Seat 5: PedroDSantos8 ($14.96 in chips) 
Seat 6: zoly88 ($8.58 in chips) 
23dm11: posts small blind $0.05
Mahu2021: posts big blind $0.10
*** HOLE CARDS ***
Dealt to Mahu2021 [Ah 7h]
ccmoz: folds 
PedroDSantos8: folds 
zoly88: folds 
SyraXmaX: folds 
23dm11: raises $0.20 to $0.30
Mahu2021: calls $0.20
*** FLOP *** [Qh 5c 2h]
23dm11: checks 
Mahu2021: bets $0.30
23dm11: folds 
Uncalled bet ($0.30) returned to Mahu2021
Mahu2021 collected $0.57 from pot
Mahu2021: doesn't show hand 
*** SUMMARY ***
Total pot $0.60 | Rake $0.03 
Board [Qh 5c 2h]
Seat 1: SyraXmaX (button) folded before Flop (didn't bet)
Seat 2: 23dm11 (small blind) folded on the Flop
Seat 3: Mahu2021 (big blind) collected ($0.57)
Seat 4: ccmoz folded before Flop (didn't bet)
Seat 5: PedroDSantos8 folded before Flop (didn't bet)
Seat 6: zoly88 folded before Flop (didn't bet)



PokerStars Zoom Hand #253651784768:  Hold'em No Limit ($0.05/$0.10) - 2024/12/01 12:54:18 CET [2024/12/01 6:54:18 ET]
Table 'Aludra' 6-max Seat #1 is the button
Seat 1: SumaTelescopica ($9.36 in chips) 
Seat 2: ryokenyamauchi ($12.89 in chips) 
Seat 3: RenoRosco ($10 in chips) 
Seat 4: Mahu2021 ($9.95 in chips) 
Seat 5: ArchNevaBluffs ($10.15 in chips) 
Seat 6: PedroDSantos8 ($14.91 in chips) 
ryokenyamauchi: posts small blind $0.05
RenoRosco: posts big blind $0.10
*** HOLE CARDS ***
Dealt to Mahu2021 [2c 4d]
Mahu2021: folds 
ArchNevaBluffs: folds 
PedroDSantos8: folds 
SumaTelescopica: folds 
ryokenyamauchi: raises $0.20 to $0.30
RenoRosco: folds 
Uncalled bet ($0.20) returned to ryokenyamauchi
ryokenyamauchi collected $0.20 from pot
ryokenyamauchi: doesn't show hand 
*** SUMMARY ***
Total pot $0.20 | Rake $0 
Seat 1: SumaTelescopica (button) folded before Flop (didn't bet)
Seat 2: ryokenyamauchi (small blind) collected ($0.20)
Seat 3: RenoRosco (big blind) folded before Flop
Seat 4: Mahu2021 folded before Flop (didn't bet)
Seat 5: ArchNevaBluffs folded before Flop (didn't bet)
Seat 6: PedroDSantos8 folded before Flop (didn't bet)



PokerStars Zoom Hand #253651786631:  Hold'em No Limit ($0.05/$0.10) - 2024/12/01 12:54:32 CET [2024/12/01 6:54:32 ET]
Table 'Aludra' 6-max Seat #1 is the button
Seat 1: Mahu2021 ($9.90 in chips) 
Seat 2: THE MAUNTEN ($13.25 in chips) 
Seat 3: tigerfarm ($10 in chips) 
Seat 4: Yash1ch ($3.70 in chips) 
Seat 5: luvingkind ($17.94 in chips) 
Seat 6: drtaka212 ($10.90 in chips) 
THE MAUNTEN: posts small blind $0.05
tigerfarm: posts big blind $0.10
*** HOLE CARDS ***
Dealt to Mahu2021 [Kh 4s]
Yash1ch: folds 
luvingkind: raises $0.15 to $0.25
drtaka212: folds 
Mahu2021: folds 
THE MAUNTEN: folds 
tigerfarm: folds 
Uncalled bet ($0.15) returned to luvingkind
luvingkind collected $0.25 from pot
luvingkind: doesn't show hand 
*** SUMMARY ***
Total pot $0.25 | Rake $0 
Seat 1: Mahu2021 (button) folded before Flop (didn't bet)
Seat 2: THE MAUNTEN (small blind) folded before Flop
Seat 3: tigerfarm (big blind) folded before Flop
Seat 4: Yash1ch folded before Flop (didn't bet)
Seat 5: luvingkind collected ($0.25)
Seat 6: drtaka212 folded before Flop (didn't bet)



PokerStars Zoom Hand #253651785316:  Hold'em No Limit ($0.05/$0.10) - 2024/12/01 12:54:22 CET [2024/12/01 6:54:22 ET]
Table 'Aludra' 6-max Seat #1 is the button
Seat 1: niichetoo ($10.05 in chips) 
Seat 2: Mahu2021 ($9.95 in chips) 
Seat 3: doldaegali ($32.51 in chips) 
Seat 4: Colajerry ($10 in chips) 
Seat 5: drtaka212 ($10.90 in chips) 
Seat 6: Guanche Furioso ($16.01 in chips) 
Mahu2021: posts small blind $0.05
doldaegali: posts big blind $0.10
*** HOLE CARDS ***
Dealt to Mahu2021 [6d As]
Colajerry: folds 
drtaka212: folds 
Guanche Furioso: folds 
niichetoo: raises $0.20 to $0.30
Mahu2021: folds 
doldaegali: folds 
Uncalled bet ($0.20) returned to niichetoo
niichetoo collected $0.25 from pot
niichetoo: doesn't show hand 
*** SUMMARY ***
Total pot $0.25 | Rake $0 
Seat 1: niichetoo (button) collected ($0.25)
Seat 2: Mahu2021 (small blind) folded before Flop
Seat 3: doldaegali (big blind) folded before Flop
Seat 4: Colajerry folded before Flop (didn't bet)
Seat 5: drtaka212 folded before Flop (didn't bet)
Seat 6: Guanche Furioso folded before Flop (didn't bet)



PokerStars Zoom Hand #253651787705:  Hold'em No Limit ($0.05/$0.10) - 2024/12/01 12:54:40 CET [2024/12/01 6:54:40 ET]
Table 'Aludra' 6-max Seat #1 is the button
Seat 1: RenoRosco ($10 in chips) 
Seat 2: luvingkind ($10 in chips) 
Seat 3: fernandooof4 ($3.63 in chips) 
Seat 4: Mahu2021 ($9.90 in chips) 
Seat 5: Schackpro ($22.67 in chips) 
Seat 6: Yash1ch ($3.70 in chips) 
luvingkind: posts small blind $0.05
fernandooof4: posts big blind $0.10
*** HOLE CARDS ***
Dealt to Mahu2021 [Jd 2c]
Mahu2021: folds 
Schackpro: folds 
Yash1ch: raises $0.10 to $0.20
RenoRosco: folds 
luvingkind: folds 
fernandooof4: folds 
Uncalled bet ($0.10) returned to Yash1ch
Yash1ch collected $0.25 from pot
Yash1ch: doesn't show hand 
*** SUMMARY ***
Total pot $0.25 | Rake $0 
Seat 1: RenoRosco (button) folded before Flop (didn't bet)
Seat 2: luvingkind (small blind) folded before Flop
Seat 3: fernandooof4 (big blind) folded before Flop
Seat 4: Mahu2021 folded before Flop (didn't bet)
Seat 5: Schackpro folded before Flop (didn't bet)
Seat 6: Yash1ch collected ($0.25)



PokerStars Zoom Hand #253651784109:  Hold'em No Limit ($0.05/$0.10) - 2024/12/01 12:54:13 CET [2024/12/01 6:54:13 ET]
Table 'Aludra' 6-max Seat #1 is the button
Seat 1: fernandooof4 ($3.83 in chips) 
Seat 2: pokking876 ($7.81 in chips) 
Seat 3: luvingkind ($10 in chips) 
Seat 4: tigerfarm ($10.29 in chips) 
Seat 5: Mahu2021 ($9.95 in chips) 
Seat 6: Bestology ($14.05 in chips) 
pokking876: posts small blind $0.05
luvingkind: posts big blind $0.10
*** HOLE CARDS ***
Dealt to Mahu2021 [2d Jh]
tigerfarm: folds 
Mahu2021: folds 
Bestology: calls $0.10
fernandooof4: raises $0.10 to $0.20
pokking876: raises $0.90 to $1.10
luvingkind: folds 
Bestology: calls $1
fernandooof4: folds 
*** FLOP *** [5h 4h Qs]
pokking876: bets $1.20
Bestology: raises $4.79 to $5.99
pokking876: raises $0.72 to $6.71 and is all-in
Bestology: calls $0.72
*** TURN *** [5h 4h Qs] [Ad]
*** RIVER *** [5h 4h Qs Ad] [Js]
*** SHOW DOWN ***
pokking876: shows [Kc Ah] (a pair of Aces)
Bestology: shows [Ks Kd] (a pair of Kings)
pokking876 collected $15.20 from pot
*** SUMMARY ***
Total pot $15.92 | Rake $0.72 
Board [5h 4h Qs Ad Js]
Seat 1: fernandooof4 (button) folded before Flop
Seat 2: pokking876 (small blind) showed [Kc Ah] and won ($15.20) with a pair of Aces
Seat 3: luvingkind (big blind) folded before Flop
Seat 4: tigerfarm folded before Flop (didn't bet)
Seat 5: Mahu2021 folded before Flop (didn't bet)
Seat 6: Bestology showed [Ks Kd] and lost with a pair of Kings



PokerStars Zoom Hand #253651788231:  Hold'em No Limit ($0.05/$0.10) - 2024/12/01 12:54:44 CET [2024/12/01 6:54:44 ET]
Table 'Aludra' 6-max Seat #1 is the button
Seat 1: luvingkind ($18.09 in chips) 
Seat 2: doldaegali ($32.41 in chips) 
Seat 3: Mahu2021 ($9.90 in chips) 
Seat 4: Vert Dider ($10.93 in chips) 
Seat 5: PokerLesson77 ($11.30 in chips) 
Seat 6: niichetoo ($10.20 in chips) 
doldaegali: posts small blind $0.05
Mahu2021: posts big blind $0.10
*** HOLE CARDS ***
Dealt to Mahu2021 [Kd Qs]
Vert Dider: folds 
PokerLesson77: raises $0.10 to $0.20
niichetoo: folds 
luvingkind: folds 
doldaegali: folds 
Mahu2021: calls $0.10
*** FLOP *** [9s 7s 7d]
Mahu2021: checks 
PokerLesson77: checks 
*** TURN *** [9s 7s 7d] [4s]
Mahu2021: checks 
PokerLesson77: checks 
*** RIVER *** [9s 7s 7d 4s] [Jh]
Mahu2021: checks 
PokerLesson77: checks 
*** SHOW DOWN ***
Mahu2021: shows [Kd Qs] (a pair of Sevens)
PokerLesson77: shows [Ad 5d] (a pair of Sevens - Ace kicker)
PokerLesson77 collected $0.43 from pot
*** SUMMARY ***
Total pot $0.45 | Rake $0.02 
Board [9s 7s 7d 4s Jh]
Seat 1: luvingkind (button) folded before Flop (didn't bet)
Seat 2: doldaegali (small blind) folded before Flop
Seat 3: Mahu2021 (big blind) showed [Kd Qs] and lost with a pair of Sevens
Seat 4: Vert Dider folded before Flop (didn't bet)
Seat 5: PokerLesson77 showed [Ad 5d] and won ($0.43) with a pair of Sevens
Seat 6: niichetoo folded before Flop (didn't bet)



PokerStars Zoom Hand #253651787193:  Hold'em No Limit ($0.05/$0.10) - 2024/12/01 12:54:36 CET [2024/12/01 6:54:36 ET]
Table 'Aludra' 6-max Seat #1 is the button
Seat 1: Play4llHands ($12.49 in chips) 
Seat 2: bettyblue212 ($10.90 in chips) 
Seat 3: pokking876 ($13.09 in chips) 
Seat 4: Yash1ch ($3.70 in chips) 
Seat 5: cris_civil ($26.07 in chips) 
Seat 6: Mahu2021 ($9.90 in chips) 
bettyblue212: posts small blind $0.05
pokking876: posts big blind $0.10
*** HOLE CARDS ***
Dealt to Mahu2021 [2d 4h]
Yash1ch: folds 
cris_civil: raises $0.15 to $0.25
Mahu2021: folds 
Play4llHands: folds 
bettyblue212: folds 
pokking876: raises $0.65 to $0.90
cris_civil: calls $0.65
*** FLOP *** [4d 4s 5d]
pokking876: checks 
cris_civil: checks 
*** TURN *** [4d 4s 5d] [Qc]
pokking876: checks 
cris_civil: bets $1.33
pokking876: calls $1.33
*** RIVER *** [4d 4s 5d Qc] [Ad]
pokking876: checks 
cris_civil: checks 
*** SHOW DOWN ***
pokking876: shows [Jc Jd] (two pair, Jacks and Fours)
cris_civil: shows [Ks As] (two pair, Aces and Fours)
cris_civil collected $4.31 from pot
*** SUMMARY ***
Total pot $4.51 | Rake $0.20 
Board [4d 4s 5d Qc Ad]
Seat 1: Play4llHands (button) folded before Flop (didn't bet)
Seat 2: bettyblue212 (small blind) folded before Flop
Seat 3: pokking876 (big blind) showed [Jc Jd] and lost with two pair, Jacks and Fours
Seat 4: Yash1ch folded before Flop (didn't bet)
Seat 5: cris_civil showed [Ks As] and won ($4.31) with two pair, Aces and Fours
Seat 6: Mahu2021 folded before Flop (didn't bet)



PokerStars Zoom Hand #253651793573:  Hold'em No Limit ($0.05/$0.10) - 2024/12/01 12:55:27 CET [2024/12/01 6:55:27 ET]
Table 'Aludra' 6-max Seat #1 is the button
Seat 1: apicius2 ($19.90 in chips) 
Seat 2: Mahu2021 ($9.70 in chips) 
Seat 3: leuchte1812 ($3.03 in chips) 
Seat 4: Colajerry ($11.36 in chips) 
Seat 5: doldaegali ($32.36 in chips) 
Seat 6: PokerLesson77 ($11.53 in chips) 
Mahu2021: posts small blind $0.05
leuchte1812: posts big blind $0.10
*** HOLE CARDS ***
Dealt to Mahu2021 [Qs Ks]
Colajerry: folds 
doldaegali: folds 
PokerLesson77: raises $0.10 to $0.20
apicius2: folds 
Mahu2021: calls $0.15
leuchte1812: folds 
*** FLOP *** [2d Jd 3s]
Mahu2021: checks 
PokerLesson77: bets $0.48
Mahu2021: calls $0.48
*** TURN *** [2d Jd 3s] [2c]
Mahu2021: checks 
PokerLesson77: bets $0.40
Mahu2021: folds 
Uncalled bet ($0.40) returned to PokerLesson77
PokerLesson77 collected $1.39 from pot
PokerLesson77: doesn't show hand 
*** SUMMARY ***
Total pot $1.46 | Rake $0.07 
Board [2d Jd 3s 2c]
Seat 1: apicius2 (button) folded before Flop (didn't bet)
Seat 2: Mahu2021 (small blind) folded on the Turn
Seat 3: leuchte1812 (big blind) folded before Flop
Seat 4: Colajerry folded before Flop (didn't bet)
Seat 5: doldaegali folded before Flop (didn't bet)
Seat 6: PokerLesson77 collected ($1.39)



PokerStars Zoom Hand #253651797853:  Hold'em No Limit ($0.05/$0.10) - 2024/12/01 12:56:06 CET [2024/12/01 6:56:06 ET]
Table 'Aludra' 6-max Seat #1 is the button
Seat 1: alpharfn ($17.35 in chips) 
Seat 2: LucianoHG_BR ($4.90 in chips) 
Seat 3: FugoSushi ($16.11 in chips) 
Seat 4: Bestology ($11.59 in chips) 
Seat 5: Mahu2021 ($9.02 in chips) 
Seat 6: pokking876 ($15.35 in chips) 
LucianoHG_BR: posts small blind $0.05
FugoSushi: posts big blind $0.10
*** HOLE CARDS ***
Dealt to Mahu2021 [9s Ad]
Bestology: folds 
Mahu2021: folds 
pokking876: folds 
alpharfn: raises $0.10 to $0.20
LucianoHG_BR: folds 
FugoSushi: folds 
Uncalled bet ($0.10) returned to alpharfn
alpharfn collected $0.25 from pot
alpharfn: doesn't show hand 
*** SUMMARY ***
Total pot $0.25 | Rake $0 
Seat 1: alpharfn (button) collected ($0.25)
Seat 2: LucianoHG_BR (small blind) folded before Flop
Seat 3: FugoSushi (big blind) folded before Flop
Seat 4: Bestology folded before Flop (didn't bet)
Seat 5: Mahu2021 folded before Flop (didn't bet)
Seat 6: pokking876 folded before Flop (didn't bet)



PokerStars Zoom Hand #253651798244:  Hold'em No Limit ($0.05/$0.10) - 2024/12/01 12:56:10 CET [2024/12/01 6:56:10 ET]
Table 'Aludra' 6-max Seat #1 is the button
Seat 1: Mahu2021 ($9.02 in chips) 
Seat 2: Bestology ($11.59 in chips) 
Seat 3: potusthedog ($27.98 in chips) 
Seat 4: Pesulle ($10 in chips) 
Seat 5: SyraXmaX ($35.39 in chips) 
Seat 6: dshark77 ($13.21 in chips) 
Bestology: posts small blind $0.05
potusthedog: posts big blind $0.10
*** HOLE CARDS ***
Dealt to Mahu2021 [3h 3c]
Pesulle: folds 
SyraXmaX: raises $0.15 to $0.25
dshark77: calls $0.25
Mahu2021: calls $0.25
Bestology: folds 
potusthedog: calls $0.15
*** FLOP *** [Ks 8s Ts]
potusthedog: checks 
SyraXmaX: checks 
dshark77: checks 
Mahu2021: checks 
*** TURN *** [Ks 8s Ts] [9d]
potusthedog: checks 
SyraXmaX: checks 
dshark77: checks 
Mahu2021: checks 
*** RIVER *** [Ks 8s Ts 9d] [5h]
potusthedog: checks 
SyraXmaX: checks 
dshark77: checks 
Mahu2021: checks 
*** SHOW DOWN ***
potusthedog: shows [7d Ad] (high card Ace)
SyraXmaX: shows [2s 2d] (a pair of Deuces)
dshark77: shows [Qd 5d] (a pair of Fives)
Mahu2021: mucks hand 
dshark77 collected $1 from pot
*** SUMMARY ***
Total pot $1.05 | Rake $0.05 
Board [Ks 8s Ts 9d 5h]
Seat 1: Mahu2021 (button) mucked [3h 3c]
Seat 2: Bestology (small blind) folded before Flop
Seat 3: potusthedog (big blind) showed [7d Ad] and lost with high card Ace
Seat 4: Pesulle folded before Flop (didn't bet)
Seat 5: SyraXmaX showed [2s 2d] and lost with a pair of Deuces
Seat 6: dshark77 showed [Qd 5d] and won ($1) with a pair of Fives



PokerStars Zoom Hand #253651802567:  Hold'em No Limit ($0.05/$0.10) - 2024/12/01 12:56:50 CET [2024/12/01 6:56:50 ET]
Table 'Aludra' 6-max Seat #1 is the button
Seat 1: doldaegali ($39.67 in chips) 
Seat 2: potusthedog ($27.73 in chips) 
Seat 3: SyraXmaX ($35.14 in chips) 
Seat 4: Bruno CP796 ($13.31 in chips) 
Seat 5: dshark77 ($13.96 in chips) 
Seat 6: Mahu2021 ($8.77 in chips) 
potusthedog: posts small blind $0.05
SyraXmaX: posts big blind $0.10
*** HOLE CARDS ***
Dealt to Mahu2021 [5c 6c]
Bruno CP796: raises $0.15 to $0.25
dshark77: folds 
Mahu2021: folds 
doldaegali: folds 
potusthedog: raises $0.85 to $1.10
SyraXmaX: folds 
Bruno CP796: folds 
Uncalled bet ($0.85) returned to potusthedog
potusthedog collected $0.60 from pot
potusthedog: doesn't show hand 
*** SUMMARY ***
Total pot $0.60 | Rake $0 
Seat 1: doldaegali (button) folded before Flop (didn't bet)
Seat 2: potusthedog (small blind) collected ($0.60)
Seat 3: SyraXmaX (big blind) folded before Flop
Seat 4: Bruno CP796 folded before Flop
Seat 5: dshark77 folded before Flop (didn't bet)
Seat 6: Mahu2021 folded before Flop (didn't bet)



PokerStars Zoom Hand #253651803196:  Hold'em No Limit ($0.05/$0.10) - 2024/12/01 12:56:57 CET [2024/12/01 6:56:57 ET]
Table 'Aludra' 6-max Seat #1 is the button
Seat 1: Schackpro ($30.28 in chips) 
Seat 2: cris_civil ($28 in chips) 
Seat 3: gt3826 ($10.52 in chips) 
Seat 4: dshark77 ($13.96 in chips) 
Seat 5: Mahu2021 ($8.77 in chips) 
Seat 6: Bestology ($11.06 in chips) 
cris_civil: posts small blind $0.05
gt3826: posts big blind $0.10
*** HOLE CARDS ***
Dealt to Mahu2021 [7h Ac]
dshark77: folds 
Mahu2021: folds 
Bestology: folds 
Schackpro: folds 
cris_civil: raises $0.25 to $0.35
gt3826: calls $0.25
*** FLOP *** [Jh Qc 2d]
cris_civil: checks 
gt3826: checks 
*** TURN *** [Jh Qc 2d] [Kc]
cris_civil: bets $0.50
gt3826: folds 
Uncalled bet ($0.50) returned to cris_civil
cris_civil collected $0.67 from pot
cris_civil: doesn't show hand 
*** SUMMARY ***
Total pot $0.70 | Rake $0.03 
Board [Jh Qc 2d Kc]
Seat 1: Schackpro (button) folded before Flop (didn't bet)
Seat 2: cris_civil (small blind) collected ($0.67)
Seat 3: gt3826 (big blind) folded on the Turn
Seat 4: dshark77 folded before Flop (didn't bet)
Seat 5: Mahu2021 folded before Flop (didn't bet)
Seat 6: Bestology folded before Flop (didn't bet)



PokerStars Zoom Hand #253651803628:  Hold'em No Limit ($0.05/$0.10) - 2024/12/01 12:57:01 CET [2024/12/01 6:57:01 ET]
Table 'Aludra' 6-max Seat #1 is the button
Seat 1: pokking876 ($8.56 in chips) 
Seat 2: cris_civil ($19.93 in chips) 
Seat 3: Mahu2021 ($8.77 in chips) 
Seat 4: iagoNTC ($10 in chips) 
Seat 5: bettyblue212 ($13.57 in chips) 
Seat 6: drtaka212 ($10 in chips) 
cris_civil: posts small blind $0.05
Mahu2021: posts big blind $0.10
*** HOLE CARDS ***
Dealt to Mahu2021 [9s Qs]
iagoNTC: folds 
bettyblue212: folds 
drtaka212: raises $0.16 to $0.26
pokking876: folds 
cris_civil: folds 
Mahu2021: calls $0.16
*** FLOP *** [3c Ks 2s]
Mahu2021: checks 
drtaka212: bets $0.36
Mahu2021: calls $0.36
*** TURN *** [3c Ks 2s] [6c]
Mahu2021: checks 
drtaka212: bets $0.81
Mahu2021: calls $0.81
*** RIVER *** [3c Ks 2s 6c] [3s]
Mahu2021: bets $2.78
drtaka212: calls $2.78
*** SHOW DOWN ***
Mahu2021: shows [9s Qs] (a flush, King high)
drtaka212: mucks hand 
Mahu2021 collected $8.09 from pot
*** SUMMARY ***
Total pot $8.47 | Rake $0.38 
Board [3c Ks 2s 6c 3s]
Seat 1: pokking876 (button) folded before Flop (didn't bet)
Seat 2: cris_civil (small blind) folded before Flop
Seat 3: Mahu2021 (big blind) showed [9s Qs] and won ($8.09) with a flush, King high
Seat 4: iagoNTC folded before Flop (didn't bet)
Seat 5: bettyblue212 folded before Flop (didn't bet)
Seat 6: drtaka212 mucked [Kh Jd]



PokerStars Zoom Hand #253651808605:  Hold'em No Limit ($0.05/$0.10) - 2024/12/01 12:57:47 CET [2024/12/01 6:57:47 ET]
Table 'Aludra' 6-max Seat #1 is the button
Seat 1: pokking876 ($5.81 in chips) 
Seat 2: Mahu2021 ($12.65 in chips) 
Seat 3: SoiledFool ($29.06 in chips) 
Seat 4: Colajerry ($10.49 in chips) 
Seat 5: SyraXmaX ($21.16 in chips) 
Seat 6: ga25x ($10 in chips) 
Mahu2021: posts small blind $0.05
SoiledFool: posts big blind $0.10
*** HOLE CARDS ***
Dealt to Mahu2021 [6d 9d]
Colajerry: folds 
SyraXmaX: folds 
ga25x: folds 
pokking876: folds 
Mahu2021: folds 
Uncalled bet ($0.05) returned to SoiledFool
SoiledFool collected $0.10 from pot
SoiledFool: doesn't show hand 
*** SUMMARY ***
Total pot $0.10 | Rake $0 
Seat 1: pokking876 (button) folded before Flop (didn't bet)
Seat 2: Mahu2021 (small blind) folded before Flop
Seat 3: SoiledFool (big blind) collected ($0.10)
Seat 4: Colajerry folded before Flop (didn't bet)
Seat 5: SyraXmaX folded before Flop (didn't bet)
Seat 6: ga25x folded before Flop (didn't bet)



PokerStars Zoom Hand #253651809432:  Hold'em No Limit ($0.05/$0.10) - 2024/12/01 12:57:54 CET [2024/12/01 6:57:54 ET]
Table 'Aludra' 6-max Seat #1 is the button
Seat 1: dshark77 ($14.16 in chips) 
Seat 2: daily228 ($10.40 in chips) 
Seat 3: Pesulle ($10 in chips) 
Seat 4: Schackpro ($20.38 in chips) 
Seat 5: RenoRosco ($10.36 in chips) 
Seat 6: Mahu2021 ($12.60 in chips) 
daily228: posts small blind $0.05
Pesulle: posts big blind $0.10
*** HOLE CARDS ***
Dealt to Mahu2021 [8d 9c]
Schackpro: folds 
RenoRosco: raises $0.15 to $0.25
Mahu2021: folds 
dshark77: folds 
daily228: folds 
Pesulle: folds 
Uncalled bet ($0.15) returned to RenoRosco
RenoRosco collected $0.25 from pot
RenoRosco: doesn't show hand 
*** SUMMARY ***
Total pot $0.25 | Rake $0 
Seat 1: dshark77 (button) folded before Flop (didn't bet)
Seat 2: daily228 (small blind) folded before Flop
Seat 3: Pesulle (big blind) folded before Flop
Seat 4: Schackpro folded before Flop (didn't bet)
Seat 5: RenoRosco collected ($0.25)
Seat 6: Mahu2021 folded before Flop (didn't bet)



PokerStars Zoom Hand #253651809885:  Hold'em No Limit ($0.05/$0.10) - 2024/12/01 12:57:59 CET [2024/12/01 6:57:59 ET]
Table 'Aludra' 6-max Seat #1 is the button
Seat 1: Mahu2021 ($12.60 in chips) 
Seat 2: doldaegali ($31.11 in chips) 
Seat 3: Play4llHands ($12.24 in chips) 
Seat 4: Schackpro ($20.38 in chips) 
Seat 5: alpharfn ($17.58 in chips) 
Seat 6: Guanche Furioso ($17.07 in chips) 
doldaegali: posts small blind $0.05
Play4llHands: posts big blind $0.10
*** HOLE CARDS ***
Dealt to Mahu2021 [4c 7c]
Schackpro: raises $0.15 to $0.25
alpharfn: folds 
Guanche Furioso: folds 
Mahu2021: folds 
doldaegali: folds 
Play4llHands: folds 
Uncalled bet ($0.15) returned to Schackpro
Schackpro collected $0.25 from pot
Schackpro: doesn't show hand 
*** SUMMARY ***
Total pot $0.25 | Rake $0 
Seat 1: Mahu2021 (button) folded before Flop (didn't bet)
Seat 2: doldaegali (small blind) folded before Flop
Seat 3: Play4llHands (big blind) folded before Flop
Seat 4: Schackpro collected ($0.25)
Seat 5: alpharfn folded before Flop (didn't bet)
Seat 6: Guanche Furioso folded before Flop (didn't bet)



PokerStars Zoom Hand #253651810420:  Hold'em No Limit ($0.05/$0.10) - 2024/12/01 12:58:04 CET [2024/12/01 6:58:04 ET]
Table 'Aludra' 6-max Seat #1 is the button
Seat 1: Guanche Furioso ($17.07 in chips) 
Seat 2: camilo13186 ($4.45 in chips) 
Seat 3: luvingkind ($20.82 in chips) 
Seat 4: doldaegali ($8.99 in chips) 
Seat 5: Mahu2021 ($12.60 in chips) 
Seat 6: fernandooof4 ($2.58 in chips) 
camilo13186: posts small blind $0.05
luvingkind: posts big blind $0.10
*** HOLE CARDS ***
Dealt to Mahu2021 [8d 8s]
doldaegali: folds 
Mahu2021: raises $0.20 to $0.30
fernandooof4: folds 
Guanche Furioso: folds 
camilo13186: folds 
luvingkind: folds 
Uncalled bet ($0.20) returned to Mahu2021
Mahu2021 collected $0.25 from pot
Mahu2021: doesn't show hand 
*** SUMMARY ***
Total pot $0.25 | Rake $0 
Seat 1: Guanche Furioso (button) folded before Flop (didn't bet)
Seat 2: camilo13186 (small blind) folded before Flop
Seat 3: luvingkind (big blind) folded before Flop
Seat 4: doldaegali folded before Flop (didn't bet)
Seat 5: Mahu2021 collected ($0.25)
Seat 6: fernandooof4 folded before Flop (didn't bet)



PokerStars Zoom Hand #253651811673:  Hold'em No Limit ($0.05/$0.10) - 2024/12/01 12:58:16 CET [2024/12/01 6:58:16 ET]
Table 'Aludra' 6-max Seat #1 is the button
Seat 1: PedroDSantos8 ($13.61 in chips) 
Seat 2: hiding.by ($10 in chips) 
Seat 3: Mahu2021 ($12.75 in chips) 
Seat 4: ga25x ($10.05 in chips) 
Seat 5: mintyu ($10 in chips) 
Seat 6: Schackpro ($29.81 in chips) 
hiding.by: posts small blind $0.05
Mahu2021: posts big blind $0.10
*** HOLE CARDS ***
Dealt to Mahu2021 [3c Js]
ga25x: folds 
mintyu: folds 
Schackpro: folds 
PedroDSantos8: folds 
hiding.by: raises $0.20 to $0.30
Mahu2021: folds 
Uncalled bet ($0.20) returned to hiding.by
hiding.by collected $0.20 from pot
hiding.by: doesn't show hand 
*** SUMMARY ***
Total pot $0.20 | Rake $0 
Seat 1: PedroDSantos8 (button) folded before Flop (didn't bet)
Seat 2: hiding.by (small blind) collected ($0.20)
Seat 3: Mahu2021 (big blind) folded before Flop
Seat 4: ga25x folded before Flop (didn't bet)
Seat 5: mintyu folded before Flop (didn't bet)
Seat 6: Schackpro folded before Flop (didn't bet)



