PokerStars Hand #250458050700: Tournament #3753550073, $1.84+$0.16 USD Hold'em No Limit - Level I (10/20) - 2024/05/12 15:28:15 CET [2024/05/12 9:28:15 ET]
Table '3753550073 1' 3-max Seat #1 is the button
Seat 1: Mahu2021 (500 in chips) 
Seat 2: ducatedral (500 in chips) 
Seat 3: juningato555 (500 in chips) 
ducatedral: posts small blind 10
juningato555: posts big blind 20
*** HOLE CARDS ***
Dealt to Mahu2021 [3h Ah]
Mahu2021: raises 20 to 40
ducatedral: calls 30
juningato555: calls 20
*** FLOP *** [As 6d Js]
ducatedral: checks 
juningato555: checks 
Mahu2021: bets 40
ducatedral: folds 
juningato555: calls 40
*** TURN *** [As 6d Js] [4h]
juningato555: checks 
Mahu2021: checks 
*** RIVER *** [As 6d Js 4h] [Jc]
juningato555: checks 
Mahu2021: bets 100
juningato555: folds 
Uncalled bet (100) returned to Mahu2021
Mahu2021 collected 200 from pot
Mahu2021: doesn't show hand 
*** SUMMARY ***
Total pot 200 | Rake 0 
Board [As 6d Js 4h Jc]
Seat 1: Mahu2021 (button) collected (200)
Seat 2: ducatedral (small blind) folded on the Flop
Seat 3: juningato555 (big blind) folded on the River



PokerStars Hand #250458058167: Tournament #3753550073, $1.84+$0.16 USD Hold'em No Limit - Level I (10/20) - 2024/05/12 15:28:51 CET [2024/05/12 9:28:51 ET]
Table '3753550073 1' 3-max Seat #2 is the button
Seat 1: Mahu2021 (620 in chips) 
Seat 2: ducatedral (460 in chips) 
Seat 3: juningato555 (420 in chips) 
juningato555: posts small blind 10
Mahu2021: posts big blind 20
*** HOLE CARDS ***
Dealt to Mahu2021 [7h 2s]
ducatedral: calls 20
juningato555: calls 10
Mahu2021: checks 
*** FLOP *** [9h 8s Qd]
juningato555: checks 
Mahu2021: checks 
ducatedral: checks 
*** TURN *** [9h 8s Qd] [9d]
juningato555: bets 20
Mahu2021: folds 
ducatedral: calls 20
*** RIVER *** [9h 8s Qd 9d] [6h]
juningato555: bets 40
ducatedral: raises 380 to 420 and is all-in
juningato555: folds 
Uncalled bet (380) returned to ducatedral
ducatedral collected 180 from pot
ducatedral: doesn't show hand 
*** SUMMARY ***
Total pot 180 | Rake 0 
Board [9h 8s Qd 9d 6h]
Seat 1: Mahu2021 (big blind) folded on the Turn
Seat 2: ducatedral (button) collected (180)
Seat 3: juningato555 (small blind) folded on the River



PokerStars Hand #250458065022: Tournament #3753550073, $1.84+$0.16 USD Hold'em No Limit - Level I (10/20) - 2024/05/12 15:29:24 CET [2024/05/12 9:29:24 ET]
Table '3753550073 1' 3-max Seat #3 is the button
Seat 1: Mahu2021 (600 in chips) 
Seat 2: ducatedral (560 in chips) 
Seat 3: juningato555 (340 in chips) 
Mahu2021: posts small blind 10
ducatedral: posts big blind 20
*** HOLE CARDS ***
Dealt to Mahu2021 [2s Qs]
juningato555: folds 
Mahu2021: calls 10
ducatedral: checks 
*** FLOP *** [8d 4d 3h]
Mahu2021: checks 
ducatedral: checks 
*** TURN *** [8d 4d 3h] [Qd]
Mahu2021: bets 20
ducatedral: folds 
Uncalled bet (20) returned to Mahu2021
Mahu2021 collected 40 from pot
Mahu2021: doesn't show hand 
*** SUMMARY ***
Total pot 40 | Rake 0 
Board [8d 4d 3h Qd]
Seat 1: Mahu2021 (small blind) collected (40)
Seat 2: ducatedral (big blind) folded on the Turn
Seat 3: juningato555 (button) folded before Flop (didn't bet)



PokerStars Hand #250458069822: Tournament #3753550073, $1.84+$0.16 USD Hold'em No Limit - Level I (10/20) - 2024/05/12 15:29:48 CET [2024/05/12 9:29:48 ET]
Table '3753550073 1' 3-max Seat #1 is the button
Seat 1: Mahu2021 (620 in chips) 
Seat 2: ducatedral (540 in chips) 
Seat 3: juningato555 (340 in chips) 
ducatedral: posts small blind 10
juningato555: posts big blind 20
*** HOLE CARDS ***
Dealt to Mahu2021 [Ac 2h]
Mahu2021: folds 
ducatedral: calls 10
juningato555: checks 
*** FLOP *** [9s 9d 4d]
ducatedral: checks 
juningato555: checks 
*** TURN *** [9s 9d 4d] [4c]
ducatedral: checks 
juningato555: checks 
*** RIVER *** [9s 9d 4d 4c] [Jh]
ducatedral: bets 520 and is all-in
juningato555: folds 
Uncalled bet (520) returned to ducatedral
ducatedral collected 40 from pot
ducatedral: doesn't show hand 
*** SUMMARY ***
Total pot 40 | Rake 0 
Board [9s 9d 4d 4c Jh]
Seat 1: Mahu2021 (button) folded before Flop (didn't bet)
Seat 2: ducatedral (small blind) collected (40)
Seat 3: juningato555 (big blind) folded on the River



PokerStars Hand #250458078629: Tournament #3753550073, $1.84+$0.16 USD Hold'em No Limit - Level II (15/30) - 2024/05/12 15:30:29 CET [2024/05/12 9:30:29 ET]
Table '3753550073 1' 3-max Seat #2 is the button
Seat 1: Mahu2021 (620 in chips) 
Seat 2: ducatedral (560 in chips) 
Seat 3: juningato555 (320 in chips) 
juningato555: posts small blind 15
Mahu2021: posts big blind 30
*** HOLE CARDS ***
Dealt to Mahu2021 [6h 7s]
ducatedral: folds 
juningato555: folds 
Uncalled bet (15) returned to Mahu2021
Mahu2021 collected 30 from pot
Mahu2021: doesn't show hand 
*** SUMMARY ***
Total pot 30 | Rake 0 
Seat 1: Mahu2021 (big blind) collected (30)
Seat 2: ducatedral (button) folded before Flop (didn't bet)
Seat 3: juningato555 (small blind) folded before Flop



PokerStars Hand #250458082799: Tournament #3753550073, $1.84+$0.16 USD Hold'em No Limit - Level II (15/30) - 2024/05/12 15:30:49 CET [2024/05/12 9:30:49 ET]
Table '3753550073 1' 3-max Seat #3 is the button
Seat 1: Mahu2021 (635 in chips) 
Seat 2: ducatedral (560 in chips) 
Seat 3: juningato555 (305 in chips) 
Mahu2021: posts small blind 15
ducatedral: posts big blind 30
*** HOLE CARDS ***
Dealt to Mahu2021 [Jh 5h]
juningato555: folds 
Mahu2021: raises 30 to 60
ducatedral: calls 30
*** FLOP *** [Qc 3c 3h]
Mahu2021: checks 
ducatedral: checks 
*** TURN *** [Qc 3c 3h] [Tc]
Mahu2021: checks 
ducatedral: checks 
*** RIVER *** [Qc 3c 3h Tc] [Jd]
Mahu2021: checks 
ducatedral: checks 
*** SHOW DOWN ***
Mahu2021: shows [Jh 5h] (two pair, Jacks and Threes)
ducatedral: mucks hand 
Mahu2021 collected 120 from pot
*** SUMMARY ***
Total pot 120 | Rake 0 
Board [Qc 3c 3h Tc Jd]
Seat 1: Mahu2021 (small blind) showed [Jh 5h] and won (120) with two pair, Jacks and Threes
Seat 2: ducatedral (big blind) mucked [2h Ac]
Seat 3: juningato555 (button) folded before Flop (didn't bet)



PokerStars Hand #250458087209: Tournament #3753550073, $1.84+$0.16 USD Hold'em No Limit - Level II (15/30) - 2024/05/12 15:31:09 CET [2024/05/12 9:31:09 ET]
Table '3753550073 1' 3-max Seat #1 is the button
Seat 1: Mahu2021 (695 in chips) 
Seat 2: ducatedral (500 in chips) 
Seat 3: juningato555 (305 in chips) 
ducatedral: posts small blind 15
juningato555: posts big blind 30
*** HOLE CARDS ***
Dealt to Mahu2021 [5h 4c]
Mahu2021: folds 
ducatedral: calls 15
juningato555: checks 
*** FLOP *** [7c Kc 6s]
ducatedral: bets 30
juningato555: folds 
Uncalled bet (30) returned to ducatedral
ducatedral collected 60 from pot
ducatedral: doesn't show hand 
*** SUMMARY ***
Total pot 60 | Rake 0 
Board [7c Kc 6s]
Seat 1: Mahu2021 (button) folded before Flop (didn't bet)
Seat 2: ducatedral (small blind) collected (60)
Seat 3: juningato555 (big blind) folded on the Flop



PokerStars Hand #250458090751: Tournament #3753550073, $1.84+$0.16 USD Hold'em No Limit - Level II (15/30) - 2024/05/12 15:31:26 CET [2024/05/12 9:31:26 ET]
Table '3753550073 1' 3-max Seat #2 is the button
Seat 1: Mahu2021 (695 in chips) 
Seat 2: ducatedral (530 in chips) 
Seat 3: juningato555 (275 in chips) 
juningato555: posts small blind 15
Mahu2021: posts big blind 30
*** HOLE CARDS ***
Dealt to Mahu2021 [8s 5s]
ducatedral: calls 30
juningato555: folds 
Mahu2021: checks 
*** FLOP *** [Th 4d 9d]
Mahu2021: checks 
ducatedral: bets 30
Mahu2021: folds 
Uncalled bet (30) returned to ducatedral
ducatedral collected 75 from pot
ducatedral: doesn't show hand 
*** SUMMARY ***
Total pot 75 | Rake 0 
Board [Th 4d 9d]
Seat 1: Mahu2021 (big blind) folded on the Flop
Seat 2: ducatedral (button) collected (75)
Seat 3: juningato555 (small blind) folded before Flop



PokerStars Hand #250458093484: Tournament #3753550073, $1.84+$0.16 USD Hold'em No Limit - Level II (15/30) - 2024/05/12 15:31:39 CET [2024/05/12 9:31:39 ET]
Table '3753550073 1' 3-max Seat #3 is the button
Seat 1: Mahu2021 (665 in chips) 
Seat 2: ducatedral (575 in chips) 
Seat 3: juningato555 (260 in chips) 
Mahu2021: posts small blind 15
ducatedral: posts big blind 30
*** HOLE CARDS ***
Dealt to Mahu2021 [Qc Js]
juningato555: raises 30 to 60
Mahu2021: calls 45
ducatedral: calls 30
*** FLOP *** [As 3c Kh]
Mahu2021: checks 
ducatedral: checks 
juningato555: bets 60
Mahu2021: folds 
ducatedral: calls 60
*** TURN *** [As 3c Kh] [5d]
ducatedral: checks 
juningato555: bets 140 and is all-in
ducatedral: calls 140
*** RIVER *** [As 3c Kh 5d] [5c]
*** SHOW DOWN ***
ducatedral: shows [6c Kc] (two pair, Kings and Fives)
juningato555: shows [Ad 3d] (two pair, Aces and Fives)
juningato555 collected 580 from pot
*** SUMMARY ***
Total pot 580 | Rake 0 
Board [As 3c Kh 5d 5c]
Seat 1: Mahu2021 (small blind) folded on the Flop
Seat 2: ducatedral (big blind) showed [6c Kc] and lost with two pair, Kings and Fives
Seat 3: juningato555 (button) showed [Ad 3d] and won (580) with two pair, Aces and Fives



PokerStars Hand #250458101095: Tournament #3753550073, $1.84+$0.16 USD Hold'em No Limit - Level II (15/30) - 2024/05/12 15:32:14 CET [2024/05/12 9:32:14 ET]
Table '3753550073 1' 3-max Seat #1 is the button
Seat 1: Mahu2021 (605 in chips) 
Seat 2: ducatedral (315 in chips) 
Seat 3: juningato555 (580 in chips) 
ducatedral: posts small blind 15
juningato555: posts big blind 30
*** HOLE CARDS ***
Dealt to Mahu2021 [5c 9s]
Mahu2021: folds 
ducatedral: folds 
Uncalled bet (15) returned to juningato555
juningato555 collected 30 from pot
*** SUMMARY ***
Total pot 30 | Rake 0 
Seat 1: Mahu2021 (button) folded before Flop (didn't bet)
Seat 2: ducatedral (small blind) folded before Flop
Seat 3: juningato555 (big blind) collected (30)



PokerStars Hand #250458102918: Tournament #3753550073, $1.84+$0.16 USD Hold'em No Limit - Level III (20/40) - 2024/05/12 15:32:23 CET [2024/05/12 9:32:23 ET]
Table '3753550073 1' 3-max Seat #2 is the button
Seat 1: Mahu2021 (605 in chips) 
Seat 2: ducatedral (300 in chips) 
Seat 3: juningato555 (595 in chips) 
juningato555: posts small blind 20
Mahu2021: posts big blind 40
*** HOLE CARDS ***
Dealt to Mahu2021 [8h 2c]
ducatedral: folds 
juningato555: raises 40 to 80
Mahu2021: folds 
Uncalled bet (40) returned to juningato555
juningato555 collected 80 from pot
*** SUMMARY ***
Total pot 80 | Rake 0 
Seat 1: Mahu2021 (big blind) folded before Flop
Seat 2: ducatedral (button) folded before Flop (didn't bet)
Seat 3: juningato555 (small blind) collected (80)



PokerStars Hand #250458104594: Tournament #3753550073, $1.84+$0.16 USD Hold'em No Limit - Level III (20/40) - 2024/05/12 15:32:30 CET [2024/05/12 9:32:30 ET]
Table '3753550073 1' 3-max Seat #3 is the button
Seat 1: Mahu2021 (565 in chips) 
Seat 2: ducatedral (300 in chips) 
Seat 3: juningato555 (635 in chips) 
Mahu2021: posts small blind 20
ducatedral: posts big blind 40
*** HOLE CARDS ***
Dealt to Mahu2021 [Qh 6d]
juningato555: folds 
Mahu2021: raises 40 to 80
ducatedral: folds 
Uncalled bet (40) returned to Mahu2021
Mahu2021 collected 80 from pot
Mahu2021: doesn't show hand 
*** SUMMARY ***
Total pot 80 | Rake 0 
Seat 1: Mahu2021 (small blind) collected (80)
Seat 2: ducatedral (big blind) folded before Flop
Seat 3: juningato555 (button) folded before Flop (didn't bet)



PokerStars Hand #250458106020: Tournament #3753550073, $1.84+$0.16 USD Hold'em No Limit - Level III (20/40) - 2024/05/12 15:32:37 CET [2024/05/12 9:32:37 ET]
Table '3753550073 1' 3-max Seat #1 is the button
Seat 1: Mahu2021 (605 in chips) 
Seat 2: ducatedral (260 in chips) 
Seat 3: juningato555 (635 in chips) 
ducatedral: posts small blind 20
juningato555: posts big blind 40
*** HOLE CARDS ***
Dealt to Mahu2021 [Js Td]
Mahu2021: calls 40
ducatedral: folds 
juningato555: checks 
*** FLOP *** [4h 2c Kh]
juningato555: checks 
Mahu2021: checks 
*** TURN *** [4h 2c Kh] [8c]
juningato555: checks 
Mahu2021: checks 
*** RIVER *** [4h 2c Kh 8c] [Ac]
juningato555: bets 80
Mahu2021: folds 
Uncalled bet (80) returned to juningato555
juningato555 collected 100 from pot
*** SUMMARY ***
Total pot 100 | Rake 0 
Board [4h 2c Kh 8c Ac]
Seat 1: Mahu2021 (button) folded on the River
Seat 2: ducatedral (small blind) folded before Flop
Seat 3: juningato555 (big blind) collected (100)



PokerStars Hand #250458110147: Tournament #3753550073, $1.84+$0.16 USD Hold'em No Limit - Level III (20/40) - 2024/05/12 15:32:56 CET [2024/05/12 9:32:56 ET]
Table '3753550073 1' 3-max Seat #2 is the button
Seat 1: Mahu2021 (565 in chips) 
Seat 2: ducatedral (240 in chips) 
Seat 3: juningato555 (695 in chips) 
juningato555: posts small blind 20
Mahu2021: posts big blind 40
*** HOLE CARDS ***
Dealt to Mahu2021 [7d 2d]
ducatedral: folds 
juningato555: folds 
Uncalled bet (20) returned to Mahu2021
Mahu2021 collected 40 from pot
Mahu2021: doesn't show hand 
*** SUMMARY ***
Total pot 40 | Rake 0 
Seat 1: Mahu2021 (big blind) collected (40)
Seat 2: ducatedral (button) folded before Flop (didn't bet)
Seat 3: juningato555 (small blind) folded before Flop



PokerStars Hand #250458111529: Tournament #3753550073, $1.84+$0.16 USD Hold'em No Limit - Level III (20/40) - 2024/05/12 15:33:03 CET [2024/05/12 9:33:03 ET]
Table '3753550073 1' 3-max Seat #3 is the button
Seat 1: Mahu2021 (585 in chips) 
Seat 2: ducatedral (240 in chips) 
Seat 3: juningato555 (675 in chips) 
Mahu2021: posts small blind 20
ducatedral: posts big blind 40
*** HOLE CARDS ***
Dealt to Mahu2021 [4d 5s]
juningato555: folds 
Mahu2021: folds 
Uncalled bet (20) returned to ducatedral
ducatedral collected 40 from pot
ducatedral: doesn't show hand 
*** SUMMARY ***
Total pot 40 | Rake 0 
Seat 1: Mahu2021 (small blind) folded before Flop
Seat 2: ducatedral (big blind) collected (40)
Seat 3: juningato555 (button) folded before Flop (didn't bet)



PokerStars Hand #250458112528: Tournament #3753550073, $1.84+$0.16 USD Hold'em No Limit - Level III (20/40) - 2024/05/12 15:33:08 CET [2024/05/12 9:33:08 ET]
Table '3753550073 1' 3-max Seat #1 is the button
Seat 1: Mahu2021 (565 in chips) 
Seat 2: ducatedral (260 in chips) 
Seat 3: juningato555 (675 in chips) 
ducatedral: posts small blind 20
juningato555: posts big blind 40
*** HOLE CARDS ***
Dealt to Mahu2021 [2d Kd]
Mahu2021: calls 40
ducatedral: calls 20
juningato555: checks 
*** FLOP *** [4d Qs 6s]
ducatedral: bets 220 and is all-in
juningato555: folds 
Mahu2021: folds 
Uncalled bet (220) returned to ducatedral
ducatedral collected 120 from pot
ducatedral: doesn't show hand 
*** SUMMARY ***
Total pot 120 | Rake 0 
Board [4d Qs 6s]
Seat 1: Mahu2021 (button) folded on the Flop
Seat 2: ducatedral (small blind) collected (120)
Seat 3: juningato555 (big blind) folded on the Flop



PokerStars Hand #250458115642: Tournament #3753550073, $1.84+$0.16 USD Hold'em No Limit - Level III (20/40) - 2024/05/12 15:33:22 CET [2024/05/12 9:33:22 ET]
Table '3753550073 1' 3-max Seat #2 is the button
Seat 1: Mahu2021 (525 in chips) 
Seat 2: ducatedral (340 in chips) 
Seat 3: juningato555 (635 in chips) 
juningato555: posts small blind 20
Mahu2021: posts big blind 40
*** HOLE CARDS ***
Dealt to Mahu2021 [Kd Jh]
ducatedral: folds 
juningato555: raises 40 to 80
Mahu2021: calls 40
*** FLOP *** [6c 4d 2s]
juningato555: bets 80
Mahu2021: folds 
Uncalled bet (80) returned to juningato555
juningato555 collected 160 from pot
*** SUMMARY ***
Total pot 160 | Rake 0 
Board [6c 4d 2s]
Seat 1: Mahu2021 (big blind) folded on the Flop
Seat 2: ducatedral (button) folded before Flop (didn't bet)
Seat 3: juningato555 (small blind) collected (160)



PokerStars Hand #250458118360: Tournament #3753550073, $1.84+$0.16 USD Hold'em No Limit - Level III (20/40) - 2024/05/12 15:33:35 CET [2024/05/12 9:33:35 ET]
Table '3753550073 1' 3-max Seat #3 is the button
Seat 1: Mahu2021 (445 in chips) 
Seat 2: ducatedral (340 in chips) 
Seat 3: juningato555 (715 in chips) 
Mahu2021: posts small blind 20
ducatedral: posts big blind 40
*** HOLE CARDS ***
Dealt to Mahu2021 [Qc 2d]
juningato555: folds 
Mahu2021: calls 20
ducatedral: checks 
*** FLOP *** [5d 6d Kc]
Mahu2021: checks 
ducatedral: bets 300 and is all-in
Mahu2021: folds 
Uncalled bet (300) returned to ducatedral
ducatedral collected 80 from pot
ducatedral: doesn't show hand 
*** SUMMARY ***
Total pot 80 | Rake 0 
Board [5d 6d Kc]
Seat 1: Mahu2021 (small blind) folded on the Flop
Seat 2: ducatedral (big blind) collected (80)
Seat 3: juningato555 (button) folded before Flop (didn't bet)



PokerStars Hand #250458122313: Tournament #3753550073, $1.84+$0.16 USD Hold'em No Limit - Level III (20/40) - 2024/05/12 15:33:54 CET [2024/05/12 9:33:54 ET]
Table '3753550073 1' 3-max Seat #1 is the button
Seat 1: Mahu2021 (405 in chips) 
Seat 2: ducatedral (380 in chips) 
Seat 3: juningato555 (715 in chips) 
ducatedral: posts small blind 20
juningato555: posts big blind 40
*** HOLE CARDS ***
Dealt to Mahu2021 [Qc 6h]
Mahu2021: calls 40
ducatedral: calls 20
juningato555: raises 675 to 715 and is all-in
Mahu2021: folds 
ducatedral: calls 340 and is all-in
Uncalled bet (335) returned to juningato555
*** FLOP *** [5d Ac 6c]
*** TURN *** [5d Ac 6c] [9s]
*** RIVER *** [5d Ac 6c 9s] [As]
*** SHOW DOWN ***
ducatedral: shows [7c Kc] (a pair of Aces)
juningato555: shows [Kd Ts] (a pair of Aces - King+Ten kicker)
juningato555 collected 800 from pot
ducatedral finished the tournament in 3rd place
*** SUMMARY ***
Total pot 800 | Rake 0 
Board [5d Ac 6c 9s As]
Seat 1: Mahu2021 (button) folded before Flop
Seat 2: ducatedral (small blind) showed [7c Kc] and lost with a pair of Aces
Seat 3: juningato555 (big blind) showed [Kd Ts] and won (800) with a pair of Aces



PokerStars Hand #250458127319: Tournament #3753550073, $1.84+$0.16 USD Hold'em No Limit - Level III (20/40) - 2024/05/12 15:34:17 CET [2024/05/12 9:34:17 ET]
Table '3753550073 1' 3-max Seat #3 is the button
Seat 1: Mahu2021 (365 in chips) 
Seat 3: juningato555 (1135 in chips) 
juningato555: posts small blind 20
Mahu2021: posts big blind 40
*** HOLE CARDS ***
Dealt to Mahu2021 [Jc 9c]
juningato555: raises 40 to 80
Mahu2021: calls 40
*** FLOP *** [Qc Qs 5s]
Mahu2021: checks 
juningato555: checks 
*** TURN *** [Qc Qs 5s] [Ts]
Mahu2021: checks 
juningato555: bets 40
Mahu2021: calls 40
*** RIVER *** [Qc Qs 5s Ts] [2c]
Mahu2021: checks 
juningato555: bets 1015 and is all-in
Mahu2021: folds 
Uncalled bet (1015) returned to juningato555
juningato555 collected 240 from pot
*** SUMMARY ***
Total pot 240 | Rake 0 
Board [Qc Qs 5s Ts 2c]
Seat 1: Mahu2021 (big blind) folded on the River
Seat 3: juningato555 (button) (small blind) collected (240)



PokerStars Hand #250458133823: Tournament #3753550073, $1.84+$0.16 USD Hold'em No Limit - Level IV (30/60) - 2024/05/12 15:34:48 CET [2024/05/12 9:34:48 ET]
Table '3753550073 1' 3-max Seat #1 is the button
Seat 1: Mahu2021 (245 in chips) 
Seat 3: juningato555 (1255 in chips) 
Mahu2021: posts small blind 30
juningato555: posts big blind 60
*** HOLE CARDS ***
Dealt to Mahu2021 [3c 7s]
Mahu2021: folds 
Uncalled bet (30) returned to juningato555
juningato555 collected 60 from pot
*** SUMMARY ***
Total pot 60 | Rake 0 
Seat 1: Mahu2021 (button) (small blind) folded before Flop
Seat 3: juningato555 (big blind) collected (60)



PokerStars Hand #250458134791: Tournament #3753550073, $1.84+$0.16 USD Hold'em No Limit - Level IV (30/60) - 2024/05/12 15:34:53 CET [2024/05/12 9:34:53 ET]
Table '3753550073 1' 3-max Seat #3 is the button
Seat 1: Mahu2021 (215 in chips) 
Seat 3: juningato555 (1285 in chips) 
juningato555: posts small blind 30
Mahu2021: posts big blind 60
*** HOLE CARDS ***
Dealt to Mahu2021 [Kd Qd]
juningato555: folds 
Uncalled bet (30) returned to Mahu2021
Mahu2021 collected 60 from pot
Mahu2021: doesn't show hand 
*** SUMMARY ***
Total pot 60 | Rake 0 
Seat 1: Mahu2021 (big blind) collected (60)
Seat 3: juningato555 (button) (small blind) folded before Flop



PokerStars Hand #250458135790: Tournament #3753550073, $1.84+$0.16 USD Hold'em No Limit - Level IV (30/60) - 2024/05/12 15:34:57 CET [2024/05/12 9:34:57 ET]
Table '3753550073 1' 3-max Seat #1 is the button
Seat 1: Mahu2021 (245 in chips) 
Seat 3: juningato555 (1255 in chips) 
Mahu2021: posts small blind 30
juningato555: posts big blind 60
*** HOLE CARDS ***
Dealt to Mahu2021 [6d 2d]
Mahu2021: folds 
Uncalled bet (30) returned to juningato555
juningato555 collected 60 from pot
*** SUMMARY ***
Total pot 60 | Rake 0 
Seat 1: Mahu2021 (button) (small blind) folded before Flop
Seat 3: juningato555 (big blind) collected (60)



PokerStars Hand #250458136803: Tournament #3753550073, $1.84+$0.16 USD Hold'em No Limit - Level IV (30/60) - 2024/05/12 15:35:02 CET [2024/05/12 9:35:02 ET]
Table '3753550073 1' 3-max Seat #3 is the button
Seat 1: Mahu2021 (215 in chips) 
Seat 3: juningato555 (1285 in chips) 
juningato555: posts small blind 30
Mahu2021: posts big blind 60
*** HOLE CARDS ***
Dealt to Mahu2021 [Qs Kh]
juningato555: raises 1225 to 1285 and is all-in
Mahu2021: calls 155 and is all-in
Uncalled bet (1070) returned to juningato555
*** FLOP *** [Js Ac Td]
*** TURN *** [Js Ac Td] [4d]
*** RIVER *** [Js Ac Td 4d] [7c]
*** SHOW DOWN ***
Mahu2021: shows [Qs Kh] (a straight, Ten to Ace)
juningato555: shows [7s As] (two pair, Aces and Sevens)
Mahu2021 collected 430 from pot
*** SUMMARY ***
Total pot 430 | Rake 0 
Board [Js Ac Td 4d 7c]
Seat 1: Mahu2021 (big blind) showed [Qs Kh] and won (430) with a straight, Ten to Ace
Seat 3: juningato555 (button) (small blind) showed [7s As] and lost with two pair, Aces and Sevens



PokerStars Hand #250458139453: Tournament #3753550073, $1.84+$0.16 USD Hold'em No Limit - Level IV (30/60) - 2024/05/12 15:35:14 CET [2024/05/12 9:35:14 ET]
Table '3753550073 1' 3-max Seat #1 is the button
Seat 1: Mahu2021 (430 in chips) 
Seat 3: juningato555 (1070 in chips) 
Mahu2021: posts small blind 30
juningato555: posts big blind 60
*** HOLE CARDS ***
Dealt to Mahu2021 [Td Tc]
Mahu2021: raises 370 to 430 and is all-in
juningato555: calls 370
*** FLOP *** [Qd 6h 3d]
*** TURN *** [Qd 6h 3d] [5s]
*** RIVER *** [Qd 6h 3d 5s] [3h]
*** SHOW DOWN ***
juningato555: shows [Jc Qc] (two pair, Queens and Threes)
Mahu2021: shows [Td Tc] (two pair, Tens and Threes)
juningato555 collected 860 from pot
Mahu2021 finished the tournament in 2nd place
juningato555 wins the tournament and receives $4.00 - congratulations!
*** SUMMARY ***
Total pot 860 | Rake 0 
Board [Qd 6h 3d 5s 3h]
Seat 1: Mahu2021 (button) (small blind) showed [Td Tc] and lost with two pair, Tens and Threes
Seat 3: juningato555 (big blind) showed [Jc Qc] and won (860) with two pair, Queens and Threes



