PokerStars Hand #247109968984: Tournament #3673227844, $1.84+$0.16 USD Hold'em No Limit - Level I (10/20) - 2023/11/14 21:07:30 CET [2023/11/14 15:07:30 ET]
Table '3673227844 1' 3-max Seat #1 is the button
Seat 1: andrei_the_one7 (500 in chips) 
Seat 2: Mahu2021 (500 in chips) 
Seat 3: felipeb32 (500 in chips) 
Mahu2021: posts small blind 10
felipeb32: posts big blind 20
*** HOLE CARDS ***
Dealt to Mahu2021 [5s 6c]
andrei_the_one7: calls 20
Mahu2021: calls 10
felipeb32: checks 
*** FLOP *** [3c Th 6h]
Mahu2021: checks 
felipeb32: bets 20
andrei_the_one7: calls 20
Mahu2021: calls 20
*** TURN *** [3c Th 6h] [Jc]
Mahu2021: checks 
felipeb32: bets 20
andrei_the_one7: folds 
Mahu2021: calls 20
*** RIVER *** [3c Th 6h Jc] [Kd]
Mahu2021: checks 
felipeb32: checks 
*** SHOW DOWN ***
Mahu2021: shows [5s 6c] (a pair of Sixes)
felipeb32: mucks hand 
Mahu2021 collected 160 from pot
*** SUMMARY ***
Total pot 160 | Rake 0 
Board [3c Th 6h Jc Kd]
Seat 1: andrei_the_one7 (button) folded on the Turn
Seat 2: Mahu2021 (small blind) showed [5s 6c] and won (160) with a pair of Sixes
Seat 3: felipeb32 (big blind) mucked [4h 7h]



PokerStars Hand #247109978971: Tournament #3673227844, $1.84+$0.16 USD Hold'em No Limit - Level I (10/20) - 2023/11/14 21:07:59 CET [2023/11/14 15:07:59 ET]
Table '3673227844 1' 3-max Seat #2 is the button
Seat 1: andrei_the_one7 (460 in chips) 
Seat 2: Mahu2021 (600 in chips) 
Seat 3: felipeb32 (440 in chips) 
felipeb32: posts small blind 10
andrei_the_one7: posts big blind 20
*** HOLE CARDS ***
Dealt to Mahu2021 [8d As]
Mahu2021: folds 
felipeb32: raises 420 to 440 and is all-in
andrei_the_one7: folds 
Uncalled bet (420) returned to felipeb32
felipeb32 collected 40 from pot
felipeb32: doesn't show hand 
*** SUMMARY ***
Total pot 40 | Rake 0 
Seat 1: andrei_the_one7 (big blind) folded before Flop
Seat 2: Mahu2021 (button) folded before Flop (didn't bet)
Seat 3: felipeb32 (small blind) collected (40)



PokerStars Hand #247109982345: Tournament #3673227844, $1.84+$0.16 USD Hold'em No Limit - Level I (10/20) - 2023/11/14 21:08:08 CET [2023/11/14 15:08:08 ET]
Table '3673227844 1' 3-max Seat #3 is the button
Seat 1: andrei_the_one7 (440 in chips) 
Seat 2: Mahu2021 (600 in chips) 
Seat 3: felipeb32 (460 in chips) 
andrei_the_one7: posts small blind 10
Mahu2021: posts big blind 20
*** HOLE CARDS ***
Dealt to Mahu2021 [2c Ad]
felipeb32: calls 20
andrei_the_one7: calls 10
Mahu2021: checks 
*** FLOP *** [5d 8h 3d]
andrei_the_one7: checks 
Mahu2021: checks 
felipeb32: checks 
*** TURN *** [5d 8h 3d] [2d]
andrei_the_one7: checks 
Mahu2021: bets 20
felipeb32: folds 
andrei_the_one7: calls 20
*** RIVER *** [5d 8h 3d 2d] [Qd]
andrei_the_one7: checks 
Mahu2021: bets 100
andrei_the_one7: folds 
Uncalled bet (100) returned to Mahu2021
Mahu2021 collected 100 from pot
Mahu2021: doesn't show hand 
*** SUMMARY ***
Total pot 100 | Rake 0 
Board [5d 8h 3d 2d Qd]
Seat 1: andrei_the_one7 (small blind) folded on the River
Seat 2: Mahu2021 (big blind) collected (100)
Seat 3: felipeb32 (button) folded on the Turn



PokerStars Hand #247109993979: Tournament #3673227844, $1.84+$0.16 USD Hold'em No Limit - Level I (10/20) - 2023/11/14 21:08:41 CET [2023/11/14 15:08:41 ET]
Table '3673227844 1' 3-max Seat #1 is the button
Seat 1: andrei_the_one7 (400 in chips) 
Seat 2: Mahu2021 (660 in chips) 
Seat 3: felipeb32 (440 in chips) 
Mahu2021: posts small blind 10
felipeb32: posts big blind 20
*** HOLE CARDS ***
Dealt to Mahu2021 [Kd 6s]
andrei_the_one7: raises 380 to 400 and is all-in
Mahu2021: folds 
felipeb32: folds 
Uncalled bet (380) returned to andrei_the_one7
andrei_the_one7 collected 50 from pot
andrei_the_one7: doesn't show hand 
*** SUMMARY ***
Total pot 50 | Rake 0 
Seat 1: andrei_the_one7 (button) collected (50)
Seat 2: Mahu2021 (small blind) folded before Flop
Seat 3: felipeb32 (big blind) folded before Flop



PokerStars Hand #247109999570: Tournament #3673227844, $1.84+$0.16 USD Hold'em No Limit - Level I (10/20) - 2023/11/14 21:08:56 CET [2023/11/14 15:08:56 ET]
Table '3673227844 1' 3-max Seat #2 is the button
Seat 1: andrei_the_one7 (430 in chips) 
Seat 2: Mahu2021 (650 in chips) 
Seat 3: felipeb32 (420 in chips) 
felipeb32: posts small blind 10
andrei_the_one7: posts big blind 20
*** HOLE CARDS ***
Dealt to Mahu2021 [7d Jc]
Mahu2021: folds 
felipeb32: calls 10
andrei_the_one7: checks 
*** FLOP *** [Js 5d Kc]
felipeb32: checks 
andrei_the_one7: bets 20
felipeb32: folds 
Uncalled bet (20) returned to andrei_the_one7
andrei_the_one7 collected 40 from pot
andrei_the_one7: doesn't show hand 
*** SUMMARY ***
Total pot 40 | Rake 0 
Board [Js 5d Kc]
Seat 1: andrei_the_one7 (big blind) collected (40)
Seat 2: Mahu2021 (button) folded before Flop (didn't bet)
Seat 3: felipeb32 (small blind) folded on the Flop



PokerStars Hand #247110013970: Tournament #3673227844, $1.84+$0.16 USD Hold'em No Limit - Level II (15/30) - 2023/11/14 21:09:37 CET [2023/11/14 15:09:37 ET]
Table '3673227844 1' 3-max Seat #3 is the button
Seat 1: andrei_the_one7 (450 in chips) 
Seat 2: Mahu2021 (650 in chips) 
Seat 3: felipeb32 (400 in chips) 
andrei_the_one7: posts small blind 15
Mahu2021: posts big blind 30
*** HOLE CARDS ***
Dealt to Mahu2021 [Ad 8d]
felipeb32: calls 30
andrei_the_one7: folds 
Mahu2021: checks 
*** FLOP *** [9c As Ts]
Mahu2021: checks 
felipeb32: bets 30
Mahu2021: calls 30
*** TURN *** [9c As Ts] [Kh]
Mahu2021: checks 
felipeb32: bets 30
Mahu2021: calls 30
*** RIVER *** [9c As Ts Kh] [3d]
Mahu2021: checks 
felipeb32: checks 
*** SHOW DOWN ***
Mahu2021: shows [Ad 8d] (a pair of Aces)
felipeb32: mucks hand 
Mahu2021 collected 195 from pot
*** SUMMARY ***
Total pot 195 | Rake 0 
Board [9c As Ts Kh 3d]
Seat 1: andrei_the_one7 (small blind) folded before Flop
Seat 2: Mahu2021 (big blind) showed [Ad 8d] and won (195) with a pair of Aces
Seat 3: felipeb32 (button) mucked [Qh Tc]



PokerStars Hand #247110020666: Tournament #3673227844, $1.84+$0.16 USD Hold'em No Limit - Level II (15/30) - 2023/11/14 21:09:56 CET [2023/11/14 15:09:56 ET]
Table '3673227844 1' 3-max Seat #1 is the button
Seat 1: andrei_the_one7 (435 in chips) 
Seat 2: Mahu2021 (755 in chips) 
Seat 3: felipeb32 (310 in chips) 
Mahu2021: posts small blind 15
felipeb32: posts big blind 30
*** HOLE CARDS ***
Dealt to Mahu2021 [7s 8d]
andrei_the_one7: folds 
Mahu2021: calls 15
felipeb32: checks 
*** FLOP *** [5h Ts 2d]
Mahu2021: checks 
felipeb32: bets 60
Mahu2021: folds 
Uncalled bet (60) returned to felipeb32
felipeb32 collected 60 from pot
felipeb32: doesn't show hand 
*** SUMMARY ***
Total pot 60 | Rake 0 
Board [5h Ts 2d]
Seat 1: andrei_the_one7 (button) folded before Flop (didn't bet)
Seat 2: Mahu2021 (small blind) folded on the Flop
Seat 3: felipeb32 (big blind) collected (60)



PokerStars Hand #247110026119: Tournament #3673227844, $1.84+$0.16 USD Hold'em No Limit - Level II (15/30) - 2023/11/14 21:10:12 CET [2023/11/14 15:10:12 ET]
Table '3673227844 1' 3-max Seat #2 is the button
Seat 1: andrei_the_one7 (435 in chips) 
Seat 2: Mahu2021 (725 in chips) 
Seat 3: felipeb32 (340 in chips) 
felipeb32: posts small blind 15
andrei_the_one7: posts big blind 30
*** HOLE CARDS ***
Dealt to Mahu2021 [Ah Ac]
Mahu2021: raises 60 to 90
felipeb32: raises 250 to 340 and is all-in
andrei_the_one7: folds 
Mahu2021: calls 250
*** FLOP *** [9d 2s 2h]
*** TURN *** [9d 2s 2h] [9h]
*** RIVER *** [9d 2s 2h 9h] [3d]
*** SHOW DOWN ***
felipeb32: shows [Qd Ad] (two pair, Nines and Deuces)
Mahu2021: shows [Ah Ac] (two pair, Aces and Nines)
Mahu2021 collected 710 from pot
felipeb32 finished the tournament in 3rd place
*** SUMMARY ***
Total pot 710 | Rake 0 
Board [9d 2s 2h 9h 3d]
Seat 1: andrei_the_one7 (big blind) folded before Flop
Seat 2: Mahu2021 (button) showed [Ah Ac] and won (710) with two pair, Aces and Nines
Seat 3: felipeb32 (small blind) showed [Qd Ad] and lost with two pair, Nines and Deuces



PokerStars Hand #247110034000: Tournament #3673227844, $1.84+$0.16 USD Hold'em No Limit - Level II (15/30) - 2023/11/14 21:10:34 CET [2023/11/14 15:10:34 ET]
Table '3673227844 1' 3-max Seat #1 is the button
Seat 1: andrei_the_one7 (405 in chips) 
Seat 2: Mahu2021 (1095 in chips) 
andrei_the_one7: posts small blind 15
Mahu2021: posts big blind 30
*** HOLE CARDS ***
Dealt to Mahu2021 [7c 9s]
andrei_the_one7: folds 
Uncalled bet (15) returned to Mahu2021
Mahu2021 collected 30 from pot
Mahu2021: doesn't show hand 
*** SUMMARY ***
Total pot 30 | Rake 0 
Seat 1: andrei_the_one7 (button) (small blind) folded before Flop
Seat 2: Mahu2021 (big blind) collected (30)



PokerStars Hand #247110038255: Tournament #3673227844, $1.84+$0.16 USD Hold'em No Limit - Level II (15/30) - 2023/11/14 21:10:46 CET [2023/11/14 15:10:46 ET]
Table '3673227844 1' 3-max Seat #2 is the button
Seat 1: andrei_the_one7 (390 in chips) 
Seat 2: Mahu2021 (1110 in chips) 
Mahu2021: posts small blind 15
andrei_the_one7: posts big blind 30
*** HOLE CARDS ***
Dealt to Mahu2021 [Ts 6h]
Mahu2021: calls 15
andrei_the_one7: checks 
*** FLOP *** [4s Qd Jd]
andrei_the_one7: checks 
Mahu2021: bets 30
andrei_the_one7: folds 
Uncalled bet (30) returned to Mahu2021
Mahu2021 collected 60 from pot
Mahu2021: doesn't show hand 
*** SUMMARY ***
Total pot 60 | Rake 0 
Board [4s Qd Jd]
Seat 1: andrei_the_one7 (big blind) folded on the Flop
Seat 2: Mahu2021 (button) (small blind) collected (60)



PokerStars Hand #247110042883: Tournament #3673227844, $1.84+$0.16 USD Hold'em No Limit - Level II (15/30) - 2023/11/14 21:10:58 CET [2023/11/14 15:10:58 ET]
Table '3673227844 1' 3-max Seat #1 is the button
Seat 1: andrei_the_one7 (360 in chips) 
Seat 2: Mahu2021 (1140 in chips) 
andrei_the_one7: posts small blind 15
Mahu2021: posts big blind 30
*** HOLE CARDS ***
Dealt to Mahu2021 [Ac 2c]
andrei_the_one7: raises 330 to 360 and is all-in
Mahu2021: calls 330
*** FLOP *** [Td 7s 3d]
*** TURN *** [Td 7s 3d] [4h]
*** RIVER *** [Td 7s 3d 4h] [7c]
*** SHOW DOWN ***
Mahu2021: shows [Ac 2c] (a pair of Sevens)
andrei_the_one7: shows [As 8c] (a pair of Sevens - Ace+Ten+Eight kicker)
andrei_the_one7 collected 720 from pot
*** SUMMARY ***
Total pot 720 | Rake 0 
Board [Td 7s 3d 4h 7c]
Seat 1: andrei_the_one7 (button) (small blind) showed [As 8c] and won (720) with a pair of Sevens
Seat 2: Mahu2021 (big blind) showed [Ac 2c] and lost with a pair of Sevens



PokerStars Hand #247110047623: Tournament #3673227844, $1.84+$0.16 USD Hold'em No Limit - Level II (15/30) - 2023/11/14 21:11:12 CET [2023/11/14 15:11:12 ET]
Table '3673227844 1' 3-max Seat #2 is the button
Seat 1: andrei_the_one7 (720 in chips) 
Seat 2: Mahu2021 (780 in chips) 
Mahu2021: posts small blind 15
andrei_the_one7: posts big blind 30
*** HOLE CARDS ***
Dealt to Mahu2021 [Tc 7d]
Mahu2021: calls 15
andrei_the_one7: checks 
*** FLOP *** [3c 3h 7c]
andrei_the_one7: checks 
Mahu2021: bets 60
andrei_the_one7: folds 
Uncalled bet (60) returned to Mahu2021
Mahu2021 collected 60 from pot
Mahu2021: doesn't show hand 
*** SUMMARY ***
Total pot 60 | Rake 0 
Board [3c 3h 7c]
Seat 1: andrei_the_one7 (big blind) folded on the Flop
Seat 2: Mahu2021 (button) (small blind) collected (60)



PokerStars Hand #247110053439: Tournament #3673227844, $1.84+$0.16 USD Hold'em No Limit - Level II (15/30) - 2023/11/14 21:11:28 CET [2023/11/14 15:11:28 ET]
Table '3673227844 1' 3-max Seat #1 is the button
Seat 1: andrei_the_one7 (690 in chips) 
Seat 2: Mahu2021 (810 in chips) 
andrei_the_one7: posts small blind 15
Mahu2021: posts big blind 30
*** HOLE CARDS ***
Dealt to Mahu2021 [8h Jd]
andrei_the_one7: calls 15
Mahu2021: checks 
*** FLOP *** [5s 7s Ad]
Mahu2021: checks 
andrei_the_one7: checks 
*** TURN *** [5s 7s Ad] [2h]
Mahu2021: checks 
andrei_the_one7: bets 30
Mahu2021: folds 
Uncalled bet (30) returned to andrei_the_one7
andrei_the_one7 collected 60 from pot
andrei_the_one7: doesn't show hand 
*** SUMMARY ***
Total pot 60 | Rake 0 
Board [5s 7s Ad 2h]
Seat 1: andrei_the_one7 (button) (small blind) collected (60)
Seat 2: Mahu2021 (big blind) folded on the Turn



PokerStars Hand #247110062935: Tournament #3673227844, $1.84+$0.16 USD Hold'em No Limit - Level III (20/40) - 2023/11/14 21:11:54 CET [2023/11/14 15:11:54 ET]
Table '3673227844 1' 3-max Seat #2 is the button
Seat 1: andrei_the_one7 (720 in chips) 
Seat 2: Mahu2021 (780 in chips) 
Mahu2021: posts small blind 20
andrei_the_one7: posts big blind 40
*** HOLE CARDS ***
Dealt to Mahu2021 [6h 2c]
Mahu2021: folds 
Uncalled bet (20) returned to andrei_the_one7
andrei_the_one7 collected 40 from pot
andrei_the_one7: doesn't show hand 
*** SUMMARY ***
Total pot 40 | Rake 0 
Seat 1: andrei_the_one7 (big blind) collected (40)
Seat 2: Mahu2021 (button) (small blind) folded before Flop



PokerStars Hand #247110064521: Tournament #3673227844, $1.84+$0.16 USD Hold'em No Limit - Level III (20/40) - 2023/11/14 21:11:58 CET [2023/11/14 15:11:58 ET]
Table '3673227844 1' 3-max Seat #1 is the button
Seat 1: andrei_the_one7 (740 in chips) 
Seat 2: Mahu2021 (760 in chips) 
andrei_the_one7: posts small blind 20
Mahu2021: posts big blind 40
*** HOLE CARDS ***
Dealt to Mahu2021 [2d 5h]
andrei_the_one7: folds 
Uncalled bet (20) returned to Mahu2021
Mahu2021 collected 40 from pot
Mahu2021: doesn't show hand 
*** SUMMARY ***
Total pot 40 | Rake 0 
Seat 1: andrei_the_one7 (button) (small blind) folded before Flop
Seat 2: Mahu2021 (big blind) collected (40)



PokerStars Hand #247110068825: Tournament #3673227844, $1.84+$0.16 USD Hold'em No Limit - Level III (20/40) - 2023/11/14 21:12:10 CET [2023/11/14 15:12:10 ET]
Table '3673227844 1' 3-max Seat #2 is the button
Seat 1: andrei_the_one7 (720 in chips) 
Seat 2: Mahu2021 (780 in chips) 
Mahu2021: posts small blind 20
andrei_the_one7: posts big blind 40
*** HOLE CARDS ***
Dealt to Mahu2021 [Ac Jc]
Mahu2021: raises 80 to 120
andrei_the_one7: folds 
Uncalled bet (80) returned to Mahu2021
Mahu2021 collected 80 from pot
Mahu2021: doesn't show hand 
*** SUMMARY ***
Total pot 80 | Rake 0 
Seat 1: andrei_the_one7 (big blind) folded before Flop
Seat 2: Mahu2021 (button) (small blind) collected (80)



PokerStars Hand #247110071374: Tournament #3673227844, $1.84+$0.16 USD Hold'em No Limit - Level III (20/40) - 2023/11/14 21:12:17 CET [2023/11/14 15:12:17 ET]
Table '3673227844 1' 3-max Seat #1 is the button
Seat 1: andrei_the_one7 (680 in chips) 
Seat 2: Mahu2021 (820 in chips) 
andrei_the_one7: posts small blind 20
Mahu2021: posts big blind 40
*** HOLE CARDS ***
Dealt to Mahu2021 [4d 8d]
andrei_the_one7: raises 40 to 80
Mahu2021: calls 40
*** FLOP *** [3c Jh Kc]
Mahu2021: checks 
andrei_the_one7: bets 80
Mahu2021: folds 
Uncalled bet (80) returned to andrei_the_one7
andrei_the_one7 collected 160 from pot
andrei_the_one7: doesn't show hand 
*** SUMMARY ***
Total pot 160 | Rake 0 
Board [3c Jh Kc]
Seat 1: andrei_the_one7 (button) (small blind) collected (160)
Seat 2: Mahu2021 (big blind) folded on the Flop



PokerStars Hand #247110075100: Tournament #3673227844, $1.84+$0.16 USD Hold'em No Limit - Level III (20/40) - 2023/11/14 21:12:28 CET [2023/11/14 15:12:28 ET]
Table '3673227844 1' 3-max Seat #2 is the button
Seat 1: andrei_the_one7 (760 in chips) 
Seat 2: Mahu2021 (740 in chips) 
Mahu2021: posts small blind 20
andrei_the_one7: posts big blind 40
*** HOLE CARDS ***
Dealt to Mahu2021 [3c Kd]
Mahu2021: calls 20
andrei_the_one7: checks 
*** FLOP *** [Ah Ts 9d]
andrei_the_one7: checks 
Mahu2021: checks 
*** TURN *** [Ah Ts 9d] [5s]
andrei_the_one7: checks 
Mahu2021: checks 
*** RIVER *** [Ah Ts 9d 5s] [9c]
andrei_the_one7: checks 
Mahu2021: checks 
*** SHOW DOWN ***
andrei_the_one7: shows [7d 8c] (a pair of Nines)
Mahu2021: shows [3c Kd] (a pair of Nines - Ace+King kicker)
Mahu2021 collected 80 from pot
*** SUMMARY ***
Total pot 80 | Rake 0 
Board [Ah Ts 9d 5s 9c]
Seat 1: andrei_the_one7 (big blind) showed [7d 8c] and lost with a pair of Nines
Seat 2: Mahu2021 (button) (small blind) showed [3c Kd] and won (80) with a pair of Nines



PokerStars Hand #247110084753: Tournament #3673227844, $1.84+$0.16 USD Hold'em No Limit - Level III (20/40) - 2023/11/14 21:12:55 CET [2023/11/14 15:12:55 ET]
Table '3673227844 1' 3-max Seat #1 is the button
Seat 1: andrei_the_one7 (720 in chips) 
Seat 2: Mahu2021 (780 in chips) 
andrei_the_one7: posts small blind 20
Mahu2021: posts big blind 40
*** HOLE CARDS ***
Dealt to Mahu2021 [Jc Ts]
andrei_the_one7: folds 
Uncalled bet (20) returned to Mahu2021
Mahu2021 collected 40 from pot
Mahu2021: doesn't show hand 
*** SUMMARY ***
Total pot 40 | Rake 0 
Seat 1: andrei_the_one7 (button) (small blind) folded before Flop
Seat 2: Mahu2021 (big blind) collected (40)



PokerStars Hand #247110086544: Tournament #3673227844, $1.84+$0.16 USD Hold'em No Limit - Level III (20/40) - 2023/11/14 21:13:00 CET [2023/11/14 15:13:00 ET]
Table '3673227844 1' 3-max Seat #2 is the button
Seat 1: andrei_the_one7 (700 in chips) 
Seat 2: Mahu2021 (800 in chips) 
Mahu2021: posts small blind 20
andrei_the_one7: posts big blind 40
*** HOLE CARDS ***
Dealt to Mahu2021 [7c Jh]
Mahu2021: calls 20
andrei_the_one7: raises 40 to 80
Mahu2021: calls 40
*** FLOP *** [Tc 6c 7d]
andrei_the_one7: checks 
Mahu2021: bets 80
andrei_the_one7: calls 80
*** TURN *** [Tc 6c 7d] [Th]
andrei_the_one7: checks 
Mahu2021: bets 320
andrei_the_one7: folds 
Uncalled bet (320) returned to Mahu2021
Mahu2021 collected 320 from pot
Mahu2021: doesn't show hand 
*** SUMMARY ***
Total pot 320 | Rake 0 
Board [Tc 6c 7d Th]
Seat 1: andrei_the_one7 (big blind) folded on the Turn
Seat 2: Mahu2021 (button) (small blind) collected (320)



PokerStars Hand #247110093590: Tournament #3673227844, $1.84+$0.16 USD Hold'em No Limit - Level III (20/40) - 2023/11/14 21:13:19 CET [2023/11/14 15:13:19 ET]
Table '3673227844 1' 3-max Seat #1 is the button
Seat 1: andrei_the_one7 (540 in chips) 
Seat 2: Mahu2021 (960 in chips) 
andrei_the_one7: posts small blind 20
Mahu2021: posts big blind 40
*** HOLE CARDS ***
Dealt to Mahu2021 [Jh Ts]
andrei_the_one7: calls 20
Mahu2021: checks 
*** FLOP *** [6c 2s 9h]
Mahu2021: checks 
andrei_the_one7: bets 500 and is all-in
Mahu2021: folds 
Uncalled bet (500) returned to andrei_the_one7
andrei_the_one7 collected 80 from pot
andrei_the_one7: doesn't show hand 
*** SUMMARY ***
Total pot 80 | Rake 0 
Board [6c 2s 9h]
Seat 1: andrei_the_one7 (button) (small blind) collected (80)
Seat 2: Mahu2021 (big blind) folded on the Flop



PokerStars Hand #247110103599: Tournament #3673227844, $1.84+$0.16 USD Hold'em No Limit - Level IV (30/60) - 2023/11/14 21:13:47 CET [2023/11/14 15:13:47 ET]
Table '3673227844 1' 3-max Seat #2 is the button
Seat 1: andrei_the_one7 (580 in chips) 
Seat 2: Mahu2021 (920 in chips) 
Mahu2021: posts small blind 30
andrei_the_one7: posts big blind 60
*** HOLE CARDS ***
Dealt to Mahu2021 [5d Ac]
Mahu2021: calls 30
andrei_the_one7: raises 120 to 180
Mahu2021: calls 120
*** FLOP *** [2d Kh Qc]
andrei_the_one7: bets 120
Mahu2021: folds 
Uncalled bet (120) returned to andrei_the_one7
andrei_the_one7 collected 360 from pot
andrei_the_one7: doesn't show hand 
*** SUMMARY ***
Total pot 360 | Rake 0 
Board [2d Kh Qc]
Seat 1: andrei_the_one7 (big blind) collected (360)
Seat 2: Mahu2021 (button) (small blind) folded on the Flop



PokerStars Hand #247110108441: Tournament #3673227844, $1.84+$0.16 USD Hold'em No Limit - Level IV (30/60) - 2023/11/14 21:14:01 CET [2023/11/14 15:14:01 ET]
Table '3673227844 1' 3-max Seat #1 is the button
Seat 1: andrei_the_one7 (760 in chips) 
Seat 2: Mahu2021 (740 in chips) 
andrei_the_one7: posts small blind 30
Mahu2021: posts big blind 60
*** HOLE CARDS ***
Dealt to Mahu2021 [5s 6d]
andrei_the_one7: raises 60 to 120
Mahu2021: calls 60
*** FLOP *** [5h Tc 8c]
Mahu2021: checks 
andrei_the_one7: checks 
*** TURN *** [5h Tc 8c] [5c]
Mahu2021: checks 
andrei_the_one7: bets 60
Mahu2021: raises 120 to 180
andrei_the_one7: folds 
Uncalled bet (120) returned to Mahu2021
Mahu2021 collected 360 from pot
Mahu2021: doesn't show hand 
*** SUMMARY ***
Total pot 360 | Rake 0 
Board [5h Tc 8c 5c]
Seat 1: andrei_the_one7 (button) (small blind) folded on the Turn
Seat 2: Mahu2021 (big blind) collected (360)



PokerStars Hand #247110114434: Tournament #3673227844, $1.84+$0.16 USD Hold'em No Limit - Level IV (30/60) - 2023/11/14 21:14:18 CET [2023/11/14 15:14:18 ET]
Table '3673227844 1' 3-max Seat #2 is the button
Seat 1: andrei_the_one7 (580 in chips) 
Seat 2: Mahu2021 (920 in chips) 
Mahu2021: posts small blind 30
andrei_the_one7: posts big blind 60
*** HOLE CARDS ***
Dealt to Mahu2021 [Ts Ad]
Mahu2021: raises 120 to 180
andrei_the_one7: folds 
Uncalled bet (120) returned to Mahu2021
Mahu2021 collected 120 from pot
Mahu2021: doesn't show hand 
*** SUMMARY ***
Total pot 120 | Rake 0 
Seat 1: andrei_the_one7 (big blind) folded before Flop
Seat 2: Mahu2021 (button) (small blind) collected (120)



PokerStars Hand #247110116612: Tournament #3673227844, $1.84+$0.16 USD Hold'em No Limit - Level IV (30/60) - 2023/11/14 21:14:24 CET [2023/11/14 15:14:24 ET]
Table '3673227844 1' 3-max Seat #1 is the button
Seat 1: andrei_the_one7 (520 in chips) 
Seat 2: Mahu2021 (980 in chips) 
andrei_the_one7: posts small blind 30
Mahu2021: posts big blind 60
*** HOLE CARDS ***
Dealt to Mahu2021 [5s 6h]
andrei_the_one7: folds 
Uncalled bet (30) returned to Mahu2021
Mahu2021 collected 60 from pot
Mahu2021: doesn't show hand 
*** SUMMARY ***
Total pot 60 | Rake 0 
Seat 1: andrei_the_one7 (button) (small blind) folded before Flop
Seat 2: Mahu2021 (big blind) collected (60)



PokerStars Hand #247110119304: Tournament #3673227844, $1.84+$0.16 USD Hold'em No Limit - Level IV (30/60) - 2023/11/14 21:14:31 CET [2023/11/14 15:14:31 ET]
Table '3673227844 1' 3-max Seat #2 is the button
Seat 1: andrei_the_one7 (490 in chips) 
Seat 2: Mahu2021 (1010 in chips) 
Mahu2021: posts small blind 30
andrei_the_one7: posts big blind 60
*** HOLE CARDS ***
Dealt to Mahu2021 [Qc Kd]
Mahu2021: raises 120 to 180
andrei_the_one7: raises 310 to 490 and is all-in
Mahu2021: calls 310
*** FLOP *** [8s 2h 8h]
*** TURN *** [8s 2h 8h] [4d]
*** RIVER *** [8s 2h 8h 4d] [2s]
*** SHOW DOWN ***
andrei_the_one7: shows [Ah Kc] (two pair, Eights and Deuces)
Mahu2021: shows [Qc Kd] (two pair, Eights and Deuces - lower kicker)
andrei_the_one7 collected 980 from pot
*** SUMMARY ***
Total pot 980 | Rake 0 
Board [8s 2h 8h 4d 2s]
Seat 1: andrei_the_one7 (big blind) showed [Ah Kc] and won (980) with two pair, Eights and Deuces
Seat 2: Mahu2021 (button) (small blind) showed [Qc Kd] and lost with two pair, Eights and Deuces



PokerStars Hand #247110124367: Tournament #3673227844, $1.84+$0.16 USD Hold'em No Limit - Level IV (30/60) - 2023/11/14 21:14:46 CET [2023/11/14 15:14:46 ET]
Table '3673227844 1' 3-max Seat #1 is the button
Seat 1: andrei_the_one7 (980 in chips) 
Seat 2: Mahu2021 (520 in chips) 
andrei_the_one7: posts small blind 30
Mahu2021: posts big blind 60
*** HOLE CARDS ***
Dealt to Mahu2021 [Qd 8c]
andrei_the_one7: raises 920 to 980 and is all-in
Mahu2021: folds 
Uncalled bet (920) returned to andrei_the_one7
andrei_the_one7 collected 120 from pot
andrei_the_one7: doesn't show hand 
*** SUMMARY ***
Total pot 120 | Rake 0 
Seat 1: andrei_the_one7 (button) (small blind) collected (120)
Seat 2: Mahu2021 (big blind) folded before Flop



PokerStars Hand #247110126788: Tournament #3673227844, $1.84+$0.16 USD Hold'em No Limit - Level IV (30/60) - 2023/11/14 21:14:52 CET [2023/11/14 15:14:52 ET]
Table '3673227844 1' 3-max Seat #2 is the button
Seat 1: andrei_the_one7 (1040 in chips) 
Seat 2: Mahu2021 (460 in chips) 
Mahu2021: posts small blind 30
andrei_the_one7: posts big blind 60
*** HOLE CARDS ***
Dealt to Mahu2021 [Jd Tc]
Mahu2021: calls 30
andrei_the_one7: checks 
*** FLOP *** [8h 5s 9s]
andrei_the_one7: bets 60
Mahu2021: calls 60
*** TURN *** [8h 5s 9s] [Qd]
andrei_the_one7: checks 
Mahu2021: bets 60
andrei_the_one7: folds 
Uncalled bet (60) returned to Mahu2021
Mahu2021 collected 240 from pot
Mahu2021: doesn't show hand 
*** SUMMARY ***
Total pot 240 | Rake 0 
Board [8h 5s 9s Qd]
Seat 1: andrei_the_one7 (big blind) folded on the Turn
Seat 2: Mahu2021 (button) (small blind) collected (240)



PokerStars Hand #247110132368: Tournament #3673227844, $1.84+$0.16 USD Hold'em No Limit - Level IV (30/60) - 2023/11/14 21:15:08 CET [2023/11/14 15:15:08 ET]
Table '3673227844 1' 3-max Seat #1 is the button
Seat 1: andrei_the_one7 (920 in chips) 
Seat 2: Mahu2021 (580 in chips) 
andrei_the_one7: posts small blind 30
Mahu2021: posts big blind 60
*** HOLE CARDS ***
Dealt to Mahu2021 [3s 6c]
andrei_the_one7: raises 860 to 920 and is all-in
Mahu2021: folds 
Uncalled bet (860) returned to andrei_the_one7
andrei_the_one7 collected 120 from pot
andrei_the_one7: doesn't show hand 
*** SUMMARY ***
Total pot 120 | Rake 0 
Seat 1: andrei_the_one7 (button) (small blind) collected (120)
Seat 2: Mahu2021 (big blind) folded before Flop



PokerStars Hand #247110134642: Tournament #3673227844, $1.84+$0.16 USD Hold'em No Limit - Level IV (30/60) - 2023/11/14 21:15:14 CET [2023/11/14 15:15:14 ET]
Table '3673227844 1' 3-max Seat #2 is the button
Seat 1: andrei_the_one7 (980 in chips) 
Seat 2: Mahu2021 (520 in chips) 
Mahu2021: posts small blind 30
andrei_the_one7: posts big blind 60
*** HOLE CARDS ***
Dealt to Mahu2021 [3h Js]
Mahu2021: folds 
Uncalled bet (30) returned to andrei_the_one7
andrei_the_one7 collected 60 from pot
andrei_the_one7: doesn't show hand 
*** SUMMARY ***
Total pot 60 | Rake 0 
Seat 1: andrei_the_one7 (big blind) collected (60)
Seat 2: Mahu2021 (button) (small blind) folded before Flop



PokerStars Hand #247110136204: Tournament #3673227844, $1.84+$0.16 USD Hold'em No Limit - Level IV (30/60) - 2023/11/14 21:15:19 CET [2023/11/14 15:15:19 ET]
Table '3673227844 1' 3-max Seat #1 is the button
Seat 1: andrei_the_one7 (1010 in chips) 
Seat 2: Mahu2021 (490 in chips) 
andrei_the_one7: posts small blind 30
Mahu2021: posts big blind 60
*** HOLE CARDS ***
Dealt to Mahu2021 [Qd As]
andrei_the_one7: raises 950 to 1010 and is all-in
Mahu2021: calls 430 and is all-in
Uncalled bet (520) returned to andrei_the_one7
*** FLOP *** [Kh Kc Ac]
*** TURN *** [Kh Kc Ac] [9d]
*** RIVER *** [Kh Kc Ac 9d] [2d]
*** SHOW DOWN ***
Mahu2021: shows [Qd As] (two pair, Aces and Kings)
andrei_the_one7: shows [Ad 4s] (two pair, Aces and Kings - lower kicker)
Mahu2021 collected 980 from pot
*** SUMMARY ***
Total pot 980 | Rake 0 
Board [Kh Kc Ac 9d 2d]
Seat 1: andrei_the_one7 (button) (small blind) showed [Ad 4s] and lost with two pair, Aces and Kings
Seat 2: Mahu2021 (big blind) showed [Qd As] and won (980) with two pair, Aces and Kings



PokerStars Hand #247110142067: Tournament #3673227844, $1.84+$0.16 USD Hold'em No Limit - Level V (40/80) - 2023/11/14 21:15:35 CET [2023/11/14 15:15:35 ET]
Table '3673227844 1' 3-max Seat #2 is the button
Seat 1: andrei_the_one7 (520 in chips) 
Seat 2: Mahu2021 (980 in chips) 
Mahu2021: posts small blind 40
andrei_the_one7: posts big blind 80
*** HOLE CARDS ***
Dealt to Mahu2021 [Ad 2s]
Mahu2021: calls 40
andrei_the_one7: checks 
*** FLOP *** [6s 5d Th]
andrei_the_one7: bets 80
Mahu2021: folds 
Uncalled bet (80) returned to andrei_the_one7
andrei_the_one7 collected 160 from pot
andrei_the_one7: doesn't show hand 
*** SUMMARY ***
Total pot 160 | Rake 0 
Board [6s 5d Th]
Seat 1: andrei_the_one7 (big blind) collected (160)
Seat 2: Mahu2021 (button) (small blind) folded on the Flop



PokerStars Hand #247110145350: Tournament #3673227844, $1.84+$0.16 USD Hold'em No Limit - Level V (40/80) - 2023/11/14 21:15:44 CET [2023/11/14 15:15:44 ET]
Table '3673227844 1' 3-max Seat #1 is the button
Seat 1: andrei_the_one7 (600 in chips) 
Seat 2: Mahu2021 (900 in chips) 
andrei_the_one7: posts small blind 40
Mahu2021: posts big blind 80
*** HOLE CARDS ***
Dealt to Mahu2021 [2s Js]
andrei_the_one7: calls 40
Mahu2021: checks 
*** FLOP *** [Qh Kc As]
Mahu2021: checks 
andrei_the_one7: bets 80
Mahu2021: calls 80
*** TURN *** [Qh Kc As] [4s]
Mahu2021: checks 
andrei_the_one7: bets 240
Mahu2021: calls 240
*** RIVER *** [Qh Kc As 4s] [2h]
Mahu2021: checks 
andrei_the_one7: bets 200 and is all-in
Mahu2021: calls 200
*** SHOW DOWN ***
andrei_the_one7: shows [Jh Td] (a straight, Ten to Ace)
Mahu2021: shows [2s Js] (a pair of Deuces)
andrei_the_one7 collected 1200 from pot
*** SUMMARY ***
Total pot 1200 | Rake 0 
Board [Qh Kc As 4s 2h]
Seat 1: andrei_the_one7 (button) (small blind) showed [Jh Td] and won (1200) with a straight, Ten to Ace
Seat 2: Mahu2021 (big blind) showed [2s Js] and lost with a pair of Deuces



PokerStars Hand #247110152708: Tournament #3673227844, $1.84+$0.16 USD Hold'em No Limit - Level V (40/80) - 2023/11/14 21:16:05 CET [2023/11/14 15:16:05 ET]
Table '3673227844 1' 3-max Seat #2 is the button
Seat 1: andrei_the_one7 (1200 in chips) 
Seat 2: Mahu2021 (300 in chips) 
Mahu2021: posts small blind 40
andrei_the_one7: posts big blind 80
*** HOLE CARDS ***
Dealt to Mahu2021 [Qh Kh]
Mahu2021: raises 220 to 300 and is all-in
andrei_the_one7: calls 220
*** FLOP *** [5c 7d 4s]
*** TURN *** [5c 7d 4s] [6d]
*** RIVER *** [5c 7d 4s 6d] [Th]
*** SHOW DOWN ***
andrei_the_one7: shows [Ks 8h] (a straight, Four to Eight)
Mahu2021: shows [Qh Kh] (high card King)
andrei_the_one7 collected 600 from pot
Mahu2021 finished the tournament in 2nd place
andrei_the_one7 wins the tournament and receives $4.00 - congratulations!
*** SUMMARY ***
Total pot 600 | Rake 0 
Board [5c 7d 4s 6d Th]
Seat 1: andrei_the_one7 (big blind) showed [Ks 8h] and won (600) with a straight, Four to Eight
Seat 2: Mahu2021 (button) (small blind) showed [Qh Kh] and lost with high card King



