PokerStars Zoom Hand #256124043306:  Hold'em No Limit ($0.05/$0.10) - 2025/05/13 14:19:02 CET [2025/05/13 8:19:02 ET]
Table 'Aludra' 6-max Seat #1 is the button
Seat 1: luvingkind ($22.27 in chips) 
Seat 2: Joker150515 ($23.77 in chips) 
Seat 3: Mahu2021 ($10 in chips) 
Seat 4: RH-DK126 ($9.55 in chips) 
Seat 5: Kbrn1096 ($10 in chips) 
Seat 6: ohseungyeon ($10.43 in chips) 
Joker150515: posts small blind $0.05
Mahu2021: posts big blind $0.10
*** HOLE CARDS ***
Dealt to Mahu2021 [6s Qc]
RH-DK126: raises $0.25 to $0.35
Kbrn1096: folds 
ohseungyeon: folds 
luvingkind: folds 
Joker150515: folds 
Mahu2021: folds 
Uncalled bet ($0.25) returned to RH-DK126
RH-DK126 collected $0.25 from pot
RH-DK126: doesn't show hand 
*** SUMMARY ***
Total pot $0.25 | Rake $0 
Seat 1: luvingkind (button) folded before Flop (didn't bet)
Seat 2: Joker150515 (small blind) folded before Flop
Seat 3: Mahu2021 (big blind) folded before Flop
Seat 4: RH-DK126 collected ($0.25)
Seat 5: Kbrn1096 folded before Flop (didn't bet)
Seat 6: ohseungyeon folded before Flop (didn't bet)



PokerStars Zoom Hand #256124044744:  Hold'em No Limit ($0.05/$0.10) - 2025/05/13 14:19:13 CET [2025/05/13 8:19:13 ET]
Table 'Aludra' 6-max Seat #1 is the button
Seat 1: cRicRilebritish ($15.12 in chips) 
Seat 2: Mahu2021 ($9.90 in chips) 
Seat 3: WithM2 ($10.13 in chips) 
Seat 4: nanngou ($10.17 in chips) 
Seat 5: ohseungyeon ($10 in chips) 
Seat 6: nicolas1112 ($31.67 in chips) 
Mahu2021: posts small blind $0.05
WithM2: posts big blind $0.10
*** HOLE CARDS ***
Dealt to Mahu2021 [Jd 2c]
nanngou: folds 
ohseungyeon: folds 
nicolas1112: raises $0.15 to $0.25
cRicRilebritish: folds 
Mahu2021: folds 
WithM2: folds 
Uncalled bet ($0.15) returned to nicolas1112
nicolas1112 collected $0.25 from pot
nicolas1112: doesn't show hand 
*** SUMMARY ***
Total pot $0.25 | Rake $0 
Seat 1: cRicRilebritish (button) folded before Flop (didn't bet)
Seat 2: Mahu2021 (small blind) folded before Flop
Seat 3: WithM2 (big blind) folded before Flop
Seat 4: nanngou folded before Flop (didn't bet)
Seat 5: ohseungyeon folded before Flop (didn't bet)
Seat 6: nicolas1112 collected ($0.25)



PokerStars Zoom Hand #256124045367:  Hold'em No Limit ($0.05/$0.10) - 2025/05/13 14:19:18 CET [2025/05/13 8:19:18 ET]
Table 'Aludra' 6-max Seat #1 is the button
Seat 1: Mahu2021 ($9.85 in chips) 
Seat 2: ohseungyeon ($10 in chips) 
Seat 3: Fettofeld ($11.80 in chips) 
Seat 4: KingFlabe ($16.16 in chips) 
Seat 5: luki_v_d ($10.21 in chips) 
Seat 6: cRicRilebritish ($15.12 in chips) 
ohseungyeon: posts small blind $0.05
Fettofeld: posts big blind $0.10
*** HOLE CARDS ***
Dealt to Mahu2021 [3h Jc]
KingFlabe: folds 
luki_v_d: folds 
cRicRilebritish: folds 
Mahu2021: folds 
ohseungyeon: folds 
Uncalled bet ($0.05) returned to Fettofeld
Fettofeld collected $0.10 from pot
Fettofeld: doesn't show hand 
*** SUMMARY ***
Total pot $0.10 | Rake $0 
Seat 1: Mahu2021 (button) folded before Flop (didn't bet)
Seat 2: ohseungyeon (small blind) folded before Flop
Seat 3: Fettofeld (big blind) collected ($0.10)
Seat 4: KingFlabe folded before Flop (didn't bet)
Seat 5: luki_v_d folded before Flop (didn't bet)
Seat 6: cRicRilebritish folded before Flop (didn't bet)



PokerStars Zoom Hand #256124047300:  Hold'em No Limit ($0.05/$0.10) - 2025/05/13 14:19:33 CET [2025/05/13 8:19:33 ET]
Table 'Aludra' 6-max Seat #1 is the button
Seat 1: BluffsLord ($13.36 in chips) 
Seat 2: Standart113 ($3.84 in chips) 
Seat 3: cRicRilebritish ($19.50 in chips) 
Seat 4: ohseungyeon ($10.81 in chips) 
Seat 5: Mahu2021 ($9.85 in chips) 
Seat 6: KingFlabe ($16.16 in chips) 
Standart113: posts small blind $0.05
cRicRilebritish: posts big blind $0.10
*** HOLE CARDS ***
Dealt to Mahu2021 [Tc 2c]
ohseungyeon: folds 
Mahu2021: folds 
KingFlabe: folds 
BluffsLord: raises $0.15 to $0.25
Standart113: folds 
cRicRilebritish: folds 
Uncalled bet ($0.15) returned to BluffsLord
BluffsLord collected $0.25 from pot
BluffsLord: doesn't show hand 
*** SUMMARY ***
Total pot $0.25 | Rake $0 
Seat 1: BluffsLord (button) collected ($0.25)
Seat 2: Standart113 (small blind) folded before Flop
Seat 3: cRicRilebritish (big blind) folded before Flop
Seat 4: ohseungyeon folded before Flop (didn't bet)
Seat 5: Mahu2021 folded before Flop (didn't bet)
Seat 6: KingFlabe folded before Flop (didn't bet)



PokerStars Zoom Hand #256124047798:  Hold'em No Limit ($0.05/$0.10) - 2025/05/13 14:19:37 CET [2025/05/13 8:19:37 ET]
Table 'Aludra' 6-max Seat #1 is the button
Seat 1: ydh319 ($14.11 in chips) 
Seat 2: KingFlabe ($16.16 in chips) 
Seat 3: Mahu2021 ($9.85 in chips) 
Seat 4: giannissapk ($27.27 in chips) 
Seat 5: RH-DK126 ($9.85 in chips) 
Seat 6: ohseungyeon ($10.81 in chips) 
KingFlabe: posts small blind $0.05
Mahu2021: posts big blind $0.10
*** HOLE CARDS ***
Dealt to Mahu2021 [Ac Kc]
giannissapk: raises $0.10 to $0.20
RH-DK126: folds 
ohseungyeon: folds 
ydh319: folds 
KingFlabe: folds 
Mahu2021: raises $0.90 to $1.10
giannissapk: folds 
Uncalled bet ($0.90) returned to Mahu2021
Mahu2021 collected $0.45 from pot
Mahu2021: doesn't show hand 
*** SUMMARY ***
Total pot $0.45 | Rake $0 
Seat 1: ydh319 (button) folded before Flop (didn't bet)
Seat 2: KingFlabe (small blind) folded before Flop
Seat 3: Mahu2021 (big blind) collected ($0.45)
Seat 4: giannissapk folded before Flop
Seat 5: RH-DK126 folded before Flop (didn't bet)
Seat 6: ohseungyeon folded before Flop (didn't bet)



PokerStars Zoom Hand #256124046784:  Hold'em No Limit ($0.05/$0.10) - 2025/05/13 14:19:29 CET [2025/05/13 8:19:29 ET]
Table 'Aludra' 6-max Seat #1 is the button
Seat 1: Joker150515 ($23.62 in chips) 
Seat 2: z1zard0 ($16.86 in chips) 
Seat 3: giannissapk ($10 in chips) 
Seat 4: Mahu2021 ($9.85 in chips) 
Seat 5: ohseungyeon ($10.48 in chips) 
Seat 6: Kiir0 ($10.56 in chips) 
z1zard0: posts small blind $0.05
giannissapk: posts big blind $0.10
*** HOLE CARDS ***
Dealt to Mahu2021 [3c 4c]
Mahu2021: folds 
ohseungyeon: folds 
Kiir0: folds 
Joker150515: folds 
z1zard0: raises $0.20 to $0.30
giannissapk: calls $0.20
*** FLOP *** [9h 9d 7s]
z1zard0: checks 
giannissapk: checks 
*** TURN *** [9h 9d 7s] [2s]
z1zard0: checks 
giannissapk: checks 
*** RIVER *** [9h 9d 7s 2s] [9s]
z1zard0: checks 
giannissapk: checks 
*** SHOW DOWN ***
z1zard0: shows [8d As] (three of a kind, Nines)
giannissapk: shows [Jd Ah] (three of a kind, Nines - Ace+Jack kicker)
giannissapk collected $0.57 from pot
*** SUMMARY ***
Total pot $0.60 | Rake $0.03 
Board [9h 9d 7s 2s 9s]
Seat 1: Joker150515 (button) folded before Flop (didn't bet)
Seat 2: z1zard0 (small blind) showed [8d As] and lost with three of a kind, Nines
Seat 3: giannissapk (big blind) showed [Jd Ah] and won ($0.57) with three of a kind, Nines
Seat 4: Mahu2021 folded before Flop (didn't bet)
Seat 5: ohseungyeon folded before Flop (didn't bet)
Seat 6: Kiir0 folded before Flop (didn't bet)



PokerStars Zoom Hand #256124049760:  Hold'em No Limit ($0.05/$0.10) - 2025/05/13 14:19:52 CET [2025/05/13 8:19:52 ET]
Table 'Aludra' 6-max Seat #1 is the button
Seat 1: giannissapk ($27.07 in chips) 
Seat 2: zoras5 ($10.05 in chips) 
Seat 3: teixeiramtm ($9.08 in chips) 
Seat 4: zogecmarogec ($4.25 in chips) 
Seat 5: Mahu2021 ($10.10 in chips) 
Seat 6: nicolas1112 ($31.77 in chips) 
zoras5: posts small blind $0.05
teixeiramtm: posts big blind $0.10
*** HOLE CARDS ***
Dealt to Mahu2021 [9s 6s]
zogecmarogec: folds 
Mahu2021: folds 
nicolas1112: raises $0.15 to $0.25
giannissapk: folds 
zoras5: folds 
teixeiramtm: folds 
Uncalled bet ($0.15) returned to nicolas1112
nicolas1112 collected $0.25 from pot
nicolas1112: doesn't show hand 
*** SUMMARY ***
Total pot $0.25 | Rake $0 
Seat 1: giannissapk (button) folded before Flop (didn't bet)
Seat 2: zoras5 (small blind) folded before Flop
Seat 3: teixeiramtm (big blind) folded before Flop
Seat 4: zogecmarogec folded before Flop (didn't bet)
Seat 5: Mahu2021 folded before Flop (didn't bet)
Seat 6: nicolas1112 collected ($0.25)



PokerStars Zoom Hand #256124050284:  Hold'em No Limit ($0.05/$0.10) - 2025/05/13 14:19:56 CET [2025/05/13 8:19:56 ET]
Table 'Aludra' 6-max Seat #1 is the button
Seat 1: Fettofeld ($11.85 in chips) 
Seat 2: Mahu2021 ($10.10 in chips) 
Seat 3: ohseungyeon ($10.10 in chips) 
Seat 4: Dmitri0902981 ($6.73 in chips) 
Seat 5: thebraydz ($16.93 in chips) 
Seat 6: strashilisht ($11.26 in chips) 
Mahu2021: posts small blind $0.05
ohseungyeon: posts big blind $0.10
*** HOLE CARDS ***
Dealt to Mahu2021 [Ah 9d]
Dmitri0902981: folds 
thebraydz: folds 
strashilisht: folds 
Fettofeld: folds 
Mahu2021: raises $0.20 to $0.30
ohseungyeon: calls $0.20
*** FLOP *** [2d 2h 2c]
Mahu2021: bets $0.30
ohseungyeon: folds 
Uncalled bet ($0.30) returned to Mahu2021
Mahu2021 collected $0.57 from pot
Mahu2021: doesn't show hand 
*** SUMMARY ***
Total pot $0.60 | Rake $0.03 
Board [2d 2h 2c]
Seat 1: Fettofeld (button) folded before Flop (didn't bet)
Seat 2: Mahu2021 (small blind) collected ($0.57)
Seat 3: ohseungyeon (big blind) folded on the Flop
Seat 4: Dmitri0902981 folded before Flop (didn't bet)
Seat 5: thebraydz folded before Flop (didn't bet)
Seat 6: strashilisht folded before Flop (didn't bet)



PokerStars Zoom Hand #256124046156:  Hold'em No Limit ($0.05/$0.10) - 2025/05/13 14:19:24 CET [2025/05/13 8:19:24 ET]
Table 'Aludra' 6-max Seat #1 is the button
Seat 1: z1zard0 ($16.86 in chips) 
Seat 2: Pessoa2 ($11.58 in chips) 
Seat 3: teixeiramtm ($9.23 in chips) 
Seat 4: thebraydz ($26.66 in chips) 
Seat 5: chirak1982 ($4.79 in chips) 
Seat 6: Mahu2021 ($9.85 in chips) 
Pessoa2: posts small blind $0.05
teixeiramtm: posts big blind $0.10
*** HOLE CARDS ***
Dealt to Mahu2021 [Qh 3d]
thebraydz: raises $0.10 to $0.20
chirak1982: raises $0.26 to $0.46
Mahu2021: folds 
z1zard0: folds 
Pessoa2: calls $0.41
teixeiramtm: folds 
thebraydz: calls $0.26
*** FLOP *** [2c 6d 9h]
Pessoa2: checks 
thebraydz: checks 
chirak1982: bets $0.50
Pessoa2: calls $0.50
thebraydz: folds 
*** TURN *** [2c 6d 9h] [As]
Pessoa2: checks 
chirak1982: bets $0.95
Pessoa2: raises $4.27 to $5.22
chirak1982: calls $2.88 and is all-in
Uncalled bet ($1.39) returned to Pessoa2
*** RIVER *** [2c 6d 9h As] [7s]
*** SHOW DOWN ***
Pessoa2: shows [2h Ah] (two pair, Aces and Deuces)
chirak1982: shows [9d 9c] (three of a kind, Nines)
chirak1982 collected $9.68 from pot
*** SUMMARY ***
Total pot $10.14 | Rake $0.46 
Board [2c 6d 9h As 7s]
Seat 1: z1zard0 (button) folded before Flop (didn't bet)
Seat 2: Pessoa2 (small blind) showed [2h Ah] and lost with two pair, Aces and Deuces
Seat 3: teixeiramtm (big blind) folded before Flop
Seat 4: thebraydz folded on the Flop
Seat 5: chirak1982 showed [9d 9c] and won ($9.68) with three of a kind, Nines
Seat 6: Mahu2021 folded before Flop (didn't bet)



PokerStars Zoom Hand #256124053763:  Hold'em No Limit ($0.05/$0.10) - 2025/05/13 14:20:23 CET [2025/05/13 8:20:23 ET]
Table 'Aludra' 6-max Seat #1 is the button
Seat 1: ahmat star ($12.05 in chips) 
Seat 2: teixeiramtm ($8.98 in chips) 
Seat 3: Mahu2021 ($10.37 in chips) 
Seat 4: z1zard0 ($16.46 in chips) 
Seat 5: Adamout1984 ($9.79 in chips) 
Seat 6: giannissapk ($10.22 in chips) 
teixeiramtm: posts small blind $0.05
Mahu2021: posts big blind $0.10
*** HOLE CARDS ***
Dealt to Mahu2021 [7d Tc]
z1zard0: folds 
Adamout1984: raises $0.10 to $0.20
giannissapk: folds 
ahmat star: folds 
teixeiramtm: calls $0.15
Mahu2021: calls $0.10
*** FLOP *** [Qc 5h 3d]
teixeiramtm: checks 
Mahu2021: checks 
Adamout1984: checks 
*** TURN *** [Qc 5h 3d] [5s]
teixeiramtm: checks 
Mahu2021: checks 
Adamout1984: bets $0.29
teixeiramtm: folds 
Mahu2021: folds 
Uncalled bet ($0.29) returned to Adamout1984
Adamout1984 collected $0.57 from pot
Adamout1984: doesn't show hand 
*** SUMMARY ***
Total pot $0.60 | Rake $0.03 
Board [Qc 5h 3d 5s]
Seat 1: ahmat star (button) folded before Flop (didn't bet)
Seat 2: teixeiramtm (small blind) folded on the Turn
Seat 3: Mahu2021 (big blind) folded on the Turn
Seat 4: z1zard0 folded before Flop (didn't bet)
Seat 5: Adamout1984 collected ($0.57)
Seat 6: giannissapk folded before Flop (didn't bet)



PokerStars Zoom Hand #256124053241:  Hold'em No Limit ($0.05/$0.10) - 2025/05/13 14:20:19 CET [2025/05/13 8:20:19 ET]
Table 'Aludra' 6-max Seat #1 is the button
Seat 1: Mahu2021 ($10.37 in chips) 
Seat 2: nanngou ($18.62 in chips) 
Seat 3: johny079 ($5 in chips) 
Seat 4: ohseungyeon ($10 in chips) 
Seat 5: zoras5 ($10 in chips) 
Seat 6: Tommie1016 ($9.24 in chips) 
nanngou: posts small blind $0.05
johny079: posts big blind $0.10
*** HOLE CARDS ***
Dealt to Mahu2021 [6c Jd]
ohseungyeon: folds 
zoras5: raises $0.20 to $0.30
Tommie1016: calls $0.30
Mahu2021: folds 
nanngou: folds 
johny079: folds 
*** FLOP *** [Ad 5h 4h]
zoras5: checks 
Tommie1016: checks 
*** TURN *** [Ad 5h 4h] [Qh]
zoras5: checks 
Tommie1016: bets $0.20
zoras5: calls $0.20
*** RIVER *** [Ad 5h 4h Qh] [Qc]
zoras5: checks 
Tommie1016: bets $0.20
zoras5: calls $0.20
*** SHOW DOWN ***
Tommie1016: shows [As 9s] (two pair, Aces and Queens)
zoras5: shows [Kc Qs] (three of a kind, Queens)
zoras5 collected $1.48 from pot
*** SUMMARY ***
Total pot $1.55 | Rake $0.07 
Board [Ad 5h 4h Qh Qc]
Seat 1: Mahu2021 (button) folded before Flop (didn't bet)
Seat 2: nanngou (small blind) folded before Flop
Seat 3: johny079 (big blind) folded before Flop
Seat 4: ohseungyeon folded before Flop (didn't bet)
Seat 5: zoras5 showed [Kc Qs] and won ($1.48) with three of a kind, Queens
Seat 6: Tommie1016 showed [As 9s] and lost with two pair, Aces and Queens



PokerStars Zoom Hand #256124057420:  Hold'em No Limit ($0.05/$0.10) - 2025/05/13 14:20:52 CET [2025/05/13 8:20:52 ET]
Table 'Aludra' 6-max Seat #1 is the button
Seat 1: giannissapk ($12.65 in chips) 
Seat 2: cRicRilebritish ($24.31 in chips) 
Seat 3: Adamout1984 ($10.16 in chips) 
Seat 4: BluffsLord ($14.26 in chips) 
Seat 5: keisuke1316 ($9.01 in chips) 
Seat 6: Mahu2021 ($10.17 in chips) 
cRicRilebritish: posts small blind $0.05
Adamout1984: posts big blind $0.10
*** HOLE CARDS ***
Dealt to Mahu2021 [4h 8h]
BluffsLord: folds 
keisuke1316: folds 
Mahu2021: folds 
giannissapk: raises $0.15 to $0.25
cRicRilebritish: folds 
Adamout1984: folds 
Uncalled bet ($0.15) returned to giannissapk
giannissapk collected $0.25 from pot
giannissapk: doesn't show hand 
*** SUMMARY ***
Total pot $0.25 | Rake $0 
Seat 1: giannissapk (button) collected ($0.25)
Seat 2: cRicRilebritish (small blind) folded before Flop
Seat 3: Adamout1984 (big blind) folded before Flop
Seat 4: BluffsLord folded before Flop (didn't bet)
Seat 5: keisuke1316 folded before Flop (didn't bet)
Seat 6: Mahu2021 folded before Flop (didn't bet)



PokerStars Zoom Hand #256124056922:  Hold'em No Limit ($0.05/$0.10) - 2025/05/13 14:20:48 CET [2025/05/13 8:20:48 ET]
Table 'Aludra' 6-max Seat #1 is the button
Seat 1: zoras5 ($10.46 in chips) 
Seat 2: grrrama ($10 in chips) 
Seat 3: ahmat star ($12.05 in chips) 
Seat 4: denis4250 ($5.43 in chips) 
Seat 5: Mahu2021 ($10.17 in chips) 
Seat 6: SAVKA71 ($8.14 in chips) 
grrrama: posts small blind $0.05
ahmat star: posts big blind $0.10
*** HOLE CARDS ***
Dealt to Mahu2021 [7s 9c]
denis4250: folds 
Mahu2021: folds 
SAVKA71: folds 
zoras5: raises $0.20 to $0.30
grrrama: folds 
ahmat star: calls $0.20
*** FLOP *** [4h Qd 3d]
ahmat star: checks 
zoras5: bets $0.31
ahmat star: folds 
Uncalled bet ($0.31) returned to zoras5
zoras5 collected $0.62 from pot
zoras5: doesn't show hand 
*** SUMMARY ***
Total pot $0.65 | Rake $0.03 
Board [4h Qd 3d]
Seat 1: zoras5 (button) collected ($0.62)
Seat 2: grrrama (small blind) folded before Flop
Seat 3: ahmat star (big blind) folded on the Flop
Seat 4: denis4250 folded before Flop (didn't bet)
Seat 5: Mahu2021 folded before Flop (didn't bet)
Seat 6: SAVKA71 folded before Flop (didn't bet)



PokerStars Zoom Hand #256124058072:  Hold'em No Limit ($0.05/$0.10) - 2025/05/13 14:20:57 CET [2025/05/13 8:20:57 ET]
Table 'Aludra' 6-max Seat #1 is the button
Seat 1: Mahu2021 ($10.17 in chips) 
Seat 2: nanngou ($10 in chips) 
Seat 3: giannissapk ($10.37 in chips) 
Seat 4: strashilisht ($11.11 in chips) 
Seat 5: z1zard0 ($16.61 in chips) 
Seat 6: cRicRilebritish ($10 in chips) 
nanngou: posts small blind $0.05
giannissapk: posts big blind $0.10
*** HOLE CARDS ***
Dealt to Mahu2021 [Tc Kd]
strashilisht: folds 
z1zard0: folds 
cRicRilebritish: folds 
Mahu2021: raises $0.20 to $0.30
nanngou: folds 
giannissapk: folds 
Uncalled bet ($0.20) returned to Mahu2021
Mahu2021 collected $0.25 from pot
Mahu2021: doesn't show hand 
*** SUMMARY ***
Total pot $0.25 | Rake $0 
Seat 1: Mahu2021 (button) collected ($0.25)
Seat 2: nanngou (small blind) folded before Flop
Seat 3: giannissapk (big blind) folded before Flop
Seat 4: strashilisht folded before Flop (didn't bet)
Seat 5: z1zard0 folded before Flop (didn't bet)
Seat 6: cRicRilebritish folded before Flop (didn't bet)



PokerStars Zoom Hand #256124060912:  Hold'em No Limit ($0.05/$0.10) - 2025/05/13 14:21:19 CET [2025/05/13 8:21:19 ET]
Table 'Aludra' 6-max Seat #1 is the button
Seat 1: giannissapk ($19.81 in chips) 
Seat 2: strashilisht ($11.01 in chips) 
Seat 3: thebraydz ($23.81 in chips) 
Seat 4: Mahu2021 ($10.27 in chips) 
Seat 5: Cayoosh16 ($10.41 in chips) 
Seat 6: alpharfn ($6.15 in chips) 
strashilisht: posts small blind $0.05
thebraydz: posts big blind $0.10
*** HOLE CARDS ***
Dealt to Mahu2021 [7h 4c]
Mahu2021: folds 
Cayoosh16: folds 
alpharfn: raises $0.10 to $0.20
giannissapk: folds 
strashilisht: folds 
thebraydz: folds 
Uncalled bet ($0.10) returned to alpharfn
alpharfn collected $0.25 from pot
alpharfn: doesn't show hand 
*** SUMMARY ***
Total pot $0.25 | Rake $0 
Seat 1: giannissapk (button) folded before Flop (didn't bet)
Seat 2: strashilisht (small blind) folded before Flop
Seat 3: thebraydz (big blind) folded before Flop
Seat 4: Mahu2021 folded before Flop (didn't bet)
Seat 5: Cayoosh16 folded before Flop (didn't bet)
Seat 6: alpharfn collected ($0.25)



PokerStars Zoom Hand #256124059876:  Hold'em No Limit ($0.05/$0.10) - 2025/05/13 14:21:11 CET [2025/05/13 8:21:11 ET]
Table 'Aludra' 6-max Seat #1 is the button
Seat 1: KingFlabe ($15.26 in chips) 
Seat 2: Mahu2021 ($10.32 in chips) 
Seat 3: johny079 ($4.65 in chips) 
Seat 4: BluffsLord ($12.32 in chips) 
Seat 5: luvingkind ($10 in chips) 
Seat 6: eriktnt ($10.79 in chips) 
Mahu2021: posts small blind $0.05
johny079: posts big blind $0.10
*** HOLE CARDS ***
Dealt to Mahu2021 [Tc 2s]
BluffsLord: folds 
luvingkind has timed out
luvingkind: folds 
eriktnt: folds 
KingFlabe: raises $0.15 to $0.25
Mahu2021: folds 
johny079: folds 
Uncalled bet ($0.15) returned to KingFlabe
KingFlabe collected $0.25 from pot
KingFlabe: doesn't show hand 
*** SUMMARY ***
Total pot $0.25 | Rake $0 
Seat 1: KingFlabe (button) collected ($0.25)
Seat 2: Mahu2021 (small blind) folded before Flop
Seat 3: johny079 (big blind) folded before Flop
Seat 4: BluffsLord folded before Flop (didn't bet)
Seat 5: luvingkind folded before Flop (didn't bet)
Seat 6: eriktnt folded before Flop (didn't bet)



PokerStars Zoom Hand #256124061946:  Hold'em No Limit ($0.05/$0.10) - 2025/05/13 14:21:27 CET [2025/05/13 8:21:27 ET]
Table 'Aludra' 6-max Seat #1 is the button
Seat 1: nicolas1112 ($10.35 in chips) 
Seat 2: ohseungyeon ($10 in chips) 
Seat 3: Tommie1016 ($8.54 in chips) 
Seat 4: z1zard0 ($16.46 in chips) 
Seat 5: Adamout1984 ($10.01 in chips) 
Seat 6: Mahu2021 ($10.27 in chips) 
ohseungyeon: posts small blind $0.05
Tommie1016: posts big blind $0.10
*** HOLE CARDS ***
Dealt to Mahu2021 [6s Qs]
z1zard0: folds 
Adamout1984: folds 
Mahu2021: folds 
nicolas1112: folds 
ohseungyeon: raises $0.20 to $0.30
Tommie1016: calls $0.20
*** FLOP *** [As 2s 5d]
ohseungyeon: checks 
Tommie1016: bets $0.20
ohseungyeon: folds 
Uncalled bet ($0.20) returned to Tommie1016
Tommie1016 collected $0.57 from pot
Tommie1016: doesn't show hand 
*** SUMMARY ***
Total pot $0.60 | Rake $0.03 
Board [As 2s 5d]
Seat 1: nicolas1112 (button) folded before Flop (didn't bet)
Seat 2: ohseungyeon (small blind) folded on the Flop
Seat 3: Tommie1016 (big blind) collected ($0.57)
Seat 4: z1zard0 folded before Flop (didn't bet)
Seat 5: Adamout1984 folded before Flop (didn't bet)
Seat 6: Mahu2021 folded before Flop (didn't bet)



PokerStars Zoom Hand #256124061428:  Hold'em No Limit ($0.05/$0.10) - 2025/05/13 14:21:23 CET [2025/05/13 8:21:23 ET]
Table 'Aludra' 6-max Seat #1 is the button
Seat 1: strashilisht ($10.96 in chips) 
Seat 2: nanngou ($18.02 in chips) 
Seat 3: Dmitri0902981 ($7.94 in chips) 
Seat 4: Mahu2021 ($10.27 in chips) 
Seat 5: ohseungyeon ($10.31 in chips) 
Seat 6: BluffsLord ($13.96 in chips) 
nanngou: posts small blind $0.05
Dmitri0902981: posts big blind $0.10
*** HOLE CARDS ***
Dealt to Mahu2021 [7h 6d]
Mahu2021: folds 
ohseungyeon: folds 
BluffsLord: raises $0.12 to $0.22
strashilisht: raises $0.63 to $0.85
nanngou: folds 
Dmitri0902981: folds 
BluffsLord: folds 
Uncalled bet ($0.63) returned to strashilisht
strashilisht collected $0.59 from pot
strashilisht: doesn't show hand 
*** SUMMARY ***
Total pot $0.59 | Rake $0 
Seat 1: strashilisht (button) collected ($0.59)
Seat 2: nanngou (small blind) folded before Flop
Seat 3: Dmitri0902981 (big blind) folded before Flop
Seat 4: Mahu2021 folded before Flop (didn't bet)
Seat 5: ohseungyeon folded before Flop (didn't bet)
Seat 6: BluffsLord folded before Flop



PokerStars Zoom Hand #256124062903:  Hold'em No Limit ($0.05/$0.10) - 2025/05/13 14:21:34 CET [2025/05/13 8:21:34 ET]
Table 'Aludra' 6-max Seat #1 is the button
Seat 1: dodgydan68 ($10.24 in chips) 
Seat 2: giannissapk ($12.70 in chips) 
Seat 3: Mahu2021 ($10.27 in chips) 
Seat 4: CARLOS7LEI ($4.14 in chips) 
Seat 5: Kiir0 ($10.41 in chips) 
Seat 6: ohseungyeon ($10.21 in chips) 
giannissapk: posts small blind $0.05
Mahu2021: posts big blind $0.10
*** HOLE CARDS ***
Dealt to Mahu2021 [Kh Kc]
CARLOS7LEI: folds 
Kiir0 has timed out
Kiir0: folds 
ohseungyeon: raises $0.10 to $0.20
dodgydan68: calls $0.20
giannissapk: folds 
Mahu2021: raises $1.10 to $1.30
ohseungyeon: folds 
dodgydan68: calls $1.10
*** FLOP *** [7d 2d 6s]
Mahu2021: bets $8.97 and is all-in
dodgydan68: folds 
Uncalled bet ($8.97) returned to Mahu2021
Mahu2021 collected $2.72 from pot
Mahu2021: doesn't show hand 
*** SUMMARY ***
Total pot $2.85 | Rake $0.13 
Board [7d 2d 6s]
Seat 1: dodgydan68 (button) folded on the Flop
Seat 2: giannissapk (small blind) folded before Flop
Seat 3: Mahu2021 (big blind) collected ($2.72)
Seat 4: CARLOS7LEI folded before Flop (didn't bet)
Seat 5: Kiir0 folded before Flop (didn't bet)
Seat 6: ohseungyeon folded before Flop



PokerStars Zoom Hand #256124062493:  Hold'em No Limit ($0.05/$0.10) - 2025/05/13 14:21:31 CET [2025/05/13 8:21:31 ET]
Table 'Aludra' 6-max Seat #1 is the button
Seat 1: z1zard0 ($16.46 in chips) 
Seat 2: Cayoosh16 ($10.41 in chips) 
Seat 3: nicolas1112 ($10.35 in chips) 
Seat 4: teixeiramtm ($8.98 in chips) 
Seat 5: Mahu2021 ($10.27 in chips) 
Seat 6: chirak1982 ($5.22 in chips) 
Cayoosh16: posts small blind $0.05
nicolas1112: posts big blind $0.10
*** HOLE CARDS ***
Dealt to Mahu2021 [6d 8h]
teixeiramtm: folds 
Mahu2021: folds 
chirak1982: raises $0.15 to $0.25
z1zard0: calls $0.25
Cayoosh16: folds 
nicolas1112: folds 
*** FLOP *** [Js Qd 5h]
chirak1982: bets $0.20
z1zard0: calls $0.20
*** TURN *** [Js Qd 5h] [Td]
chirak1982: bets $0.74
z1zard0: calls $0.74
*** RIVER *** [Js Qd 5h Td] [Ad]
chirak1982: checks 
z1zard0: checks 
*** SHOW DOWN ***
chirak1982: shows [9d 9h] (a pair of Nines)
z1zard0: shows [5c 5d] (three of a kind, Fives)
z1zard0 collected $2.42 from pot
*** SUMMARY ***
Total pot $2.53 | Rake $0.11 
Board [Js Qd 5h Td Ad]
Seat 1: z1zard0 (button) showed [5c 5d] and won ($2.42) with three of a kind, Fives
Seat 2: Cayoosh16 (small blind) folded before Flop
Seat 3: nicolas1112 (big blind) folded before Flop
Seat 4: teixeiramtm folded before Flop (didn't bet)
Seat 5: Mahu2021 folded before Flop (didn't bet)
Seat 6: chirak1982 showed [9d 9h] and lost with a pair of Nines



PokerStars Zoom Hand #256124067859:  Hold'em No Limit ($0.05/$0.10) - 2025/05/13 14:22:12 CET [2025/05/13 8:22:12 ET]
Table 'Aludra' 6-max Seat #1 is the button
Seat 1: WithM2 ($12.08 in chips) 
Seat 2: Mahu2021 ($11.69 in chips) 
Seat 3: thebraydz ($17.08 in chips) 
Seat 4: Fettofeld ($14.11 in chips) 
Seat 5: cRicRilebritish ($15.34 in chips) 
Seat 6: giannissapk ($27.47 in chips) 
Mahu2021: posts small blind $0.05
thebraydz: posts big blind $0.10
*** HOLE CARDS ***
Dealt to Mahu2021 [3c 3h]
Fettofeld: raises $0.20 to $0.30
cRicRilebritish: folds 
giannissapk: folds 
WithM2: folds 
Mahu2021: calls $0.25
thebraydz: calls $0.20
*** FLOP *** [Kc Ts 3d]
Mahu2021: checks 
thebraydz: checks 
Fettofeld: checks 
*** TURN *** [Kc Ts 3d] [As]
Mahu2021: bets $0.30
thebraydz: folds 
Fettofeld: calls $0.30
*** RIVER *** [Kc Ts 3d As] [9h]
Mahu2021: bets $1.43
Fettofeld: folds 
Uncalled bet ($1.43) returned to Mahu2021
Mahu2021 collected $1.43 from pot
Mahu2021: doesn't show hand 
*** SUMMARY ***
Total pot $1.50 | Rake $0.07 
Board [Kc Ts 3d As 9h]
Seat 1: WithM2 (button) folded before Flop (didn't bet)
Seat 2: Mahu2021 (small blind) collected ($1.43)
Seat 3: thebraydz (big blind) folded on the Turn
Seat 4: Fettofeld folded on the River
Seat 5: cRicRilebritish folded before Flop (didn't bet)
Seat 6: giannissapk folded before Flop (didn't bet)



