PokerStars Zoom Hand #255471608614:  Hold'em No Limit ($0.02/$0.05) - 2025/03/27 14:45:26 CET [2025/03/27 9:45:26 ET]
Table 'Donati' 6-max Seat #1 is the button
Seat 1: PADST98 ($6.01 in chips) 
Seat 2: andriy58504 ($10.13 in chips) 
Seat 3: Mahu2021 ($5 in chips) 
Seat 4: Pesulle ($5.72 in chips) 
Seat 5: Winik810 ($6.28 in chips) 
Seat 6: MLN1 ($5.97 in chips) 
andriy58504: posts small blind $0.02
Mahu2021: posts big blind $0.05
*** HOLE CARDS ***
Dealt to Mahu2021 [Jd 6h]
Pesulle: folds 
Winik810: folds 
MLN1: folds 
PADST98: folds 
andriy58504: raises $0.07 to $0.12
Mahu2021: folds 
Uncalled bet ($0.07) returned to andriy58504
andriy58504 collected $0.10 from pot
andriy58504: doesn't show hand 
*** SUMMARY ***
Total pot $0.10 | Rake $0 
Seat 1: PADST98 (button) folded before Flop (didn't bet)
Seat 2: andriy58504 (small blind) collected ($0.10)
Seat 3: Mahu2021 (big blind) folded before Flop
Seat 4: Pesulle folded before Flop (didn't bet)
Seat 5: Winik810 folded before Flop (didn't bet)
Seat 6: MLN1 folded before Flop (didn't bet)



PokerStars Zoom Hand #255471610617:  Hold'em No Limit ($0.02/$0.05) - 2025/03/27 14:45:39 CET [2025/03/27 9:45:39 ET]
Table 'Donati' 6-max Seat #1 is the button
Seat 1: fierceking86 ($5 in chips) 
Seat 2: Mahu2021 ($4.95 in chips) 
Seat 3: eodnrdld123 ($10.22 in chips) 
Seat 4: Confused Ted ($12.18 in chips) 
Seat 5: JulianGuimaraes ($5.14 in chips) 
Seat 6: spens1to0o ($5.85 in chips) 
Mahu2021: posts small blind $0.02
eodnrdld123: posts big blind $0.05
*** HOLE CARDS ***
Dealt to Mahu2021 [8h Ts]
Confused Ted: folds 
JulianGuimaraes: folds 
spens1to0o: folds 
fierceking86: folds 
Mahu2021: folds 
Uncalled bet ($0.03) returned to eodnrdld123
eodnrdld123 collected $0.04 from pot
eodnrdld123: doesn't show hand 
*** SUMMARY ***
Total pot $0.04 | Rake $0 
Seat 1: fierceking86 (button) folded before Flop (didn't bet)
Seat 2: Mahu2021 (small blind) folded before Flop
Seat 3: eodnrdld123 (big blind) collected ($0.04)
Seat 4: Confused Ted folded before Flop (didn't bet)
Seat 5: JulianGuimaraes folded before Flop (didn't bet)
Seat 6: spens1to0o folded before Flop (didn't bet)



PokerStars Zoom Hand #255471612299:  Hold'em No Limit ($0.02/$0.05) - 2025/03/27 14:45:50 CET [2025/03/27 9:45:50 ET]
Table 'Donati' 6-max Seat #1 is the button
Seat 1: cyan000 ($5.17 in chips) 
Seat 2: mOberdan ($5 in chips) 
Seat 3: golagos ($5.72 in chips) 
Seat 4: Imbastrol ($6.13 in chips) 
Seat 5: MrLarrySir ($6.45 in chips) 
Seat 6: Mahu2021 ($4.93 in chips) 
mOberdan: posts small blind $0.02
golagos: posts big blind $0.05
*** HOLE CARDS ***
Dealt to Mahu2021 [As 3d]
Imbastrol: folds 
MrLarrySir: folds 
Mahu2021: folds 
cyan000: raises $0.09 to $0.14
mOberdan: folds 
golagos: folds 
Uncalled bet ($0.09) returned to cyan000
cyan000 collected $0.12 from pot
cyan000: doesn't show hand 
*** SUMMARY ***
Total pot $0.12 | Rake $0 
Seat 1: cyan000 (button) collected ($0.12)
Seat 2: mOberdan (small blind) folded before Flop
Seat 3: golagos (big blind) folded before Flop
Seat 4: Imbastrol folded before Flop (didn't bet)
Seat 5: MrLarrySir folded before Flop (didn't bet)
Seat 6: Mahu2021 folded before Flop (didn't bet)



PokerStars Zoom Hand #255471613518:  Hold'em No Limit ($0.02/$0.05) - 2025/03/27 14:45:59 CET [2025/03/27 9:45:59 ET]
Table 'Donati' 6-max Seat #1 is the button
Seat 1: fierceking86 ($5 in chips) 
Seat 2: Gut2 ($2.79 in chips) 
Seat 3: Imbastrol ($5.18 in chips) 
Seat 4: SynWiz ($4.09 in chips) 
Seat 5: Mahu2021 ($4.93 in chips) 
Seat 6: Zangetsu2000 ($3.26 in chips) 
Gut2: posts small blind $0.02
Imbastrol: posts big blind $0.05
*** HOLE CARDS ***
Dealt to Mahu2021 [2h 9d]
SynWiz: folds 
Mahu2021: folds 
Zangetsu2000: folds 
fierceking86: folds 
Gut2: folds 
Uncalled bet ($0.03) returned to Imbastrol
Imbastrol collected $0.04 from pot
Imbastrol: doesn't show hand 
*** SUMMARY ***
Total pot $0.04 | Rake $0 
Seat 1: fierceking86 (button) folded before Flop (didn't bet)
Seat 2: Gut2 (small blind) folded before Flop
Seat 3: Imbastrol (big blind) collected ($0.04)
Seat 4: SynWiz folded before Flop (didn't bet)
Seat 5: Mahu2021 folded before Flop (didn't bet)
Seat 6: Zangetsu2000 folded before Flop (didn't bet)



PokerStars Zoom Hand #255471614109:  Hold'em No Limit ($0.02/$0.05) - 2025/03/27 14:46:02 CET [2025/03/27 9:46:02 ET]
Table 'Donati' 6-max Seat #1 is the button
Seat 1: lolb0t ($5.20 in chips) 
Seat 2: golagos ($7.90 in chips) 
Seat 3: Mahu2021 ($4.93 in chips) 
Seat 4: aram54321 ($3.75 in chips) 
Seat 5: bobishelton ($6.41 in chips) 
Seat 6: MTI65 ($4.91 in chips) 
golagos: posts small blind $0.02
Mahu2021: posts big blind $0.05
*** HOLE CARDS ***
Dealt to Mahu2021 [2s 4d]
aram54321: folds 
bobishelton: folds 
MTI65: folds 
lolb0t: folds 
golagos: folds 
Uncalled bet ($0.03) returned to Mahu2021
Mahu2021 collected $0.04 from pot
Mahu2021: doesn't show hand 
*** SUMMARY ***
Total pot $0.04 | Rake $0 
Seat 1: lolb0t (button) folded before Flop (didn't bet)
Seat 2: golagos (small blind) folded before Flop
Seat 3: Mahu2021 (big blind) collected ($0.04)
Seat 4: aram54321 folded before Flop (didn't bet)
Seat 5: bobishelton folded before Flop (didn't bet)
Seat 6: MTI65 folded before Flop (didn't bet)



PokerStars Zoom Hand #255471611530:  Hold'em No Limit ($0.02/$0.05) - 2025/03/27 14:45:45 CET [2025/03/27 9:45:45 ET]
Table 'Donati' 6-max Seat #1 is the button
Seat 1: Mahu2021 ($4.93 in chips) 
Seat 2: fierceking86 ($5.25 in chips) 
Seat 3: GeoN1ck ($5 in chips) 
Seat 4: kombo443 ($6.56 in chips) 
Seat 5: JulianGuimaraes ($5.14 in chips) 
Seat 6: c0pp0ck ($5 in chips) 
fierceking86: posts small blind $0.02
GeoN1ck: posts big blind $0.05
*** HOLE CARDS ***
Dealt to Mahu2021 [Kd 7c]
kombo443: folds 
JulianGuimaraes: folds 
c0pp0ck: folds 
Mahu2021: folds 
fierceking86: calls $0.03
GeoN1ck: checks 
*** FLOP *** [8c 5c 9c]
fierceking86: checks 
GeoN1ck: checks 
*** TURN *** [8c 5c 9c] [6s]
fierceking86: checks 
GeoN1ck: checks 
*** RIVER *** [8c 5c 9c 6s] [6d]
fierceking86: checks 
GeoN1ck: bets $0.10
fierceking86: folds 
Uncalled bet ($0.10) returned to GeoN1ck
GeoN1ck collected $0.10 from pot
GeoN1ck: doesn't show hand 
*** SUMMARY ***
Total pot $0.10 | Rake $0 
Board [8c 5c 9c 6s 6d]
Seat 1: Mahu2021 (button) folded before Flop (didn't bet)
Seat 2: fierceking86 (small blind) folded on the River
Seat 3: GeoN1ck (big blind) collected ($0.10)
Seat 4: kombo443 folded before Flop (didn't bet)
Seat 5: JulianGuimaraes folded before Flop (didn't bet)
Seat 6: c0pp0ck folded before Flop (didn't bet)



PokerStars Zoom Hand #255471615802:  Hold'em No Limit ($0.02/$0.05) - 2025/03/27 14:46:14 CET [2025/03/27 9:46:14 ET]
Table 'Donati' 6-max Seat #1 is the button
Seat 1: lolb0t ($10.90 in chips) 
Seat 2: Imbastrol ($6.06 in chips) 
Seat 3: archismile ($2.58 in chips) 
Seat 4: Mahu2021 ($4.95 in chips) 
Seat 5: BenJJones ($10.37 in chips) 
Seat 6: cyan000 ($9.07 in chips) 
Imbastrol: posts small blind $0.02
archismile: posts big blind $0.05
*** HOLE CARDS ***
Dealt to Mahu2021 [9c 9h]
Mahu2021: raises $0.07 to $0.12
BenJJones: folds 
cyan000: folds 
lolb0t: folds 
Imbastrol: folds 
archismile: folds 
Uncalled bet ($0.07) returned to Mahu2021
Mahu2021 collected $0.12 from pot
Mahu2021: doesn't show hand 
*** SUMMARY ***
Total pot $0.12 | Rake $0 
Seat 1: lolb0t (button) folded before Flop (didn't bet)
Seat 2: Imbastrol (small blind) folded before Flop
Seat 3: archismile (big blind) folded before Flop
Seat 4: Mahu2021 collected ($0.12)
Seat 5: BenJJones folded before Flop (didn't bet)
Seat 6: cyan000 folded before Flop (didn't bet)



PokerStars Zoom Hand #255471618294:  Hold'em No Limit ($0.02/$0.05) - 2025/03/27 14:46:30 CET [2025/03/27 9:46:30 ET]
Table 'Donati' 6-max Seat #1 is the button
Seat 1: Pesulle ($5.65 in chips) 
Seat 2: Mahu2021 ($5.02 in chips) 
Seat 3: lolb0t ($9.67 in chips) 
Seat 4: batiraki13 ($5.27 in chips) 
Seat 5: BenJJones ($5.63 in chips) 
Seat 6: Sandbagger17 ($5 in chips) 
Mahu2021: posts small blind $0.02
lolb0t: posts big blind $0.05
*** HOLE CARDS ***
Dealt to Mahu2021 [Tc As]
batiraki13: folds 
BenJJones: raises $0.05 to $0.10
Sandbagger17: folds 
Pesulle: folds 
Mahu2021: calls $0.08
lolb0t: folds 
*** FLOP *** [6c Kc Ad]
Mahu2021: bets $0.15
BenJJones: calls $0.15
*** TURN *** [6c Kc Ad] [8d]
Mahu2021: bets $0.15
BenJJones: folds 
Uncalled bet ($0.15) returned to Mahu2021
Mahu2021 collected $0.53 from pot
Mahu2021: doesn't show hand 
*** SUMMARY ***
Total pot $0.55 | Rake $0.02 
Board [6c Kc Ad 8d]
Seat 1: Pesulle (button) folded before Flop (didn't bet)
Seat 2: Mahu2021 (small blind) collected ($0.53)
Seat 3: lolb0t (big blind) folded before Flop
Seat 4: batiraki13 folded before Flop (didn't bet)
Seat 5: BenJJones folded on the Turn
Seat 6: Sandbagger17 folded before Flop (didn't bet)



PokerStars Zoom Hand #255471623765:  Hold'em No Limit ($0.02/$0.05) - 2025/03/27 14:47:06 CET [2025/03/27 9:47:06 ET]
Table 'Donati' 6-max Seat #1 is the button
Seat 1: Mahu2021 ($5.30 in chips) 
Seat 2: lolb0t ($5 in chips) 
Seat 3: Ptitabb ($8.18 in chips) 
Seat 4: golagos ($5.81 in chips) 
Seat 5: allinanyti ($5.96 in chips) 
Seat 6: c0pp0ck ($5 in chips) 
lolb0t: posts small blind $0.02
Ptitabb: posts big blind $0.05
*** HOLE CARDS ***
Dealt to Mahu2021 [Js Kh]
golagos: folds 
allinanyti: folds 
c0pp0ck: folds 
Mahu2021: raises $0.10 to $0.15
lolb0t: folds 
Ptitabb: raises $0.45 to $0.60
Mahu2021: folds 
Uncalled bet ($0.45) returned to Ptitabb
Ptitabb collected $0.32 from pot
Ptitabb: doesn't show hand 
*** SUMMARY ***
Total pot $0.32 | Rake $0 
Seat 1: Mahu2021 (button) folded before Flop
Seat 2: lolb0t (small blind) folded before Flop
Seat 3: Ptitabb (big blind) collected ($0.32)
Seat 4: golagos folded before Flop (didn't bet)
Seat 5: allinanyti folded before Flop (didn't bet)
Seat 6: c0pp0ck folded before Flop (didn't bet)



PokerStars Zoom Hand #255471627083:  Hold'em No Limit ($0.02/$0.05) - 2025/03/27 14:47:27 CET [2025/03/27 9:47:27 ET]
Table 'Donati' 6-max Seat #1 is the button
Seat 1: Love4Ketlin ($5 in chips) 
Seat 2: mOberdan ($5 in chips) 
Seat 3: lolb0t ($9.67 in chips) 
Seat 4: Arokaro25 ($3.85 in chips) 
Seat 5: Imbastrol ($7.20 in chips) 
Seat 6: Mahu2021 ($5.15 in chips) 
mOberdan: posts small blind $0.02
lolb0t: posts big blind $0.05
*** HOLE CARDS ***
Dealt to Mahu2021 [6s 3c]
Arokaro25: raises $0.10 to $0.15
Imbastrol: folds 
Mahu2021: folds 
Love4Ketlin: folds 
mOberdan: folds 
lolb0t: calls $0.10
*** FLOP *** [2h 9s Ks]
lolb0t: checks 
Arokaro25: bets $0.15
lolb0t: folds 
Uncalled bet ($0.15) returned to Arokaro25
Arokaro25 collected $0.31 from pot
Arokaro25: doesn't show hand 
*** SUMMARY ***
Total pot $0.32 | Rake $0.01 
Board [2h 9s Ks]
Seat 1: Love4Ketlin (button) folded before Flop (didn't bet)
Seat 2: mOberdan (small blind) folded before Flop
Seat 3: lolb0t (big blind) folded on the Flop
Seat 4: Arokaro25 collected ($0.31)
Seat 5: Imbastrol folded before Flop (didn't bet)
Seat 6: Mahu2021 folded before Flop (didn't bet)



PokerStars Zoom Hand #255471630458:  Hold'em No Limit ($0.02/$0.05) - 2025/03/27 14:47:49 CET [2025/03/27 9:47:49 ET]
Table 'Donati' 6-max Seat #1 is the button
Seat 1: JulianGuimaraes ($9.90 in chips) 
Seat 2: kombo443 ($6.91 in chips) 
Seat 3: Love4Ketlin ($5.85 in chips) 
Seat 4: Mahu2021 ($5.10 in chips) 
Seat 5: MasterVBM ($2.66 in chips) 
Seat 6: eodnrdld123 ($8.15 in chips) 
kombo443: posts small blind $0.02
Love4Ketlin: posts big blind $0.05
*** HOLE CARDS ***
Dealt to Mahu2021 [9c 3h]
Mahu2021: folds 
MasterVBM: folds 
eodnrdld123: folds 
JulianGuimaraes: folds 
kombo443: folds 
Uncalled bet ($0.03) returned to Love4Ketlin
Love4Ketlin collected $0.04 from pot
Love4Ketlin: doesn't show hand 
*** SUMMARY ***
Total pot $0.04 | Rake $0 
Seat 1: JulianGuimaraes (button) folded before Flop (didn't bet)
Seat 2: kombo443 (small blind) folded before Flop
Seat 3: Love4Ketlin (big blind) collected ($0.04)
Seat 4: Mahu2021 folded before Flop (didn't bet)
Seat 5: MasterVBM folded before Flop (didn't bet)
Seat 6: eodnrdld123 folded before Flop (didn't bet)



PokerStars Zoom Hand #255471631134:  Hold'em No Limit ($0.02/$0.05) - 2025/03/27 14:47:53 CET [2025/03/27 9:47:53 ET]
Table 'Donati' 6-max Seat #1 is the button
Seat 1: QED42 ($8.84 in chips) 
Seat 2: Mahu2021 ($5.10 in chips) 
Seat 3: Dourabeis ($0.73 in chips) 
Seat 4: fierceking86 ($7.16 in chips) 
Seat 5: SlipperySealion ($16.34 in chips) 
Seat 6: 35EK ($21.33 in chips) 
Mahu2021: posts small blind $0.02
Dourabeis: posts big blind $0.05
*** HOLE CARDS ***
Dealt to Mahu2021 [Tc Qc]
fierceking86: raises $0.05 to $0.10
SlipperySealion: folds 
35EK: raises $0.15 to $0.25
QED42: folds 
Mahu2021: folds 
Dourabeis: folds 
fierceking86: calls $0.15
*** FLOP *** [9s Qd 4s]
fierceking86: bets $0.28
35EK: folds 
Uncalled bet ($0.28) returned to fierceking86
fierceking86 collected $0.55 from pot
fierceking86: doesn't show hand 
*** SUMMARY ***
Total pot $0.57 | Rake $0.02 
Board [9s Qd 4s]
Seat 1: QED42 (button) folded before Flop (didn't bet)
Seat 2: Mahu2021 (small blind) folded before Flop
Seat 3: Dourabeis (big blind) folded before Flop
Seat 4: fierceking86 collected ($0.55)
Seat 5: SlipperySealion folded before Flop (didn't bet)
Seat 6: 35EK folded on the Flop



PokerStars Zoom Hand #255471628481:  Hold'em No Limit ($0.02/$0.05) - 2025/03/27 14:47:36 CET [2025/03/27 9:47:36 ET]
Table 'Donati' 6-max Seat #1 is the button
Seat 1: cyan000 ($5.12 in chips) 
Seat 2: Imbastrol ($7.20 in chips) 
Seat 3: Mahu2021 ($5.15 in chips) 
Seat 4: MrChrisMan ($0.88 in chips) 
Seat 5: golagos ($7.88 in chips) 
Seat 6: macsarah21 ($4.93 in chips) 
Imbastrol: posts small blind $0.02
Mahu2021: posts big blind $0.05
*** HOLE CARDS ***
Dealt to Mahu2021 [6c As]
MrChrisMan: calls $0.05
golagos: folds 
macsarah21: raises $0.10 to $0.15
cyan000: folds 
Imbastrol: folds 
Mahu2021: folds 
MrChrisMan: calls $0.10
*** FLOP *** [9h 2c 9c]
MrChrisMan: checks 
macsarah21: bets $0.13
MrChrisMan: calls $0.13
*** TURN *** [9h 2c 9c] [9d]
MrChrisMan: bets $0.60 and is all-in
macsarah21: calls $0.60
*** RIVER *** [9h 2c 9c 9d] [3s]
*** SHOW DOWN ***
MrChrisMan: shows [8h Ad] (three of a kind, Nines)
macsarah21: shows [Ks Qh] (three of a kind, Nines - lower kicker)
MrChrisMan collected $1.75 from pot
*** SUMMARY ***
Total pot $1.83 | Rake $0.08 
Board [9h 2c 9c 9d 3s]
Seat 1: cyan000 (button) folded before Flop (didn't bet)
Seat 2: Imbastrol (small blind) folded before Flop
Seat 3: Mahu2021 (big blind) folded before Flop
Seat 4: MrChrisMan showed [8h Ad] and won ($1.75) with three of a kind, Nines
Seat 5: golagos folded before Flop (didn't bet)
Seat 6: macsarah21 showed [Ks Qh] and lost with three of a kind, Nines



PokerStars Zoom Hand #255471633114:  Hold'em No Limit ($0.02/$0.05) - 2025/03/27 14:48:06 CET [2025/03/27 9:48:06 ET]
Table 'Donati' 6-max Seat #1 is the button
Seat 1: mOberdan ($5.12 in chips) 
Seat 2: golagos ($5.61 in chips) 
Seat 3: eodnrdld123 ($8.15 in chips) 
Seat 4: MrLarrySir ($6.43 in chips) 
Seat 5: Mahu2021 ($5.08 in chips) 
Seat 6: cyan000 ($5.17 in chips) 
golagos: posts small blind $0.02
eodnrdld123: posts big blind $0.05
*** HOLE CARDS ***
Dealt to Mahu2021 [6d 2d]
MrLarrySir: folds 
Mahu2021: folds 
cyan000: folds 
mOberdan: raises $0.07 to $0.12
golagos: folds 
eodnrdld123: folds 
Uncalled bet ($0.07) returned to mOberdan
mOberdan collected $0.12 from pot
mOberdan: doesn't show hand 
*** SUMMARY ***
Total pot $0.12 | Rake $0 
Seat 1: mOberdan (button) collected ($0.12)
Seat 2: golagos (small blind) folded before Flop
Seat 3: eodnrdld123 (big blind) folded before Flop
Seat 4: MrLarrySir folded before Flop (didn't bet)
Seat 5: Mahu2021 folded before Flop (didn't bet)
Seat 6: cyan000 folded before Flop (didn't bet)



PokerStars Zoom Hand #255471627812:  Hold'em No Limit ($0.02/$0.05) - 2025/03/27 14:47:32 CET [2025/03/27 9:47:32 ET]
Table 'Donati' 6-max Seat #1 is the button
Seat 1: eodnrdld123 ($8.17 in chips) 
Seat 2: fel!xgum ($5.14 in chips) 
Seat 3: c0pp0ck ($5 in chips) 
Seat 4: Mahu2021 ($5.15 in chips) 
Seat 5: SynWiz ($4.02 in chips) 
Seat 6: archismile ($2.13 in chips) 
fel!xgum: posts small blind $0.02
c0pp0ck: posts big blind $0.05
*** HOLE CARDS ***
Dealt to Mahu2021 [6h Kd]
Mahu2021: folds 
SynWiz: folds 
archismile: folds 
eodnrdld123: folds 
fel!xgum: raises $0.10 to $0.15
c0pp0ck: calls $0.10
*** FLOP *** [Kc 7h 3d]
fel!xgum: checks 
c0pp0ck: bets $0.10
fel!xgum: calls $0.10
*** TURN *** [Kc 7h 3d] [8d]
fel!xgum: checks 
c0pp0ck: checks 
*** RIVER *** [Kc 7h 3d 8d] [5h]
fel!xgum: checks 
c0pp0ck: checks 
*** SHOW DOWN ***
fel!xgum: shows [9h 7c] (a pair of Sevens)
c0pp0ck: mucks hand 
fel!xgum collected $0.48 from pot
*** SUMMARY ***
Total pot $0.50 | Rake $0.02 
Board [Kc 7h 3d 8d 5h]
Seat 1: eodnrdld123 (button) folded before Flop (didn't bet)
Seat 2: fel!xgum (small blind) showed [9h 7c] and won ($0.48) with a pair of Sevens
Seat 3: c0pp0ck (big blind) mucked [Qs Jd]
Seat 4: Mahu2021 folded before Flop (didn't bet)
Seat 5: SynWiz folded before Flop (didn't bet)
Seat 6: archismile folded before Flop (didn't bet)



PokerStars Zoom Hand #255471634147:  Hold'em No Limit ($0.02/$0.05) - 2025/03/27 14:48:13 CET [2025/03/27 9:48:13 ET]
Table 'Donati' 6-max Seat #1 is the button
Seat 1: mOberdan ($5 in chips) 
Seat 2: Sadol_MS ($4.32 in chips) 
Seat 3: lewisweight ($5 in chips) 
Seat 4: S4794 ($3.01 in chips) 
Seat 5: nicobebe01 ($5 in chips) 
Seat 6: Mahu2021 ($5.08 in chips) 
Sadol_MS: posts small blind $0.02
lewisweight: posts big blind $0.05
*** HOLE CARDS ***
Dealt to Mahu2021 [Ah 3h]
S4794: folds 
nicobebe01: folds 
Mahu2021: raises $0.07 to $0.12
mOberdan: folds 
Sadol_MS: folds 
lewisweight: calls $0.07
*** FLOP *** [Jh Qh Ks]
lewisweight: checks 
Mahu2021: bets $0.25
lewisweight: folds 
Uncalled bet ($0.25) returned to Mahu2021
Mahu2021 collected $0.25 from pot
Mahu2021: doesn't show hand 
*** SUMMARY ***
Total pot $0.26 | Rake $0.01 
Board [Jh Qh Ks]
Seat 1: mOberdan (button) folded before Flop (didn't bet)
Seat 2: Sadol_MS (small blind) folded before Flop
Seat 3: lewisweight (big blind) folded on the Flop
Seat 4: S4794 folded before Flop (didn't bet)
Seat 5: nicobebe01 folded before Flop (didn't bet)
Seat 6: Mahu2021 collected ($0.25)



PokerStars Zoom Hand #255471629864:  Hold'em No Limit ($0.02/$0.05) - 2025/03/27 14:47:45 CET [2025/03/27 9:47:45 ET]
Table 'Donati' 6-max Seat #1 is the button
Seat 1: apiracik ($6.48 in chips) 
Seat 2: mrdj_1988 ($5.37 in chips) 
Seat 3: xatzi25 ($2.50 in chips) 
Seat 4: BenJJones ($5.38 in chips) 
Seat 5: Mahu2021 ($5.10 in chips) 
Seat 6: spens1to0o ($21.21 in chips) 
mrdj_1988: posts small blind $0.02
xatzi25: posts big blind $0.05
*** HOLE CARDS ***
Dealt to Mahu2021 [6c 8s]
BenJJones: folds 
Mahu2021: folds 
spens1to0o: raises $0.07 to $0.12
apiracik: calls $0.12
mrdj_1988: folds 
xatzi25: calls $0.07
*** FLOP *** [5d 7c 9s]
xatzi25: bets $0.10
spens1to0o: raises $0.36 to $0.46
apiracik: calls $0.46
xatzi25: folds 
*** TURN *** [5d 7c 9s] [8d]
spens1to0o: checks 
apiracik: bets $0.65
spens1to0o: folds 
Uncalled bet ($0.65) returned to apiracik
apiracik collected $1.34 from pot
apiracik: doesn't show hand 
*** SUMMARY ***
Total pot $1.40 | Rake $0.06 
Board [5d 7c 9s 8d]
Seat 1: apiracik (button) collected ($1.34)
Seat 2: mrdj_1988 (small blind) folded before Flop
Seat 3: xatzi25 (big blind) folded on the Flop
Seat 4: BenJJones folded before Flop (didn't bet)
Seat 5: Mahu2021 folded before Flop (didn't bet)
Seat 6: spens1to0o folded on the Turn



PokerStars Zoom Hand #255471637175:  Hold'em No Limit ($0.02/$0.05) - 2025/03/27 14:48:33 CET [2025/03/27 9:48:33 ET]
Table 'Donati' 6-max Seat #1 is the button
Seat 1: Mahu2021 ($5.21 in chips) 
Seat 2: c0pp0ck ($5 in chips) 
Seat 3: JulianGuimaraes ($5.31 in chips) 
Seat 4: eodnrdld123 ($10.33 in chips) 
Seat 5: MrLarrySir ($6.43 in chips) 
Seat 6: BenJJones ($13.63 in chips) 
c0pp0ck: posts small blind $0.02
JulianGuimaraes: posts big blind $0.05
*** HOLE CARDS ***
Dealt to Mahu2021 [3h 3c]
eodnrdld123: folds 
MrLarrySir: folds 
BenJJones: folds 
Mahu2021: raises $0.10 to $0.15
c0pp0ck: folds 
JulianGuimaraes: calls $0.10
*** FLOP *** [4h 6h 2h]
JulianGuimaraes: checks 
Mahu2021: checks 
*** TURN *** [4h 6h 2h] [6c]
JulianGuimaraes: bets $0.08
Mahu2021: calls $0.08
*** RIVER *** [4h 6h 2h 6c] [2d]
JulianGuimaraes: bets $0.69
Mahu2021: calls $0.69
*** SHOW DOWN ***
JulianGuimaraes: shows [Qs 3s] (two pair, Sixes and Deuces)
Mahu2021: shows [3h 3c] (two pair, Sixes and Threes)
Mahu2021 collected $1.78 from pot
*** SUMMARY ***
Total pot $1.86 | Rake $0.08 
Board [4h 6h 2h 6c 2d]
Seat 1: Mahu2021 (button) showed [3h 3c] and won ($1.78) with two pair, Sixes and Threes
Seat 2: c0pp0ck (small blind) folded before Flop
Seat 3: JulianGuimaraes (big blind) showed [Qs 3s] and lost with two pair, Sixes and Deuces
Seat 4: eodnrdld123 folded before Flop (didn't bet)
Seat 5: MrLarrySir folded before Flop (didn't bet)
Seat 6: BenJJones folded before Flop (didn't bet)



PokerStars Zoom Hand #255471646579:  Hold'em No Limit ($0.02/$0.05) - 2025/03/27 14:49:34 CET [2025/03/27 9:49:34 ET]
Table 'Donati' 6-max Seat #1 is the button
Seat 1: cadenza16 ($8.82 in chips) 
Seat 2: PADST98 ($11.53 in chips) 
Seat 3: Mahu2021 ($6.07 in chips) 
Seat 4: c0pp0ck ($5 in chips) 
Seat 5: Imbastrol ($5.90 in chips) 
Seat 6: ACTN3 ($5.66 in chips) 
PADST98: posts small blind $0.02
Mahu2021: posts big blind $0.05
*** HOLE CARDS ***
Dealt to Mahu2021 [Th 3h]
c0pp0ck: folds 
Imbastrol: folds 
ACTN3: folds 
cadenza16: folds 
PADST98: raises $0.10 to $0.15
Mahu2021: folds 
Uncalled bet ($0.10) returned to PADST98
PADST98 collected $0.10 from pot
PADST98: doesn't show hand 
*** SUMMARY ***
Total pot $0.10 | Rake $0 
Seat 1: cadenza16 (button) folded before Flop (didn't bet)
Seat 2: PADST98 (small blind) collected ($0.10)
Seat 3: Mahu2021 (big blind) folded before Flop
Seat 4: c0pp0ck folded before Flop (didn't bet)
Seat 5: Imbastrol folded before Flop (didn't bet)
Seat 6: ACTN3 folded before Flop (didn't bet)



PokerStars Zoom Hand #255471649449:  Hold'em No Limit ($0.02/$0.05) - 2025/03/27 14:49:53 CET [2025/03/27 9:49:53 ET]
Table 'Donati' 6-max Seat #1 is the button
Seat 1: nicobebe01 ($4.78 in chips) 
Seat 2: Mahu2021 ($6.02 in chips) 
Seat 3: iskon91 ($4.46 in chips) 
Seat 4: Maks K.007 ($4.25 in chips) 
Seat 5: MrLarrySir ($6.36 in chips) 
Seat 6: mOberdan ($5.13 in chips) 
Mahu2021: posts small blind $0.02
iskon91: posts big blind $0.05
*** HOLE CARDS ***
Dealt to Mahu2021 [7s Kd]
Maks K.007: folds 
MrLarrySir: folds 
mOberdan: folds 
nicobebe01: raises $0.10 to $0.15
Mahu2021: folds 
iskon91: folds 
Uncalled bet ($0.10) returned to nicobebe01
nicobebe01 collected $0.12 from pot
nicobebe01: doesn't show hand 
*** SUMMARY ***
Total pot $0.12 | Rake $0 
Seat 1: nicobebe01 (button) collected ($0.12)
Seat 2: Mahu2021 (small blind) folded before Flop
Seat 3: iskon91 (big blind) folded before Flop
Seat 4: Maks K.007 folded before Flop (didn't bet)
Seat 5: MrLarrySir folded before Flop (didn't bet)
Seat 6: mOberdan folded before Flop (didn't bet)



PokerStars Zoom Hand #255471649820:  Hold'em No Limit ($0.02/$0.05) - 2025/03/27 14:49:55 CET [2025/03/27 9:49:55 ET]
Table 'Donati' 6-max Seat #1 is the button
Seat 1: Mahu2021 ($6 in chips) 
Seat 2: fierceking86 ($6.23 in chips) 
Seat 3: Se7en89T ($8.60 in chips) 
Seat 4: AtiY1 ($5.19 in chips) 
Seat 5: spens1to0o ($5 in chips) 
Seat 6: SlipperySealion ($16.19 in chips) 
fierceking86: posts small blind $0.02
Se7en89T: posts big blind $0.05
*** HOLE CARDS ***
Dealt to Mahu2021 [Qs 8d]
AtiY1: folds 
spens1to0o: folds 
SlipperySealion: folds 
Mahu2021: folds 
fierceking86: folds 
Uncalled bet ($0.03) returned to Se7en89T
Se7en89T collected $0.04 from pot
Se7en89T: doesn't show hand 
*** SUMMARY ***
Total pot $0.04 | Rake $0 
Seat 1: Mahu2021 (button) folded before Flop (didn't bet)
Seat 2: fierceking86 (small blind) folded before Flop
Seat 3: Se7en89T (big blind) collected ($0.04)
Seat 4: AtiY1 folded before Flop (didn't bet)
Seat 5: spens1to0o folded before Flop (didn't bet)
Seat 6: SlipperySealion folded before Flop (didn't bet)



PokerStars Zoom Hand #255471651109:  Hold'em No Limit ($0.02/$0.05) - 2025/03/27 14:50:03 CET [2025/03/27 9:50:03 ET]
Table 'Donati' 6-max Seat #1 is the button
Seat 1: c0pp0ck ($5 in chips) 
Seat 2: bobishelton ($6.62 in chips) 
Seat 3: Mahu2021 ($6 in chips) 
Seat 4: mOberdan ($5.61 in chips) 
Seat 5: spens1to0o ($14.62 in chips) 
Seat 6: TheBardBeat ($6.27 in chips) 
bobishelton: posts small blind $0.02
Mahu2021: posts big blind $0.05
*** HOLE CARDS ***
Dealt to Mahu2021 [5s Qd]
mOberdan: folds 
spens1to0o: folds 
TheBardBeat: folds 
c0pp0ck: raises $0.07 to $0.12
bobishelton: folds 
Mahu2021: folds 
Uncalled bet ($0.07) returned to c0pp0ck
c0pp0ck collected $0.12 from pot
c0pp0ck: doesn't show hand 
*** SUMMARY ***
Total pot $0.12 | Rake $0 
Seat 1: c0pp0ck (button) collected ($0.12)
Seat 2: bobishelton (small blind) folded before Flop
Seat 3: Mahu2021 (big blind) folded before Flop
Seat 4: mOberdan folded before Flop (didn't bet)
Seat 5: spens1to0o folded before Flop (didn't bet)
Seat 6: TheBardBeat folded before Flop (didn't bet)



PokerStars Zoom Hand #255471648725:  Hold'em No Limit ($0.02/$0.05) - 2025/03/27 14:49:48 CET [2025/03/27 9:49:48 ET]
Table 'Donati' 6-max Seat #1 is the button
Seat 1: lewisweight ($4.88 in chips) 
Seat 2: B00KSY ($5.35 in chips) 
Seat 3: Imbastrol ($5.90 in chips) 
Seat 4: SlipperySealion ($16.41 in chips) 
Seat 5: Mahu2021 ($6.02 in chips) 
Seat 6: iskon91 ($4.46 in chips) 
B00KSY: posts small blind $0.02
Imbastrol: posts big blind $0.05
*** HOLE CARDS ***
Dealt to Mahu2021 [7h 3s]
SlipperySealion: folds 
Mahu2021: folds 
iskon91: folds 
lewisweight: raises $0.10 to $0.15
B00KSY: raises $0.30 to $0.45
Imbastrol: folds 
lewisweight: calls $0.30
*** FLOP *** [2h 3c 8c]
B00KSY: bets $0.36
lewisweight: folds 
Uncalled bet ($0.36) returned to B00KSY
B00KSY collected $0.91 from pot
B00KSY: doesn't show hand 
*** SUMMARY ***
Total pot $0.95 | Rake $0.04 
Board [2h 3c 8c]
Seat 1: lewisweight (button) folded on the Flop
Seat 2: B00KSY (small blind) collected ($0.91)
Seat 3: Imbastrol (big blind) folded before Flop
Seat 4: SlipperySealion folded before Flop (didn't bet)
Seat 5: Mahu2021 folded before Flop (didn't bet)
Seat 6: iskon91 folded before Flop (didn't bet)



PokerStars Zoom Hand #255471652640:  Hold'em No Limit ($0.02/$0.05) - 2025/03/27 14:50:13 CET [2025/03/27 9:50:13 ET]
Table 'Donati' 6-max Seat #1 is the button
Seat 1: marin_dinero ($7.66 in chips) 
Seat 2: Sandbagger17 ($5.02 in chips) 
Seat 3: andriy58504 ($10.55 in chips) 
Seat 4: Se7en89T ($8.62 in chips) 
Seat 5: nicobebe01 ($4.83 in chips) 
Seat 6: Mahu2021 ($5.95 in chips) 
Sandbagger17: posts small blind $0.02
andriy58504: posts big blind $0.05
*** HOLE CARDS ***
Dealt to Mahu2021 [Qc 2d]
Se7en89T: folds 
nicobebe01: folds 
Mahu2021: folds 
marin_dinero: raises $0.07 to $0.12
Sandbagger17: folds 
andriy58504: folds 
Uncalled bet ($0.07) returned to marin_dinero
marin_dinero collected $0.12 from pot
marin_dinero: doesn't show hand 
*** SUMMARY ***
Total pot $0.12 | Rake $0 
Seat 1: marin_dinero (button) collected ($0.12)
Seat 2: Sandbagger17 (small blind) folded before Flop
Seat 3: andriy58504 (big blind) folded before Flop
Seat 4: Se7en89T folded before Flop (didn't bet)
Seat 5: nicobebe01 folded before Flop (didn't bet)
Seat 6: Mahu2021 folded before Flop (didn't bet)



PokerStars Zoom Hand #255471653415:  Hold'em No Limit ($0.02/$0.05) - 2025/03/27 14:50:18 CET [2025/03/27 9:50:18 ET]
Table 'Donati' 6-max Seat #1 is the button
Seat 1: marin_dinero ($5.07 in chips) 
Seat 2: Mahu2021 ($5.95 in chips) 
Seat 3: MLN1 ($5.64 in chips) 
Seat 4: Fun Dome I ($5.49 in chips) 
Seat 5: Sadol_MS ($4.36 in chips) 
Seat 6: fel!xgum ($5.79 in chips) 
Mahu2021: posts small blind $0.02
MLN1: posts big blind $0.05
*** HOLE CARDS ***
Dealt to Mahu2021 [Ah 6c]
Fun Dome I: folds 
Sadol_MS: raises $0.12 to $0.17
fel!xgum: folds 
marin_dinero: folds 
Mahu2021: folds 
MLN1: folds 
Uncalled bet ($0.12) returned to Sadol_MS
Sadol_MS collected $0.12 from pot
Sadol_MS: doesn't show hand 
*** SUMMARY ***
Total pot $0.12 | Rake $0 
Seat 1: marin_dinero (button) folded before Flop (didn't bet)
Seat 2: Mahu2021 (small blind) folded before Flop
Seat 3: MLN1 (big blind) folded before Flop
Seat 4: Fun Dome I folded before Flop (didn't bet)
Seat 5: Sadol_MS collected ($0.12)
Seat 6: fel!xgum folded before Flop (didn't bet)



PokerStars Zoom Hand #255471655744:  Hold'em No Limit ($0.02/$0.05) - 2025/03/27 14:50:33 CET [2025/03/27 9:50:33 ET]
Table 'Donati' 6-max Seat #1 is the button
Seat 1: BenJJones ($10.25 in chips) 
Seat 2: allinanyti ($6.66 in chips) 
Seat 3: SlipperySealion ($16.39 in chips) 
Seat 4: TheBardBeat ($6.20 in chips) 
Seat 5: Mahu2021 ($5.93 in chips) 
Seat 6: annodv ($21.94 in chips) 
allinanyti: posts small blind $0.02
SlipperySealion: posts big blind $0.05
*** HOLE CARDS ***
Dealt to Mahu2021 [Kh 3d]
TheBardBeat: folds 
Mahu2021: folds 
annodv: raises $0.07 to $0.12
BenJJones: folds 
allinanyti: folds 
SlipperySealion: folds 
Uncalled bet ($0.07) returned to annodv
annodv collected $0.12 from pot
annodv: doesn't show hand 
*** SUMMARY ***
Total pot $0.12 | Rake $0 
Seat 1: BenJJones (button) folded before Flop (didn't bet)
Seat 2: allinanyti (small blind) folded before Flop
Seat 3: SlipperySealion (big blind) folded before Flop
Seat 4: TheBardBeat folded before Flop (didn't bet)
Seat 5: Mahu2021 folded before Flop (didn't bet)
Seat 6: annodv collected ($0.12)



PokerStars Zoom Hand #255471650397:  Hold'em No Limit ($0.02/$0.05) - 2025/03/27 14:49:59 CET [2025/03/27 9:49:59 ET]
Table 'Donati' 6-max Seat #1 is the button
Seat 1: Esk_moneyy ($6.52 in chips) 
Seat 2: QED42 ($5 in chips) 
Seat 3: MrLarrySir ($6.36 in chips) 
Seat 4: Mahu2021 ($6 in chips) 
Seat 5: Sadol_MS ($3.88 in chips) 
Seat 6: cyan000 ($9.10 in chips) 
QED42: posts small blind $0.02
MrLarrySir: posts big blind $0.05
*** HOLE CARDS ***
Dealt to Mahu2021 [7h 6c]
Mahu2021: folds 
Sadol_MS: folds 
cyan000: folds 
Esk_moneyy: calls $0.05
QED42: folds 
MrLarrySir: raises $0.15 to $0.20
Esk_moneyy: calls $0.15
*** FLOP *** [6s 3s Ad]
MrLarrySir: bets $0.13
Esk_moneyy: calls $0.13
*** TURN *** [6s 3s Ad] [Qd]
MrLarrySir: checks 
Esk_moneyy: bets $0.33
MrLarrySir: calls $0.33
*** RIVER *** [6s 3s Ad Qd] [6d]
MrLarrySir: checks 
Esk_moneyy: checks 
*** SHOW DOWN ***
MrLarrySir: shows [Kd Kh] (two pair, Kings and Sixes)
Esk_moneyy: shows [Ac 7s] (two pair, Aces and Sixes)
Esk_moneyy collected $1.28 from pot
*** SUMMARY ***
Total pot $1.34 | Rake $0.06 
Board [6s 3s Ad Qd 6d]
Seat 1: Esk_moneyy (button) showed [Ac 7s] and won ($1.28) with two pair, Aces and Sixes
Seat 2: QED42 (small blind) folded before Flop
Seat 3: MrLarrySir (big blind) showed [Kd Kh] and lost with two pair, Kings and Sixes
Seat 4: Mahu2021 folded before Flop (didn't bet)
Seat 5: Sadol_MS folded before Flop (didn't bet)
Seat 6: cyan000 folded before Flop (didn't bet)



PokerStars Zoom Hand #255471656810:  Hold'em No Limit ($0.02/$0.05) - 2025/03/27 14:50:40 CET [2025/03/27 9:50:40 ET]
Table 'Donati' 6-max Seat #1 is the button
Seat 1: Mahu2021 ($5.93 in chips) 
Seat 2: archismile ($2.10 in chips) 
Seat 3: fel!xgum ($5.07 in chips) 
Seat 4: LongNightTV ($8.66 in chips) 
Seat 5: AtiY1 ($4.47 in chips) 
Seat 6: JulianGuimaraes ($5.16 in chips) 
archismile: posts small blind $0.02
fel!xgum: posts big blind $0.05
*** HOLE CARDS ***
Dealt to Mahu2021 [8d Qd]
LongNightTV: folds 
AtiY1: folds 
JulianGuimaraes: raises $0.07 to $0.12
Mahu2021: folds 
archismile: folds 
fel!xgum: folds 
Uncalled bet ($0.07) returned to JulianGuimaraes
JulianGuimaraes collected $0.12 from pot
JulianGuimaraes: doesn't show hand 
*** SUMMARY ***
Total pot $0.12 | Rake $0 
Seat 1: Mahu2021 (button) folded before Flop (didn't bet)
Seat 2: archismile (small blind) folded before Flop
Seat 3: fel!xgum (big blind) folded before Flop
Seat 4: LongNightTV folded before Flop (didn't bet)
Seat 5: AtiY1 folded before Flop (didn't bet)
Seat 6: JulianGuimaraes collected ($0.12)



PokerStars Zoom Hand #255471658679:  Hold'em No Limit ($0.02/$0.05) - 2025/03/27 14:50:52 CET [2025/03/27 9:50:52 ET]
Table 'Donati' 6-max Seat #1 is the button
Seat 1: Sadol_MS ($4.36 in chips) 
Seat 2: Imbastrol ($6.47 in chips) 
Seat 3: andriy58504 ($10.48 in chips) 
Seat 4: allinanyti ($6.59 in chips) 
Seat 5: cyan000 ($9.47 in chips) 
Seat 6: Mahu2021 ($5.93 in chips) 
Imbastrol: posts small blind $0.02
andriy58504: posts big blind $0.05
*** HOLE CARDS ***
Dealt to Mahu2021 [3s 5h]
allinanyti: folds 
cyan000: folds 
Mahu2021: folds 
Sadol_MS: folds 
Imbastrol: folds 
Uncalled bet ($0.03) returned to andriy58504
andriy58504 collected $0.04 from pot
andriy58504: doesn't show hand 
*** SUMMARY ***
Total pot $0.04 | Rake $0 
Seat 1: Sadol_MS (button) folded before Flop (didn't bet)
Seat 2: Imbastrol (small blind) folded before Flop
Seat 3: andriy58504 (big blind) collected ($0.04)
Seat 4: allinanyti folded before Flop (didn't bet)
Seat 5: cyan000 folded before Flop (didn't bet)
Seat 6: Mahu2021 folded before Flop (didn't bet)



PokerStars Zoom Hand #255471659306:  Hold'em No Limit ($0.02/$0.05) - 2025/03/27 14:50:56 CET [2025/03/27 9:50:56 ET]
Table 'Donati' 6-max Seat #1 is the button
Seat 1: Pesulle ($5.51 in chips) 
Seat 2: Mahu2021 ($5.93 in chips) 
Seat 3: GeoN1ck ($5.33 in chips) 
Seat 4: lewisweight ($4.48 in chips) 
Seat 5: brianaviador ($4.47 in chips) 
Seat 6: musetel87 ($5 in chips) 
Mahu2021: posts small blind $0.02
GeoN1ck: posts big blind $0.05
*** HOLE CARDS ***
Dealt to Mahu2021 [8h 5h]
lewisweight: folds 
brianaviador: folds 
musetel87: folds 
Pesulle: raises $0.06 to $0.11
Mahu2021: folds 
GeoN1ck: folds 
Uncalled bet ($0.06) returned to Pesulle
Pesulle collected $0.12 from pot
Pesulle: doesn't show hand 
*** SUMMARY ***
Total pot $0.12 | Rake $0 
Seat 1: Pesulle (button) collected ($0.12)
Seat 2: Mahu2021 (small blind) folded before Flop
Seat 3: GeoN1ck (big blind) folded before Flop
Seat 4: lewisweight folded before Flop (didn't bet)
Seat 5: brianaviador folded before Flop (didn't bet)
Seat 6: musetel87 folded before Flop (didn't bet)



PokerStars Zoom Hand #255471660547:  Hold'em No Limit ($0.02/$0.05) - 2025/03/27 14:51:04 CET [2025/03/27 9:51:04 ET]
Table 'Donati' 6-max Seat #1 is the button
Seat 1: AtiY1 ($5 in chips) 
Seat 2: musetel87 ($5 in chips) 
Seat 3: Mahu2021 ($5.91 in chips) 
Seat 4: AnDoJoiO ($5.82 in chips) 
Seat 5: DJ JORDAN G. ($4.43 in chips) 
Seat 6: Ptitabb ($10.54 in chips) 
musetel87: posts small blind $0.02
Mahu2021: posts big blind $0.05
*** HOLE CARDS ***
Dealt to Mahu2021 [5c 4s]
AnDoJoiO: folds 
DJ JORDAN G.: folds 
Ptitabb: folds 
AtiY1: raises $0.11 to $0.16
musetel87: raises $0.40 to $0.56
Mahu2021: folds 
AtiY1: folds 
Uncalled bet ($0.40) returned to musetel87
musetel87 collected $0.37 from pot
musetel87: doesn't show hand 
*** SUMMARY ***
Total pot $0.37 | Rake $0 
Seat 1: AtiY1 (button) folded before Flop
Seat 2: musetel87 (small blind) collected ($0.37)
Seat 3: Mahu2021 (big blind) folded before Flop
Seat 4: AnDoJoiO folded before Flop (didn't bet)
Seat 5: DJ JORDAN G. folded before Flop (didn't bet)
Seat 6: Ptitabb folded before Flop (didn't bet)



PokerStars Zoom Hand #255471656347:  Hold'em No Limit ($0.02/$0.05) - 2025/03/27 14:50:37 CET [2025/03/27 9:50:37 ET]
Table 'Donati' 6-max Seat #1 is the button
Seat 1: JulianGuimaraes ($5.17 in chips) 
Seat 2: fierceking86 ($5.02 in chips) 
Seat 3: allinanyti ($6.64 in chips) 
Seat 4: Mahu2021 ($5.93 in chips) 
Seat 5: ACTN3 ($4.76 in chips) 
Seat 6: mOberdan ($5 in chips) 
fierceking86: posts small blind $0.02
allinanyti: posts big blind $0.05
*** HOLE CARDS ***
Dealt to Mahu2021 [3c 4d]
Mahu2021: folds 
ACTN3: folds 
mOberdan: raises $0.07 to $0.12
JulianGuimaraes: raises $0.25 to $0.37
fierceking86: folds 
allinanyti: folds 
mOberdan: calls $0.25
*** FLOP *** [6d 8s 6h]
mOberdan: checks 
JulianGuimaraes: bets $0.25
mOberdan: raises $0.64 to $0.89
JulianGuimaraes: folds 
Uncalled bet ($0.64) returned to mOberdan
mOberdan collected $1.26 from pot
mOberdan: doesn't show hand 
*** SUMMARY ***
Total pot $1.31 | Rake $0.05 
Board [6d 8s 6h]
Seat 1: JulianGuimaraes (button) folded on the Flop
Seat 2: fierceking86 (small blind) folded before Flop
Seat 3: allinanyti (big blind) folded before Flop
Seat 4: Mahu2021 folded before Flop (didn't bet)
Seat 5: ACTN3 folded before Flop (didn't bet)
Seat 6: mOberdan collected ($1.26)



PokerStars Zoom Hand #255471662314:  Hold'em No Limit ($0.02/$0.05) - 2025/03/27 14:51:15 CET [2025/03/27 9:51:15 ET]
Table 'Donati' 6-max Seat #1 is the button
Seat 1: apiracik ($7.40 in chips) 
Seat 2: MrLarrySir ($5.81 in chips) 
Seat 3: Thegym57 ($4.63 in chips) 
Seat 4: brianaviador ($6.86 in chips) 
Seat 5: Sandbagger17 ($5.13 in chips) 
Seat 6: Mahu2021 ($5.86 in chips) 
MrLarrySir: posts small blind $0.02
Thegym57: posts big blind $0.05
*** HOLE CARDS ***
Dealt to Mahu2021 [8h Jh]
brianaviador: folds 
Sandbagger17: folds 
Mahu2021: raises $0.06 to $0.11
apiracik: calls $0.11
MrLarrySir: folds 
Thegym57: calls $0.06
*** FLOP *** [Td Th 5c]
Thegym57: checks 
Mahu2021: checks 
apiracik: checks 
*** TURN *** [Td Th 5c] [2c]
Thegym57: bets $0.05
Mahu2021: folds 
apiracik: folds 
Uncalled bet ($0.05) returned to Thegym57
Thegym57 collected $0.34 from pot
Thegym57: doesn't show hand 
*** SUMMARY ***
Total pot $0.35 | Rake $0.01 
Board [Td Th 5c 2c]
Seat 1: apiracik (button) folded on the Turn
Seat 2: MrLarrySir (small blind) folded before Flop
Seat 3: Thegym57 (big blind) collected ($0.34)
Seat 4: brianaviador folded before Flop (didn't bet)
Seat 5: Sandbagger17 folded before Flop (didn't bet)
Seat 6: Mahu2021 folded on the Turn



PokerStars Zoom Hand #255471668707:  Hold'em No Limit ($0.02/$0.05) - 2025/03/27 14:51:56 CET [2025/03/27 9:51:56 ET]
Table 'Donati' 6-max Seat #1 is the button
Seat 1: fel!xgum ($5.82 in chips) 
Seat 2: Love4Ketlin ($5.66 in chips) 
Seat 3: Imbastrol ($6.64 in chips) 
Seat 4: Mahu2021 ($5.75 in chips) 
Seat 5: PianoPer ($5 in chips) 
Seat 6: c0pp0ck ($5.38 in chips) 
Love4Ketlin: posts small blind $0.02
Imbastrol: posts big blind $0.05
*** HOLE CARDS ***
Dealt to Mahu2021 [Ad Qd]
Mahu2021: raises $0.07 to $0.12
PianoPer: folds 
c0pp0ck: raises $0.28 to $0.40
fel!xgum: folds 
Love4Ketlin: folds 
Imbastrol: raises $0.94 to $1.34
Mahu2021: folds 
c0pp0ck: folds 
Uncalled bet ($0.94) returned to Imbastrol
Imbastrol collected $0.94 from pot
Imbastrol: doesn't show hand 
*** SUMMARY ***
Total pot $0.94 | Rake $0 
Seat 1: fel!xgum (button) folded before Flop (didn't bet)
Seat 2: Love4Ketlin (small blind) folded before Flop
Seat 3: Imbastrol (big blind) collected ($0.94)
Seat 4: Mahu2021 folded before Flop
Seat 5: PianoPer folded before Flop (didn't bet)
Seat 6: c0pp0ck folded before Flop



PokerStars Zoom Hand #255471671425:  Hold'em No Limit ($0.02/$0.05) - 2025/03/27 14:52:13 CET [2025/03/27 9:52:13 ET]
Table 'Donati' 6-max Seat #1 is the button
Seat 1: fierceking86 ($7.97 in chips) 
Seat 2: PianoPer ($5 in chips) 
Seat 3: Mahu2021 ($5.63 in chips) 
Seat 4: Maks K.007 ($2.84 in chips) 
Seat 5: annodv ($23.05 in chips) 
Seat 6: add no lol ($5.14 in chips) 
PianoPer: posts small blind $0.02
Mahu2021: posts big blind $0.05
*** HOLE CARDS ***
Dealt to Mahu2021 [8s Qd]
Maks K.007: folds 
annodv: raises $0.07 to $0.12
add no lol: folds 
fierceking86: folds 
PianoPer: calls $0.10
Mahu2021: folds 
*** FLOP *** [2c Jd Ac]
PianoPer: checks 
annodv: bets $0.14
PianoPer: raises $0.37 to $0.51
annodv: folds 
Uncalled bet ($0.37) returned to PianoPer
PianoPer collected $0.55 from pot
PianoPer: doesn't show hand 
*** SUMMARY ***
Total pot $0.57 | Rake $0.02 
Board [2c Jd Ac]
Seat 1: fierceking86 (button) folded before Flop (didn't bet)
Seat 2: PianoPer (small blind) collected ($0.55)
Seat 3: Mahu2021 (big blind) folded before Flop
Seat 4: Maks K.007 folded before Flop (didn't bet)
Seat 5: annodv folded on the Flop
Seat 6: add no lol folded before Flop (didn't bet)



PokerStars Zoom Hand #255471672517:  Hold'em No Limit ($0.02/$0.05) - 2025/03/27 14:52:20 CET [2025/03/27 9:52:20 ET]
Table 'Donati' 6-max Seat #1 is the button
Seat 1: Mahu2021 ($5.58 in chips) 
Seat 2: archismile ($4.06 in chips) 
Seat 3: SynWiz ($6.90 in chips) 
Seat 4: Winik810 ($6.40 in chips) 
Seat 5: LongNightTV ($6.80 in chips) 
Seat 6: mOberdan ($5.25 in chips) 
archismile: posts small blind $0.02
SynWiz: posts big blind $0.05
*** HOLE CARDS ***
Dealt to Mahu2021 [2c Jd]
Winik810: raises $0.10 to $0.15
LongNightTV: raises $0.30 to $0.45
mOberdan: folds 
Mahu2021: folds 
archismile: folds 
SynWiz: folds 
Winik810: folds 
Uncalled bet ($0.30) returned to LongNightTV
LongNightTV collected $0.37 from pot
LongNightTV: doesn't show hand 
*** SUMMARY ***
Total pot $0.37 | Rake $0 
Seat 1: Mahu2021 (button) folded before Flop (didn't bet)
Seat 2: archismile (small blind) folded before Flop
Seat 3: SynWiz (big blind) folded before Flop
Seat 4: Winik810 folded before Flop
Seat 5: LongNightTV collected ($0.37)
Seat 6: mOberdan folded before Flop (didn't bet)



PokerStars Zoom Hand #255471673177:  Hold'em No Limit ($0.02/$0.05) - 2025/03/27 14:52:24 CET [2025/03/27 9:52:24 ET]
Table 'Donati' 6-max Seat #1 is the button
Seat 1: PADST98 ($9.63 in chips) 
Seat 2: add no lol ($5 in chips) 
Seat 3: cadenza16 ($5 in chips) 
Seat 4: GeoN1ck ($5.33 in chips) 
Seat 5: Mahu2021 ($5.58 in chips) 
Seat 6: brianaviador ($6.20 in chips) 
add no lol: posts small blind $0.02
cadenza16: posts big blind $0.05
*** HOLE CARDS ***
Dealt to Mahu2021 [4d 4h]
GeoN1ck: raises $0.07 to $0.12
Mahu2021: calls $0.12
brianaviador: folds 
PADST98: folds 
add no lol: folds 
cadenza16: calls $0.07
*** FLOP *** [Kd Tc 4s]
cadenza16: checks 
GeoN1ck: checks 
Mahu2021: bets $0.20
cadenza16: calls $0.20
GeoN1ck: folds 
*** TURN *** [Kd Tc 4s] [7s]
cadenza16: checks 
Mahu2021: bets $0.40
cadenza16: folds 
Uncalled bet ($0.40) returned to Mahu2021
Mahu2021 collected $0.75 from pot
Mahu2021: doesn't show hand 
*** SUMMARY ***
Total pot $0.78 | Rake $0.03 
Board [Kd Tc 4s 7s]
Seat 1: PADST98 (button) folded before Flop (didn't bet)
Seat 2: add no lol (small blind) folded before Flop
Seat 3: cadenza16 (big blind) folded on the Turn
Seat 4: GeoN1ck folded on the Flop
Seat 5: Mahu2021 collected ($0.75)
Seat 6: brianaviador folded before Flop (didn't bet)



PokerStars Zoom Hand #255471680354:  Hold'em No Limit ($0.02/$0.05) - 2025/03/27 14:53:11 CET [2025/03/27 9:53:11 ET]
Table 'Donati' 6-max Seat #1 is the button
Seat 1: LongNightTV ($7.43 in chips) 
Seat 2: Mahu2021 ($6.01 in chips) 
Seat 3: zelias ($2.50 in chips) 
Seat 4: mOberdan ($5.30 in chips) 
Seat 5: fel!xgum ($5.65 in chips) 
Seat 6: MrChrisMan ($2.33 in chips) 
Mahu2021: posts small blind $0.02
zelias: posts big blind $0.05
*** HOLE CARDS ***
Dealt to Mahu2021 [Kd 4h]
mOberdan: folds 
fel!xgum: folds 
MrChrisMan: folds 
LongNightTV: folds 
Mahu2021: folds 
Uncalled bet ($0.03) returned to zelias
zelias collected $0.04 from pot
zelias: doesn't show hand 
*** SUMMARY ***
Total pot $0.04 | Rake $0 
Seat 1: LongNightTV (button) folded before Flop (didn't bet)
Seat 2: Mahu2021 (small blind) folded before Flop
Seat 3: zelias (big blind) collected ($0.04)
Seat 4: mOberdan folded before Flop (didn't bet)
Seat 5: fel!xgum folded before Flop (didn't bet)
Seat 6: MrChrisMan folded before Flop (didn't bet)



PokerStars Zoom Hand #255471681492:  Hold'em No Limit ($0.02/$0.05) - 2025/03/27 14:53:18 CET [2025/03/27 9:53:18 ET]
Table 'Donati' 6-max Seat #1 is the button
Seat 1: Mahu2021 ($5.99 in chips) 
Seat 2: fel!xgum ($5.65 in chips) 
Seat 3: macsarah21 ($9.75 in chips) 
Seat 4: golagos ($8.40 in chips) 
Seat 5: gringopai000 ($4.22 in chips) 
Seat 6: allinanyti ($6.73 in chips) 
fel!xgum: posts small blind $0.02
macsarah21: posts big blind $0.05
*** HOLE CARDS ***
Dealt to Mahu2021 [Kd Ks]
golagos: folds 
gringopai000 has timed out
gringopai000: folds 
allinanyti: folds 
Mahu2021: raises $0.10 to $0.15
fel!xgum: folds 
macsarah21: folds 
Uncalled bet ($0.10) returned to Mahu2021
Mahu2021 collected $0.12 from pot
Mahu2021: doesn't show hand 
*** SUMMARY ***
Total pot $0.12 | Rake $0 
Seat 1: Mahu2021 (button) collected ($0.12)
Seat 2: fel!xgum (small blind) folded before Flop
Seat 3: macsarah21 (big blind) folded before Flop
Seat 4: golagos folded before Flop (didn't bet)
Seat 5: gringopai000 folded before Flop (didn't bet)
Seat 6: allinanyti folded before Flop (didn't bet)



PokerStars Zoom Hand #255471686874:  Hold'em No Limit ($0.02/$0.05) - 2025/03/27 14:53:52 CET [2025/03/27 9:53:52 ET]
Table 'Donati' 6-max Seat #1 is the button
Seat 1: MLN1 ($5.34 in chips) 
Seat 2: c0pp0ck ($5 in chips) 
Seat 3: zelias ($2.43 in chips) 
Seat 4: Love4Ketlin ($5.59 in chips) 
Seat 5: archismile ($3.62 in chips) 
Seat 6: Mahu2021 ($6.06 in chips) 
c0pp0ck: posts small blind $0.02
zelias: posts big blind $0.05
*** HOLE CARDS ***
Dealt to Mahu2021 [5h 3h]
Love4Ketlin: raises $0.07 to $0.12
archismile: folds 
Mahu2021: folds 
MLN1: folds 
c0pp0ck: folds 
zelias: folds 
Uncalled bet ($0.07) returned to Love4Ketlin
Love4Ketlin collected $0.12 from pot
Love4Ketlin: doesn't show hand 
*** SUMMARY ***
Total pot $0.12 | Rake $0 
Seat 1: MLN1 (button) folded before Flop (didn't bet)
Seat 2: c0pp0ck (small blind) folded before Flop
Seat 3: zelias (big blind) folded before Flop
Seat 4: Love4Ketlin collected ($0.12)
Seat 5: archismile folded before Flop (didn't bet)
Seat 6: Mahu2021 folded before Flop (didn't bet)



PokerStars Zoom Hand #255471687474:  Hold'em No Limit ($0.02/$0.05) - 2025/03/27 14:53:56 CET [2025/03/27 9:53:56 ET]
Table 'Donati' 6-max Seat #1 is the button
Seat 1: Beisser676 ($4.81 in chips) 
Seat 2: eodnrdld123 ($5.91 in chips) 
Seat 3: mOberdan ($5.64 in chips) 
Seat 4: Sandbagger17 ($4.25 in chips) 
Seat 5: Mahu2021 ($6.06 in chips) 
Seat 6: Arokaro25 ($6.26 in chips) 
eodnrdld123: posts small blind $0.02
mOberdan: posts big blind $0.05
*** HOLE CARDS ***
Dealt to Mahu2021 [Ks 4h]
Sandbagger17: folds 
Mahu2021: folds 
Arokaro25: raises $0.10 to $0.15
Beisser676: calls $0.15
eodnrdld123: folds 
mOberdan: folds 
*** FLOP *** [6c Qc 3h]
Arokaro25: checks 
Beisser676: bets $0.23
Arokaro25: folds 
Uncalled bet ($0.23) returned to Beisser676
Beisser676 collected $0.35 from pot
Beisser676: doesn't show hand 
*** SUMMARY ***
Total pot $0.37 | Rake $0.02 
Board [6c Qc 3h]
Seat 1: Beisser676 (button) collected ($0.35)
Seat 2: eodnrdld123 (small blind) folded before Flop
Seat 3: mOberdan (big blind) folded before Flop
Seat 4: Sandbagger17 folded before Flop (didn't bet)
Seat 5: Mahu2021 folded before Flop (didn't bet)
Seat 6: Arokaro25 folded on the Flop



PokerStars Zoom Hand #255471687992:  Hold'em No Limit ($0.02/$0.05) - 2025/03/27 14:53:59 CET [2025/03/27 9:53:59 ET]
Table 'Donati' 6-max Seat #1 is the button
Seat 1: spens1to0o ($20.49 in chips) 
Seat 2: cyan000 ($4.95 in chips) 
Seat 3: Mahu2021 ($6.06 in chips) 
Seat 4: musetel87 ($5 in chips) 
Seat 5: zelias ($2.50 in chips) 
Seat 6: Pesulle ($7.95 in chips) 
cyan000: posts small blind $0.02
Mahu2021: posts big blind $0.05
*** HOLE CARDS ***
Dealt to Mahu2021 [Tc 9c]
musetel87: folds 
zelias: folds 
Pesulle: folds 
spens1to0o has timed out
spens1to0o: folds 
cyan000: raises $0.10 to $0.15
Mahu2021: calls $0.10
*** FLOP *** [4h 4c Qs]
cyan000: bets $0.10
Mahu2021: folds 
Uncalled bet ($0.10) returned to cyan000
cyan000 collected $0.29 from pot
cyan000: doesn't show hand 
*** SUMMARY ***
Total pot $0.30 | Rake $0.01 
Board [4h 4c Qs]
Seat 1: spens1to0o (button) folded before Flop (didn't bet)
Seat 2: cyan000 (small blind) collected ($0.29)
Seat 3: Mahu2021 (big blind) folded on the Flop
Seat 4: musetel87 folded before Flop (didn't bet)
Seat 5: zelias folded before Flop (didn't bet)
Seat 6: Pesulle folded before Flop (didn't bet)



PokerStars Zoom Hand #255471692175:  Hold'em No Limit ($0.02/$0.05) - 2025/03/27 14:54:26 CET [2025/03/27 9:54:26 ET]
Table 'Donati' 6-max Seat #1 is the button
Seat 1: lolb0t ($13.70 in chips) 
Seat 2: Mahu2021 ($5.91 in chips) 
Seat 3: Arokaro25 ($6.11 in chips) 
Seat 4: golagos ($8.45 in chips) 
Seat 5: PADST98 ($5.23 in chips) 
Seat 6: cadenza16 ($5 in chips) 
Mahu2021: posts small blind $0.02
Arokaro25: posts big blind $0.05
*** HOLE CARDS ***
Dealt to Mahu2021 [As 7h]
golagos: folds 
PADST98: folds 
cadenza16: folds 
lolb0t: raises $0.10 to $0.15
Mahu2021: folds 
Arokaro25: folds 
Uncalled bet ($0.10) returned to lolb0t
lolb0t collected $0.12 from pot
lolb0t: doesn't show hand 
*** SUMMARY ***
Total pot $0.12 | Rake $0 
Seat 1: lolb0t (button) collected ($0.12)
Seat 2: Mahu2021 (small blind) folded before Flop
Seat 3: Arokaro25 (big blind) folded before Flop
Seat 4: golagos folded before Flop (didn't bet)
Seat 5: PADST98 folded before Flop (didn't bet)
Seat 6: cadenza16 folded before Flop (didn't bet)



PokerStars Zoom Hand #255471693422:  Hold'em No Limit ($0.02/$0.05) - 2025/03/27 14:54:34 CET [2025/03/27 9:54:34 ET]
Table 'Donati' 6-max Seat #1 is the button
Seat 1: eodnrdld123 ($10.44 in chips) 
Seat 2: fss99 ($5 in chips) 
Seat 3: zelias ($2.77 in chips) 
Seat 4: Mahu2021 ($5.89 in chips) 
Seat 5: mi_naga ($5 in chips) 
Seat 6: marin_dinero ($7.93 in chips) 
fss99: posts small blind $0.02
zelias: posts big blind $0.05
*** HOLE CARDS ***
Dealt to Mahu2021 [8h Qh]
Mahu2021: folds 
mi_naga: folds 
marin_dinero: folds 
eodnrdld123: raises $0.07 to $0.12
fss99: folds 
zelias: folds 
Uncalled bet ($0.07) returned to eodnrdld123
eodnrdld123 collected $0.12 from pot
eodnrdld123: doesn't show hand 
*** SUMMARY ***
Total pot $0.12 | Rake $0 
Seat 1: eodnrdld123 (button) collected ($0.12)
Seat 2: fss99 (small blind) folded before Flop
Seat 3: zelias (big blind) folded before Flop
Seat 4: Mahu2021 folded before Flop (didn't bet)
Seat 5: mi_naga folded before Flop (didn't bet)
Seat 6: marin_dinero folded before Flop (didn't bet)



PokerStars Zoom Hand #255471694887:  Hold'em No Limit ($0.02/$0.05) - 2025/03/27 14:54:43 CET [2025/03/27 9:54:43 ET]
Table 'Donati' 6-max Seat #1 is the button
Seat 1: Imbastrol ($6.53 in chips) 
Seat 2: add no lol ($5.41 in chips) 
Seat 3: AtiY1 ($5.92 in chips) 
Seat 4: Mahu2021 ($5.89 in chips) 
Seat 5: Pesulle ($7.92 in chips) 
Seat 6: lolb0t ($5.16 in chips) 
add no lol: posts small blind $0.02
AtiY1: posts big blind $0.05
*** HOLE CARDS ***
Dealt to Mahu2021 [Jd As]
Mahu2021: raises $0.06 to $0.11
Pesulle: folds 
lolb0t: folds 
Imbastrol: folds 
add no lol: folds 
AtiY1: raises $0.49 to $0.60
Mahu2021: folds 
Uncalled bet ($0.49) returned to AtiY1
AtiY1 collected $0.24 from pot
AtiY1: doesn't show hand 
*** SUMMARY ***
Total pot $0.24 | Rake $0 
Seat 1: Imbastrol (button) folded before Flop (didn't bet)
Seat 2: add no lol (small blind) folded before Flop
Seat 3: AtiY1 (big blind) collected ($0.24)
Seat 4: Mahu2021 folded before Flop
Seat 5: Pesulle folded before Flop (didn't bet)
Seat 6: lolb0t folded before Flop (didn't bet)



PokerStars Zoom Hand #255471698714:  Hold'em No Limit ($0.02/$0.05) - 2025/03/27 14:55:08 CET [2025/03/27 9:55:08 ET]
Table 'Donati' 6-max Seat #1 is the button
Seat 1: Mahu2021 ($5.78 in chips) 
Seat 2: JulianGuimaraes ($5 in chips) 
Seat 3: cadenza16 ($5.10 in chips) 
Seat 4: bobishelton ($6.35 in chips) 
Seat 5: SynWiz ($7.01 in chips) 
Seat 6: Love4Ketlin ($5.07 in chips) 
JulianGuimaraes: posts small blind $0.02
cadenza16: posts big blind $0.05
*** HOLE CARDS ***
Dealt to Mahu2021 [6c Jc]
bobishelton: folds 
SynWiz: folds 
Love4Ketlin: raises $0.07 to $0.12
Mahu2021: folds 
JulianGuimaraes: folds 
cadenza16: folds 
Uncalled bet ($0.07) returned to Love4Ketlin
Love4Ketlin collected $0.12 from pot
Love4Ketlin: doesn't show hand 
*** SUMMARY ***
Total pot $0.12 | Rake $0 
Seat 1: Mahu2021 (button) folded before Flop (didn't bet)
Seat 2: JulianGuimaraes (small blind) folded before Flop
Seat 3: cadenza16 (big blind) folded before Flop
Seat 4: bobishelton folded before Flop (didn't bet)
Seat 5: SynWiz folded before Flop (didn't bet)
Seat 6: Love4Ketlin collected ($0.12)



PokerStars Zoom Hand #255471700086:  Hold'em No Limit ($0.02/$0.05) - 2025/03/27 14:55:19 CET [2025/03/27 9:55:19 ET]
Table 'Donati' 6-max Seat #1 is the button
Seat 1: archismile ($2.39 in chips) 
Seat 2: fierceking86 ($7.30 in chips) 
Seat 3: Mahu2021 ($5.78 in chips) 
Seat 4: lolb0t ($13.77 in chips) 
Seat 5: AnDoJoiO ($5.52 in chips) 
Seat 6: Pesulle ($5.73 in chips) 
fierceking86: posts small blind $0.02
Mahu2021: posts big blind $0.05
*** HOLE CARDS ***
Dealt to Mahu2021 [Qs 4d]
lolb0t: folds 
AnDoJoiO: raises $0.08 to $0.13
Pesulle: folds 
archismile: folds 
fierceking86: folds 
Mahu2021: folds 
Uncalled bet ($0.08) returned to AnDoJoiO
AnDoJoiO collected $0.12 from pot
AnDoJoiO: doesn't show hand 
*** SUMMARY ***
Total pot $0.12 | Rake $0 
Seat 1: archismile (button) folded before Flop (didn't bet)
Seat 2: fierceking86 (small blind) folded before Flop
Seat 3: Mahu2021 (big blind) folded before Flop
Seat 4: lolb0t folded before Flop (didn't bet)
Seat 5: AnDoJoiO collected ($0.12)
Seat 6: Pesulle folded before Flop (didn't bet)



PokerStars Zoom Hand #255471699476:  Hold'em No Limit ($0.02/$0.05) - 2025/03/27 14:55:14 CET [2025/03/27 9:55:14 ET]
Table 'Donati' 6-max Seat #1 is the button
Seat 1: zelias ($2.70 in chips) 
Seat 2: ShadOfStoff ($3.03 in chips) 
Seat 3: PianoPer ($6.20 in chips) 
Seat 4: vaffon3 ($6.35 in chips) 
Seat 5: Mahu2021 ($5.78 in chips) 
Seat 6: AnDoJoiO ($5.52 in chips) 
ShadOfStoff: posts small blind $0.02
PianoPer: posts big blind $0.05
*** HOLE CARDS ***
Dealt to Mahu2021 [Qc 4d]
vaffon3: folds 
Mahu2021: folds 
AnDoJoiO: folds 
zelias: folds 
ShadOfStoff: calls $0.03
PianoPer: checks 
*** FLOP *** [Js 3d 3c]
ShadOfStoff: checks 
PianoPer: checks 
*** TURN *** [Js 3d 3c] [6s]
ShadOfStoff: bets $0.05
PianoPer: folds 
Uncalled bet ($0.05) returned to ShadOfStoff
ShadOfStoff collected $0.10 from pot
ShadOfStoff: doesn't show hand 
*** SUMMARY ***
Total pot $0.10 | Rake $0 
Board [Js 3d 3c 6s]
Seat 1: zelias (button) folded before Flop (didn't bet)
Seat 2: ShadOfStoff (small blind) collected ($0.10)
Seat 3: PianoPer (big blind) folded on the Turn
Seat 4: vaffon3 folded before Flop (didn't bet)
Seat 5: Mahu2021 folded before Flop (didn't bet)
Seat 6: AnDoJoiO folded before Flop (didn't bet)



PokerStars Zoom Hand #255471700800:  Hold'em No Limit ($0.02/$0.05) - 2025/03/27 14:55:25 CET [2025/03/27 9:55:25 ET]
Table 'Donati' 6-max Seat #1 is the button
Seat 1: iskon91 ($4.07 in chips) 
Seat 2: BenCampbel10 ($5 in chips) 
Seat 3: zogecmarogec ($2.50 in chips) 
Seat 4: Maks K.007 ($2.85 in chips) 
Seat 5: marin_dinero ($5.01 in chips) 
Seat 6: Mahu2021 ($5.73 in chips) 
BenCampbel10: posts small blind $0.02
zogecmarogec: posts big blind $0.05
*** HOLE CARDS ***
Dealt to Mahu2021 [Js Ks]
Maks K.007: folds 
marin_dinero has timed out
marin_dinero: folds 
Mahu2021: raises $0.05 to $0.10
iskon91: folds 
BenCampbel10: folds 
zogecmarogec: calls $0.05
*** FLOP *** [3c 6c 9h]
zogecmarogec: checks 
Mahu2021: bets $0.15
zogecmarogec: folds 
Uncalled bet ($0.15) returned to Mahu2021
Mahu2021 collected $0.21 from pot
Mahu2021: doesn't show hand 
*** SUMMARY ***
Total pot $0.22 | Rake $0.01 
Board [3c 6c 9h]
Seat 1: iskon91 (button) folded before Flop (didn't bet)
Seat 2: BenCampbel10 (small blind) folded before Flop
Seat 3: zogecmarogec (big blind) folded on the Flop
Seat 4: Maks K.007 folded before Flop (didn't bet)
Seat 5: marin_dinero folded before Flop (didn't bet)
Seat 6: Mahu2021 collected ($0.21)



PokerStars Zoom Hand #255471704745:  Hold'em No Limit ($0.02/$0.05) - 2025/03/27 14:55:57 CET [2025/03/27 9:55:57 ET]
Table 'Donati' 6-max Seat #1 is the button
Seat 1: spens1to0o ($15.40 in chips) 
Seat 2: Mahu2021 ($5.84 in chips) 
Seat 3: PADST98 ($5.30 in chips) 
Seat 4: brianaviador ($4.54 in chips) 
Seat 5: ACTN3 ($4.71 in chips) 
Seat 6: nicobebe01 ($4.97 in chips) 
Mahu2021: posts small blind $0.02
PADST98: posts big blind $0.05
*** HOLE CARDS ***
Dealt to Mahu2021 [Kd Kh]
brianaviador: folds 
ACTN3: folds 
nicobebe01: folds 
spens1to0o: folds 
Mahu2021: raises $0.10 to $0.15
PADST98: folds 
Uncalled bet ($0.10) returned to Mahu2021
Mahu2021 collected $0.10 from pot
Mahu2021: doesn't show hand 
*** SUMMARY ***
Total pot $0.10 | Rake $0 
Seat 1: spens1to0o (button) folded before Flop (didn't bet)
Seat 2: Mahu2021 (small blind) collected ($0.10)
Seat 3: PADST98 (big blind) folded before Flop
Seat 4: brianaviador folded before Flop (didn't bet)
Seat 5: ACTN3 folded before Flop (didn't bet)
Seat 6: nicobebe01 folded before Flop (didn't bet)



PokerStars Zoom Hand #255471694061:  Hold'em No Limit ($0.02/$0.05) - 2025/03/27 14:54:38 CET [2025/03/27 9:54:38 ET]
Table 'Donati' 6-max Seat #1 is the button
Seat 1: musetel87 ($5 in chips) 
Seat 2: c0pp0ck ($7.46 in chips) 
Seat 3: macsarah21 ($10.30 in chips) 
Seat 4: eodnrdld123 ($5 in chips) 
Seat 5: lolb0t ($13.77 in chips) 
Seat 6: Mahu2021 ($5.89 in chips) 
c0pp0ck: posts small blind $0.02
macsarah21: posts big blind $0.05
*** HOLE CARDS ***
Dealt to Mahu2021 [8h 2s]
eodnrdld123: raises $0.05 to $0.10
lolb0t: folds 
Mahu2021: folds 
musetel87: folds 
c0pp0ck: folds 
macsarah21: calls $0.05
*** FLOP *** [3h Qs Jc]
macsarah21: checks 
eodnrdld123: bets $0.07
macsarah21: calls $0.07
*** TURN *** [3h Qs Jc] [8c]
macsarah21: checks 
eodnrdld123: bets $0.12
macsarah21: calls $0.12
*** RIVER *** [3h Qs Jc 8c] [8d]
macsarah21: checks 
eodnrdld123: bets $0.19
macsarah21: raises $0.48 to $0.67
eodnrdld123: folds 
Uncalled bet ($0.48) returned to macsarah21
macsarah21 collected $0.94 from pot
macsarah21: doesn't show hand 
*** SUMMARY ***
Total pot $0.98 | Rake $0.04 
Board [3h Qs Jc 8c 8d]
Seat 1: musetel87 (button) folded before Flop (didn't bet)
Seat 2: c0pp0ck (small blind) folded before Flop
Seat 3: macsarah21 (big blind) collected ($0.94)
Seat 4: eodnrdld123 folded on the River
Seat 5: lolb0t folded before Flop (didn't bet)
Seat 6: Mahu2021 folded before Flop (didn't bet)



PokerStars Zoom Hand #255471706400:  Hold'em No Limit ($0.02/$0.05) - 2025/03/27 14:56:10 CET [2025/03/27 9:56:10 ET]
Table 'Donati' 6-max Seat #1 is the button
Seat 1: Mahu2021 ($5.89 in chips) 
Seat 2: marin_dinero ($5 in chips) 
Seat 3: JulianGuimaraes ($14.57 in chips) 
Seat 4: PADST98 ($11.18 in chips) 
Seat 5: cadenza16 ($5.18 in chips) 
Seat 6: archismile ($2.41 in chips) 
marin_dinero: posts small blind $0.02
JulianGuimaraes: posts big blind $0.05
*** HOLE CARDS ***
Dealt to Mahu2021 [6d Jc]
PADST98: raises $0.10 to $0.15
cadenza16: folds 
archismile: folds 
Mahu2021: folds 
marin_dinero: folds 
JulianGuimaraes: folds 
Uncalled bet ($0.10) returned to PADST98
PADST98 collected $0.12 from pot
PADST98: doesn't show hand 
*** SUMMARY ***
Total pot $0.12 | Rake $0 
Seat 1: Mahu2021 (button) folded before Flop (didn't bet)
Seat 2: marin_dinero (small blind) folded before Flop
Seat 3: JulianGuimaraes (big blind) folded before Flop
Seat 4: PADST98 collected ($0.12)
Seat 5: cadenza16 folded before Flop (didn't bet)
Seat 6: archismile folded before Flop (didn't bet)



PokerStars Zoom Hand #255471707424:  Hold'em No Limit ($0.02/$0.05) - 2025/03/27 14:56:18 CET [2025/03/27 9:56:18 ET]
Table 'Donati' 6-max Seat #1 is the button
Seat 1: c0pp0ck ($6.08 in chips) 
Seat 2: PianoPer ($6.10 in chips) 
Seat 3: cyan000 ($11.17 in chips) 
Seat 4: Mahu2021 ($5.89 in chips) 
Seat 5: SlipperySealion ($16.51 in chips) 
Seat 6: GeoN1ck ($9.72 in chips) 
PianoPer: posts small blind $0.02
cyan000: posts big blind $0.05
*** HOLE CARDS ***
Dealt to Mahu2021 [7d Jh]
Mahu2021: folds 
SlipperySealion: folds 
GeoN1ck: raises $0.07 to $0.12
c0pp0ck: folds 
PianoPer: folds 
cyan000: calls $0.07
*** FLOP *** [Qs 4s Qc]
cyan000: checks 
GeoN1ck: bets $0.08
cyan000: folds 
Uncalled bet ($0.08) returned to GeoN1ck
GeoN1ck collected $0.25 from pot
GeoN1ck: doesn't show hand 
*** SUMMARY ***
Total pot $0.26 | Rake $0.01 
Board [Qs 4s Qc]
Seat 1: c0pp0ck (button) folded before Flop (didn't bet)
Seat 2: PianoPer (small blind) folded before Flop
Seat 3: cyan000 (big blind) folded on the Flop
Seat 4: Mahu2021 folded before Flop (didn't bet)
Seat 5: SlipperySealion folded before Flop (didn't bet)
Seat 6: GeoN1ck collected ($0.25)



PokerStars Zoom Hand #255471708361:  Hold'em No Limit ($0.02/$0.05) - 2025/03/27 14:56:26 CET [2025/03/27 9:56:26 ET]
Table 'Donati' 6-max Seat #1 is the button
Seat 1: Pesulle ($8.07 in chips) 
Seat 2: bobishelton ($6.54 in chips) 
Seat 3: Mahu2021 ($5.89 in chips) 
Seat 4: lolb0t ($6.96 in chips) 
Seat 5: PADST98 ($11.25 in chips) 
Seat 6: mi_naga ($5.13 in chips) 
bobishelton: posts small blind $0.02
Mahu2021: posts big blind $0.05
*** HOLE CARDS ***
Dealt to Mahu2021 [3d 6c]
lolb0t: folds 
PADST98: raises $0.10 to $0.15
mi_naga: folds 
Pesulle: folds 
bobishelton: folds 
Mahu2021: folds 
Uncalled bet ($0.10) returned to PADST98
PADST98 collected $0.12 from pot
PADST98: doesn't show hand 
*** SUMMARY ***
Total pot $0.12 | Rake $0 
Seat 1: Pesulle (button) folded before Flop (didn't bet)
Seat 2: bobishelton (small blind) folded before Flop
Seat 3: Mahu2021 (big blind) folded before Flop
Seat 4: lolb0t folded before Flop (didn't bet)
Seat 5: PADST98 collected ($0.12)
Seat 6: mi_naga folded before Flop (didn't bet)



PokerStars Zoom Hand #255471707018:  Hold'em No Limit ($0.02/$0.05) - 2025/03/27 14:56:15 CET [2025/03/27 9:56:15 ET]
Table 'Donati' 6-max Seat #1 is the button
Seat 1: BenCampbel10 ($5 in chips) 
Seat 2: brianaviador ($4.56 in chips) 
Seat 3: nicobebe01 ($4.97 in chips) 
Seat 4: spens1to0o ($5 in chips) 
Seat 5: Mahu2021 ($5.89 in chips) 
Seat 6: zogecmarogec ($2.45 in chips) 
brianaviador: posts small blind $0.02
nicobebe01: posts big blind $0.05
*** HOLE CARDS ***
Dealt to Mahu2021 [Kd 5c]
spens1to0o: raises $0.07 to $0.12
Mahu2021: folds 
zogecmarogec: folds 
BenCampbel10: folds 
brianaviador: calls $0.10
nicobebe01: folds 
*** FLOP *** [As Jd Qc]
brianaviador: checks 
spens1to0o: checks 
*** TURN *** [As Jd Qc] [9c]
brianaviador: checks 
spens1to0o: checks 
*** RIVER *** [As Jd Qc 9c] [2h]
brianaviador: checks 
spens1to0o: bets $0.10
brianaviador: folds 
Uncalled bet ($0.10) returned to spens1to0o
spens1to0o collected $0.28 from pot
spens1to0o: doesn't show hand 
*** SUMMARY ***
Total pot $0.29 | Rake $0.01 
Board [As Jd Qc 9c 2h]
Seat 1: BenCampbel10 (button) folded before Flop (didn't bet)
Seat 2: brianaviador (small blind) folded on the River
Seat 3: nicobebe01 (big blind) folded before Flop
Seat 4: spens1to0o collected ($0.28)
Seat 5: Mahu2021 folded before Flop (didn't bet)
Seat 6: zogecmarogec folded before Flop (didn't bet)



PokerStars Zoom Hand #255471709591:  Hold'em No Limit ($0.02/$0.05) - 2025/03/27 14:56:36 CET [2025/03/27 9:56:36 ET]
Table 'Donati' 6-max Seat #1 is the button
Seat 1: cyan000 ($11.05 in chips) 
Seat 2: Mahu2021 ($5.84 in chips) 
Seat 3: musetel87 ($9.76 in chips) 
Seat 4: BenJJones ($7.20 in chips) 
Seat 5: MasterVBM ($2.38 in chips) 
Seat 6: eodnrdld123 ($5.84 in chips) 
Mahu2021: posts small blind $0.02
musetel87: posts big blind $0.05
*** HOLE CARDS ***
Dealt to Mahu2021 [2h Ah]
BenJJones: raises $0.05 to $0.10
MasterVBM: folds 
eodnrdld123: folds 
cyan000: folds 
Mahu2021: calls $0.08
musetel87: folds 
*** FLOP *** [6c 2s Ks]
Mahu2021: bets $0.15
BenJJones: folds 
Uncalled bet ($0.15) returned to Mahu2021
Mahu2021 collected $0.24 from pot
Mahu2021: doesn't show hand 
*** SUMMARY ***
Total pot $0.25 | Rake $0.01 
Board [6c 2s Ks]
Seat 1: cyan000 (button) folded before Flop (didn't bet)
Seat 2: Mahu2021 (small blind) collected ($0.24)
Seat 3: musetel87 (big blind) folded before Flop
Seat 4: BenJJones folded on the Flop
Seat 5: MasterVBM folded before Flop (didn't bet)
Seat 6: eodnrdld123 folded before Flop (didn't bet)



PokerStars Zoom Hand #255471707858:  Hold'em No Limit ($0.02/$0.05) - 2025/03/27 14:56:22 CET [2025/03/27 9:56:22 ET]
Table 'Donati' 6-max Seat #1 is the button
Seat 1: BenJJones ($5.65 in chips) 
Seat 2: SlipperySealion ($16.51 in chips) 
Seat 3: c0pp0ck ($6.08 in chips) 
Seat 4: Mahu2021 ($5.89 in chips) 
Seat 5: marin_dinero ($7.09 in chips) 
Seat 6: musetel87 ($9.76 in chips) 
SlipperySealion: posts small blind $0.02
c0pp0ck: posts big blind $0.05
*** HOLE CARDS ***
Dealt to Mahu2021 [4c 8h]
Mahu2021: folds 
marin_dinero: raises $0.07 to $0.12
musetel87: folds 
BenJJones: folds 
SlipperySealion: folds 
c0pp0ck: calls $0.07
*** FLOP *** [Ah 9h 4s]
c0pp0ck: checks 
marin_dinero: bets $0.08
c0pp0ck: calls $0.08
*** TURN *** [Ah 9h 4s] [9d]
c0pp0ck: checks 
marin_dinero: checks 
*** RIVER *** [Ah 9h 4s 9d] [9c]
c0pp0ck: bets $0.21
marin_dinero: folds 
Uncalled bet ($0.21) returned to c0pp0ck
c0pp0ck collected $0.40 from pot
c0pp0ck: doesn't show hand 
*** SUMMARY ***
Total pot $0.42 | Rake $0.02 
Board [Ah 9h 4s 9d 9c]
Seat 1: BenJJones (button) folded before Flop (didn't bet)
Seat 2: SlipperySealion (small blind) folded before Flop
Seat 3: c0pp0ck (big blind) collected ($0.40)
Seat 4: Mahu2021 folded before Flop (didn't bet)
Seat 5: marin_dinero folded on the River
Seat 6: musetel87 folded before Flop (didn't bet)



PokerStars Zoom Hand #255471713957:  Hold'em No Limit ($0.02/$0.05) - 2025/03/27 14:57:11 CET [2025/03/27 9:57:11 ET]
Table 'Donati' 6-max Seat #1 is the button
Seat 1: ShadOfStoff ($2.83 in chips) 
Seat 2: eodnrdld123 ($5 in chips) 
Seat 3: DJ JORDAN G. ($3.84 in chips) 
Seat 4: SynWiz ($7.98 in chips) 
Seat 5: Mahu2021 ($5.98 in chips) 
Seat 6: V0lCE ($5.19 in chips) 
eodnrdld123: posts small blind $0.02
DJ JORDAN G.: posts big blind $0.05
*** HOLE CARDS ***
Dealt to Mahu2021 [3c Ks]
SynWiz: folds 
Mahu2021: folds 
V0lCE: folds 
ShadOfStoff: raises $0.05 to $0.10
eodnrdld123: folds 
DJ JORDAN G.: folds 
Uncalled bet ($0.05) returned to ShadOfStoff
ShadOfStoff collected $0.12 from pot
ShadOfStoff: doesn't show hand 
*** SUMMARY ***
Total pot $0.12 | Rake $0 
Seat 1: ShadOfStoff (button) collected ($0.12)
Seat 2: eodnrdld123 (small blind) folded before Flop
Seat 3: DJ JORDAN G. (big blind) folded before Flop
Seat 4: SynWiz folded before Flop (didn't bet)
Seat 5: Mahu2021 folded before Flop (didn't bet)
Seat 6: V0lCE folded before Flop (didn't bet)



PokerStars Zoom Hand #255471714890:  Hold'em No Limit ($0.02/$0.05) - 2025/03/27 14:57:18 CET [2025/03/27 9:57:18 ET]
Table 'Donati' 6-max Seat #1 is the button
Seat 1: PADST98 ($11.25 in chips) 
Seat 2: Mahu2021 ($5.98 in chips) 
Seat 3: fierceking86 ($5 in chips) 
Seat 4: aram54321 ($2.03 in chips) 
Seat 5: zelias ($2.54 in chips) 
Seat 6: cyan000 ($11.03 in chips) 
Mahu2021: posts small blind $0.02
fierceking86: posts big blind $0.05
*** HOLE CARDS ***
Dealt to Mahu2021 [3h 5c]
aram54321: folds 
zelias: folds 
cyan000: folds 
PADST98: folds 
Mahu2021: folds 
Uncalled bet ($0.03) returned to fierceking86
fierceking86 collected $0.04 from pot
fierceking86: doesn't show hand 
*** SUMMARY ***
Total pot $0.04 | Rake $0 
Seat 1: PADST98 (button) folded before Flop (didn't bet)
Seat 2: Mahu2021 (small blind) folded before Flop
Seat 3: fierceking86 (big blind) collected ($0.04)
Seat 4: aram54321 folded before Flop (didn't bet)
Seat 5: zelias folded before Flop (didn't bet)
Seat 6: cyan000 folded before Flop (didn't bet)



PokerStars Zoom Hand #255471714450:  Hold'em No Limit ($0.02/$0.05) - 2025/03/27 14:57:15 CET [2025/03/27 9:57:15 ET]
Table 'Donati' 6-max Seat #1 is the button
Seat 1: Mahu2021 ($5.98 in chips) 
Seat 2: bobishelton ($6.54 in chips) 
Seat 3: Steg674 ($4.89 in chips) 
Seat 4: fierceking86 ($5 in chips) 
Seat 5: ladder565 ($5 in chips) 
Seat 6: lolb0t ($5 in chips) 
bobishelton: posts small blind $0.02
Steg674: posts big blind $0.05
*** HOLE CARDS ***
Dealt to Mahu2021 [5c 6s]
fierceking86: folds 
ladder565: folds 
lolb0t: folds 
Mahu2021: folds 
bobishelton: folds 
Uncalled bet ($0.03) returned to Steg674
Steg674 collected $0.04 from pot
Steg674: doesn't show hand 
*** SUMMARY ***
Total pot $0.04 | Rake $0 
Seat 1: Mahu2021 (button) folded before Flop (didn't bet)
Seat 2: bobishelton (small blind) folded before Flop
Seat 3: Steg674 (big blind) collected ($0.04)
Seat 4: fierceking86 folded before Flop (didn't bet)
Seat 5: ladder565 folded before Flop (didn't bet)
Seat 6: lolb0t folded before Flop (didn't bet)



PokerStars Zoom Hand #255471715359:  Hold'em No Limit ($0.02/$0.05) - 2025/03/27 14:57:22 CET [2025/03/27 9:57:22 ET]
Table 'Donati' 6-max Seat #1 is the button
Seat 1: Mahu2021 ($5.96 in chips) 
Seat 2: DJ JORDAN G. ($3.79 in chips) 
Seat 3: Vinitlach89 ($4.94 in chips) 
Seat 4: annodv ($21.83 in chips) 
Seat 5: zelias ($2.54 in chips) 
Seat 6: GAJUO ($6.72 in chips) 
DJ JORDAN G.: posts small blind $0.02
Vinitlach89: posts big blind $0.05
*** HOLE CARDS ***
Dealt to Mahu2021 [7h 2d]
annodv: folds 
zelias: folds 
GAJUO: raises $0.05 to $0.10
Mahu2021: folds 
DJ JORDAN G.: folds 
Vinitlach89: raises $0.05 to $0.15
GAJUO: calls $0.05
*** FLOP *** [5d Qd 4h]
Vinitlach89: bets $0.16
GAJUO: folds 
Uncalled bet ($0.16) returned to Vinitlach89
Vinitlach89 collected $0.31 from pot
Vinitlach89: doesn't show hand 
*** SUMMARY ***
Total pot $0.32 | Rake $0.01 
Board [5d Qd 4h]
Seat 1: Mahu2021 (button) folded before Flop (didn't bet)
Seat 2: DJ JORDAN G. (small blind) folded before Flop
Seat 3: Vinitlach89 (big blind) collected ($0.31)
Seat 4: annodv folded before Flop (didn't bet)
Seat 5: zelias folded before Flop (didn't bet)
Seat 6: GAJUO folded on the Flop



PokerStars Zoom Hand #255471715843:  Hold'em No Limit ($0.02/$0.05) - 2025/03/27 14:57:26 CET [2025/03/27 9:57:26 ET]
Table 'Donati' 6-max Seat #1 is the button
Seat 1: BenJJones ($7.08 in chips) 
Seat 2: fss99 ($5.30 in chips) 
Seat 3: Mahu2021 ($5.96 in chips) 
Seat 4: marin_dinero ($8.19 in chips) 
Seat 5: bobishelton ($6.52 in chips) 
Seat 6: Arokaro25 ($6.62 in chips) 
fss99: posts small blind $0.02
Mahu2021: posts big blind $0.05
*** HOLE CARDS ***
Dealt to Mahu2021 [Qh Qd]
marin_dinero: folds 
bobishelton: folds 
Arokaro25: raises $0.10 to $0.15
BenJJones: folds 
fss99: folds 
Mahu2021: raises $0.50 to $0.65
Arokaro25: folds 
Uncalled bet ($0.50) returned to Mahu2021
Mahu2021 collected $0.32 from pot
Mahu2021: doesn't show hand 
*** SUMMARY ***
Total pot $0.32 | Rake $0 
Seat 1: BenJJones (button) folded before Flop (didn't bet)
Seat 2: fss99 (small blind) folded before Flop
Seat 3: Mahu2021 (big blind) collected ($0.32)
Seat 4: marin_dinero folded before Flop (didn't bet)
Seat 5: bobishelton folded before Flop (didn't bet)
Seat 6: Arokaro25 folded before Flop



PokerStars Zoom Hand #255471719851:  Hold'em No Limit ($0.02/$0.05) - 2025/03/27 14:57:58 CET [2025/03/27 9:57:58 ET]
Table 'Donati' 6-max Seat #1 is the button
Seat 1: GAJUO ($6.52 in chips) 
Seat 2: V0lCE ($5.48 in chips) 
Seat 3: cadenza16 ($5 in chips) 
Seat 4: c0pp0ck ($6.28 in chips) 
Seat 5: Winik810 ($5 in chips) 
Seat 6: Mahu2021 ($6.13 in chips) 
V0lCE: posts small blind $0.02
cadenza16: posts big blind $0.05
*** HOLE CARDS ***
Dealt to Mahu2021 [5c 5h]
c0pp0ck: raises $0.07 to $0.12
Winik810: raises $0.28 to $0.40
Mahu2021: folds 
GAJUO: folds 
V0lCE: folds 
cadenza16: raises $0.63 to $1.03
c0pp0ck: folds 
Winik810: folds 
Uncalled bet ($0.63) returned to cadenza16
cadenza16 collected $0.94 from pot
cadenza16: doesn't show hand 
*** SUMMARY ***
Total pot $0.94 | Rake $0 
Seat 1: GAJUO (button) folded before Flop (didn't bet)
Seat 2: V0lCE (small blind) folded before Flop
Seat 3: cadenza16 (big blind) collected ($0.94)
Seat 4: c0pp0ck folded before Flop
Seat 5: Winik810 folded before Flop
Seat 6: Mahu2021 folded before Flop (didn't bet)



PokerStars Zoom Hand #255471721869:  Hold'em No Limit ($0.02/$0.05) - 2025/03/27 14:58:14 CET [2025/03/27 9:58:14 ET]
Table 'Donati' 6-max Seat #1 is the button
Seat 1: musetel87 ($9.71 in chips) 
Seat 2: mOberdan ($5.28 in chips) 
Seat 3: GAJUO ($6.50 in chips) 
Seat 4: SynWiz ($4.71 in chips) 
Seat 5: Mahu2021 ($6.13 in chips) 
Seat 6: B00KSY ($9.50 in chips) 
mOberdan: posts small blind $0.02
GAJUO: posts big blind $0.05
*** HOLE CARDS ***
Dealt to Mahu2021 [5d 4s]
SynWiz: folds 
Mahu2021: folds 
B00KSY: folds 
musetel87: folds 
mOberdan: folds 
Uncalled bet ($0.03) returned to GAJUO
GAJUO collected $0.04 from pot
GAJUO: doesn't show hand 
*** SUMMARY ***
Total pot $0.04 | Rake $0 
Seat 1: musetel87 (button) folded before Flop (didn't bet)
Seat 2: mOberdan (small blind) folded before Flop
Seat 3: GAJUO (big blind) collected ($0.04)
Seat 4: SynWiz folded before Flop (didn't bet)
Seat 5: Mahu2021 folded before Flop (didn't bet)
Seat 6: B00KSY folded before Flop (didn't bet)



PokerStars Zoom Hand #255471722356:  Hold'em No Limit ($0.02/$0.05) - 2025/03/27 14:58:18 CET [2025/03/27 9:58:18 ET]
Table 'Donati' 6-max Seat #1 is the button
Seat 1: V0lCE ($5.46 in chips) 
Seat 2: Mahu2021 ($6.13 in chips) 
Seat 3: fss99 ($5.48 in chips) 
Seat 4: mOberdan ($5.26 in chips) 
Seat 5: iskon91 ($3.91 in chips) 
Seat 6: ciparx81 ($9 in chips) 
Mahu2021: posts small blind $0.02
fss99: posts big blind $0.05
*** HOLE CARDS ***
Dealt to Mahu2021 [As Ks]
mOberdan: raises $0.05 to $0.10
iskon91: folds 
ciparx81: folds 
V0lCE: folds 
Mahu2021: raises $0.45 to $0.55
fss99: folds 
mOberdan: folds 
Uncalled bet ($0.45) returned to Mahu2021
Mahu2021 collected $0.25 from pot
Mahu2021: doesn't show hand 
*** SUMMARY ***
Total pot $0.25 | Rake $0 
Seat 1: V0lCE (button) folded before Flop (didn't bet)
Seat 2: Mahu2021 (small blind) collected ($0.25)
Seat 3: fss99 (big blind) folded before Flop
Seat 4: mOberdan folded before Flop
Seat 5: iskon91 folded before Flop (didn't bet)
Seat 6: ciparx81 folded before Flop (didn't bet)



PokerStars Zoom Hand #255471724037:  Hold'em No Limit ($0.02/$0.05) - 2025/03/27 14:58:31 CET [2025/03/27 9:58:31 ET]
Table 'Donati' 6-max Seat #1 is the button
Seat 1: V0lCE ($4.95 in chips) 
Seat 2: SlipperySealion ($16.02 in chips) 
Seat 3: BenCampbel10 ($5.14 in chips) 
Seat 4: cyan000 ($15.37 in chips) 
Seat 5: kombo443 ($7.02 in chips) 
Seat 6: Mahu2021 ($6.28 in chips) 
SlipperySealion: posts small blind $0.02
BenCampbel10: posts big blind $0.05
*** HOLE CARDS ***
Dealt to Mahu2021 [6c 6d]
cyan000: folds 
kombo443: folds 
Mahu2021: raises $0.08 to $0.13
V0lCE: folds 
SlipperySealion: folds 
BenCampbel10: raises $0.44 to $0.57
Mahu2021: folds 
Uncalled bet ($0.44) returned to BenCampbel10
BenCampbel10 collected $0.28 from pot
BenCampbel10: doesn't show hand 
*** SUMMARY ***
Total pot $0.28 | Rake $0 
Seat 1: V0lCE (button) folded before Flop (didn't bet)
Seat 2: SlipperySealion (small blind) folded before Flop
Seat 3: BenCampbel10 (big blind) collected ($0.28)
Seat 4: cyan000 folded before Flop (didn't bet)
Seat 5: kombo443 folded before Flop (didn't bet)
Seat 6: Mahu2021 folded before Flop



PokerStars Zoom Hand #255471727523:  Hold'em No Limit ($0.02/$0.05) - 2025/03/27 14:58:59 CET [2025/03/27 9:58:59 ET]
Table 'Donati' 6-max Seat #1 is the button
Seat 1: batiraki13 ($5.02 in chips) 
Seat 2: cyan000 ($5.54 in chips) 
Seat 3: spens1to0o ($14.82 in chips) 
Seat 4: bobishelton ($6.17 in chips) 
Seat 5: Mahu2021 ($6.15 in chips) 
Seat 6: JulianGuimaraes ($5.13 in chips) 
cyan000: posts small blind $0.02
spens1to0o: posts big blind $0.05
*** HOLE CARDS ***
Dealt to Mahu2021 [Qc 4d]
bobishelton: folds 
Mahu2021: folds 
JulianGuimaraes: raises $0.07 to $0.12
batiraki13: folds 
cyan000: folds 
spens1to0o: folds 
Uncalled bet ($0.07) returned to JulianGuimaraes
JulianGuimaraes collected $0.12 from pot
JulianGuimaraes: doesn't show hand 
*** SUMMARY ***
Total pot $0.12 | Rake $0 
Seat 1: batiraki13 (button) folded before Flop (didn't bet)
Seat 2: cyan000 (small blind) folded before Flop
Seat 3: spens1to0o (big blind) folded before Flop
Seat 4: bobishelton folded before Flop (didn't bet)
Seat 5: Mahu2021 folded before Flop (didn't bet)
Seat 6: JulianGuimaraes collected ($0.12)



PokerStars Zoom Hand #255471728060:  Hold'em No Limit ($0.02/$0.05) - 2025/03/27 14:59:03 CET [2025/03/27 9:59:03 ET]
Table 'Donati' 6-max Seat #1 is the button
Seat 1: AtiY1 ($7.58 in chips) 
Seat 2: musetel87 ($5 in chips) 
Seat 3: Mahu2021 ($6.15 in chips) 
Seat 4: Se7en89T ($13.16 in chips) 
Seat 5: Maks K.007 ($6.14 in chips) 
Seat 6: fel!xgum ($5.32 in chips) 
musetel87: posts small blind $0.02
Mahu2021: posts big blind $0.05
*** HOLE CARDS ***
Dealt to Mahu2021 [Qd Tc]
Se7en89T: raises $0.07 to $0.12
Maks K.007: folds 
fel!xgum: folds 
AtiY1: folds 
musetel87: folds 
Mahu2021: calls $0.07
*** FLOP *** [Ac 8s 3s]
Mahu2021: checks 
Se7en89T: checks 
*** TURN *** [Ac 8s 3s] [Kd]
Mahu2021: checks 
Se7en89T: checks 
*** RIVER *** [Ac 8s 3s Kd] [7s]
Mahu2021: bets $0.25
Se7en89T: folds 
Uncalled bet ($0.25) returned to Mahu2021
Mahu2021 collected $0.25 from pot
Mahu2021: doesn't show hand 
*** SUMMARY ***
Total pot $0.26 | Rake $0.01 
Board [Ac 8s 3s Kd 7s]
Seat 1: AtiY1 (button) folded before Flop (didn't bet)
Seat 2: musetel87 (small blind) folded before Flop
Seat 3: Mahu2021 (big blind) collected ($0.25)
Seat 4: Se7en89T folded on the River
Seat 5: Maks K.007 folded before Flop (didn't bet)
Seat 6: fel!xgum folded before Flop (didn't bet)



PokerStars Zoom Hand #255471730938:  Hold'em No Limit ($0.02/$0.05) - 2025/03/27 14:59:27 CET [2025/03/27 9:59:27 ET]
Table 'Donati' 6-max Seat #1 is the button
Seat 1: fierceking86 ($6.87 in chips) 
Seat 2: iskon91 ($4.14 in chips) 
Seat 3: SlipperySealion ($17 in chips) 
Seat 4: Mahu2021 ($6.28 in chips) 
Seat 5: musetel87 ($5.07 in chips) 
Seat 6: spens1to0o ($14.75 in chips) 
iskon91: posts small blind $0.02
SlipperySealion: posts big blind $0.05
*** HOLE CARDS ***
Dealt to Mahu2021 [2h 5s]
Mahu2021: folds 
musetel87: raises $0.07 to $0.12
spens1to0o: folds 
fierceking86: folds 
iskon91: calls $0.10
SlipperySealion: folds 
*** FLOP *** [Jh 6h 9d]
iskon91: checks 
musetel87: bets $0.18
iskon91: calls $0.18
*** TURN *** [Jh 6h 9d] [Td]
iskon91: checks 
musetel87: bets $0.46
iskon91: folds 
Uncalled bet ($0.46) returned to musetel87
musetel87 collected $0.62 from pot
musetel87: doesn't show hand 
*** SUMMARY ***
Total pot $0.65 | Rake $0.03 
Board [Jh 6h 9d Td]
Seat 1: fierceking86 (button) folded before Flop (didn't bet)
Seat 2: iskon91 (small blind) folded on the Turn
Seat 3: SlipperySealion (big blind) folded before Flop
Seat 4: Mahu2021 folded before Flop (didn't bet)
Seat 5: musetel87 collected ($0.62)
Seat 6: spens1to0o folded before Flop (didn't bet)



PokerStars Zoom Hand #255471732881:  Hold'em No Limit ($0.02/$0.05) - 2025/03/27 14:59:42 CET [2025/03/27 9:59:42 ET]
Table 'Donati' 6-max Seat #1 is the button
Seat 1: ciparx81 ($8.06 in chips) 
Seat 2: Winik810 ($5 in chips) 
Seat 3: vaffon3 ($5.38 in chips) 
Seat 4: musetel87 ($9.69 in chips) 
Seat 5: mOberdan ($5.04 in chips) 
Seat 6: Mahu2021 ($6.28 in chips) 
Winik810: posts small blind $0.02
vaffon3: posts big blind $0.05
*** HOLE CARDS ***
Dealt to Mahu2021 [4c Jd]
musetel87: folds 
mOberdan: folds 
Mahu2021: folds 
ciparx81: raises $0.05 to $0.10
Winik810: folds 
vaffon3: folds 
Uncalled bet ($0.05) returned to ciparx81
ciparx81 collected $0.12 from pot
ciparx81: doesn't show hand 
*** SUMMARY ***
Total pot $0.12 | Rake $0 
Seat 1: ciparx81 (button) collected ($0.12)
Seat 2: Winik810 (small blind) folded before Flop
Seat 3: vaffon3 (big blind) folded before Flop
Seat 4: musetel87 folded before Flop (didn't bet)
Seat 5: mOberdan folded before Flop (didn't bet)
Seat 6: Mahu2021 folded before Flop (didn't bet)



PokerStars Zoom Hand #255471731443:  Hold'em No Limit ($0.02/$0.05) - 2025/03/27 14:59:31 CET [2025/03/27 9:59:31 ET]
Table 'Donati' 6-max Seat #1 is the button
Seat 1: Mahu2021 ($6.28 in chips) 
Seat 2: Pragexist ($4.93 in chips) 
Seat 3: jepket1 ($5 in chips) 
Seat 4: spens1to0o ($14.75 in chips) 
Seat 5: Se7en89T ($13.02 in chips) 
Seat 6: MrChrisMan ($2.94 in chips) 
Pragexist: posts small blind $0.02
jepket1: posts big blind $0.05
*** HOLE CARDS ***
Dealt to Mahu2021 [4h Qs]
spens1to0o: folds 
Se7en89T: folds 
MrChrisMan: calls $0.05
Mahu2021: folds 
Pragexist: folds 
jepket1: checks 
*** FLOP *** [Qc Jc 2c]
jepket1: checks 
MrChrisMan: bets $0.21
jepket1: folds 
Uncalled bet ($0.21) returned to MrChrisMan
MrChrisMan collected $0.12 from pot
MrChrisMan: doesn't show hand 
*** SUMMARY ***
Total pot $0.12 | Rake $0 
Board [Qc Jc 2c]
Seat 1: Mahu2021 (button) folded before Flop (didn't bet)
Seat 2: Pragexist (small blind) folded before Flop
Seat 3: jepket1 (big blind) folded on the Flop
Seat 4: spens1to0o folded before Flop (didn't bet)
Seat 5: Se7en89T folded before Flop (didn't bet)
Seat 6: MrChrisMan collected ($0.12)



PokerStars Zoom Hand #255471733528:  Hold'em No Limit ($0.02/$0.05) - 2025/03/27 14:59:48 CET [2025/03/27 9:59:48 ET]
Table 'Donati' 6-max Seat #1 is the button
Seat 1: ladder565 ($4.72 in chips) 
Seat 2: aram54321 ($3.49 in chips) 
Seat 3: BenJJones ($6.96 in chips) 
Seat 4: Mahu2021 ($6.28 in chips) 
Seat 5: eodnrdld123 ($7.89 in chips) 
Seat 6: marin_dinero ($5.13 in chips) 
aram54321: posts small blind $0.02
BenJJones: posts big blind $0.05
*** HOLE CARDS ***
Dealt to Mahu2021 [3d 3s]
Mahu2021: folds 
eodnrdld123: raises $0.05 to $0.10
marin_dinero: raises $0.25 to $0.35
ladder565: folds 
aram54321: folds 
BenJJones: folds 
eodnrdld123: folds 
Uncalled bet ($0.25) returned to marin_dinero
marin_dinero collected $0.27 from pot
marin_dinero: doesn't show hand 
*** SUMMARY ***
Total pot $0.27 | Rake $0 
Seat 1: ladder565 (button) folded before Flop (didn't bet)
Seat 2: aram54321 (small blind) folded before Flop
Seat 3: BenJJones (big blind) folded before Flop
Seat 4: Mahu2021 folded before Flop (didn't bet)
Seat 5: eodnrdld123 folded before Flop
Seat 6: marin_dinero collected ($0.27)



PokerStars Zoom Hand #255471734664:  Hold'em No Limit ($0.02/$0.05) - 2025/03/27 14:59:57 CET [2025/03/27 9:59:57 ET]
Table 'Donati' 6-max Seat #1 is the button
Seat 1: QED42 ($11.14 in chips) 
Seat 2: fierceking86 ($6.88 in chips) 
Seat 3: lewisweight ($5 in chips) 
Seat 4: musetel87 ($5.39 in chips) 
Seat 5: Mahu2021 ($6.28 in chips) 
Seat 6: mi_naga ($5.96 in chips) 
fierceking86: posts small blind $0.02
lewisweight: posts big blind $0.05
*** HOLE CARDS ***
Dealt to Mahu2021 [9d 5h]
musetel87: folds 
Mahu2021: folds 
mi_naga: folds 
QED42: folds 
fierceking86: folds 
Uncalled bet ($0.03) returned to lewisweight
lewisweight collected $0.04 from pot
lewisweight: doesn't show hand 
*** SUMMARY ***
Total pot $0.04 | Rake $0 
Seat 1: QED42 (button) folded before Flop (didn't bet)
Seat 2: fierceking86 (small blind) folded before Flop
Seat 3: lewisweight (big blind) collected ($0.04)
Seat 4: musetel87 folded before Flop (didn't bet)
Seat 5: Mahu2021 folded before Flop (didn't bet)
Seat 6: mi_naga folded before Flop (didn't bet)



PokerStars Zoom Hand #255471734033:  Hold'em No Limit ($0.02/$0.05) - 2025/03/27 14:59:52 CET [2025/03/27 9:59:52 ET]
Table 'Donati' 6-max Seat #1 is the button
Seat 1: 37snatch ($3.50 in chips) 
Seat 2: cadenza16 ($9.41 in chips) 
Seat 3: PianoPer ($12.24 in chips) 
Seat 4: LongNightTV ($6.47 in chips) 
Seat 5: Mahu2021 ($6.28 in chips) 
Seat 6: JulianGuimaraes ($10.05 in chips) 
cadenza16: posts small blind $0.02
PianoPer: posts big blind $0.05
*** HOLE CARDS ***
Dealt to Mahu2021 [8h Qd]
LongNightTV: folds 
Mahu2021: folds 
JulianGuimaraes: folds 
37snatch: folds 
cadenza16: folds 
Uncalled bet ($0.03) returned to PianoPer
PianoPer collected $0.04 from pot
PianoPer: doesn't show hand 
*** SUMMARY ***
Total pot $0.04 | Rake $0 
Seat 1: 37snatch (button) folded before Flop (didn't bet)
Seat 2: cadenza16 (small blind) folded before Flop
Seat 3: PianoPer (big blind) collected ($0.04)
Seat 4: LongNightTV folded before Flop (didn't bet)
Seat 5: Mahu2021 folded before Flop (didn't bet)
Seat 6: JulianGuimaraes folded before Flop (didn't bet)



PokerStars Zoom Hand #255471735304:  Hold'em No Limit ($0.02/$0.05) - 2025/03/27 15:00:02 CET [2025/03/27 10:00:02 ET]
Table 'Donati' 6-max Seat #1 is the button
Seat 1: Steg674 ($3.08 in chips) 
Seat 2: GeoN1ck ($8.25 in chips) 
Seat 3: Mahu2021 ($6.28 in chips) 
Seat 4: SlipperySealion ($16.93 in chips) 
Seat 5: cadenza16 ($5 in chips) 
Seat 6: vaffon3 ($10.05 in chips) 
GeoN1ck: posts small blind $0.02
Mahu2021: posts big blind $0.05
*** HOLE CARDS ***
Dealt to Mahu2021 [4h Kh]
SlipperySealion: folds 
cadenza16: folds 
vaffon3: folds 
Steg674: calls $0.05
GeoN1ck: raises $0.20 to $0.25
Mahu2021: folds 
Steg674: calls $0.20
*** FLOP *** [Kd 7s 6d]
GeoN1ck: checks 
Steg674: bets $0.53
GeoN1ck: folds 
Uncalled bet ($0.53) returned to Steg674
Steg674 collected $0.53 from pot
Steg674: doesn't show hand 
*** SUMMARY ***
Total pot $0.55 | Rake $0.02 
Board [Kd 7s 6d]
Seat 1: Steg674 (button) collected ($0.53)
Seat 2: GeoN1ck (small blind) folded on the Flop
Seat 3: Mahu2021 (big blind) folded before Flop
Seat 4: SlipperySealion folded before Flop (didn't bet)
Seat 5: cadenza16 folded before Flop (didn't bet)
Seat 6: vaffon3 folded before Flop (didn't bet)



PokerStars Zoom Hand #255471736514:  Hold'em No Limit ($0.02/$0.05) - 2025/03/27 15:00:12 CET [2025/03/27 10:00:12 ET]
Table 'Donati' 6-max Seat #1 is the button
Seat 1: musetel87 ($5 in chips) 
Seat 2: Mahu2021 ($6.23 in chips) 
Seat 3: AnDoJoiO ($5.37 in chips) 
Seat 4: spens1to0o ($5.33 in chips) 
Seat 5: Maks K.007 ($6.39 in chips) 
Seat 6: allinanyti ($5 in chips) 
Mahu2021: posts small blind $0.02
AnDoJoiO: posts big blind $0.05
*** HOLE CARDS ***
Dealt to Mahu2021 [5c 2d]
spens1to0o: folds 
Maks K.007: folds 
allinanyti: folds 
musetel87: raises $0.07 to $0.12
Mahu2021: folds 
AnDoJoiO: folds 
Uncalled bet ($0.07) returned to musetel87
musetel87 collected $0.12 from pot
musetel87: doesn't show hand 
*** SUMMARY ***
Total pot $0.12 | Rake $0 
Seat 1: musetel87 (button) collected ($0.12)
Seat 2: Mahu2021 (small blind) folded before Flop
Seat 3: AnDoJoiO (big blind) folded before Flop
Seat 4: spens1to0o folded before Flop (didn't bet)
Seat 5: Maks K.007 folded before Flop (didn't bet)
Seat 6: allinanyti folded before Flop (didn't bet)



PokerStars Zoom Hand #255471737028:  Hold'em No Limit ($0.02/$0.05) - 2025/03/27 15:00:15 CET [2025/03/27 10:00:15 ET]
Table 'Donati' 6-max Seat #1 is the button
Seat 1: Mahu2021 ($6.21 in chips) 
Seat 2: Se7en89T ($8.39 in chips) 
Seat 3: SlipperySealion ($16.91 in chips) 
Seat 4: marin_dinero ($7.36 in chips) 
Seat 5: lolb0t ($5 in chips) 
Seat 6: fss99 ($5.91 in chips) 
Se7en89T: posts small blind $0.02
SlipperySealion: posts big blind $0.05
*** HOLE CARDS ***
Dealt to Mahu2021 [9s 2s]
marin_dinero: folds 
lolb0t: folds 
fss99: folds 
Mahu2021: folds 
Se7en89T: folds 
Uncalled bet ($0.03) returned to SlipperySealion
SlipperySealion collected $0.04 from pot
SlipperySealion: doesn't show hand 
*** SUMMARY ***
Total pot $0.04 | Rake $0 
Seat 1: Mahu2021 (button) folded before Flop (didn't bet)
Seat 2: Se7en89T (small blind) folded before Flop
Seat 3: SlipperySealion (big blind) collected ($0.04)
Seat 4: marin_dinero folded before Flop (didn't bet)
Seat 5: lolb0t folded before Flop (didn't bet)
Seat 6: fss99 folded before Flop (didn't bet)



PokerStars Zoom Hand #255471737513:  Hold'em No Limit ($0.02/$0.05) - 2025/03/27 15:00:19 CET [2025/03/27 10:00:19 ET]
Table 'Donati' 6-max Seat #1 is the button
Seat 1: vaffon3 ($8.71 in chips) 
Seat 2: BenJJones ($13.94 in chips) 
Seat 3: Mahu2021 ($6.21 in chips) 
Seat 4: GeoN1ck ($8 in chips) 
Seat 5: spens1to0o ($14.68 in chips) 
Seat 6: kombo443 ($10.55 in chips) 
BenJJones: posts small blind $0.02
Mahu2021: posts big blind $0.05
*** HOLE CARDS ***
Dealt to Mahu2021 [6c 8c]
GeoN1ck: folds 
spens1to0o: folds 
kombo443: folds 
vaffon3: folds 
BenJJones: raises $0.09 to $0.14
Mahu2021: calls $0.09
*** FLOP *** [Jc Kd Ac]
BenJJones: bets $0.09
Mahu2021: calls $0.09
*** TURN *** [Jc Kd Ac] [5s]
BenJJones: bets $0.53
Mahu2021: folds 
Uncalled bet ($0.53) returned to BenJJones
BenJJones collected $0.44 from pot
BenJJones: doesn't show hand 
*** SUMMARY ***
Total pot $0.46 | Rake $0.02 
Board [Jc Kd Ac 5s]
Seat 1: vaffon3 (button) folded before Flop (didn't bet)
Seat 2: BenJJones (small blind) collected ($0.44)
Seat 3: Mahu2021 (big blind) folded on the Turn
Seat 4: GeoN1ck folded before Flop (didn't bet)
Seat 5: spens1to0o folded before Flop (didn't bet)
Seat 6: kombo443 folded before Flop (didn't bet)



PokerStars Zoom Hand #255471742562:  Hold'em No Limit ($0.02/$0.05) - 2025/03/27 15:00:56 CET [2025/03/27 10:00:56 ET]
Table 'Donati' 6-max Seat #1 is the button
Seat 1: mi_naga ($5.84 in chips) 
Seat 2: zelias ($1.97 in chips) 
Seat 3: fierceking86 ($6.65 in chips) 
Seat 4: Mahu2021 ($5.98 in chips) 
Seat 5: mOberdan ($5.42 in chips) 
Seat 6: Imbastrol ($5.16 in chips) 
zelias: posts small blind $0.02
fierceking86: posts big blind $0.05
*** HOLE CARDS ***
Dealt to Mahu2021 [7s 6s]
Mahu2021: raises $0.08 to $0.13
mOberdan: folds 
Imbastrol: folds 
mi_naga: folds 
zelias: folds 
fierceking86: folds 
Uncalled bet ($0.08) returned to Mahu2021
Mahu2021 collected $0.12 from pot
Mahu2021: doesn't show hand 
*** SUMMARY ***
Total pot $0.12 | Rake $0 
Seat 1: mi_naga (button) folded before Flop (didn't bet)
Seat 2: zelias (small blind) folded before Flop
Seat 3: fierceking86 (big blind) folded before Flop
Seat 4: Mahu2021 collected ($0.12)
Seat 5: mOberdan folded before Flop (didn't bet)
Seat 6: Imbastrol folded before Flop (didn't bet)



PokerStars Zoom Hand #255471741960:  Hold'em No Limit ($0.02/$0.05) - 2025/03/27 15:00:52 CET [2025/03/27 10:00:52 ET]
Table 'Donati' 6-max Seat #1 is the button
Seat 1: cadenza16 ($5 in chips) 
Seat 2: PianoPer ($6.05 in chips) 
Seat 3: Steg674 ($3.43 in chips) 
Seat 4: AtiY1 ($5.16 in chips) 
Seat 5: Pragexist ($5.18 in chips) 
Seat 6: Mahu2021 ($5.98 in chips) 
PianoPer: posts small blind $0.02
Steg674: posts big blind $0.05
*** HOLE CARDS ***
Dealt to Mahu2021 [6d 9c]
AtiY1: folds 
Pragexist: calls $0.05
Mahu2021: folds 
cadenza16: folds 
PianoPer: folds 
Steg674: checks 
*** FLOP *** [6h 5h Kd]
Steg674: checks 
Pragexist: bets $0.12
Steg674: folds 
Uncalled bet ($0.12) returned to Pragexist
Pragexist collected $0.12 from pot
Pragexist: doesn't show hand 
*** SUMMARY ***
Total pot $0.12 | Rake $0 
Board [6h 5h Kd]
Seat 1: cadenza16 (button) folded before Flop (didn't bet)
Seat 2: PianoPer (small blind) folded before Flop
Seat 3: Steg674 (big blind) folded on the Flop
Seat 4: AtiY1 folded before Flop (didn't bet)
Seat 5: Pragexist collected ($0.12)
Seat 6: Mahu2021 folded before Flop (didn't bet)



PokerStars Zoom Hand #255471744987:  Hold'em No Limit ($0.02/$0.05) - 2025/03/27 15:01:12 CET [2025/03/27 10:01:12 ET]
Table 'Donati' 6-max Seat #1 is the button
Seat 1: zelias ($1.15 in chips) 
Seat 2: ShadOfStoff ($3.54 in chips) 
Seat 3: eodnrdld123 ($9.44 in chips) 
Seat 4: Mahu2021 ($6.05 in chips) 
Seat 5: fierceking86 ($6.17 in chips) 
Seat 6: BenCampbel10 ($5.05 in chips) 
ShadOfStoff: posts small blind $0.02
eodnrdld123: posts big blind $0.05
*** HOLE CARDS ***
Dealt to Mahu2021 [Ac 6c]
Mahu2021: raises $0.05 to $0.10
fierceking86: raises $0.05 to $0.15
BenCampbel10: calls $0.15
zelias: folds 
ShadOfStoff: folds 
eodnrdld123: folds 
Mahu2021: calls $0.05
*** FLOP *** [4s Ad 3c]
Mahu2021: bets $0.20
fierceking86: calls $0.20
BenCampbel10: folds 
*** TURN *** [4s Ad 3c] [4h]
Mahu2021: bets $0.15
fierceking86: calls $0.15
*** RIVER *** [4s Ad 3c 4h] [7h]
Mahu2021: bets $0.15
fierceking86: calls $0.15
*** SHOW DOWN ***
Mahu2021: shows [Ac 6c] (two pair, Aces and Fours)
fierceking86: shows [Ah Js] (two pair, Aces and Fours - Jack kicker)
fierceking86 collected $1.46 from pot
*** SUMMARY ***
Total pot $1.52 | Rake $0.06 
Board [4s Ad 3c 4h 7h]
Seat 1: zelias (button) folded before Flop (didn't bet)
Seat 2: ShadOfStoff (small blind) folded before Flop
Seat 3: eodnrdld123 (big blind) folded before Flop
Seat 4: Mahu2021 showed [Ac 6c] and lost with two pair, Aces and Fours
Seat 5: fierceking86 showed [Ah Js] and won ($1.46) with two pair, Aces and Fours
Seat 6: BenCampbel10 folded on the Flop



PokerStars Zoom Hand #255471749542:  Hold'em No Limit ($0.02/$0.05) - 2025/03/27 15:01:41 CET [2025/03/27 10:01:41 ET]
Table 'Donati' 6-max Seat #1 is the button
Seat 1: jepket1 ($5.41 in chips) 
Seat 2: Mahu2021 ($5.40 in chips) 
Seat 3: nicobebe01 ($4.51 in chips) 
Seat 4: LongNightTV ($5.51 in chips) 
Seat 5: apiracik ($10.15 in chips) 
Seat 6: MrLarrySir ($5.28 in chips) 
Mahu2021: posts small blind $0.02
nicobebe01: posts big blind $0.05
*** HOLE CARDS ***
Dealt to Mahu2021 [As 7h]
LongNightTV: folds 
apiracik: folds 
MrLarrySir: folds 
jepket1: calls $0.05
Mahu2021: calls $0.03
nicobebe01: checks 
*** FLOP *** [Jd 2d 5c]
Mahu2021: checks 
nicobebe01: checks 
jepket1: checks 
*** TURN *** [Jd 2d 5c] [Jc]
Mahu2021: bets $0.05
nicobebe01: folds 
jepket1: folds 
Uncalled bet ($0.05) returned to Mahu2021
Mahu2021 collected $0.14 from pot
Mahu2021: doesn't show hand 
*** SUMMARY ***
Total pot $0.15 | Rake $0.01 
Board [Jd 2d 5c Jc]
Seat 1: jepket1 (button) folded on the Turn
Seat 2: Mahu2021 (small blind) collected ($0.14)
Seat 3: nicobebe01 (big blind) folded on the Turn
Seat 4: LongNightTV folded before Flop (didn't bet)
Seat 5: apiracik folded before Flop (didn't bet)
Seat 6: MrLarrySir folded before Flop (didn't bet)



PokerStars Zoom Hand #255471753969:  Hold'em No Limit ($0.02/$0.05) - 2025/03/27 15:02:11 CET [2025/03/27 10:02:11 ET]
Table 'Donati' 6-max Seat #1 is the button
Seat 1: fierceking86 ($9.26 in chips) 
Seat 2: GAJUO ($6.07 in chips) 
Seat 3: Mahu2021 ($5.49 in chips) 
Seat 4: QED42 ($11.32 in chips) 
Seat 5: Imbastrol ($5.02 in chips) 
Seat 6: spens1to0o ($14.65 in chips) 
GAJUO: posts small blind $0.02
Mahu2021: posts big blind $0.05
*** HOLE CARDS ***
Dealt to Mahu2021 [Tc 7d]
QED42: folds 
Imbastrol: raises $0.05 to $0.10
spens1to0o: calls $0.10
fierceking86: raises $0.05 to $0.15
GAJUO: folds 
Mahu2021: folds 
Imbastrol: raises $0.47 to $0.62
spens1to0o: folds 
fierceking86: folds 
Uncalled bet ($0.47) returned to Imbastrol
Imbastrol collected $0.47 from pot
Imbastrol: doesn't show hand 
*** SUMMARY ***
Total pot $0.47 | Rake $0 
Seat 1: fierceking86 (button) folded before Flop
Seat 2: GAJUO (small blind) folded before Flop
Seat 3: Mahu2021 (big blind) folded before Flop
Seat 4: QED42 folded before Flop (didn't bet)
Seat 5: Imbastrol collected ($0.47)
Seat 6: spens1to0o folded before Flop



PokerStars Zoom Hand #255471756751:  Hold'em No Limit ($0.02/$0.05) - 2025/03/27 15:02:29 CET [2025/03/27 10:02:29 ET]
Table 'Donati' 6-max Seat #1 is the button
Seat 1: Imbastrol ($12.66 in chips) 
Seat 2: eodnrdld123 ($15.76 in chips) 
Seat 3: GEONICY ($6.17 in chips) 
Seat 4: Mahu2021 ($5.42 in chips) 
Seat 5: cadenza16 ($9.39 in chips) 
Seat 6: ShadOfStoff ($3.29 in chips) 
eodnrdld123: posts small blind $0.02
GEONICY: posts big blind $0.05
*** HOLE CARDS ***
Dealt to Mahu2021 [2c Td]
Mahu2021: folds 
cadenza16: raises $0.07 to $0.12
ShadOfStoff: folds 
Imbastrol: folds 
eodnrdld123: folds 
GEONICY: folds 
Uncalled bet ($0.07) returned to cadenza16
cadenza16 collected $0.12 from pot
cadenza16: doesn't show hand 
*** SUMMARY ***
Total pot $0.12 | Rake $0 
Seat 1: Imbastrol (button) folded before Flop (didn't bet)
Seat 2: eodnrdld123 (small blind) folded before Flop
Seat 3: GEONICY (big blind) folded before Flop
Seat 4: Mahu2021 folded before Flop (didn't bet)
Seat 5: cadenza16 collected ($0.12)
Seat 6: ShadOfStoff folded before Flop (didn't bet)



PokerStars Zoom Hand #255471755366:  Hold'em No Limit ($0.02/$0.05) - 2025/03/27 15:02:20 CET [2025/03/27 10:02:20 ET]
Table 'Donati' 6-max Seat #1 is the button
Seat 1: zelias ($1.15 in chips) 
Seat 2: Mahu2021 ($5.44 in chips) 
Seat 3: AtiY1 ($5.46 in chips) 
Seat 4: add no lol ($8.98 in chips) 
Seat 5: kombo443 ($7.14 in chips) 
Seat 6: GAJUO ($6.05 in chips) 
Mahu2021: posts small blind $0.02
AtiY1: posts big blind $0.05
*** HOLE CARDS ***
Dealt to Mahu2021 [6d 9h]
add no lol: raises $0.05 to $0.10
kombo443: folds 
GAJUO: calls $0.10
zelias: folds 
Mahu2021: folds 
AtiY1: folds 
*** FLOP *** [7s Td Qs]
add no lol: checks 
GAJUO: bets $0.13
add no lol: folds 
Uncalled bet ($0.13) returned to GAJUO
GAJUO collected $0.26 from pot
GAJUO: doesn't show hand 
*** SUMMARY ***
Total pot $0.27 | Rake $0.01 
Board [7s Td Qs]
Seat 1: zelias (button) folded before Flop (didn't bet)
Seat 2: Mahu2021 (small blind) folded before Flop
Seat 3: AtiY1 (big blind) folded before Flop
Seat 4: add no lol folded on the Flop
Seat 5: kombo443 folded before Flop (didn't bet)
Seat 6: GAJUO collected ($0.26)



PokerStars Zoom Hand #255471754758:  Hold'em No Limit ($0.02/$0.05) - 2025/03/27 15:02:16 CET [2025/03/27 10:02:16 ET]
Table 'Donati' 6-max Seat #1 is the button
Seat 1: PADST98 ($6.96 in chips) 
Seat 2: fel!xgum ($5.01 in chips) 
Seat 3: ta1se1m ($4.98 in chips) 
Seat 4: Schnuffler ($5.46 in chips) 
Seat 5: musetel87 ($14.47 in chips) 
Seat 6: Mahu2021 ($5.44 in chips) 
fel!xgum: posts small blind $0.02
ta1se1m: posts big blind $0.05
*** HOLE CARDS ***
Dealt to Mahu2021 [Td 4c]
Schnuffler: folds 
musetel87: raises $0.07 to $0.12
Mahu2021: folds 
PADST98: folds 
fel!xgum: folds 
ta1se1m: calls $0.07
*** FLOP *** [Th 4s Jc]
ta1se1m: checks 
musetel87: checks 
*** TURN *** [Th 4s Jc] [Qd]
ta1se1m: bets $0.10
musetel87: folds 
Uncalled bet ($0.10) returned to ta1se1m
ta1se1m collected $0.25 from pot
ta1se1m: doesn't show hand 
*** SUMMARY ***
Total pot $0.26 | Rake $0.01 
Board [Th 4s Jc Qd]
Seat 1: PADST98 (button) folded before Flop (didn't bet)
Seat 2: fel!xgum (small blind) folded before Flop
Seat 3: ta1se1m (big blind) collected ($0.25)
Seat 4: Schnuffler folded before Flop (didn't bet)
Seat 5: musetel87 folded on the Turn
Seat 6: Mahu2021 folded before Flop (didn't bet)



PokerStars Zoom Hand #255471753431:  Hold'em No Limit ($0.02/$0.05) - 2025/03/27 15:02:07 CET [2025/03/27 10:02:07 ET]
Table 'Donati' 6-max Seat #1 is the button
Seat 1: Mahu2021 ($5.49 in chips) 
Seat 2: Steg674 ($3.62 in chips) 
Seat 3: iskon91 ($4.18 in chips) 
Seat 4: WulonDice ($2.13 in chips) 
Seat 5: SlipperySealion ($16.93 in chips) 
Seat 6: AtiY1 ($5.80 in chips) 
Steg674: posts small blind $0.02
iskon91: posts big blind $0.05
*** HOLE CARDS ***
Dealt to Mahu2021 [8h 7c]
WulonDice: folds 
SlipperySealion: raises $0.07 to $0.12
AtiY1: folds 
Mahu2021: folds 
Steg674: folds 
iskon91: calls $0.07
*** FLOP *** [Qd 7h 4d]
iskon91: checks 
SlipperySealion: bets $0.08
iskon91: calls $0.08
*** TURN *** [Qd 7h 4d] [Ts]
iskon91: checks 
SlipperySealion: bets $0.30
iskon91: calls $0.30
*** RIVER *** [Qd 7h 4d Ts] [8s]
iskon91: bets $0.29
SlipperySealion: folds 
Uncalled bet ($0.29) returned to iskon91
iskon91 collected $0.98 from pot
iskon91: doesn't show hand 
*** SUMMARY ***
Total pot $1.02 | Rake $0.04 
Board [Qd 7h 4d Ts 8s]
Seat 1: Mahu2021 (button) folded before Flop (didn't bet)
Seat 2: Steg674 (small blind) folded before Flop
Seat 3: iskon91 (big blind) collected ($0.98)
Seat 4: WulonDice folded before Flop (didn't bet)
Seat 5: SlipperySealion folded on the River
Seat 6: AtiY1 folded before Flop (didn't bet)



PokerStars Zoom Hand #255471755962:  Hold'em No Limit ($0.02/$0.05) - 2025/03/27 15:02:24 CET [2025/03/27 10:02:24 ET]
Table 'Donati' 6-max Seat #1 is the button
Seat 1: fss99 ($5.72 in chips) 
Seat 2: vaffon3 ($6.80 in chips) 
Seat 3: Se7en89T ($12.59 in chips) 
Seat 4: eodnrdld123 ($9.14 in chips) 
Seat 5: Mahu2021 ($5.42 in chips) 
Seat 6: kombo443 ($12.51 in chips) 
vaffon3: posts small blind $0.02
Se7en89T: posts big blind $0.05
*** HOLE CARDS ***
Dealt to Mahu2021 [9h 7c]
eodnrdld123: folds 
Mahu2021: folds 
kombo443: folds 
fss99: raises $0.07 to $0.12
vaffon3: folds 
Se7en89T: calls $0.07
*** FLOP *** [Jd 7s Jh]
Se7en89T: checks 
fss99: checks 
*** TURN *** [Jd 7s Jh] [6d]
Se7en89T: checks 
fss99: checks 
*** RIVER *** [Jd 7s Jh 6d] [Ad]
Se7en89T: checks 
fss99: bets $0.19
Se7en89T: folds 
Uncalled bet ($0.19) returned to fss99
fss99 collected $0.25 from pot
fss99: doesn't show hand 
*** SUMMARY ***
Total pot $0.26 | Rake $0.01 
Board [Jd 7s Jh 6d Ad]
Seat 1: fss99 (button) collected ($0.25)
Seat 2: vaffon3 (small blind) folded before Flop
Seat 3: Se7en89T (big blind) folded on the River
Seat 4: eodnrdld123 folded before Flop (didn't bet)
Seat 5: Mahu2021 folded before Flop (didn't bet)
Seat 6: kombo443 folded before Flop (didn't bet)



PokerStars Zoom Hand #255471757321:  Hold'em No Limit ($0.02/$0.05) - 2025/03/27 15:02:33 CET [2025/03/27 10:02:33 ET]
Table 'Donati' 6-max Seat #1 is the button
Seat 1: Mahu2021 ($5.42 in chips) 
Seat 2: MindFreak187 ($9.74 in chips) 
Seat 3: cyan000 ($6.13 in chips) 
Seat 4: fel!xgum ($5 in chips) 
Seat 5: Steg674 ($3.55 in chips) 
Seat 6: eodnrdld123 ($9.14 in chips) 
MindFreak187: posts small blind $0.02
cyan000: posts big blind $0.05
*** HOLE CARDS ***
Dealt to Mahu2021 [Ah Kd]
fel!xgum: folds 
Steg674: folds 
eodnrdld123: folds 
Mahu2021: raises $0.10 to $0.15
MindFreak187: folds 
cyan000: raises $0.45 to $0.60
Mahu2021: raises $0.70 to $1.30
cyan000: calls $0.70
*** FLOP *** [9s 3c 5c]
cyan000: checks 
Mahu2021: bets $1
cyan000: calls $1
*** TURN *** [9s 3c 5c] [Jc]
cyan000: checks 
Mahu2021: bets $3.12 and is all-in
cyan000: calls $3.12
*** RIVER *** [9s 3c 5c Jc] [Ad]
*** SHOW DOWN ***
cyan000: shows [Qs Qh] (a pair of Queens)
Mahu2021: shows [Ah Kd] (a pair of Aces)
Mahu2021 collected $10.41 from pot
*** SUMMARY ***
Total pot $10.86 | Rake $0.45 
Board [9s 3c 5c Jc Ad]
Seat 1: Mahu2021 (button) showed [Ah Kd] and won ($10.41) with a pair of Aces
Seat 2: MindFreak187 (small blind) folded before Flop
Seat 3: cyan000 (big blind) showed [Qs Qh] and lost with a pair of Queens
Seat 4: fel!xgum folded before Flop (didn't bet)
Seat 5: Steg674 folded before Flop (didn't bet)
Seat 6: eodnrdld123 folded before Flop (didn't bet)



