PokerStars Zoom Hand #255153953060:  Hold'em No Limit ($0.05/$0.10) - 2025/03/05 20:42:16 CET [2025/03/05 14:42:16 ET]
Table 'Aludra' 6-max Seat #1 is the button
Seat 1: erps112 ($10.47 in chips) 
Seat 2: Luffy V ($18.71 in chips) 
Seat 3: Mahu2021 ($10 in chips) 
Seat 4: stoik83 ($10 in chips) 
Seat 5: pitzymecanic ($15.63 in chips) 
Seat 6: sigmanolimit ($10.28 in chips) 
Luffy V: posts small blind $0.05
Mahu2021: posts big blind $0.10
*** HOLE CARDS ***
Dealt to Mahu2021 [6h 3h]
stoik83: folds 
pitzymecanic: calls $0.10
sigmanolimit: folds 
erps112: folds 
Luffy V: folds 
Mahu2021: checks 
*** FLOP *** [8s 6c 7h]
Mahu2021: checks 
pitzymecanic: checks 
*** TURN *** [8s 6c 7h] [9s]
Mahu2021: checks 
pitzymecanic: checks 
*** RIVER *** [8s 6c 7h 9s] [Th]
Mahu2021: checks 
pitzymecanic: bets $0.24
Mahu2021: folds 
Uncalled bet ($0.24) returned to pitzymecanic
pitzymecanic collected $0.24 from pot
pitzymecanic: doesn't show hand 
*** SUMMARY ***
Total pot $0.25 | Rake $0.01 
Board [8s 6c 7h 9s Th]
Seat 1: erps112 (button) folded before Flop (didn't bet)
Seat 2: Luffy V (small blind) folded before Flop
Seat 3: Mahu2021 (big blind) folded on the River
Seat 4: stoik83 folded before Flop (didn't bet)
Seat 5: pitzymecanic collected ($0.24)
Seat 6: sigmanolimit folded before Flop (didn't bet)



PokerStars Zoom Hand #255153958267:  Hold'em No Limit ($0.05/$0.10) - 2025/03/05 20:42:36 CET [2025/03/05 14:42:36 ET]
Table 'Aludra' 6-max Seat #1 is the button
Seat 1: Mahu2021 ($9.90 in chips) 
Seat 2: adimak95 ($10.05 in chips) 
Seat 3: Jajje7 ($16.65 in chips) 
Seat 4: Olsen43 ($11.53 in chips) 
Seat 5: Estevancvel ($14.33 in chips) 
Seat 6: Springhee1 ($9.70 in chips) 
adimak95: posts small blind $0.05
Jajje7: posts big blind $0.10
*** HOLE CARDS ***
Dealt to Mahu2021 [Td 3c]
Olsen43: folds 
Estevancvel: raises $0.10 to $0.20
Springhee1: folds 
Mahu2021: folds 
adimak95 is disconnected 
adimak95 has timed out while disconnected
adimak95: folds 
Jajje7: folds 
Uncalled bet ($0.10) returned to Estevancvel
Estevancvel collected $0.25 from pot
Estevancvel: doesn't show hand 
*** SUMMARY ***
Total pot $0.25 | Rake $0 
Seat 1: Mahu2021 (button) folded before Flop (didn't bet)
Seat 2: adimak95 (small blind) folded before Flop
Seat 3: Jajje7 (big blind) folded before Flop
Seat 4: Olsen43 folded before Flop (didn't bet)
Seat 5: Estevancvel collected ($0.25)
Seat 6: Springhee1 folded before Flop (didn't bet)



PokerStars Zoom Hand #255153959631:  Hold'em No Limit ($0.05/$0.10) - 2025/03/05 20:42:41 CET [2025/03/05 14:42:41 ET]
Table 'Aludra' 6-max Seat #1 is the button
Seat 1: Perstenev ($5.84 in chips) 
Seat 2: Mahu2021 ($9.90 in chips) 
Seat 3: Luffy V ($18.81 in chips) 
Seat 4: ChuruBDO ($11.11 in chips) 
Seat 5: Springhee1 ($9.70 in chips) 
Seat 6: ioanna576 ($11.44 in chips) 
Mahu2021: posts small blind $0.05
Luffy V: posts big blind $0.10
*** HOLE CARDS ***
Dealt to Mahu2021 [Qc Kd]
ChuruBDO: folds 
Springhee1: folds 
ioanna576: folds 
Perstenev: folds 
Mahu2021: raises $0.20 to $0.30
Luffy V: calls $0.20
*** FLOP *** [3s 4h Qh]
Mahu2021: bets $0.30
Luffy V: calls $0.30
*** TURN *** [3s 4h Qh] [8s]
Mahu2021: bets $0.30
Luffy V: calls $0.30
*** RIVER *** [3s 4h Qh 8s] [9s]
Mahu2021: bets $0.30
Luffy V: raises $1.25 to $1.55
Mahu2021: calls $1.25
*** SHOW DOWN ***
Luffy V: shows [3c Ah] (a pair of Threes)
Mahu2021: shows [Qc Kd] (a pair of Queens)
Mahu2021 collected $4.68 from pot
*** SUMMARY ***
Total pot $4.90 | Rake $0.22 
Board [3s 4h Qh 8s 9s]
Seat 1: Perstenev (button) folded before Flop (didn't bet)
Seat 2: Mahu2021 (small blind) showed [Qc Kd] and won ($4.68) with a pair of Queens
Seat 3: Luffy V (big blind) showed [3c Ah] and lost with a pair of Threes
Seat 4: ChuruBDO folded before Flop (didn't bet)
Seat 5: Springhee1 folded before Flop (didn't bet)
Seat 6: ioanna576 folded before Flop (didn't bet)



PokerStars Zoom Hand #255153970763:  Hold'em No Limit ($0.05/$0.10) - 2025/03/05 20:43:23 CET [2025/03/05 14:43:23 ET]
Table 'Aludra' 6-max Seat #1 is the button
Seat 1: Always Thx ($10.13 in chips) 
Seat 2: Kadjadaniell ($3.98 in chips) 
Seat 3: gena60 ($16.66 in chips) 
Seat 4: Luffy V ($16.36 in chips) 
Seat 5: anacarlacelso ($26.66 in chips) 
Seat 6: Mahu2021 ($12.13 in chips) 
Kadjadaniell: posts small blind $0.05
gena60: posts big blind $0.10
*** HOLE CARDS ***
Dealt to Mahu2021 [7s Qs]
Luffy V: folds 
anacarlacelso: folds 
Mahu2021: folds 
Always Thx: folds 
Kadjadaniell: folds 
Uncalled bet ($0.05) returned to gena60
gena60 collected $0.10 from pot
gena60: doesn't show hand 
*** SUMMARY ***
Total pot $0.10 | Rake $0 
Seat 1: Always Thx (button) folded before Flop (didn't bet)
Seat 2: Kadjadaniell (small blind) folded before Flop
Seat 3: gena60 (big blind) collected ($0.10)
Seat 4: Luffy V folded before Flop (didn't bet)
Seat 5: anacarlacelso folded before Flop (didn't bet)
Seat 6: Mahu2021 folded before Flop (didn't bet)



