PokerStars Zoom Hand #255444549296:  Hold'em No Limit ($0.05/$0.10) - 2025/03/25 13:03:30 CET [2025/03/25 8:03:30 ET]
Table 'Aludra' 6-max Seat #1 is the button
Seat 1: ComplyOrDie8 ($33.81 in chips) 
Seat 2: HakuBD ($17.98 in chips) 
Seat 3: Mahu2021 ($10 in chips) 
Seat 4: augtoth ($15.79 in chips) 
Seat 5: mexxxy_90 ($13.54 in chips) 
Seat 6: EdgarYY ($10.35 in chips) 
HakuBD: posts small blind $0.05
Mahu2021: posts big blind $0.10
*** HOLE CARDS ***
Dealt to Mahu2021 [Kc Ad]
augtoth: raises $0.15 to $0.25
mexxxy_90: folds 
EdgarYY: folds 
ComplyOrDie8: folds 
HakuBD: folds 
Mahu2021: raises $0.85 to $1.10
augtoth: folds 
Uncalled bet ($0.85) returned to Mahu2021
Mahu2021 collected $0.55 from pot
Mahu2021: doesn't show hand 
*** SUMMARY ***
Total pot $0.55 | Rake $0 
Seat 1: ComplyOrDie8 (button) folded before Flop (didn't bet)
Seat 2: HakuBD (small blind) folded before Flop
Seat 3: Mahu2021 (big blind) collected ($0.55)
Seat 4: augtoth folded before Flop
Seat 5: mexxxy_90 folded before Flop (didn't bet)
Seat 6: EdgarYY folded before Flop (didn't bet)



PokerStars Zoom Hand #255444552748:  Hold'em No Limit ($0.05/$0.10) - 2025/03/25 13:03:56 CET [2025/03/25 8:03:56 ET]
Table 'Aludra' 6-max Seat #1 is the button
Seat 1: koei1218 ($10.46 in chips) 
Seat 2: mexxxy_90 ($10 in chips) 
Seat 3: EdgarYY ($10 in chips) 
Seat 4: dreexxar ($12.17 in chips) 
Seat 5: Mahu2021 ($10.30 in chips) 
Seat 6: naoki0807 ($10 in chips) 
mexxxy_90: posts small blind $0.05
EdgarYY: posts big blind $0.10
*** HOLE CARDS ***
Dealt to Mahu2021 [4s 5s]
dreexxar: raises $0.12 to $0.22
Mahu2021: calls $0.22
naoki0807: raises $0.81 to $1.03
koei1218: folds 
mexxxy_90: folds 
EdgarYY: folds 
dreexxar: folds 
Mahu2021: folds 
Uncalled bet ($0.81) returned to naoki0807
naoki0807 collected $0.81 from pot
naoki0807: doesn't show hand 
*** SUMMARY ***
Total pot $0.81 | Rake $0 
Seat 1: koei1218 (button) folded before Flop (didn't bet)
Seat 2: mexxxy_90 (small blind) folded before Flop
Seat 3: EdgarYY (big blind) folded before Flop
Seat 4: dreexxar folded before Flop
Seat 5: Mahu2021 folded before Flop
Seat 6: naoki0807 collected ($0.81)



PokerStars Zoom Hand #255444554549:  Hold'em No Limit ($0.05/$0.10) - 2025/03/25 13:04:10 CET [2025/03/25 8:04:10 ET]
Table 'Aludra' 6-max Seat #1 is the button
Seat 1: TheSoulTaker666 ($21.25 in chips) 
Seat 2: Mahu2021 ($10.08 in chips) 
Seat 3: alex6255 ($10.87 in chips) 
Seat 4: koei1218 ($10.46 in chips) 
Seat 5: Mahiro025 ($27.94 in chips) 
Seat 6: dreexxar ($11.95 in chips) 
Mahu2021: posts small blind $0.05
alex6255: posts big blind $0.10
*** HOLE CARDS ***
Dealt to Mahu2021 [Th 9h]
koei1218: folds 
Mahiro025: folds 
dreexxar: folds 
TheSoulTaker666: raises $0.15 to $0.25
Mahu2021: calls $0.20
alex6255: folds 
*** FLOP *** [2c 7s 5s]
Mahu2021: checks 
TheSoulTaker666: checks 
*** TURN *** [2c 7s 5s] [2s]
Mahu2021: checks 
TheSoulTaker666: checks 
*** RIVER *** [2c 7s 5s 2s] [Ks]
Mahu2021: checks 
TheSoulTaker666: bets $0.35
Mahu2021: folds 
Uncalled bet ($0.35) returned to TheSoulTaker666
TheSoulTaker666 collected $0.57 from pot
TheSoulTaker666: doesn't show hand 
*** SUMMARY ***
Total pot $0.60 | Rake $0.03 
Board [2c 7s 5s 2s Ks]
Seat 1: TheSoulTaker666 (button) collected ($0.57)
Seat 2: Mahu2021 (small blind) folded on the River
Seat 3: alex6255 (big blind) folded before Flop
Seat 4: koei1218 folded before Flop (didn't bet)
Seat 5: Mahiro025 folded before Flop (didn't bet)
Seat 6: dreexxar folded before Flop (didn't bet)



PokerStars Zoom Hand #255444558087:  Hold'em No Limit ($0.05/$0.10) - 2025/03/25 13:04:37 CET [2025/03/25 8:04:37 ET]
Table 'Aludra' 6-max Seat #1 is the button
Seat 1: Mahu2021 ($9.83 in chips) 
Seat 2: A_Rommel ($58.20 in chips) 
Seat 3: Mahiro025 ($27.89 in chips) 
Seat 4: Foldangeles ($10.57 in chips) 
Seat 5: eNeeo ($9.22 in chips) 
Seat 6: Shakawka ($11.35 in chips) 
A_Rommel: posts small blind $0.05
Mahiro025: posts big blind $0.10
*** HOLE CARDS ***
Dealt to Mahu2021 [3c 5d]
Foldangeles: raises $0.40 to $0.50
eNeeo: folds 
Shakawka: folds 
Mahu2021: folds 
A_Rommel: folds 
Mahiro025: folds 
Uncalled bet ($0.40) returned to Foldangeles
Foldangeles collected $0.25 from pot
Foldangeles: doesn't show hand 
*** SUMMARY ***
Total pot $0.25 | Rake $0 
Seat 1: Mahu2021 (button) folded before Flop (didn't bet)
Seat 2: A_Rommel (small blind) folded before Flop
Seat 3: Mahiro025 (big blind) folded before Flop
Seat 4: Foldangeles collected ($0.25)
Seat 5: eNeeo folded before Flop (didn't bet)
Seat 6: Shakawka folded before Flop (didn't bet)



PokerStars Zoom Hand #255444558597:  Hold'em No Limit ($0.05/$0.10) - 2025/03/25 13:04:41 CET [2025/03/25 8:04:41 ET]
Table 'Aludra' 6-max Seat #1 is the button
Seat 1: Retulx ($10 in chips) 
Seat 2: piknikschet ($22.64 in chips) 
Seat 3: EdgarYY ($14.75 in chips) 
Seat 4: Inc-Zra ($12.41 in chips) 
Seat 5: HakuBD ($19.93 in chips) 
Seat 6: Mahu2021 ($9.83 in chips) 
piknikschet: posts small blind $0.05
EdgarYY: posts big blind $0.10
*** HOLE CARDS ***
Dealt to Mahu2021 [9s 5d]
Inc-Zra: folds 
HakuBD: folds 
Mahu2021: folds 
Retulx: folds 
piknikschet: raises $0.20 to $0.30
EdgarYY: calls $0.20
*** FLOP *** [Th 8s Qd]
piknikschet: checks 
EdgarYY: checks 
*** TURN *** [Th 8s Qd] [Qs]
piknikschet: checks 
EdgarYY: checks 
*** RIVER *** [Th 8s Qd Qs] [7c]
piknikschet: bets $0.29
EdgarYY: calls $0.29
*** SHOW DOWN ***
piknikschet: shows [Ah 8h] (two pair, Queens and Eights)
EdgarYY: mucks hand 
piknikschet collected $1.13 from pot
*** SUMMARY ***
Total pot $1.18 | Rake $0.05 
Board [Th 8s Qd Qs 7c]
Seat 1: Retulx (button) folded before Flop (didn't bet)
Seat 2: piknikschet (small blind) showed [Ah 8h] and won ($1.13) with two pair, Queens and Eights
Seat 3: EdgarYY (big blind) mucked [5h 5c]
Seat 4: Inc-Zra folded before Flop (didn't bet)
Seat 5: HakuBD folded before Flop (didn't bet)
Seat 6: Mahu2021 folded before Flop (didn't bet)



PokerStars Zoom Hand #255444559655:  Hold'em No Limit ($0.05/$0.10) - 2025/03/25 13:04:49 CET [2025/03/25 8:04:49 ET]
Table 'Aludra' 6-max Seat #1 is the button
Seat 1: Mahiro025 ($27.79 in chips) 
Seat 2: Dré29 ($11.51 in chips) 
Seat 3: Mahu2021 ($9.83 in chips) 
Seat 4: EdgarYY ($10.25 in chips) 
Seat 5: koei1218 ($10.26 in chips) 
Seat 6: Foldangeles ($10.72 in chips) 
Dré29: posts small blind $0.05
Mahu2021: posts big blind $0.10
*** HOLE CARDS ***
Dealt to Mahu2021 [As Ts]
EdgarYY: folds 
koei1218: raises $0.15 to $0.25
Foldangeles: folds 
Mahiro025: folds 
Dré29: folds 
Mahu2021: calls $0.15
*** FLOP *** [Tc 7d 7c]
Mahu2021: bets $0.30
koei1218: calls $0.30
*** TURN *** [Tc 7d 7c] [Jh]
Mahu2021: bets $0.30
koei1218: calls $0.30
*** RIVER *** [Tc 7d 7c Jh] [Qc]
Mahu2021: checks 
koei1218: checks 
*** SHOW DOWN ***
Mahu2021: shows [As Ts] (two pair, Tens and Sevens)
koei1218: shows [Ad Td] (two pair, Tens and Sevens)
Mahu2021 collected $0.84 from pot
koei1218 collected $0.83 from pot
*** SUMMARY ***
Total pot $1.75 | Rake $0.08 
Board [Tc 7d 7c Jh Qc]
Seat 1: Mahiro025 (button) folded before Flop (didn't bet)
Seat 2: Dré29 (small blind) folded before Flop
Seat 3: Mahu2021 (big blind) showed [As Ts] and won ($0.84) with two pair, Tens and Sevens
Seat 4: EdgarYY folded before Flop (didn't bet)
Seat 5: koei1218 showed [Ad Td] and won ($0.83) with two pair, Tens and Sevens
Seat 6: Foldangeles folded before Flop (didn't bet)



PokerStars Zoom Hand #255444559210:  Hold'em No Limit ($0.05/$0.10) - 2025/03/25 13:04:46 CET [2025/03/25 8:04:46 ET]
Table 'Aludra' 6-max Seat #1 is the button
Seat 1: Inc-Zra ($12.41 in chips) 
Seat 2: carcaradosertao ($10.15 in chips) 
Seat 3: alex6255 ($11.07 in chips) 
Seat 4: pougia777 ($10.44 in chips) 
Seat 5: Mahu2021 ($9.83 in chips) 
Seat 6: Retulx ($10 in chips) 
carcaradosertao: posts small blind $0.05
alex6255: posts big blind $0.10
*** HOLE CARDS ***
Dealt to Mahu2021 [6c 8s]
pougia777: folds 
Mahu2021: folds 
Retulx: raises $0.15 to $0.25
Inc-Zra: folds 
carcaradosertao: raises $0.75 to $1
alex6255: folds 
Retulx: calls $0.75
*** FLOP *** [2s Jd 5c]
carcaradosertao: bets $0.66
Retulx: raises $2.20 to $2.86
carcaradosertao: calls $2.20
*** TURN *** [2s Jd 5c] [8c]
carcaradosertao: checks 
Retulx: checks 
*** RIVER *** [2s Jd 5c 8c] [3s]
carcaradosertao: bets $5.60
Retulx: raises $0.54 to $6.14 and is all-in
carcaradosertao: folds 
Uncalled bet ($0.54) returned to Retulx
Retulx collected $18.16 from pot
Retulx: doesn't show hand 
*** SUMMARY ***
Total pot $19.02 | Rake $0.86 
Board [2s Jd 5c 8c 3s]
Seat 1: Inc-Zra (button) folded before Flop (didn't bet)
Seat 2: carcaradosertao (small blind) folded on the River
Seat 3: alex6255 (big blind) folded before Flop
Seat 4: pougia777 folded before Flop (didn't bet)
Seat 5: Mahu2021 folded before Flop (didn't bet)
Seat 6: Retulx collected ($18.16)



PokerStars Zoom Hand #255444566027:  Hold'em No Limit ($0.05/$0.10) - 2025/03/25 13:05:37 CET [2025/03/25 8:05:37 ET]
Table 'Aludra' 6-max Seat #1 is the button
Seat 1: jaylur90 ($10 in chips) 
Seat 2: Mahu2021 ($9.82 in chips) 
Seat 3: psembril1024 ($10 in chips) 
Seat 4: eNeeo ($9.22 in chips) 
Seat 5: taorekomi ($10.15 in chips) 
Seat 6: lofiofede11 ($20.42 in chips) 
Mahu2021: posts small blind $0.05
psembril1024: posts big blind $0.10
*** HOLE CARDS ***
Dealt to Mahu2021 [9s Ac]
eNeeo: raises $0.12 to $0.22
taorekomi: folds 
lofiofede11: folds 
jaylur90: folds 
Mahu2021: folds 
psembril1024: folds 
Uncalled bet ($0.12) returned to eNeeo
eNeeo collected $0.25 from pot
eNeeo: doesn't show hand 
*** SUMMARY ***
Total pot $0.25 | Rake $0 
Seat 1: jaylur90 (button) folded before Flop (didn't bet)
Seat 2: Mahu2021 (small blind) folded before Flop
Seat 3: psembril1024 (big blind) folded before Flop
Seat 4: eNeeo collected ($0.25)
Seat 5: taorekomi folded before Flop (didn't bet)
Seat 6: lofiofede11 folded before Flop (didn't bet)



PokerStars Zoom Hand #255444567502:  Hold'em No Limit ($0.05/$0.10) - 2025/03/25 13:05:48 CET [2025/03/25 8:05:48 ET]
Table 'Aludra' 6-max Seat #1 is the button
Seat 1: piknikschet ($10 in chips) 
Seat 2: Retulx ($18.70 in chips) 
Seat 3: Shakawka ($19.91 in chips) 
Seat 4: GymStefani ($9.65 in chips) 
Seat 5: alex6255 ($10.16 in chips) 
Seat 6: Mahu2021 ($9.77 in chips) 
Retulx: posts small blind $0.05
Shakawka: posts big blind $0.10
*** HOLE CARDS ***
Dealt to Mahu2021 [4h Ks]
GymStefani: folds 
alex6255: raises $0.15 to $0.25
Mahu2021: folds 
piknikschet: folds 
Retulx: folds 
Shakawka: folds 
Uncalled bet ($0.15) returned to alex6255
alex6255 collected $0.25 from pot
alex6255: doesn't show hand 
*** SUMMARY ***
Total pot $0.25 | Rake $0 
Seat 1: piknikschet (button) folded before Flop (didn't bet)
Seat 2: Retulx (small blind) folded before Flop
Seat 3: Shakawka (big blind) folded before Flop
Seat 4: GymStefani folded before Flop (didn't bet)
Seat 5: alex6255 collected ($0.25)
Seat 6: Mahu2021 folded before Flop (didn't bet)



PokerStars Zoom Hand #255444567077:  Hold'em No Limit ($0.05/$0.10) - 2025/03/25 13:05:45 CET [2025/03/25 8:05:45 ET]
Table 'Aludra' 6-max Seat #1 is the button
Seat 1: Mahu2021 ($9.77 in chips) 
Seat 2: r1bkata ($11.52 in chips) 
Seat 3: MicZnuk ($13.13 in chips) 
Seat 4: GymStefani ($9.65 in chips) 
Seat 5: Romanovski67 ($8.75 in chips) 
Seat 6: koei1218 ($10 in chips) 
r1bkata: posts small blind $0.05
MicZnuk: posts big blind $0.10
*** HOLE CARDS ***
Dealt to Mahu2021 [2h Ac]
GymStefani: folds 
Romanovski67: raises $0.20 to $0.30
koei1218: folds 
Mahu2021: folds 
r1bkata: folds 
MicZnuk: folds 
Uncalled bet ($0.20) returned to Romanovski67
Romanovski67 collected $0.25 from pot
Romanovski67: doesn't show hand 
*** SUMMARY ***
Total pot $0.25 | Rake $0 
Seat 1: Mahu2021 (button) folded before Flop (didn't bet)
Seat 2: r1bkata (small blind) folded before Flop
Seat 3: MicZnuk (big blind) folded before Flop
Seat 4: GymStefani folded before Flop (didn't bet)
Seat 5: Romanovski67 collected ($0.25)
Seat 6: koei1218 folded before Flop (didn't bet)



PokerStars Zoom Hand #255444568288:  Hold'em No Limit ($0.05/$0.10) - 2025/03/25 13:05:54 CET [2025/03/25 8:05:54 ET]
Table 'Aludra' 6-max Seat #1 is the button
Seat 1: GymStefani ($9.65 in chips) 
Seat 2: thekla76 ($31.93 in chips) 
Seat 3: alexevo91 ($16.47 in chips) 
Seat 4: Mahu2021 ($9.77 in chips) 
Seat 5: afwing16 ($11.07 in chips) 
Seat 6: gharashmish ($16.90 in chips) 
thekla76: posts small blind $0.05
alexevo91: posts big blind $0.10
*** HOLE CARDS ***
Dealt to Mahu2021 [Qd 4h]
Mahu2021: folds 
afwing16: folds 
gharashmish: folds 
GymStefani: folds 
thekla76: folds 
Uncalled bet ($0.05) returned to alexevo91
alexevo91 collected $0.10 from pot
alexevo91: doesn't show hand 
*** SUMMARY ***
Total pot $0.10 | Rake $0 
Seat 1: GymStefani (button) folded before Flop (didn't bet)
Seat 2: thekla76 (small blind) folded before Flop
Seat 3: alexevo91 (big blind) collected ($0.10)
Seat 4: Mahu2021 folded before Flop (didn't bet)
Seat 5: afwing16 folded before Flop (didn't bet)
Seat 6: gharashmish folded before Flop (didn't bet)



PokerStars Zoom Hand #255444568924:  Hold'em No Limit ($0.05/$0.10) - 2025/03/25 13:05:59 CET [2025/03/25 8:05:59 ET]
Table 'Aludra' 6-max Seat #1 is the button
Seat 1: Mahu2021 ($9.77 in chips) 
Seat 2: alex6255 ($10.31 in chips) 
Seat 3: thekla76 ($31.88 in chips) 
Seat 4: Mùúh 22 ($14.99 in chips) 
Seat 5: gharashmish ($16.90 in chips) 
Seat 6: Trepz6233 ($20.21 in chips) 
alex6255: posts small blind $0.05
thekla76: posts big blind $0.10
*** HOLE CARDS ***
Dealt to Mahu2021 [6s Qs]
Mùúh 22: folds 
gharashmish: folds 
Trepz6233: folds 
Mahu2021: folds 
alex6255: raises $0.20 to $0.30
thekla76: folds 
Uncalled bet ($0.20) returned to alex6255
alex6255 collected $0.20 from pot
alex6255: doesn't show hand 
*** SUMMARY ***
Total pot $0.20 | Rake $0 
Seat 1: Mahu2021 (button) folded before Flop (didn't bet)
Seat 2: alex6255 (small blind) collected ($0.20)
Seat 3: thekla76 (big blind) folded before Flop
Seat 4: Mùúh 22 folded before Flop (didn't bet)
Seat 5: gharashmish folded before Flop (didn't bet)
Seat 6: Trepz6233 folded before Flop (didn't bet)



PokerStars Zoom Hand #255444569751:  Hold'em No Limit ($0.05/$0.10) - 2025/03/25 13:06:05 CET [2025/03/25 8:06:05 ET]
Table 'Aludra' 6-max Seat #1 is the button
Seat 1: TeWe66 ($9.30 in chips) 
Seat 2: Makkekoo ($10 in chips) 
Seat 3: Mahu2021 ($9.77 in chips) 
Seat 4: gharashmish ($16.90 in chips) 
Seat 5: r1bkata ($11.47 in chips) 
Seat 6: EdgarYY ($10 in chips) 
Makkekoo: posts small blind $0.05
Mahu2021: posts big blind $0.10
*** HOLE CARDS ***
Dealt to Mahu2021 [Ad Qs]
gharashmish: folds 
r1bkata: folds 
EdgarYY: folds 
TeWe66: folds 
Makkekoo: folds 
Uncalled bet ($0.05) returned to Mahu2021
Mahu2021 collected $0.10 from pot
Mahu2021: doesn't show hand 
*** SUMMARY ***
Total pot $0.10 | Rake $0 
Seat 1: TeWe66 (button) folded before Flop (didn't bet)
Seat 2: Makkekoo (small blind) folded before Flop
Seat 3: Mahu2021 (big blind) collected ($0.10)
Seat 4: gharashmish folded before Flop (didn't bet)
Seat 5: r1bkata folded before Flop (didn't bet)
Seat 6: EdgarYY folded before Flop (didn't bet)



PokerStars Zoom Hand #255444569417:  Hold'em No Limit ($0.05/$0.10) - 2025/03/25 13:06:03 CET [2025/03/25 8:06:03 ET]
Table 'Aludra' 6-max Seat #1 is the button
Seat 1: ComplyOrDie8 ($11.39 in chips) 
Seat 2: Inc-Zra ($10 in chips) 
Seat 3: Retulx ($18.65 in chips) 
Seat 4: Romanovski67 ($8.90 in chips) 
Seat 5: EdgarYY ($14.31 in chips) 
Seat 6: Mahu2021 ($9.77 in chips) 
Inc-Zra: posts small blind $0.05
Retulx: posts big blind $0.10
*** HOLE CARDS ***
Dealt to Mahu2021 [5c Jc]
Romanovski67: folds 
EdgarYY: folds 
Mahu2021: folds 
ComplyOrDie8: folds 
Inc-Zra: raises $0.20 to $0.30
Retulx: raises $0.80 to $1.10
Inc-Zra: raises $8.90 to $10 and is all-in
Retulx: folds 
Uncalled bet ($8.90) returned to Inc-Zra
Inc-Zra collected $2.20 from pot
Inc-Zra: doesn't show hand 
*** SUMMARY ***
Total pot $2.20 | Rake $0 
Seat 1: ComplyOrDie8 (button) folded before Flop (didn't bet)
Seat 2: Inc-Zra (small blind) collected ($2.20)
Seat 3: Retulx (big blind) folded before Flop
Seat 4: Romanovski67 folded before Flop (didn't bet)
Seat 5: EdgarYY folded before Flop (didn't bet)
Seat 6: Mahu2021 folded before Flop (didn't bet)



PokerStars Zoom Hand #255444571057:  Hold'em No Limit ($0.05/$0.10) - 2025/03/25 13:06:15 CET [2025/03/25 8:06:15 ET]
Table 'Aludra' 6-max Seat #1 is the button
Seat 1: eNeeo ($9.32 in chips) 
Seat 2: Mahu2021 ($9.82 in chips) 
Seat 3: camoulife ($12.36 in chips) 
Seat 4: afwing16 ($11.17 in chips) 
Seat 5: Shakawka ($19.76 in chips) 
Seat 6: EdgarYY ($10.25 in chips) 
Mahu2021: posts small blind $0.05
camoulife: posts big blind $0.10
*** HOLE CARDS ***
Dealt to Mahu2021 [7h 2s]
afwing16: folds 
Shakawka: raises $0.10 to $0.20
EdgarYY: folds 
eNeeo: folds 
Mahu2021: folds 
camoulife: folds 
Uncalled bet ($0.10) returned to Shakawka
Shakawka collected $0.25 from pot
Shakawka: doesn't show hand 
*** SUMMARY ***
Total pot $0.25 | Rake $0 
Seat 1: eNeeo (button) folded before Flop (didn't bet)
Seat 2: Mahu2021 (small blind) folded before Flop
Seat 3: camoulife (big blind) folded before Flop
Seat 4: afwing16 folded before Flop (didn't bet)
Seat 5: Shakawka collected ($0.25)
Seat 6: EdgarYY folded before Flop (didn't bet)



PokerStars Zoom Hand #255444572701:  Hold'em No Limit ($0.05/$0.10) - 2025/03/25 13:06:28 CET [2025/03/25 8:06:28 ET]
Table 'Aludra' 6-max Seat #1 is the button
Seat 1: gharashmish ($16.75 in chips) 
Seat 2: alex6255 ($11.57 in chips) 
Seat 3: Mahu2021 ($9.77 in chips) 
Seat 4: thekla76 ($32.13 in chips) 
Seat 5: Mùúh 22 ($10.87 in chips) 
Seat 6: Inc-Zra ($10.61 in chips) 
alex6255: posts small blind $0.05
Mahu2021: posts big blind $0.10
*** HOLE CARDS ***
Dealt to Mahu2021 [Ks Ah]
thekla76: raises $0.20 to $0.30
Mùúh 22: folds 
Inc-Zra: folds 
gharashmish: folds 
alex6255: folds 
Mahu2021: raises $0.80 to $1.10
thekla76: calls $0.80
*** FLOP *** [3s Ac 7h]
Mahu2021: bets $2.15
thekla76: raises $28.88 to $31.03 and is all-in
Mahu2021: calls $6.52 and is all-in
Uncalled bet ($22.36) returned to thekla76
*** TURN *** [3s Ac 7h] [Jd]
*** RIVER *** [3s Ac 7h Jd] [2h]
*** SHOW DOWN ***
Mahu2021: shows [Ks Ah] (a pair of Aces)
thekla76: shows [Th As] (a pair of Aces - lower kicker)
Mahu2021 cashed out the hand for $16 | Cash Out Fee $0.33
*** SUMMARY ***
Total pot $19.59 | Rake $0.88 
Board [3s Ac 7h Jd 2h]
Seat 1: gharashmish (button) folded before Flop (didn't bet)
Seat 2: alex6255 (small blind) folded before Flop
Seat 3: Mahu2021 (big blind) showed [Ks Ah] and won ($18.71) with a pair of Aces (pot not awarded as player cashed out)
Seat 4: thekla76 showed [Th As] and lost with a pair of Aces
Seat 5: Mùúh 22 folded before Flop (didn't bet)
Seat 6: Inc-Zra folded before Flop (didn't bet)



PokerStars Zoom Hand #255444576156:  Hold'em No Limit ($0.05/$0.10) - 2025/03/25 13:06:54 CET [2025/03/25 8:06:54 ET]
Table 'Aludra' 6-max Seat #1 is the button
Seat 1: Mahu2021 ($16 in chips) 
Seat 2: thekla76 ($22.36 in chips) 
Seat 3: zizzyzizzy ($6.10 in chips) 
Seat 4: koei1218 ($10.15 in chips) 
Seat 5: psembril1024 ($10 in chips) 
Seat 6: Ghitan0921 ($14.13 in chips) 
thekla76: posts small blind $0.05
zizzyzizzy: posts big blind $0.10
*** HOLE CARDS ***
Dealt to Mahu2021 [Qs 8s]
koei1218: folds 
psembril1024: folds 
Ghitan0921: folds 
Mahu2021: folds 
thekla76: folds 
Uncalled bet ($0.05) returned to zizzyzizzy
zizzyzizzy collected $0.10 from pot
zizzyzizzy: doesn't show hand 
*** SUMMARY ***
Total pot $0.10 | Rake $0 
Seat 1: Mahu2021 (button) folded before Flop (didn't bet)
Seat 2: thekla76 (small blind) folded before Flop
Seat 3: zizzyzizzy (big blind) collected ($0.10)
Seat 4: koei1218 folded before Flop (didn't bet)
Seat 5: psembril1024 folded before Flop (didn't bet)
Seat 6: Ghitan0921 folded before Flop (didn't bet)



