PokerStars Zoom Hand #254939035114:  Hold'em No Limit ($0.05/$0.10) - 2025/02/19 13:05:48 CET [2025/02/19 7:05:48 ET]
Table 'Aludra' 6-max Seat #1 is the button
Seat 1: lolb0t ($23.90 in chips) 
Seat 2: camoulife ($14.80 in chips) 
Seat 3: Mahu2021 ($10 in chips) 
Seat 4: augtoth ($10 in chips) 
Seat 5: Gobi000 ($10 in chips) 
Seat 6: Dagobert96 ($17.10 in chips) 
camoulife: posts small blind $0.05
Mahu2021: posts big blind $0.10
*** HOLE CARDS ***
Dealt to Mahu2021 [Ac 8d]
augtoth: folds 
Gobi000: folds 
Dagobert96: raises $0.20 to $0.30
lolb0t: folds 
camoulife: folds 
Mahu2021: folds 
Uncalled bet ($0.20) returned to Dagobert96
Dagobert96 collected $0.25 from pot
Dagobert96: doesn't show hand 
*** SUMMARY ***
Total pot $0.25 | Rake $0 
Seat 1: lolb0t (button) folded before Flop (didn't bet)
Seat 2: camoulife (small blind) folded before Flop
Seat 3: Mahu2021 (big blind) folded before Flop
Seat 4: augtoth folded before Flop (didn't bet)
Seat 5: Gobi000 folded before Flop (didn't bet)
Seat 6: Dagobert96 collected ($0.25)



PokerStars Zoom Hand #254939036428:  Hold'em No Limit ($0.05/$0.10) - 2025/02/19 13:05:58 CET [2025/02/19 7:05:58 ET]
Table 'Aludra' 6-max Seat #1 is the button
Seat 1: VitorArj ($10 in chips) 
Seat 2: Mahu2021 ($9.90 in chips) 
Seat 3: heennyy ($3.65 in chips) 
Seat 4: Jordanl27 ($14.41 in chips) 
Seat 5: lolb0t ($10 in chips) 
Seat 6: dave gaudy ($29.09 in chips) 
Mahu2021: posts small blind $0.05
heennyy: posts big blind $0.10
*** HOLE CARDS ***
Dealt to Mahu2021 [4h Ad]
Jordanl27: folds 
lolb0t: folds 
dave gaudy: folds 
VitorArj: folds 
Mahu2021: raises $0.20 to $0.30
heennyy: folds 
Uncalled bet ($0.20) returned to Mahu2021
Mahu2021 collected $0.20 from pot
Mahu2021: doesn't show hand 
*** SUMMARY ***
Total pot $0.20 | Rake $0 
Seat 1: VitorArj (button) folded before Flop (didn't bet)
Seat 2: Mahu2021 (small blind) collected ($0.20)
Seat 3: heennyy (big blind) folded before Flop
Seat 4: Jordanl27 folded before Flop (didn't bet)
Seat 5: lolb0t folded before Flop (didn't bet)
Seat 6: dave gaudy folded before Flop (didn't bet)



PokerStars Zoom Hand #254939038669:  Hold'em No Limit ($0.05/$0.10) - 2025/02/19 13:06:15 CET [2025/02/19 7:06:15 ET]
Table 'Aludra' 6-max Seat #1 is the button
Seat 1: Mahu2021 ($10 in chips) 
Seat 2: Tizor1589 ($9.90 in chips) 
Seat 3: camoulife ($14.75 in chips) 
Seat 4: Stwolz ($33.60 in chips) 
Seat 5: ChuruBDO ($7.95 in chips) 
Seat 6: KidMamba ($25.28 in chips) 
Tizor1589: posts small blind $0.05
camoulife: posts big blind $0.10
*** HOLE CARDS ***
Dealt to Mahu2021 [Ks 6c]
Stwolz: folds 
ChuruBDO: raises $0.10 to $0.20
KidMamba: folds 
Mahu2021: folds 
Tizor1589: folds 
camoulife: folds 
Uncalled bet ($0.10) returned to ChuruBDO
ChuruBDO collected $0.25 from pot
ChuruBDO: doesn't show hand 
*** SUMMARY ***
Total pot $0.25 | Rake $0 
Seat 1: Mahu2021 (button) folded before Flop (didn't bet)
Seat 2: Tizor1589 (small blind) folded before Flop
Seat 3: camoulife (big blind) folded before Flop
Seat 4: Stwolz folded before Flop (didn't bet)
Seat 5: ChuruBDO collected ($0.25)
Seat 6: KidMamba folded before Flop (didn't bet)



PokerStars Zoom Hand #254939039194:  Hold'em No Limit ($0.05/$0.10) - 2025/02/19 13:06:19 CET [2025/02/19 7:06:19 ET]
Table 'Aludra' 6-max Seat #1 is the button
Seat 1: KidMamba ($25.28 in chips) 
Seat 2: F2u&F2urFace ($10 in chips) 
Seat 3: lolb0t ($10 in chips) 
Seat 4: teh_erik ($13.73 in chips) 
Seat 5: afwing16 ($24.21 in chips) 
Seat 6: Mahu2021 ($10 in chips) 
F2u&F2urFace: posts small blind $0.05
lolb0t: posts big blind $0.10
*** HOLE CARDS ***
Dealt to Mahu2021 [Ks Jd]
teh_erik: folds 
afwing16: folds 
Mahu2021: raises $0.20 to $0.30
KidMamba: calls $0.30
F2u&F2urFace: raises $1.23 to $1.53
lolb0t: folds 
Mahu2021: folds 
KidMamba: folds 
Uncalled bet ($1.23) returned to F2u&F2urFace
F2u&F2urFace collected $1 from pot
F2u&F2urFace: doesn't show hand 
*** SUMMARY ***
Total pot $1 | Rake $0 
Seat 1: KidMamba (button) folded before Flop
Seat 2: F2u&F2urFace (small blind) collected ($1)
Seat 3: lolb0t (big blind) folded before Flop
Seat 4: teh_erik folded before Flop (didn't bet)
Seat 5: afwing16 folded before Flop (didn't bet)
Seat 6: Mahu2021 folded before Flop



PokerStars Zoom Hand #254939042622:  Hold'em No Limit ($0.05/$0.10) - 2025/02/19 13:06:45 CET [2025/02/19 7:06:45 ET]
Table 'Aludra' 6-max Seat #1 is the button
Seat 1: Blast4Sure ($21.28 in chips) 
Seat 2: Crixis90 ($9.14 in chips) 
Seat 3: lolb0t ($10 in chips) 
Seat 4: Withnai1 ($19.98 in chips) 
Seat 5: Mahu2021 ($9.70 in chips) 
Seat 6: Gobi000 ($12.94 in chips) 
Crixis90: posts small blind $0.05
lolb0t: posts big blind $0.10
*** HOLE CARDS ***
Dealt to Mahu2021 [Tc Qc]
Withnai1: folds 
Mahu2021: raises $0.14 to $0.24
Gobi000: folds 
Blast4Sure: calls $0.24
Crixis90: folds 
lolb0t: folds 
*** FLOP *** [Jh 4s 9c]
Mahu2021: checks 
Blast4Sure: checks 
*** TURN *** [Jh 4s 9c] [Ts]
Mahu2021: checks 
Blast4Sure: checks 
*** RIVER *** [Jh 4s 9c Ts] [Ks]
Mahu2021: bets $0.60
Blast4Sure: folds 
Uncalled bet ($0.60) returned to Mahu2021
Mahu2021 collected $0.60 from pot
Mahu2021: doesn't show hand 
*** SUMMARY ***
Total pot $0.63 | Rake $0.03 
Board [Jh 4s 9c Ts Ks]
Seat 1: Blast4Sure (button) folded on the River
Seat 2: Crixis90 (small blind) folded before Flop
Seat 3: lolb0t (big blind) folded before Flop
Seat 4: Withnai1 folded before Flop (didn't bet)
Seat 5: Mahu2021 collected ($0.60)
Seat 6: Gobi000 folded before Flop (didn't bet)



PokerStars Zoom Hand #254939047905:  Hold'em No Limit ($0.05/$0.10) - 2025/02/19 13:07:27 CET [2025/02/19 7:07:27 ET]
Table 'Aludra' 6-max Seat #1 is the button
Seat 1: ForLeonko13 ($11.23 in chips) 
Seat 2: KidMamba ($25.86 in chips) 
Seat 3: Mahu2021 ($10.06 in chips) 
Seat 4: Gobi000 ($12.79 in chips) 
Seat 5: Roma88K ($6.73 in chips) 
Seat 6: 7stanbul ($11.15 in chips) 
KidMamba: posts small blind $0.05
Mahu2021: posts big blind $0.10
*** HOLE CARDS ***
Dealt to Mahu2021 [4d 9c]
Gobi000: folds 
Roma88K: folds 
7stanbul: folds 
ForLeonko13: raises $0.15 to $0.25
KidMamba: folds 
Mahu2021: folds 
Uncalled bet ($0.15) returned to ForLeonko13
ForLeonko13 collected $0.25 from pot
ForLeonko13: doesn't show hand 
*** SUMMARY ***
Total pot $0.25 | Rake $0 
Seat 1: ForLeonko13 (button) collected ($0.25)
Seat 2: KidMamba (small blind) folded before Flop
Seat 3: Mahu2021 (big blind) folded before Flop
Seat 4: Gobi000 folded before Flop (didn't bet)
Seat 5: Roma88K folded before Flop (didn't bet)
Seat 6: 7stanbul folded before Flop (didn't bet)



PokerStars Zoom Hand #254939046063:  Hold'em No Limit ($0.05/$0.10) - 2025/02/19 13:07:12 CET [2025/02/19 7:07:12 ET]
Table 'Aludra' 6-max Seat #1 is the button
Seat 1: Matzet1ka ($10 in chips) 
Seat 2: augtoth ($11.08 in chips) 
Seat 3: lolb0t ($23.70 in chips) 
Seat 4: Mahu2021 ($10.06 in chips) 
Seat 5: emo114 ($17.76 in chips) 
Seat 6: Haesigster ($8.64 in chips) 
augtoth: posts small blind $0.05
lolb0t: posts big blind $0.10
*** HOLE CARDS ***
Dealt to Mahu2021 [Jc 5d]
Mahu2021: folds 
emo114: folds 
Haesigster has timed out
Haesigster: folds 
Matzet1ka: folds 
augtoth: folds 
Uncalled bet ($0.05) returned to lolb0t
lolb0t collected $0.10 from pot
lolb0t: doesn't show hand 
*** SUMMARY ***
Total pot $0.10 | Rake $0 
Seat 1: Matzet1ka (button) folded before Flop (didn't bet)
Seat 2: augtoth (small blind) folded before Flop
Seat 3: lolb0t (big blind) collected ($0.10)
Seat 4: Mahu2021 folded before Flop (didn't bet)
Seat 5: emo114 folded before Flop (didn't bet)
Seat 6: Haesigster folded before Flop (didn't bet)



PokerStars Zoom Hand #254939046542:  Hold'em No Limit ($0.05/$0.10) - 2025/02/19 13:07:16 CET [2025/02/19 7:07:16 ET]
Table 'Aludra' 6-max Seat #1 is the button
Seat 1: Mahu2021 ($10.06 in chips) 
Seat 2: Dagobert96 ($17.38 in chips) 
Seat 3: teh_erik ($10.45 in chips) 
Seat 4: Rossu28 ($12.57 in chips) 
Seat 5: CFrosty7 ($9.15 in chips) 
Seat 6: afwing16 ($32.49 in chips) 
Dagobert96: posts small blind $0.05
teh_erik: posts big blind $0.10
*** HOLE CARDS ***
Dealt to Mahu2021 [7s Ks]
Rossu28: raises $0.20 to $0.30
CFrosty7: raises $0.85 to $1.15
afwing16: folds 
Mahu2021: folds 
Dagobert96: folds 
teh_erik: folds 
Rossu28: calls $0.85
*** FLOP *** [Qs 3d 8d]
Rossu28: checks 
CFrosty7: bets $1.57
Rossu28: folds 
Uncalled bet ($1.57) returned to CFrosty7
CFrosty7 collected $2.34 from pot
CFrosty7: doesn't show hand 
*** SUMMARY ***
Total pot $2.45 | Rake $0.11 
Board [Qs 3d 8d]
Seat 1: Mahu2021 (button) folded before Flop (didn't bet)
Seat 2: Dagobert96 (small blind) folded before Flop
Seat 3: teh_erik (big blind) folded before Flop
Seat 4: Rossu28 folded on the Flop
Seat 5: CFrosty7 collected ($2.34)
Seat 6: afwing16 folded before Flop (didn't bet)



PokerStars Zoom Hand #254939048877:  Hold'em No Limit ($0.05/$0.10) - 2025/02/19 13:07:34 CET [2025/02/19 7:07:34 ET]
Table 'Aludra' 6-max Seat #1 is the button
Seat 1: 7stanbul ($11.10 in chips) 
Seat 2: VitorArj ($11.08 in chips) 
Seat 3: piknikschet ($10.46 in chips) 
Seat 4: JLajoie ($9.61 in chips) 
Seat 5: Gobi000 ($11.28 in chips) 
Seat 6: Mahu2021 ($9.96 in chips) 
VitorArj: posts small blind $0.05
piknikschet: posts big blind $0.10
*** HOLE CARDS ***
Dealt to Mahu2021 [4h Tc]
JLajoie: folds 
Gobi000: folds 
Mahu2021: folds 
7stanbul: raises $0.15 to $0.25
VitorArj: folds 
piknikschet: folds 
Uncalled bet ($0.15) returned to 7stanbul
7stanbul collected $0.25 from pot
7stanbul: doesn't show hand 
*** SUMMARY ***
Total pot $0.25 | Rake $0 
Seat 1: 7stanbul (button) collected ($0.25)
Seat 2: VitorArj (small blind) folded before Flop
Seat 3: piknikschet (big blind) folded before Flop
Seat 4: JLajoie folded before Flop (didn't bet)
Seat 5: Gobi000 folded before Flop (didn't bet)
Seat 6: Mahu2021 folded before Flop (didn't bet)



PokerStars Zoom Hand #254939049382:  Hold'em No Limit ($0.05/$0.10) - 2025/02/19 13:07:38 CET [2025/02/19 7:07:38 ET]
Table 'Aludra' 6-max Seat #1 is the button
Seat 1: ForLeonko13 ($10 in chips) 
Seat 2: Mahu2021 ($9.96 in chips) 
Seat 3: lolb0t ($10 in chips) 
Seat 4: Roma88K ($10 in chips) 
Seat 5: emo114 ($12.28 in chips) 
Seat 6: afwing16 ($24.06 in chips) 
Mahu2021: posts small blind $0.05
lolb0t: posts big blind $0.10
*** HOLE CARDS ***
Dealt to Mahu2021 [Kc 3s]
Roma88K: folds 
emo114: folds 
afwing16: raises $0.15 to $0.25
ForLeonko13: folds 
Mahu2021: calls $0.20
lolb0t: folds 
*** FLOP *** [Qc 2h Jc]
Mahu2021: checks 
afwing16: bets $0.19
Mahu2021: calls $0.19
*** TURN *** [Qc 2h Jc] [2s]
Mahu2021: checks 
afwing16: bets $1.18
Mahu2021: raises $1.32 to $2.50
afwing16: folds 
Uncalled bet ($1.32) returned to Mahu2021
Mahu2021 collected $3.19 from pot
Mahu2021: doesn't show hand 
*** SUMMARY ***
Total pot $3.34 | Rake $0.15 
Board [Qc 2h Jc 2s]
Seat 1: ForLeonko13 (button) folded before Flop (didn't bet)
Seat 2: Mahu2021 (small blind) collected ($3.19)
Seat 3: lolb0t (big blind) folded before Flop
Seat 4: Roma88K folded before Flop (didn't bet)
Seat 5: emo114 folded before Flop (didn't bet)
Seat 6: afwing16 folded on the Turn



PokerStars Zoom Hand #254939054660:  Hold'em No Limit ($0.05/$0.10) - 2025/02/19 13:08:19 CET [2025/02/19 7:08:19 ET]
Table 'Aludra' 6-max Seat #1 is the button
Seat 1: Tizor1589 ($12.92 in chips) 
Seat 2: lolb0t ($10.05 in chips) 
Seat 3: ArtemSnapkouski ($19.91 in chips) 
Seat 4: hugomadu28 ($13.54 in chips) 
Seat 5: Mahu2021 ($11.53 in chips) 
Seat 6: Gobi000 ($13.29 in chips) 
lolb0t: posts small blind $0.05
ArtemSnapkouski: posts big blind $0.10
*** HOLE CARDS ***
Dealt to Mahu2021 [9s 5s]
hugomadu28: folds 
Mahu2021: folds 
Gobi000: folds 
Tizor1589: raises $0.10 to $0.20
lolb0t: folds 
ArtemSnapkouski: folds 
Uncalled bet ($0.10) returned to Tizor1589
Tizor1589 collected $0.25 from pot
Tizor1589: doesn't show hand 
*** SUMMARY ***
Total pot $0.25 | Rake $0 
Seat 1: Tizor1589 (button) collected ($0.25)
Seat 2: lolb0t (small blind) folded before Flop
Seat 3: ArtemSnapkouski (big blind) folded before Flop
Seat 4: hugomadu28 folded before Flop (didn't bet)
Seat 5: Mahu2021 folded before Flop (didn't bet)
Seat 6: Gobi000 folded before Flop (didn't bet)



PokerStars Zoom Hand #254939057178:  Hold'em No Limit ($0.05/$0.10) - 2025/02/19 13:08:38 CET [2025/02/19 7:08:38 ET]
Table 'Aludra' 6-max Seat #1 is the button
Seat 1: Roma88K ($10.69 in chips) 
Seat 2: Tozsy17 ($10 in chips) 
Seat 3: Mahu2021 ($11.53 in chips) 
Seat 4: lolb0t ($10 in chips) 
Seat 5: emo114 ($12.54 in chips) 
Seat 6: Matzet1ka ($10 in chips) 
Tozsy17: posts small blind $0.05
Mahu2021: posts big blind $0.10
*** HOLE CARDS ***
Dealt to Mahu2021 [9c Qc]
lolb0t: raises $0.20 to $0.30
emo114: folds 
Matzet1ka: folds 
Roma88K: folds 
Tozsy17: folds 
Mahu2021: folds 
Uncalled bet ($0.20) returned to lolb0t
lolb0t collected $0.25 from pot
lolb0t: doesn't show hand 
*** SUMMARY ***
Total pot $0.25 | Rake $0 
Seat 1: Roma88K (button) folded before Flop (didn't bet)
Seat 2: Tozsy17 (small blind) folded before Flop
Seat 3: Mahu2021 (big blind) folded before Flop
Seat 4: lolb0t collected ($0.25)
Seat 5: emo114 folded before Flop (didn't bet)
Seat 6: Matzet1ka folded before Flop (didn't bet)



PokerStars Zoom Hand #254939056501:  Hold'em No Limit ($0.05/$0.10) - 2025/02/19 13:08:33 CET [2025/02/19 7:08:33 ET]
Table 'Aludra' 6-max Seat #1 is the button
Seat 1: Mahu2021 ($11.53 in chips) 
Seat 2: mittl11 ($10 in chips) 
Seat 3: Anbru666 ($11.88 in chips) 
Seat 4: Matzet1ka ($10.92 in chips) 
Seat 5: lolb0t ($23.55 in chips) 
Seat 6: Gobi000 ($12.79 in chips) 
mittl11: posts small blind $0.05
Anbru666: posts big blind $0.10
*** HOLE CARDS ***
Dealt to Mahu2021 [5s Qc]
Matzet1ka: folds 
lolb0t: folds 
Gobi000: folds 
Mahu2021: folds 
mittl11: raises $0.20 to $0.30
Anbru666: folds 
Uncalled bet ($0.20) returned to mittl11
mittl11 collected $0.20 from pot
mittl11: doesn't show hand 
*** SUMMARY ***
Total pot $0.20 | Rake $0 
Seat 1: Mahu2021 (button) folded before Flop (didn't bet)
Seat 2: mittl11 (small blind) collected ($0.20)
Seat 3: Anbru666 (big blind) folded before Flop
Seat 4: Matzet1ka folded before Flop (didn't bet)
Seat 5: lolb0t folded before Flop (didn't bet)
Seat 6: Gobi000 folded before Flop (didn't bet)



PokerStars Zoom Hand #254939058165:  Hold'em No Limit ($0.05/$0.10) - 2025/02/19 13:08:46 CET [2025/02/19 7:08:46 ET]
Table 'Aludra' 6-max Seat #1 is the button
Seat 1: MrCangrejoTh ($10.73 in chips) 
Seat 2: Mahu2021 ($11.43 in chips) 
Seat 3: lolb0t ($23.55 in chips) 
Seat 4: piknikschet ($26.32 in chips) 
Seat 5: Gobi000 ($13.19 in chips) 
Seat 6: Alonso_FN ($10 in chips) 
Mahu2021: posts small blind $0.05
lolb0t: posts big blind $0.10
*** HOLE CARDS ***
Dealt to Mahu2021 [6d Qd]
piknikschet: folds 
Gobi000: folds 
Alonso_FN: folds 
MrCangrejoTh: folds 
Mahu2021: raises $0.20 to $0.30
lolb0t: folds 
Uncalled bet ($0.20) returned to Mahu2021
Mahu2021 collected $0.20 from pot
Mahu2021: doesn't show hand 
*** SUMMARY ***
Total pot $0.20 | Rake $0 
Seat 1: MrCangrejoTh (button) folded before Flop (didn't bet)
Seat 2: Mahu2021 (small blind) collected ($0.20)
Seat 3: lolb0t (big blind) folded before Flop
Seat 4: piknikschet folded before Flop (didn't bet)
Seat 5: Gobi000 folded before Flop (didn't bet)
Seat 6: Alonso_FN folded before Flop (didn't bet)



PokerStars Zoom Hand #254939055441:  Hold'em No Limit ($0.05/$0.10) - 2025/02/19 13:08:25 CET [2025/02/19 7:08:25 ET]
Table 'Aludra' 6-max Seat #1 is the button
Seat 1: lolb0t ($10 in chips) 
Seat 2: VitorArj ($10 in chips) 
Seat 3: Crixis90 ($8.61 in chips) 
Seat 4: Mahu2021 ($11.53 in chips) 
Seat 5: afwing16 ($15.22 in chips) 
Seat 6: Capitão Coin ($6.73 in chips) 
VitorArj: posts small blind $0.05
Crixis90: posts big blind $0.10
*** HOLE CARDS ***
Dealt to Mahu2021 [Th 4c]
Mahu2021: folds 
afwing16: raises $0.15 to $0.25
Capitão Coin: folds 
lolb0t: folds 
VitorArj: folds 
Crixis90: calls $0.15
*** FLOP *** [Jh Qc Kh]
Crixis90: bets $0.20
afwing16: calls $0.20
*** TURN *** [Jh Qc Kh] [Kd]
Crixis90: bets $0.30
afwing16: calls $0.30
*** RIVER *** [Jh Qc Kh Kd] [Qd]
Crixis90: bets $2.30
afwing16: folds 
Uncalled bet ($2.30) returned to Crixis90
Crixis90 collected $1.48 from pot
Crixis90: doesn't show hand 
*** SUMMARY ***
Total pot $1.55 | Rake $0.07 
Board [Jh Qc Kh Kd Qd]
Seat 1: lolb0t (button) folded before Flop (didn't bet)
Seat 2: VitorArj (small blind) folded before Flop
Seat 3: Crixis90 (big blind) collected ($1.48)
Seat 4: Mahu2021 folded before Flop (didn't bet)
Seat 5: afwing16 folded on the River
Seat 6: Capitão Coin folded before Flop (didn't bet)



PokerStars Zoom Hand #254939060105:  Hold'em No Limit ($0.05/$0.10) - 2025/02/19 13:09:01 CET [2025/02/19 7:09:01 ET]
Table 'Aludra' 6-max Seat #1 is the button
Seat 1: emo114 ($12.39 in chips) 
Seat 2: Matzet1ka ($10.97 in chips) 
Seat 3: F2u&F2urFace ($10.47 in chips) 
Seat 4: piknikschet ($34.18 in chips) 
Seat 5: augtoth ($10 in chips) 
Seat 6: Mahu2021 ($11.53 in chips) 
Matzet1ka: posts small blind $0.05
F2u&F2urFace: posts big blind $0.10
*** HOLE CARDS ***
Dealt to Mahu2021 [9c 4s]
piknikschet: raises $0.13 to $0.23
augtoth: folds 
Mahu2021: folds 
emo114: folds 
Matzet1ka: folds 
F2u&F2urFace: folds 
Uncalled bet ($0.13) returned to piknikschet
piknikschet collected $0.25 from pot
piknikschet: doesn't show hand 
*** SUMMARY ***
Total pot $0.25 | Rake $0 
Seat 1: emo114 (button) folded before Flop (didn't bet)
Seat 2: Matzet1ka (small blind) folded before Flop
Seat 3: F2u&F2urFace (big blind) folded before Flop
Seat 4: piknikschet collected ($0.25)
Seat 5: augtoth folded before Flop (didn't bet)
Seat 6: Mahu2021 folded before Flop (didn't bet)



PokerStars Zoom Hand #254939055923:  Hold'em No Limit ($0.05/$0.10) - 2025/02/19 13:08:29 CET [2025/02/19 7:08:29 ET]
Table 'Aludra' 6-max Seat #1 is the button
Seat 1: augtoth ($11.78 in chips) 
Seat 2: teh_erik ($12.82 in chips) 
Seat 3: Jordanl27 ($14.21 in chips) 
Seat 4: Matzet1ka ($10 in chips) 
Seat 5: Mahu2021 ($11.53 in chips) 
Seat 6: lolb0t ($10 in chips) 
teh_erik: posts small blind $0.05
Jordanl27: posts big blind $0.10
*** HOLE CARDS ***
Dealt to Mahu2021 [Kc 2d]
Matzet1ka: raises $0.15 to $0.25
Mahu2021: folds 
lolb0t: folds 
augtoth: folds 
teh_erik: folds 
Jordanl27: calls $0.15
*** FLOP *** [5h Jh Ad]
Jordanl27: checks 
Matzet1ka: bets $0.27
Jordanl27: raises $1.07 to $1.34
Matzet1ka: folds 
Uncalled bet ($1.07) returned to Jordanl27
Jordanl27 collected $1.04 from pot
Jordanl27: doesn't show hand 
*** SUMMARY ***
Total pot $1.09 | Rake $0.05 
Board [5h Jh Ad]
Seat 1: augtoth (button) folded before Flop (didn't bet)
Seat 2: teh_erik (small blind) folded before Flop
Seat 3: Jordanl27 (big blind) collected ($1.04)
Seat 4: Matzet1ka folded on the Flop
Seat 5: Mahu2021 folded before Flop (didn't bet)
Seat 6: lolb0t folded before Flop (didn't bet)



PokerStars Zoom Hand #254939061146:  Hold'em No Limit ($0.05/$0.10) - 2025/02/19 13:09:09 CET [2025/02/19 7:09:09 ET]
Table 'Aludra' 6-max Seat #1 is the button
Seat 1: Matzet1ka ($10.92 in chips) 
Seat 2: ArtemSnapkouski ($19.81 in chips) 
Seat 3: Mahu2021 ($11.53 in chips) 
Seat 4: Blast4Sure ($21.60 in chips) 
Seat 5: Jordanl27 ($66.51 in chips) 
Seat 6: emo114 ($18.04 in chips) 
ArtemSnapkouski: posts small blind $0.05
Mahu2021: posts big blind $0.10
*** HOLE CARDS ***
Dealt to Mahu2021 [Td 7c]
Blast4Sure: folds 
Jordanl27: folds 
emo114: folds 
Matzet1ka: raises $0.15 to $0.25
ArtemSnapkouski: folds 
Mahu2021: folds 
Uncalled bet ($0.15) returned to Matzet1ka
Matzet1ka collected $0.25 from pot
Matzet1ka: doesn't show hand 
*** SUMMARY ***
Total pot $0.25 | Rake $0 
Seat 1: Matzet1ka (button) collected ($0.25)
Seat 2: ArtemSnapkouski (small blind) folded before Flop
Seat 3: Mahu2021 (big blind) folded before Flop
Seat 4: Blast4Sure folded before Flop (didn't bet)
Seat 5: Jordanl27 folded before Flop (didn't bet)
Seat 6: emo114 folded before Flop (didn't bet)



PokerStars Zoom Hand #254939062639:  Hold'em No Limit ($0.05/$0.10) - 2025/02/19 13:09:20 CET [2025/02/19 7:09:20 ET]
Table 'Aludra' 6-max Seat #1 is the button
Seat 1: Tozsy17 ($11.05 in chips) 
Seat 2: lolb0t ($23.92 in chips) 
Seat 3: MrCangrejoTh ($10.68 in chips) 
Seat 4: Mahu2021 ($11.43 in chips) 
Seat 5: Stwolz ($33.59 in chips) 
Seat 6: Tizor1589 ($13.02 in chips) 
lolb0t: posts small blind $0.05
MrCangrejoTh: posts big blind $0.10
*** HOLE CARDS ***
Dealt to Mahu2021 [4s 7d]
Mahu2021: folds 
Stwolz: folds 
Tizor1589: folds 
Tozsy17: raises $0.10 to $0.20
lolb0t: folds 
MrCangrejoTh: folds 
Uncalled bet ($0.10) returned to Tozsy17
Tozsy17 collected $0.25 from pot
Tozsy17: doesn't show hand 
*** SUMMARY ***
Total pot $0.25 | Rake $0 
Seat 1: Tozsy17 (button) collected ($0.25)
Seat 2: lolb0t (small blind) folded before Flop
Seat 3: MrCangrejoTh (big blind) folded before Flop
Seat 4: Mahu2021 folded before Flop (didn't bet)
Seat 5: Stwolz folded before Flop (didn't bet)
Seat 6: Tizor1589 folded before Flop (didn't bet)



PokerStars Zoom Hand #254939063097:  Hold'em No Limit ($0.05/$0.10) - 2025/02/19 13:09:24 CET [2025/02/19 7:09:24 ET]
Table 'Aludra' 6-max Seat #1 is the button
Seat 1: Mahu2021 ($11.43 in chips) 
Seat 2: Shtipalapa ($10.90 in chips) 
Seat 3: ArtemSnapkouski ($19.76 in chips) 
Seat 4: Jordanl27 ($66.46 in chips) 
Seat 5: ji6413 ($18.26 in chips) 
Seat 6: Stwolz ($32.98 in chips) 
Shtipalapa: posts small blind $0.05
ArtemSnapkouski: posts big blind $0.10
*** HOLE CARDS ***
Dealt to Mahu2021 [5s Ah]
Jordanl27: raises $0.12 to $0.22
ji6413: folds 
Stwolz: folds 
Mahu2021: calls $0.22
Shtipalapa: folds 
ArtemSnapkouski: folds 
*** FLOP *** [6c Kc Qh]
Jordanl27: bets $0.42
Mahu2021: folds 
Uncalled bet ($0.42) returned to Jordanl27
Jordanl27 collected $0.56 from pot
Jordanl27: doesn't show hand 
*** SUMMARY ***
Total pot $0.59 | Rake $0.03 
Board [6c Kc Qh]
Seat 1: Mahu2021 (button) folded on the Flop
Seat 2: Shtipalapa (small blind) folded before Flop
Seat 3: ArtemSnapkouski (big blind) folded before Flop
Seat 4: Jordanl27 collected ($0.56)
Seat 5: ji6413 folded before Flop (didn't bet)
Seat 6: Stwolz folded before Flop (didn't bet)



PokerStars Zoom Hand #254939067393:  Hold'em No Limit ($0.05/$0.10) - 2025/02/19 13:09:57 CET [2025/02/19 7:09:57 ET]
Table 'Aludra' 6-max Seat #1 is the button
Seat 1: Capitão Coin ($6.71 in chips) 
Seat 2: teh_erik ($14.18 in chips) 
Seat 3: Shtipalapa ($16.39 in chips) 
Seat 4: Tizor1589 ($12.87 in chips) 
Seat 5: piknikschet ($10.40 in chips) 
Seat 6: Mahu2021 ($11.21 in chips) 
teh_erik: posts small blind $0.05
Shtipalapa: posts big blind $0.10
*** HOLE CARDS ***
Dealt to Mahu2021 [9d 2c]
Tizor1589: folds 
piknikschet: folds 
Mahu2021: folds 
Capitão Coin: raises $0.10 to $0.20
teh_erik: raises $0.70 to $0.90
Shtipalapa: folds 
Capitão Coin: folds 
Uncalled bet ($0.70) returned to teh_erik
teh_erik collected $0.50 from pot
teh_erik: doesn't show hand 
*** SUMMARY ***
Total pot $0.50 | Rake $0 
Seat 1: Capitão Coin (button) folded before Flop
Seat 2: teh_erik (small blind) collected ($0.50)
Seat 3: Shtipalapa (big blind) folded before Flop
Seat 4: Tizor1589 folded before Flop (didn't bet)
Seat 5: piknikschet folded before Flop (didn't bet)
Seat 6: Mahu2021 folded before Flop (didn't bet)



PokerStars Zoom Hand #254939070170:  Hold'em No Limit ($0.05/$0.10) - 2025/02/19 13:10:18 CET [2025/02/19 7:10:18 ET]
Table 'Aludra' 6-max Seat #1 is the button
Seat 1: 7stanbul ($10.56 in chips) 
Seat 2: Rossu28 ($12.73 in chips) 
Seat 3: Mahu2021 ($11.16 in chips) 
Seat 4: mittl11 ($10.10 in chips) 
Seat 5: Shtipalapa ($16.24 in chips) 
Seat 6: VitorArj ($10.51 in chips) 
Rossu28: posts small blind $0.05
Mahu2021: posts big blind $0.10
*** HOLE CARDS ***
Dealt to Mahu2021 [3c Th]
mittl11: folds 
Shtipalapa: folds 
VitorArj: folds 
7stanbul: folds 
Rossu28: folds 
Uncalled bet ($0.05) returned to Mahu2021
Mahu2021 collected $0.10 from pot
Mahu2021: doesn't show hand 
*** SUMMARY ***
Total pot $0.10 | Rake $0 
Seat 1: 7stanbul (button) folded before Flop (didn't bet)
Seat 2: Rossu28 (small blind) folded before Flop
Seat 3: Mahu2021 (big blind) collected ($0.10)
Seat 4: mittl11 folded before Flop (didn't bet)
Seat 5: Shtipalapa folded before Flop (didn't bet)
Seat 6: VitorArj folded before Flop (didn't bet)



PokerStars Zoom Hand #254939069730:  Hold'em No Limit ($0.05/$0.10) - 2025/02/19 13:10:15 CET [2025/02/19 7:10:15 ET]
Table 'Aludra' 6-max Seat #1 is the button
Seat 1: Tizor1589 ($12.87 in chips) 
Seat 2: Matzet1ka ($10.35 in chips) 
Seat 3: Petresa ($9.70 in chips) 
Seat 4: Mahu2021 ($11.16 in chips) 
Seat 5: teh_erik ($12.92 in chips) 
Seat 6: mittl11 ($10.10 in chips) 
Matzet1ka: posts small blind $0.05
Petresa: posts big blind $0.10
*** HOLE CARDS ***
Dealt to Mahu2021 [3d 6c]
Mahu2021: folds 
teh_erik: folds 
mittl11: folds 
Tizor1589: raises $0.20 to $0.30
Matzet1ka: folds 
Petresa: calls $0.20
*** FLOP *** [7d 9h Td]
Petresa: checks 
Tizor1589: bets $0.30
Petresa: calls $0.30
*** TURN *** [7d 9h Td] [2s]
Petresa: bets $0.60
Tizor1589: calls $0.60
*** RIVER *** [7d 9h Td 2s] [8c]
Petresa: checks 
Tizor1589: bets $0.60
Petresa: calls $0.60
*** SHOW DOWN ***
Tizor1589: shows [Jh Js] (a straight, Seven to Jack)
Petresa: mucks hand 
Tizor1589 collected $3.49 from pot
*** SUMMARY ***
Total pot $3.65 | Rake $0.16 
Board [7d 9h Td 2s 8c]
Seat 1: Tizor1589 (button) showed [Jh Js] and won ($3.49) with a straight, Seven to Jack
Seat 2: Matzet1ka (small blind) folded before Flop
Seat 3: Petresa (big blind) mucked [Ac 9s]
Seat 4: Mahu2021 folded before Flop (didn't bet)
Seat 5: teh_erik folded before Flop (didn't bet)
Seat 6: mittl11 folded before Flop (didn't bet)



PokerStars Zoom Hand #254939069161:  Hold'em No Limit ($0.05/$0.10) - 2025/02/19 13:10:10 CET [2025/02/19 7:10:10 ET]
Table 'Aludra' 6-max Seat #1 is the button
Seat 1: Mahu2021 ($11.16 in chips) 
Seat 2: ChuruBDO ($8.65 in chips) 
Seat 3: F2u&F2urFace ($21.66 in chips) 
Seat 4: KidMamba ($24.37 in chips) 
Seat 5: emo114 ($20.08 in chips) 
Seat 6: MrCangrejoTh ($12.94 in chips) 
ChuruBDO: posts small blind $0.05
F2u&F2urFace: posts big blind $0.10
*** HOLE CARDS ***
Dealt to Mahu2021 [2h 4s]
KidMamba: raises $0.11 to $0.21
emo114: folds 
MrCangrejoTh: folds 
Mahu2021: folds 
ChuruBDO: folds 
F2u&F2urFace: calls $0.11
*** FLOP *** [5h 9d 8s]
F2u&F2urFace: checks 
KidMamba: checks 
*** TURN *** [5h 9d 8s] [Ks]
F2u&F2urFace: bets $0.32
KidMamba: folds 
Uncalled bet ($0.32) returned to F2u&F2urFace
F2u&F2urFace collected $0.45 from pot
F2u&F2urFace: doesn't show hand 
*** SUMMARY ***
Total pot $0.47 | Rake $0.02 
Board [5h 9d 8s Ks]
Seat 1: Mahu2021 (button) folded before Flop (didn't bet)
Seat 2: ChuruBDO (small blind) folded before Flop
Seat 3: F2u&F2urFace (big blind) collected ($0.45)
Seat 4: KidMamba folded on the Turn
Seat 5: emo114 folded before Flop (didn't bet)
Seat 6: MrCangrejoTh folded before Flop (didn't bet)



PokerStars Zoom Hand #254939072027:  Hold'em No Limit ($0.05/$0.10) - 2025/02/19 13:10:32 CET [2025/02/19 7:10:32 ET]
Table 'Aludra' 6-max Seat #1 is the button
Seat 1: VitorArj ($10 in chips) 
Seat 2: F2u&F2urFace ($10.07 in chips) 
Seat 3: mittl11 ($10.10 in chips) 
Seat 4: Alonso_FN ($11.97 in chips) 
Seat 5: Stwolz ($32.83 in chips) 
Seat 6: Mahu2021 ($11.16 in chips) 
F2u&F2urFace: posts small blind $0.05
mittl11: posts big blind $0.10
*** HOLE CARDS ***
Dealt to Mahu2021 [4c 9d]
Alonso_FN: folds 
Stwolz: raises $0.10 to $0.20
Mahu2021: folds 
VitorArj: folds 
F2u&F2urFace: folds 
mittl11: folds 
Uncalled bet ($0.10) returned to Stwolz
Stwolz collected $0.25 from pot
Stwolz: doesn't show hand 
*** SUMMARY ***
Total pot $0.25 | Rake $0 
Seat 1: VitorArj (button) folded before Flop (didn't bet)
Seat 2: F2u&F2urFace (small blind) folded before Flop
Seat 3: mittl11 (big blind) folded before Flop
Seat 4: Alonso_FN folded before Flop (didn't bet)
Seat 5: Stwolz collected ($0.25)
Seat 6: Mahu2021 folded before Flop (didn't bet)



PokerStars Zoom Hand #254939071510:  Hold'em No Limit ($0.05/$0.10) - 2025/02/19 13:10:28 CET [2025/02/19 7:10:28 ET]
Table 'Aludra' 6-max Seat #1 is the button
Seat 1: augtoth ($10.10 in chips) 
Seat 2: Mahu2021 ($11.21 in chips) 
Seat 3: acebob999 ($10 in chips) 
Seat 4: teh_erik ($10 in chips) 
Seat 5: Alonso_FN ($11.97 in chips) 
Seat 6: Shtipalapa ($10.65 in chips) 
Mahu2021: posts small blind $0.05
acebob999: posts big blind $0.10
*** HOLE CARDS ***
Dealt to Mahu2021 [7h 9s]
teh_erik: folds 
Alonso_FN: folds 
Shtipalapa: raises $0.12 to $0.22
augtoth: raises $0.48 to $0.70
Mahu2021: folds 
acebob999: folds 
Shtipalapa: folds 
Uncalled bet ($0.48) returned to augtoth
augtoth collected $0.59 from pot
augtoth: doesn't show hand 
*** SUMMARY ***
Total pot $0.59 | Rake $0 
Seat 1: augtoth (button) collected ($0.59)
Seat 2: Mahu2021 (small blind) folded before Flop
Seat 3: acebob999 (big blind) folded before Flop
Seat 4: teh_erik folded before Flop (didn't bet)
Seat 5: Alonso_FN folded before Flop (didn't bet)
Seat 6: Shtipalapa folded before Flop



PokerStars Zoom Hand #254939073350:  Hold'em No Limit ($0.05/$0.10) - 2025/02/19 13:10:42 CET [2025/02/19 7:10:42 ET]
Table 'Aludra' 6-max Seat #1 is the button
Seat 1: Blast4Sure ($21.10 in chips) 
Seat 2: teh_erik ($14.68 in chips) 
Seat 3: Gobi000 ($15.18 in chips) 
Seat 4: Mahu2021 ($11.16 in chips) 
Seat 5: afwing16 ($22.27 in chips) 
Seat 6: VitorArj ($10 in chips) 
teh_erik: posts small blind $0.05
Gobi000: posts big blind $0.10
*** HOLE CARDS ***
Dealt to Mahu2021 [Qs Ad]
Mahu2021: raises $0.14 to $0.24
afwing16: folds 
VitorArj: folds 
Blast4Sure: folds 
teh_erik: folds 
Gobi000: folds 
Uncalled bet ($0.14) returned to Mahu2021
Mahu2021 collected $0.25 from pot
Mahu2021: doesn't show hand 
*** SUMMARY ***
Total pot $0.25 | Rake $0 
Seat 1: Blast4Sure (button) folded before Flop (didn't bet)
Seat 2: teh_erik (small blind) folded before Flop
Seat 3: Gobi000 (big blind) folded before Flop
Seat 4: Mahu2021 collected ($0.25)
Seat 5: afwing16 folded before Flop (didn't bet)
Seat 6: VitorArj folded before Flop (didn't bet)



PokerStars Zoom Hand #254939067911:  Hold'em No Limit ($0.05/$0.10) - 2025/02/19 13:10:01 CET [2025/02/19 7:10:01 ET]
Table 'Aludra' 6-max Seat #1 is the button
Seat 1: mittl11 ($10.25 in chips) 
Seat 2: VitorArj ($10 in chips) 
Seat 3: ForLeonko13 ($10 in chips) 
Seat 4: lolb0t ($23.40 in chips) 
Seat 5: Mahu2021 ($11.21 in chips) 
Seat 6: ji6413 ($10.69 in chips) 
VitorArj: posts small blind $0.05
ForLeonko13: posts big blind $0.10
*** HOLE CARDS ***
Dealt to Mahu2021 [2c 7c]
lolb0t: folds 
Mahu2021: folds 
ji6413: raises $0.15 to $0.25
mittl11: folds 
VitorArj: folds 
ForLeonko13: calls $0.15
*** FLOP *** [Js Ad 2h]
ForLeonko13: checks 
ji6413: bets $0.20
ForLeonko13: calls $0.20
*** TURN *** [Js Ad 2h] [Ks]
ForLeonko13: checks 
ji6413: checks 
*** RIVER *** [Js Ad 2h Ks] [7s]
ForLeonko13: bets $0.39
ji6413: folds 
Uncalled bet ($0.39) returned to ForLeonko13
ForLeonko13 collected $0.91 from pot
ForLeonko13: doesn't show hand 
*** SUMMARY ***
Total pot $0.95 | Rake $0.04 
Board [Js Ad 2h Ks 7s]
Seat 1: mittl11 (button) folded before Flop (didn't bet)
Seat 2: VitorArj (small blind) folded before Flop
Seat 3: ForLeonko13 (big blind) collected ($0.91)
Seat 4: lolb0t folded before Flop (didn't bet)
Seat 5: Mahu2021 folded before Flop (didn't bet)
Seat 6: ji6413 folded on the River



PokerStars Zoom Hand #254939068509:  Hold'em No Limit ($0.05/$0.10) - 2025/02/19 13:10:05 CET [2025/02/19 7:10:05 ET]
Table 'Aludra' 6-max Seat #1 is the button
Seat 1: Matzet1ka ($10.21 in chips) 
Seat 2: Mahu2021 ($11.21 in chips) 
Seat 3: mittl11 ($10.25 in chips) 
Seat 4: VitorArj ($10 in chips) 
Seat 5: booty100 ($7.57 in chips) 
Seat 6: CFrosty7 ($15.03 in chips) 
Mahu2021: posts small blind $0.05
mittl11: posts big blind $0.10
*** HOLE CARDS ***
Dealt to Mahu2021 [6c 7d]
VitorArj: raises $0.15 to $0.25
booty100: raises $0.25 to $0.50
CFrosty7: folds 
Matzet1ka: folds 
Mahu2021: folds 
mittl11: folds 
VitorArj: calls $0.25
*** FLOP *** [4s 5h Qc]
VitorArj: checks 
booty100: bets $0.50
VitorArj: calls $0.50
*** TURN *** [4s 5h Qc] [3d]
VitorArj: checks 
booty100: checks 
*** RIVER *** [4s 5h Qc 3d] [Kc]
VitorArj: bets $1.74
booty100: folds 
Uncalled bet ($1.74) returned to VitorArj
VitorArj collected $2.05 from pot
VitorArj: doesn't show hand 
*** SUMMARY ***
Total pot $2.15 | Rake $0.10 
Board [4s 5h Qc 3d Kc]
Seat 1: Matzet1ka (button) folded before Flop (didn't bet)
Seat 2: Mahu2021 (small blind) folded before Flop
Seat 3: mittl11 (big blind) folded before Flop
Seat 4: VitorArj collected ($2.05)
Seat 5: booty100 folded on the River
Seat 6: CFrosty7 folded before Flop (didn't bet)



PokerStars Zoom Hand #254939075086:  Hold'em No Limit ($0.05/$0.10) - 2025/02/19 13:10:55 CET [2025/02/19 7:10:55 ET]
Table 'Aludra' 6-max Seat #1 is the button
Seat 1: Mahu2021 ($11.31 in chips) 
Seat 2: Footraiser ($10 in chips) 
Seat 3: VitorArj ($10 in chips) 
Seat 4: afwing16 ($22.27 in chips) 
Seat 5: fistiki7 ($8.38 in chips) 
Seat 6: teh_erik ($12.77 in chips) 
Footraiser: posts small blind $0.05
VitorArj: posts big blind $0.10
*** HOLE CARDS ***
Dealt to Mahu2021 [Qc Ts]
afwing16: folds 
fistiki7: folds 
teh_erik: folds 
Mahu2021: raises $0.20 to $0.30
Footraiser: folds 
VitorArj: calls $0.20
*** FLOP *** [9c 7s 9h]
VitorArj: checks 
Mahu2021: bets $0.30
VitorArj: raises $0.70 to $1
Mahu2021: folds 
Uncalled bet ($0.70) returned to VitorArj
VitorArj collected $1.19 from pot
VitorArj: doesn't show hand 
*** SUMMARY ***
Total pot $1.25 | Rake $0.06 
Board [9c 7s 9h]
Seat 1: Mahu2021 (button) folded on the Flop
Seat 2: Footraiser (small blind) folded before Flop
Seat 3: VitorArj (big blind) collected ($1.19)
Seat 4: afwing16 folded before Flop (didn't bet)
Seat 5: fistiki7 folded before Flop (didn't bet)
Seat 6: teh_erik folded before Flop (didn't bet)



PokerStars Zoom Hand #254939072828:  Hold'em No Limit ($0.05/$0.10) - 2025/02/19 13:10:38 CET [2025/02/19 7:10:38 ET]
Table 'Aludra' 6-max Seat #1 is the button
Seat 1: dave gaudy ($29.62 in chips) 
Seat 2: Alonso_FN ($11.91 in chips) 
Seat 3: ChuruBDO ($8.93 in chips) 
Seat 4: Tozsy17 ($11.63 in chips) 
Seat 5: Mahu2021 ($11.16 in chips) 
Seat 6: Footraiser ($10 in chips) 
Alonso_FN: posts small blind $0.05
ChuruBDO: posts big blind $0.10
*** HOLE CARDS ***
Dealt to Mahu2021 [5s Kc]
Tozsy17: folds 
Mahu2021: folds 
Footraiser: raises $0.15 to $0.25
dave gaudy: calls $0.25
Alonso_FN: folds 
ChuruBDO: raises $1 to $1.25
Footraiser: folds 
dave gaudy: calls $1
*** FLOP *** [6d 6s 5d]
ChuruBDO: bets $0.88
dave gaudy: raises $4.43 to $5.31
ChuruBDO: folds 
Uncalled bet ($4.43) returned to dave gaudy
dave gaudy collected $4.35 from pot
dave gaudy: doesn't show hand 
*** SUMMARY ***
Total pot $4.56 | Rake $0.21 
Board [6d 6s 5d]
Seat 1: dave gaudy (button) collected ($4.35)
Seat 2: Alonso_FN (small blind) folded before Flop
Seat 3: ChuruBDO (big blind) folded on the Flop
Seat 4: Tozsy17 folded before Flop (didn't bet)
Seat 5: Mahu2021 folded before Flop (didn't bet)
Seat 6: Footraiser folded before Flop



PokerStars Zoom Hand #254939080096:  Hold'em No Limit ($0.05/$0.10) - 2025/02/19 13:11:33 CET [2025/02/19 7:11:33 ET]
Table 'Aludra' 6-max Seat #1 is the button
Seat 1: MrCangrejoTh ($13.44 in chips) 
Seat 2: alexisabos3 ($10.90 in chips) 
Seat 3: Mahu2021 ($10.71 in chips) 
Seat 4: teh_erik ($10 in chips) 
Seat 5: CardinalJazz ($16.96 in chips) 
Seat 6: Dagobert96 ($15.99 in chips) 
alexisabos3: posts small blind $0.05
Mahu2021: posts big blind $0.10
*** HOLE CARDS ***
Dealt to Mahu2021 [2h 5h]
teh_erik: folds 
CardinalJazz: folds 
Dagobert96: folds 
MrCangrejoTh: folds 
alexisabos3: raises $0.20 to $0.30
Mahu2021: calls $0.20
*** FLOP *** [8d 9c Th]
alexisabos3: bets $0.43
Mahu2021: folds 
Uncalled bet ($0.43) returned to alexisabos3
alexisabos3 collected $0.57 from pot
alexisabos3: doesn't show hand 
*** SUMMARY ***
Total pot $0.60 | Rake $0.03 
Board [8d 9c Th]
Seat 1: MrCangrejoTh (button) folded before Flop (didn't bet)
Seat 2: alexisabos3 (small blind) collected ($0.57)
Seat 3: Mahu2021 (big blind) folded on the Flop
Seat 4: teh_erik folded before Flop (didn't bet)
Seat 5: CardinalJazz folded before Flop (didn't bet)
Seat 6: Dagobert96 folded before Flop (didn't bet)



PokerStars Zoom Hand #254939083661:  Hold'em No Limit ($0.05/$0.10) - 2025/02/19 13:12:01 CET [2025/02/19 7:12:01 ET]
Table 'Aludra' 6-max Seat #1 is the button
Seat 1: ji6413 ($19.50 in chips) 
Seat 2: afwing16 ($21.72 in chips) 
Seat 3: Tozsy17 ($10.97 in chips) 
Seat 4: Shtipalapa ($17.08 in chips) 
Seat 5: emo114 ($20.45 in chips) 
Seat 6: Mahu2021 ($10.36 in chips) 
afwing16: posts small blind $0.05
Tozsy17: posts big blind $0.10
*** HOLE CARDS ***
Dealt to Mahu2021 [Kh Ad]
Shtipalapa: folds 
emo114: folds 
Mahu2021: raises $0.14 to $0.24
ji6413: folds 
afwing16: folds 
Tozsy17: folds 
Uncalled bet ($0.14) returned to Mahu2021
Mahu2021 collected $0.25 from pot
Mahu2021: doesn't show hand 
*** SUMMARY ***
Total pot $0.25 | Rake $0 
Seat 1: ji6413 (button) folded before Flop (didn't bet)
Seat 2: afwing16 (small blind) folded before Flop
Seat 3: Tozsy17 (big blind) folded before Flop
Seat 4: Shtipalapa folded before Flop (didn't bet)
Seat 5: emo114 folded before Flop (didn't bet)
Seat 6: Mahu2021 collected ($0.25)



PokerStars Zoom Hand #254939082697:  Hold'em No Limit ($0.05/$0.10) - 2025/02/19 13:11:54 CET [2025/02/19 7:11:54 ET]
Table 'Aludra' 6-max Seat #1 is the button
Seat 1: teh_erik ($12.67 in chips) 
Seat 2: Shtipalapa ($10.98 in chips) 
Seat 3: thechad7 ($51.94 in chips) 
Seat 4: caffeinepoker ($26.35 in chips) 
Seat 5: Mahu2021 ($10.41 in chips) 
Seat 6: acebob999 ($9.16 in chips) 
Shtipalapa: posts small blind $0.05
thechad7: posts big blind $0.10
*** HOLE CARDS ***
Dealt to Mahu2021 [2s 8s]
caffeinepoker: folds 
Mahu2021: folds 
acebob999: folds 
teh_erik: folds 
Shtipalapa: raises $0.20 to $0.30
thechad7: raises $0.60 to $0.90
Shtipalapa: folds 
Uncalled bet ($0.60) returned to thechad7
thechad7 collected $0.60 from pot
thechad7: doesn't show hand 
*** SUMMARY ***
Total pot $0.60 | Rake $0 
Seat 1: teh_erik (button) folded before Flop (didn't bet)
Seat 2: Shtipalapa (small blind) folded before Flop
Seat 3: thechad7 (big blind) collected ($0.60)
Seat 4: caffeinepoker folded before Flop (didn't bet)
Seat 5: Mahu2021 folded before Flop (didn't bet)
Seat 6: acebob999 folded before Flop (didn't bet)



PokerStars Zoom Hand #254939086373:  Hold'em No Limit ($0.05/$0.10) - 2025/02/19 13:12:22 CET [2025/02/19 7:12:22 ET]
Table 'Aludra' 6-max Seat #1 is the button
Seat 1: emo114 ($10.90 in chips) 
Seat 2: ForLeonko13 ($12.25 in chips) 
Seat 3: afwing16 ($15.04 in chips) 
Seat 4: Mahu2021 ($10.51 in chips) 
Seat 5: augtoth ($10 in chips) 
Seat 6: VitorArj ($11.66 in chips) 
ForLeonko13: posts small blind $0.05
afwing16: posts big blind $0.10
*** HOLE CARDS ***
Dealt to Mahu2021 [6d Js]
Mahu2021: folds 
augtoth: folds 
VitorArj: raises $0.15 to $0.25
emo114: folds 
ForLeonko13: folds 
afwing16: folds 
Uncalled bet ($0.15) returned to VitorArj
VitorArj collected $0.25 from pot
VitorArj: doesn't show hand 
*** SUMMARY ***
Total pot $0.25 | Rake $0 
Seat 1: emo114 (button) folded before Flop (didn't bet)
Seat 2: ForLeonko13 (small blind) folded before Flop
Seat 3: afwing16 (big blind) folded before Flop
Seat 4: Mahu2021 folded before Flop (didn't bet)
Seat 5: augtoth folded before Flop (didn't bet)
Seat 6: VitorArj collected ($0.25)



PokerStars Zoom Hand #254939086881:  Hold'em No Limit ($0.05/$0.10) - 2025/02/19 13:12:26 CET [2025/02/19 7:12:26 ET]
Table 'Aludra' 6-max Seat #1 is the button
Seat 1: teh_erik ($10 in chips) 
Seat 2: ArtemSnapkouski ($22.33 in chips) 
Seat 3: Mahu2021 ($10.51 in chips) 
Seat 4: ji6413 ($19.40 in chips) 
Seat 5: Petresa ($8.55 in chips) 
Seat 6: afwing16 ($33.19 in chips) 
ArtemSnapkouski: posts small blind $0.05
Mahu2021: posts big blind $0.10
*** HOLE CARDS ***
Dealt to Mahu2021 [4d 7h]
ji6413: folds 
Petresa: folds 
afwing16: folds 
teh_erik: folds 
ArtemSnapkouski: raises $0.20 to $0.30
Mahu2021: folds 
Uncalled bet ($0.20) returned to ArtemSnapkouski
ArtemSnapkouski collected $0.20 from pot
ArtemSnapkouski: doesn't show hand 
*** SUMMARY ***
Total pot $0.20 | Rake $0 
Seat 1: teh_erik (button) folded before Flop (didn't bet)
Seat 2: ArtemSnapkouski (small blind) collected ($0.20)
Seat 3: Mahu2021 (big blind) folded before Flop
Seat 4: ji6413 folded before Flop (didn't bet)
Seat 5: Petresa folded before Flop (didn't bet)
Seat 6: afwing16 folded before Flop (didn't bet)



PokerStars Zoom Hand #254939083222:  Hold'em No Limit ($0.05/$0.10) - 2025/02/19 13:11:57 CET [2025/02/19 7:11:57 ET]
Table 'Aludra' 6-max Seat #1 is the button
Seat 1: dshark77 ($10.12 in chips) 
Seat 2: Mahu2021 ($10.41 in chips) 
Seat 3: Gobi000 ($10 in chips) 
Seat 4: ForLeonko13 ($10 in chips) 
Seat 5: acebob999 ($9.16 in chips) 
Seat 6: piknikschet ($34.97 in chips) 
Mahu2021: posts small blind $0.05
Gobi000: posts big blind $0.10
*** HOLE CARDS ***
Dealt to Mahu2021 [6c 2h]
ForLeonko13: folds 
acebob999: folds 
piknikschet: raises $0.13 to $0.23
dshark77: calls $0.23
Mahu2021: folds 
Gobi000: folds 
*** FLOP *** [3c 4c 8s]
piknikschet: checks 
dshark77: bets $0.38
piknikschet: raises $0.87 to $1.25
dshark77: folds 
Uncalled bet ($0.87) returned to piknikschet
piknikschet collected $1.31 from pot
piknikschet: doesn't show hand 
*** SUMMARY ***
Total pot $1.37 | Rake $0.06 
Board [3c 4c 8s]
Seat 1: dshark77 (button) folded on the Flop
Seat 2: Mahu2021 (small blind) folded before Flop
Seat 3: Gobi000 (big blind) folded before Flop
Seat 4: ForLeonko13 folded before Flop (didn't bet)
Seat 5: acebob999 folded before Flop (didn't bet)
Seat 6: piknikschet collected ($1.31)



PokerStars Zoom Hand #254939088456:  Hold'em No Limit ($0.05/$0.10) - 2025/02/19 13:12:38 CET [2025/02/19 7:12:38 ET]
Table 'Aludra' 6-max Seat #1 is the button
Seat 1: Mahu2021 ($10.41 in chips) 
Seat 2: KrysuSkerdikas ($10.05 in chips) 
Seat 3: VitorArj ($11.81 in chips) 
Seat 4: ForLeonko13 ($10.66 in chips) 
Seat 5: KidMamba ($23.30 in chips) 
Seat 6: JLajoie ($10.38 in chips) 
KrysuSkerdikas: posts small blind $0.05
VitorArj: posts big blind $0.10
*** HOLE CARDS ***
Dealt to Mahu2021 [8s Qc]
ForLeonko13: folds 
KidMamba: folds 
JLajoie: raises $0.20 to $0.30
Mahu2021: folds 
KrysuSkerdikas: folds 
VitorArj: folds 
Uncalled bet ($0.20) returned to JLajoie
JLajoie collected $0.25 from pot
JLajoie: doesn't show hand 
*** SUMMARY ***
Total pot $0.25 | Rake $0 
Seat 1: Mahu2021 (button) folded before Flop (didn't bet)
Seat 2: KrysuSkerdikas (small blind) folded before Flop
Seat 3: VitorArj (big blind) folded before Flop
Seat 4: ForLeonko13 folded before Flop (didn't bet)
Seat 5: KidMamba folded before Flop (didn't bet)
Seat 6: JLajoie collected ($0.25)



PokerStars Zoom Hand #254939089098:  Hold'em No Limit ($0.05/$0.10) - 2025/02/19 13:12:42 CET [2025/02/19 7:12:42 ET]
Table 'Aludra' 6-max Seat #1 is the button
Seat 1: ji6413 ($19.40 in chips) 
Seat 2: Rossu28 ($12.58 in chips) 
Seat 3: blysk ($10.15 in chips) 
Seat 4: Dosi420 ($8.81 in chips) 
Seat 5: thechad7 ($52.14 in chips) 
Seat 6: Mahu2021 ($10.41 in chips) 
Rossu28: posts small blind $0.05
blysk: posts big blind $0.10
*** HOLE CARDS ***
Dealt to Mahu2021 [Kc Ah]
Dosi420: folds 
thechad7: folds 
Mahu2021: raises $0.14 to $0.24
ji6413: folds 
Rossu28: calls $0.19
blysk: folds 
*** FLOP *** [Qh 4h 8c]
Rossu28: checks 
Mahu2021: checks 
*** TURN *** [Qh 4h 8c] [Ad]
Rossu28: checks 
Mahu2021: checks 
*** RIVER *** [Qh 4h 8c Ad] [Qd]
Rossu28: checks 
Mahu2021: bets $0.55
Rossu28: folds 
Uncalled bet ($0.55) returned to Mahu2021
Mahu2021 collected $0.55 from pot
Mahu2021: doesn't show hand 
*** SUMMARY ***
Total pot $0.58 | Rake $0.03 
Board [Qh 4h 8c Ad Qd]
Seat 1: ji6413 (button) folded before Flop (didn't bet)
Seat 2: Rossu28 (small blind) folded on the River
Seat 3: blysk (big blind) folded before Flop
Seat 4: Dosi420 folded before Flop (didn't bet)
Seat 5: thechad7 folded before Flop (didn't bet)
Seat 6: Mahu2021 collected ($0.55)



PokerStars Zoom Hand #254939093359:  Hold'em No Limit ($0.05/$0.10) - 2025/02/19 13:13:16 CET [2025/02/19 7:13:16 ET]
Table 'Aludra' 6-max Seat #1 is the button
Seat 1: afwing16 ($33.04 in chips) 
Seat 2: Mahu2021 ($10.72 in chips) 
Seat 3: caffeinepoker ($26.70 in chips) 
Seat 4: thechad7 ($40.82 in chips) 
Seat 5: emo114 ($20.20 in chips) 
Seat 6: Anbru666 ($19.57 in chips) 
Mahu2021: posts small blind $0.05
caffeinepoker: posts big blind $0.10
*** HOLE CARDS ***
Dealt to Mahu2021 [8c Qd]
thechad7: folds 
emo114: folds 
Anbru666: folds 
afwing16: folds 
Mahu2021: folds 
Uncalled bet ($0.05) returned to caffeinepoker
caffeinepoker collected $0.10 from pot
caffeinepoker: doesn't show hand 
*** SUMMARY ***
Total pot $0.10 | Rake $0 
Seat 1: afwing16 (button) folded before Flop (didn't bet)
Seat 2: Mahu2021 (small blind) folded before Flop
Seat 3: caffeinepoker (big blind) collected ($0.10)
Seat 4: thechad7 folded before Flop (didn't bet)
Seat 5: emo114 folded before Flop (didn't bet)
Seat 6: Anbru666 folded before Flop (didn't bet)



PokerStars Zoom Hand #254939093883:  Hold'em No Limit ($0.05/$0.10) - 2025/02/19 13:13:20 CET [2025/02/19 7:13:20 ET]
Table 'Aludra' 6-max Seat #1 is the button
Seat 1: Footraiser ($10 in chips) 
Seat 2: KidMamba ($23.30 in chips) 
Seat 3: thechad7 ($40.82 in chips) 
Seat 4: 7stanbul ($11.78 in chips) 
Seat 5: Mahu2021 ($10.67 in chips) 
Seat 6: Rossu28 ($12.34 in chips) 
KidMamba: posts small blind $0.05
thechad7: posts big blind $0.10
*** HOLE CARDS ***
Dealt to Mahu2021 [Jc Qh]
7stanbul: folds 
Mahu2021: raises $0.14 to $0.24
Rossu28: folds 
Footraiser: folds 
KidMamba: folds 
thechad7: folds 
Uncalled bet ($0.14) returned to Mahu2021
Mahu2021 collected $0.25 from pot
Mahu2021: doesn't show hand 
*** SUMMARY ***
Total pot $0.25 | Rake $0 
Seat 1: Footraiser (button) folded before Flop (didn't bet)
Seat 2: KidMamba (small blind) folded before Flop
Seat 3: thechad7 (big blind) folded before Flop
Seat 4: 7stanbul folded before Flop (didn't bet)
Seat 5: Mahu2021 collected ($0.25)
Seat 6: Rossu28 folded before Flop (didn't bet)



PokerStars Zoom Hand #254939095276:  Hold'em No Limit ($0.05/$0.10) - 2025/02/19 13:13:31 CET [2025/02/19 7:13:31 ET]
Table 'Aludra' 6-max Seat #1 is the button
Seat 1: Tozsy17 ($10.51 in chips) 
Seat 2: superb747 ($11.14 in chips) 
Seat 3: Mahu2021 ($10.82 in chips) 
Seat 4: Shtipalapa ($17.33 in chips) 
Seat 5: Capitão Coin ($8.11 in chips) 
Seat 6: Matzet1ka ($12.48 in chips) 
superb747: posts small blind $0.05
Mahu2021: posts big blind $0.10
*** HOLE CARDS ***
Dealt to Mahu2021 [8d Td]
Shtipalapa: folds 
Capitão Coin: raises $0.10 to $0.20
Matzet1ka: folds 
Tozsy17: folds 
superb747: folds 
Mahu2021: calls $0.10
*** FLOP *** [Kd 6c Qd]
Mahu2021: checks 
Capitão Coin: checks 
*** TURN *** [Kd 6c Qd] [4c]
Mahu2021: checks 
Capitão Coin: bets $0.30
Mahu2021: calls $0.30
*** RIVER *** [Kd 6c Qd 4c] [9d]
Mahu2021: bets $1
Capitão Coin: folds 
Uncalled bet ($1) returned to Mahu2021
Mahu2021 collected $1 from pot
Mahu2021: doesn't show hand 
*** SUMMARY ***
Total pot $1.05 | Rake $0.05 
Board [Kd 6c Qd 4c 9d]
Seat 1: Tozsy17 (button) folded before Flop (didn't bet)
Seat 2: superb747 (small blind) folded before Flop
Seat 3: Mahu2021 (big blind) collected ($1)
Seat 4: Shtipalapa folded before Flop (didn't bet)
Seat 5: Capitão Coin folded on the River
Seat 6: Matzet1ka folded before Flop (didn't bet)



PokerStars Zoom Hand #254939098711:  Hold'em No Limit ($0.05/$0.10) - 2025/02/19 13:13:57 CET [2025/02/19 7:13:57 ET]
Table 'Aludra' 6-max Seat #1 is the button
Seat 1: Matzet1ka ($11.02 in chips) 
Seat 2: caffeinepoker ($26.60 in chips) 
Seat 3: piknikschet ($14.19 in chips) 
Seat 4: Mahu2021 ($11.32 in chips) 
Seat 5: augtoth ($10 in chips) 
Seat 6: premier0124 ($6.36 in chips) 
caffeinepoker: posts small blind $0.05
piknikschet: posts big blind $0.10
*** HOLE CARDS ***
Dealt to Mahu2021 [Kc 3h]
Mahu2021: folds 
augtoth: folds 
premier0124: folds 
Matzet1ka: folds 
caffeinepoker: folds 
Uncalled bet ($0.05) returned to piknikschet
piknikschet collected $0.10 from pot
piknikschet: doesn't show hand 
*** SUMMARY ***
Total pot $0.10 | Rake $0 
Seat 1: Matzet1ka (button) folded before Flop (didn't bet)
Seat 2: caffeinepoker (small blind) folded before Flop
Seat 3: piknikschet (big blind) collected ($0.10)
Seat 4: Mahu2021 folded before Flop (didn't bet)
Seat 5: augtoth folded before Flop (didn't bet)
Seat 6: premier0124 folded before Flop (didn't bet)



PokerStars Zoom Hand #254939100424:  Hold'em No Limit ($0.05/$0.10) - 2025/02/19 13:14:10 CET [2025/02/19 7:14:10 ET]
Table 'Aludra' 6-max Seat #1 is the button
Seat 1: johnyb1972 ($14.34 in chips) 
Seat 2: Mahu2021 ($11.32 in chips) 
Seat 3: Matzet1ka ($10.55 in chips) 
Seat 4: emo114 ($10.65 in chips) 
Seat 5: VitorArj ($11.46 in chips) 
Seat 6: booty100 ($4.28 in chips) 
Mahu2021: posts small blind $0.05
Matzet1ka: posts big blind $0.10
*** HOLE CARDS ***
Dealt to Mahu2021 [7c Qd]
emo114: folds 
VitorArj: folds 
booty100: raises $0.10 to $0.20
johnyb1972: calls $0.20
Mahu2021: folds 
Matzet1ka: calls $0.10
*** FLOP *** [5c Ts 3s]
Matzet1ka: checks 
booty100: bets $1
johnyb1972: folds 
Matzet1ka: raises $5.24 to $6.24
booty100: calls $3.08 and is all-in
Uncalled bet ($2.16) returned to Matzet1ka
*** TURN *** [5c Ts 3s] [5h]
*** RIVER *** [5c Ts 3s 5h] [8c]
*** SHOW DOWN ***
Matzet1ka: shows [9s 5s] (three of a kind, Fives)
booty100: shows [As Kc] (a pair of Fives)
Matzet1ka collected $8.41 from pot
*** SUMMARY ***
Total pot $8.81 | Rake $0.40 
Board [5c Ts 3s 5h 8c]
Seat 1: johnyb1972 (button) folded on the Flop
Seat 2: Mahu2021 (small blind) folded before Flop
Seat 3: Matzet1ka (big blind) showed [9s 5s] and won ($8.41) with three of a kind, Fives
Seat 4: emo114 folded before Flop (didn't bet)
Seat 5: VitorArj folded before Flop (didn't bet)
Seat 6: booty100 showed [As Kc] and lost with a pair of Fives



PokerStars Zoom Hand #254939101698:  Hold'em No Limit ($0.05/$0.10) - 2025/02/19 13:14:20 CET [2025/02/19 7:14:20 ET]
Table 'Aludra' 6-max Seat #1 is the button
Seat 1: Footraiser ($10 in chips) 
Seat 2: dshark77 ($10.46 in chips) 
Seat 3: aimaisan ($12.21 in chips) 
Seat 4: Petresa ($8.80 in chips) 
Seat 5: superb747 ($10.94 in chips) 
Seat 6: Mahu2021 ($11.27 in chips) 
dshark77: posts small blind $0.05
aimaisan: posts big blind $0.10
*** HOLE CARDS ***
Dealt to Mahu2021 [Tc Jc]
Petresa: folds 
superb747: raises $0.20 to $0.30
Mahu2021: calls $0.30
Footraiser: folds 
dshark77: folds 
aimaisan: folds 
*** FLOP *** [Js Kd Kc]
superb747: bets $0.30
Mahu2021: calls $0.30
*** TURN *** [Js Kd Kc] [9c]
superb747: checks 
Mahu2021: checks 
*** RIVER *** [Js Kd Kc 9c] [Jd]
superb747: checks 
Mahu2021: bets $1.29
superb747: folds 
Uncalled bet ($1.29) returned to Mahu2021
Mahu2021 collected $1.29 from pot
Mahu2021: doesn't show hand 
*** SUMMARY ***
Total pot $1.35 | Rake $0.06 
Board [Js Kd Kc 9c Jd]
Seat 1: Footraiser (button) folded before Flop (didn't bet)
Seat 2: dshark77 (small blind) folded before Flop
Seat 3: aimaisan (big blind) folded before Flop
Seat 4: Petresa folded before Flop (didn't bet)
Seat 5: superb747 folded on the River
Seat 6: Mahu2021 collected ($1.29)



PokerStars Zoom Hand #254939099909:  Hold'em No Limit ($0.05/$0.10) - 2025/02/19 13:14:06 CET [2025/02/19 7:14:06 ET]
Table 'Aludra' 6-max Seat #1 is the button
Seat 1: MrCangrejoTh ($10.30 in chips) 
Seat 2: Capitão Coin ($7.61 in chips) 
Seat 3: Bur1k ($5.25 in chips) 
Seat 4: Mahu2021 ($11.32 in chips) 
Seat 5: Tozsy17 ($10 in chips) 
Seat 6: Jordanl27 ($66.70 in chips) 
Capitão Coin: posts small blind $0.05
Bur1k: posts big blind $0.10
*** HOLE CARDS ***
Dealt to Mahu2021 [4c 6d]
Mahu2021: folds 
Tozsy17: folds 
Jordanl27: folds 
MrCangrejoTh: folds 
Capitão Coin: raises $0.10 to $0.20
Bur1k: calls $0.10
*** FLOP *** [8d Jh 7d]
Capitão Coin: bets $0.27
Bur1k: calls $0.27
*** TURN *** [8d Jh 7d] [Th]
Capitão Coin: bets $0.90
Bur1k: folds 
Uncalled bet ($0.90) returned to Capitão Coin
Capitão Coin collected $0.90 from pot
Capitão Coin: doesn't show hand 
*** SUMMARY ***
Total pot $0.94 | Rake $0.04 
Board [8d Jh 7d Th]
Seat 1: MrCangrejoTh (button) folded before Flop (didn't bet)
Seat 2: Capitão Coin (small blind) collected ($0.90)
Seat 3: Bur1k (big blind) folded on the Turn
Seat 4: Mahu2021 folded before Flop (didn't bet)
Seat 5: Tozsy17 folded before Flop (didn't bet)
Seat 6: Jordanl27 folded before Flop (didn't bet)



PokerStars Zoom Hand #254939099366:  Hold'em No Limit ($0.05/$0.10) - 2025/02/19 13:14:02 CET [2025/02/19 7:14:02 ET]
Table 'Aludra' 6-max Seat #1 is the button
Seat 1: BorghWizard ($17.24 in chips) 
Seat 2: Gobi000 ($14.18 in chips) 
Seat 3: caffeinepoker ($26.55 in chips) 
Seat 4: Jordanl27 ($66.70 in chips) 
Seat 5: emo114 ($10.65 in chips) 
Seat 6: Mahu2021 ($11.32 in chips) 
Gobi000: posts small blind $0.05
caffeinepoker: posts big blind $0.10
*** HOLE CARDS ***
Dealt to Mahu2021 [Qc 8h]
Jordanl27: folds 
emo114: folds 
Mahu2021: folds 
BorghWizard: calls $0.10
Gobi000: raises $0.40 to $0.50
caffeinepoker: folds 
BorghWizard: calls $0.40
*** FLOP *** [5c Jd 3h]
Gobi000: bets $0.53
BorghWizard: calls $0.53
*** TURN *** [5c Jd 3h] [3s]
Gobi000: checks 
BorghWizard: bets $1.03
Gobi000: folds 
Uncalled bet ($1.03) returned to BorghWizard
BorghWizard collected $2.06 from pot
BorghWizard: doesn't show hand 
*** SUMMARY ***
Total pot $2.16 | Rake $0.10 
Board [5c Jd 3h 3s]
Seat 1: BorghWizard (button) collected ($2.06)
Seat 2: Gobi000 (small blind) folded on the Turn
Seat 3: caffeinepoker (big blind) folded before Flop
Seat 4: Jordanl27 folded before Flop (didn't bet)
Seat 5: emo114 folded before Flop (didn't bet)
Seat 6: Mahu2021 folded before Flop (didn't bet)



PokerStars Zoom Hand #254939101050:  Hold'em No Limit ($0.05/$0.10) - 2025/02/19 13:14:15 CET [2025/02/19 7:14:15 ET]
Table 'Aludra' 6-max Seat #1 is the button
Seat 1: Mahu2021 ($11.27 in chips) 
Seat 2: Tozsy17 ($10 in chips) 
Seat 3: augtoth ($10 in chips) 
Seat 4: afwing16 ($34.19 in chips) 
Seat 5: daniela5070 ($11.66 in chips) 
Seat 6: Dosi420 ($10.36 in chips) 
Tozsy17: posts small blind $0.05
augtoth: posts big blind $0.10
*** HOLE CARDS ***
Dealt to Mahu2021 [5h Kd]
afwing16: folds 
daniela5070: raises $0.15 to $0.25
Dosi420: folds 
Mahu2021: folds 
Tozsy17: calls $0.20
augtoth: calls $0.15
*** FLOP *** [7d 9h Ts]
Tozsy17: checks 
augtoth: checks 
daniela5070: bets $0.35
Tozsy17: folds 
augtoth: calls $0.35
*** TURN *** [7d 9h Ts] [7c]
augtoth: checks 
daniela5070: checks 
*** RIVER *** [7d 9h Ts 7c] [Tc]
augtoth: bets $1.99
daniela5070: folds 
Uncalled bet ($1.99) returned to augtoth
augtoth collected $1.38 from pot
augtoth: doesn't show hand 
*** SUMMARY ***
Total pot $1.45 | Rake $0.07 
Board [7d 9h Ts 7c Tc]
Seat 1: Mahu2021 (button) folded before Flop (didn't bet)
Seat 2: Tozsy17 (small blind) folded on the Flop
Seat 3: augtoth (big blind) collected ($1.38)
Seat 4: afwing16 folded before Flop (didn't bet)
Seat 5: daniela5070 folded on the River
Seat 6: Dosi420 folded before Flop (didn't bet)



PokerStars Zoom Hand #254939106966:  Hold'em No Limit ($0.05/$0.10) - 2025/02/19 13:15:00 CET [2025/02/19 7:15:00 ET]
Table 'Aludra' 6-max Seat #1 is the button
Seat 1: Mahu2021 ($11.86 in chips) 
Seat 2: premier0124 ($6.51 in chips) 
Seat 3: alexisabos3 ($11.10 in chips) 
Seat 4: acebob999 ($10.15 in chips) 
Seat 5: emo114 ($10.65 in chips) 
Seat 6: Gattini37 ($10.38 in chips) 
premier0124: posts small blind $0.05
alexisabos3: posts big blind $0.10
*** HOLE CARDS ***
Dealt to Mahu2021 [Jc 3h]
acebob999: raises $0.10 to $0.20
emo114: raises $0.55 to $0.75
Gattini37: folds 
Mahu2021: folds 
premier0124: folds 
alexisabos3: folds 
acebob999: calls $0.55
*** FLOP *** [2s 5d 6h]
acebob999: checks 
emo114: checks 
*** TURN *** [2s 5d 6h] [5c]
acebob999: checks 
emo114: checks 
*** RIVER *** [2s 5d 6h 5c] [Jd]
acebob999: bets $1.58
emo114: folds 
Uncalled bet ($1.58) returned to acebob999
acebob999 collected $1.58 from pot
acebob999: doesn't show hand 
*** SUMMARY ***
Total pot $1.65 | Rake $0.07 
Board [2s 5d 6h 5c Jd]
Seat 1: Mahu2021 (button) folded before Flop (didn't bet)
Seat 2: premier0124 (small blind) folded before Flop
Seat 3: alexisabos3 (big blind) folded before Flop
Seat 4: acebob999 collected ($1.58)
Seat 5: emo114 folded on the River
Seat 6: Gattini37 folded before Flop (didn't bet)



PokerStars Zoom Hand #254939109104:  Hold'em No Limit ($0.05/$0.10) - 2025/02/19 13:15:16 CET [2025/02/19 7:15:16 ET]
Table 'Aludra' 6-max Seat #1 is the button
Seat 1: teh_erik ($11.59 in chips) 
Seat 2: F2u&F2urFace ($10.10 in chips) 
Seat 3: VitorArj ($10.15 in chips) 
Seat 4: thechad7 ($41.97 in chips) 
Seat 5: ji6413 ($19.51 in chips) 
Seat 6: Mahu2021 ($11.81 in chips) 
F2u&F2urFace: posts small blind $0.05
VitorArj: posts big blind $0.10
*** HOLE CARDS ***
Dealt to Mahu2021 [8c Qd]
thechad7: folds 
ji6413: folds 
Mahu2021: folds 
teh_erik: folds 
F2u&F2urFace: folds 
Uncalled bet ($0.05) returned to VitorArj
VitorArj collected $0.10 from pot
VitorArj: doesn't show hand 
*** SUMMARY ***
Total pot $0.10 | Rake $0 
Seat 1: teh_erik (button) folded before Flop (didn't bet)
Seat 2: F2u&F2urFace (small blind) folded before Flop
Seat 3: VitorArj (big blind) collected ($0.10)
Seat 4: thechad7 folded before Flop (didn't bet)
Seat 5: ji6413 folded before Flop (didn't bet)
Seat 6: Mahu2021 folded before Flop (didn't bet)



PokerStars Zoom Hand #254939109636:  Hold'em No Limit ($0.05/$0.10) - 2025/02/19 13:15:20 CET [2025/02/19 7:15:20 ET]
Table 'Aludra' 6-max Seat #1 is the button
Seat 1: aimaisan ($12.06 in chips) 
Seat 2: Roma88K ($10.19 in chips) 
Seat 3: F2u&F2urFace ($10.05 in chips) 
Seat 4: teh_erik ($11.59 in chips) 
Seat 5: Mahu2021 ($11.81 in chips) 
Seat 6: ji6413 ($19.51 in chips) 
Roma88K: posts small blind $0.05
F2u&F2urFace: posts big blind $0.10
*** HOLE CARDS ***
Dealt to Mahu2021 [Ts 3s]
teh_erik: raises $0.12 to $0.22
Mahu2021: folds 
ji6413: folds 
aimaisan: folds 
Roma88K: folds 
F2u&F2urFace: folds 
Uncalled bet ($0.12) returned to teh_erik
teh_erik collected $0.25 from pot
teh_erik: doesn't show hand 
*** SUMMARY ***
Total pot $0.25 | Rake $0 
Seat 1: aimaisan (button) folded before Flop (didn't bet)
Seat 2: Roma88K (small blind) folded before Flop
Seat 3: F2u&F2urFace (big blind) folded before Flop
Seat 4: teh_erik collected ($0.25)
Seat 5: Mahu2021 folded before Flop (didn't bet)
Seat 6: ji6413 folded before Flop (didn't bet)



PokerStars Zoom Hand #254939110631:  Hold'em No Limit ($0.05/$0.10) - 2025/02/19 13:15:28 CET [2025/02/19 7:15:28 ET]
Table 'Aludra' 6-max Seat #1 is the button
Seat 1: Belphegor228 ($9.85 in chips) 
Seat 2: ArtemSnapkouski ($13.32 in chips) 
Seat 3: Mahu2021 ($11.76 in chips) 
Seat 4: Matzet1ka ($12.18 in chips) 
Seat 5: VitorArj ($10 in chips) 
Seat 6: caffeinepoker ($25.55 in chips) 
ArtemSnapkouski: posts small blind $0.05
Mahu2021: posts big blind $0.10
*** HOLE CARDS ***
Dealt to Mahu2021 [Td 5s]
Matzet1ka: raises $0.15 to $0.25
VitorArj: folds 
caffeinepoker: folds 
Belphegor228: folds 
ArtemSnapkouski: folds 
Mahu2021: folds 
Uncalled bet ($0.15) returned to Matzet1ka
Matzet1ka collected $0.25 from pot
Matzet1ka: doesn't show hand 
*** SUMMARY ***
Total pot $0.25 | Rake $0 
Seat 1: Belphegor228 (button) folded before Flop (didn't bet)
Seat 2: ArtemSnapkouski (small blind) folded before Flop
Seat 3: Mahu2021 (big blind) folded before Flop
Seat 4: Matzet1ka collected ($0.25)
Seat 5: VitorArj folded before Flop (didn't bet)
Seat 6: caffeinepoker folded before Flop (didn't bet)



PokerStars Zoom Hand #254939108617:  Hold'em No Limit ($0.05/$0.10) - 2025/02/19 13:15:12 CET [2025/02/19 7:15:12 ET]
Table 'Aludra' 6-max Seat #1 is the button
Seat 1: ji6413 ($19.51 in chips) 
Seat 2: Mahu2021 ($11.86 in chips) 
Seat 3: dave gaudy ($33.05 in chips) 
Seat 4: Stwolz ($36.09 in chips) 
Seat 5: Shtipalapa ($10.71 in chips) 
Seat 6: Dagobert96 ($16.95 in chips) 
Mahu2021: posts small blind $0.05
dave gaudy: posts big blind $0.10
*** HOLE CARDS ***
Dealt to Mahu2021 [Td 5c]
Stwolz: folds 
Shtipalapa: raises $0.12 to $0.22
Dagobert96: calls $0.22
ji6413: folds 
Mahu2021: folds 
dave gaudy: calls $0.12
*** FLOP *** [Ad 2d 8c]
dave gaudy: checks 
Shtipalapa: checks 
Dagobert96: bets $0.73
dave gaudy: folds 
Shtipalapa: calls $0.73
*** TURN *** [Ad 2d 8c] [3s]
Shtipalapa: checks 
Dagobert96: bets $1
Shtipalapa: calls $1
*** RIVER *** [Ad 2d 8c 3s] [4c]
Shtipalapa: checks 
Dagobert96: checks 
*** SHOW DOWN ***
Shtipalapa: shows [Kc Kd] (a pair of Kings)
Dagobert96: shows [Ac 8h] (two pair, Aces and Eights)
Dagobert96 collected $3.93 from pot
*** SUMMARY ***
Total pot $4.17 | Rake $0.24 
Board [Ad 2d 8c 3s 4c]
Seat 1: ji6413 (button) folded before Flop (didn't bet)
Seat 2: Mahu2021 (small blind) folded before Flop
Seat 3: dave gaudy (big blind) folded on the Flop
Seat 4: Stwolz folded before Flop (didn't bet)
Seat 5: Shtipalapa showed [Kc Kd] and lost with a pair of Kings
Seat 6: Dagobert96 showed [Ac 8h] and won ($3.93) with two pair, Aces and Eights



PokerStars Zoom Hand #254939110129:  Hold'em No Limit ($0.05/$0.10) - 2025/02/19 13:15:24 CET [2025/02/19 7:15:24 ET]
Table 'Aludra' 6-max Seat #1 is the button
Seat 1: Roma88K ($10.14 in chips) 
Seat 2: Mahu2021 ($11.81 in chips) 
Seat 3: ji6413 ($19.51 in chips) 
Seat 4: Footraiser ($10 in chips) 
Seat 5: acebob999 ($10.98 in chips) 
Seat 6: thechad7 ($52.08 in chips) 
Mahu2021: posts small blind $0.05
ji6413: posts big blind $0.10
*** HOLE CARDS ***
Dealt to Mahu2021 [Jh 3c]
Footraiser: raises $0.15 to $0.25
acebob999: calls $0.25
thechad7: folds 
Roma88K: folds 
Mahu2021: folds 
ji6413: folds 
*** FLOP *** [Js Qc 6c]
Footraiser: bets $0.22
acebob999: calls $0.22
*** TURN *** [Js Qc 6c] [9c]
Footraiser: bets $0.36
acebob999: calls $0.36
*** RIVER *** [Js Qc 6c 9c] [5c]
Footraiser: checks 
acebob999: checks 
*** SHOW DOWN ***
Footraiser: shows [Qh Qd] (three of a kind, Queens)
acebob999: mucks hand 
Footraiser collected $1.73 from pot
*** SUMMARY ***
Total pot $1.81 | Rake $0.08 
Board [Js Qc 6c 9c 5c]
Seat 1: Roma88K (button) folded before Flop (didn't bet)
Seat 2: Mahu2021 (small blind) folded before Flop
Seat 3: ji6413 (big blind) folded before Flop
Seat 4: Footraiser showed [Qh Qd] and won ($1.73) with three of a kind, Queens
Seat 5: acebob999 mucked [9s 8s]
Seat 6: thechad7 folded before Flop (didn't bet)



PokerStars Zoom Hand #254939106040:  Hold'em No Limit ($0.05/$0.10) - 2025/02/19 13:14:53 CET [2025/02/19 7:14:53 ET]
Table 'Aludra' 6-max Seat #1 is the button
Seat 1: camilo13186 ($3.19 in chips) 
Seat 2: Haesigster ($8.58 in chips) 
Seat 3: Mahu2021 ($11.96 in chips) 
Seat 4: CardinalJazz ($16.88 in chips) 
Seat 5: schrank555 ($18.07 in chips) 
Seat 6: piknikschet ($14.04 in chips) 
Haesigster: posts small blind $0.05
Mahu2021: posts big blind $0.10
*** HOLE CARDS ***
Dealt to Mahu2021 [Jc 3h]
CardinalJazz: folds 
schrank555: raises $0.10 to $0.20
piknikschet: raises $0.60 to $0.80
camilo13186: folds 
Haesigster has timed out
Haesigster: folds 
Mahu2021: folds 
schrank555: calls $0.60
*** FLOP *** [2c 9h 3d]
schrank555: bets $1
piknikschet: raises $1.84 to $2.84
schrank555: calls $1.84
*** TURN *** [2c 9h 3d] [Ad]
schrank555: checks 
piknikschet: checks 
*** RIVER *** [2c 9h 3d Ad] [6s]
schrank555: bets $4
piknikschet: folds 
Uncalled bet ($4) returned to schrank555
schrank555 collected $7.02 from pot
schrank555: doesn't show hand 
*** SUMMARY ***
Total pot $7.43 | Rake $0.41 
Board [2c 9h 3d Ad 6s]
Seat 1: camilo13186 (button) folded before Flop (didn't bet)
Seat 2: Haesigster (small blind) folded before Flop
Seat 3: Mahu2021 (big blind) folded before Flop
Seat 4: CardinalJazz folded before Flop (didn't bet)
Seat 5: schrank555 collected ($7.02)
Seat 6: piknikschet folded on the River



PokerStars Zoom Hand #254939114316:  Hold'em No Limit ($0.05/$0.10) - 2025/02/19 13:15:57 CET [2025/02/19 7:15:57 ET]
Table 'Aludra' 6-max Seat #1 is the button
Seat 1: Dimon_55_77 ($11.19 in chips) 
Seat 2: Anbru666 ($17.80 in chips) 
Seat 3: Rossu28 ($10.69 in chips) 
Seat 4: AgreeableWorm ($9.71 in chips) 
Seat 5: Mahu2021 ($11.56 in chips) 
Seat 6: dave gaudy ($32.78 in chips) 
Anbru666: posts small blind $0.05
Rossu28: posts big blind $0.10
*** HOLE CARDS ***
Dealt to Mahu2021 [9d Th]
AgreeableWorm: folds 
Mahu2021: folds 
dave gaudy: folds 
Dimon_55_77: folds 
Anbru666: folds 
Uncalled bet ($0.05) returned to Rossu28
Rossu28 collected $0.10 from pot
Rossu28: doesn't show hand 
*** SUMMARY ***
Total pot $0.10 | Rake $0 
Seat 1: Dimon_55_77 (button) folded before Flop (didn't bet)
Seat 2: Anbru666 (small blind) folded before Flop
Seat 3: Rossu28 (big blind) collected ($0.10)
Seat 4: AgreeableWorm folded before Flop (didn't bet)
Seat 5: Mahu2021 folded before Flop (didn't bet)
Seat 6: dave gaudy folded before Flop (didn't bet)



PokerStars Zoom Hand #254939111452:  Hold'em No Limit ($0.05/$0.10) - 2025/02/19 13:15:35 CET [2025/02/19 7:15:35 ET]
Table 'Aludra' 6-max Seat #1 is the button
Seat 1: Mahu2021 ($11.66 in chips) 
Seat 2: KrysuSkerdikas ($12.96 in chips) 
Seat 3: blysk ($10 in chips) 
Seat 4: premier0124 ($7.18 in chips) 
Seat 5: 00O-2Z ($17.81 in chips) 
Seat 6: Belphegor228 ($9.85 in chips) 
KrysuSkerdikas: posts small blind $0.05
blysk: posts big blind $0.10
*** HOLE CARDS ***
Dealt to Mahu2021 [Kd 7s]
premier0124: folds 
00O-2Z: folds 
Belphegor228: folds 
Mahu2021: folds 
KrysuSkerdikas: raises $0.10 to $0.20
blysk: calls $0.10
*** FLOP *** [Ac 5d 5s]
KrysuSkerdikas: checks 
blysk: checks 
*** TURN *** [Ac 5d 5s] [9d]
KrysuSkerdikas: checks 
blysk: bets $0.13
KrysuSkerdikas: calls $0.13
*** RIVER *** [Ac 5d 5s 9d] [Ks]
KrysuSkerdikas: checks 
blysk: bets $0.32
KrysuSkerdikas: folds 
Uncalled bet ($0.32) returned to blysk
blysk collected $0.63 from pot
blysk: doesn't show hand 
*** SUMMARY ***
Total pot $0.66 | Rake $0.03 
Board [Ac 5d 5s 9d Ks]
Seat 1: Mahu2021 (button) folded before Flop (didn't bet)
Seat 2: KrysuSkerdikas (small blind) folded on the River
Seat 3: blysk (big blind) collected ($0.63)
Seat 4: premier0124 folded before Flop (didn't bet)
Seat 5: 00O-2Z folded before Flop (didn't bet)
Seat 6: Belphegor228 folded before Flop (didn't bet)



PokerStars Zoom Hand #254939111813:  Hold'em No Limit ($0.05/$0.10) - 2025/02/19 13:15:37 CET [2025/02/19 7:15:37 ET]
Table 'Aludra' 6-max Seat #1 is the button
Seat 1: dshark77 ($10.16 in chips) 
Seat 2: 00O-2Z ($17.81 in chips) 
Seat 3: Flash-301-Pro ($5.80 in chips) 
Seat 4: Mahu2021 ($11.66 in chips) 
Seat 5: emo114 ($10 in chips) 
Seat 6: JLajoie ($10.82 in chips) 
00O-2Z: posts small blind $0.05
Flash-301-Pro: posts big blind $0.10
*** HOLE CARDS ***
Dealt to Mahu2021 [Ac 8c]
Mahu2021: calls $0.10
emo114: folds 
JLajoie: calls $0.10
dshark77: folds 
00O-2Z: folds 
Flash-301-Pro: checks 
*** FLOP *** [Td 8s 9s]
Flash-301-Pro: bets $0.17
Mahu2021: folds 
JLajoie: calls $0.17
*** TURN *** [Td 8s 9s] [5s]
Flash-301-Pro: bets $0.33
JLajoie: calls $0.33
*** RIVER *** [Td 8s 9s 5s] [4d]
Flash-301-Pro: checks 
JLajoie: bets $0.65
Flash-301-Pro: calls $0.65
*** SHOW DOWN ***
JLajoie: shows [Kh As] (high card Ace)
Flash-301-Pro: shows [Th 7c] (a pair of Tens)
Flash-301-Pro collected $2.53 from pot
*** SUMMARY ***
Total pot $2.65 | Rake $0.12 
Board [Td 8s 9s 5s 4d]
Seat 1: dshark77 (button) folded before Flop (didn't bet)
Seat 2: 00O-2Z (small blind) folded before Flop
Seat 3: Flash-301-Pro (big blind) showed [Th 7c] and won ($2.53) with a pair of Tens
Seat 4: Mahu2021 folded on the Flop
Seat 5: emo114 folded before Flop (didn't bet)
Seat 6: JLajoie showed [Kh As] and lost with high card Ace



PokerStars Zoom Hand #254939107716:  Hold'em No Limit ($0.05/$0.10) - 2025/02/19 13:15:05 CET [2025/02/19 7:15:05 ET]
Table 'Aludra' 6-max Seat #1 is the button
Seat 1: tafarel8 ($10 in chips) 
Seat 2: KrysuSkerdikas ($13.01 in chips) 
Seat 3: KidMamba ($23.30 in chips) 
Seat 4: Bur1k ($5 in chips) 
Seat 5: Mahu2021 ($11.86 in chips) 
Seat 6: 7stanbul ($10.98 in chips) 
KrysuSkerdikas: posts small blind $0.05
KidMamba: posts big blind $0.10
*** HOLE CARDS ***
Dealt to Mahu2021 [8d 8c]
Bur1k: raises $0.20 to $0.30
Mahu2021: folds 
7stanbul: calls $0.30
tafarel8: folds 
KrysuSkerdikas: folds 
KidMamba: calls $0.20
*** FLOP *** [5d 6s 2h]
KidMamba: checks 
Bur1k: bets $0.51
7stanbul: raises $0.51 to $1.02
KidMamba: folds 
Bur1k: calls $0.51
*** TURN *** [5d 6s 2h] [Tc]
Bur1k: checks 
7stanbul: checks 
*** RIVER *** [5d 6s 2h Tc] [3h]
Bur1k: bets $2.20
7stanbul: calls $2.20
*** SHOW DOWN ***
Bur1k: shows [3c 3d] (three of a kind, Threes)
7stanbul: mucks hand 
Bur1k collected $7.06 from pot
*** SUMMARY ***
Total pot $7.39 | Rake $0.33 
Board [5d 6s 2h Tc 3h]
Seat 1: tafarel8 (button) folded before Flop (didn't bet)
Seat 2: KrysuSkerdikas (small blind) folded before Flop
Seat 3: KidMamba (big blind) folded on the Flop
Seat 4: Bur1k showed [3c 3d] and won ($7.06) with three of a kind, Threes
Seat 5: Mahu2021 folded before Flop (didn't bet)
Seat 6: 7stanbul mucked [Kc Ad]



PokerStars Zoom Hand #254939119132:  Hold'em No Limit ($0.05/$0.10) - 2025/02/19 13:16:33 CET [2025/02/19 7:16:33 ET]
Table 'Aludra' 6-max Seat #1 is the button
Seat 1: 7stanbul ($10 in chips) 
Seat 2: piknikschet ($10.45 in chips) 
Seat 3: Mahu2021 ($11.34 in chips) 
Seat 4: KidMamba ($23 in chips) 
Seat 5: ji6413 ($18.91 in chips) 
Seat 6: emo114 ($10 in chips) 
piknikschet: posts small blind $0.05
Mahu2021: posts big blind $0.10
*** HOLE CARDS ***
Dealt to Mahu2021 [3c 6s]
KidMamba: raises $0.11 to $0.21
ji6413: folds 
emo114: folds 
7stanbul: folds 
piknikschet: folds 
Mahu2021: folds 
Uncalled bet ($0.11) returned to KidMamba
KidMamba collected $0.25 from pot
KidMamba: doesn't show hand 
*** SUMMARY ***
Total pot $0.25 | Rake $0 
Seat 1: 7stanbul (button) folded before Flop (didn't bet)
Seat 2: piknikschet (small blind) folded before Flop
Seat 3: Mahu2021 (big blind) folded before Flop
Seat 4: KidMamba collected ($0.25)
Seat 5: ji6413 folded before Flop (didn't bet)
Seat 6: emo114 folded before Flop (didn't bet)



PokerStars Zoom Hand #254939115107:  Hold'em No Limit ($0.05/$0.10) - 2025/02/19 13:16:02 CET [2025/02/19 7:16:02 ET]
Table 'Aludra' 6-max Seat #1 is the button
Seat 1: Stwolz ($35.94 in chips) 
Seat 2: Shtipalapa ($17.63 in chips) 
Seat 3: CardinalJazz ($16.43 in chips) 
Seat 4: Lim 2589 ($35.33 in chips) 
Seat 5: teh_erik ($10 in chips) 
Seat 6: Mahu2021 ($11.56 in chips) 
Shtipalapa: posts small blind $0.05
CardinalJazz: posts big blind $0.10
*** HOLE CARDS ***
Dealt to Mahu2021 [Qh Td]
Lim 2589: folds 
teh_erik: raises $0.12 to $0.22
Mahu2021: calls $0.22
Stwolz: folds 
Shtipalapa: folds 
CardinalJazz: calls $0.12
*** FLOP *** [3c Ad 5c]
CardinalJazz: checks 
teh_erik: checks 
Mahu2021: checks 
*** TURN *** [3c Ad 5c] [7s]
CardinalJazz: checks 
teh_erik: checks 
Mahu2021: checks 
*** RIVER *** [3c Ad 5c 7s] [7c]
CardinalJazz: bets $0.34
teh_erik: folds 
Mahu2021: folds 
Uncalled bet ($0.34) returned to CardinalJazz
CardinalJazz collected $0.68 from pot
CardinalJazz: doesn't show hand 
*** SUMMARY ***
Total pot $0.71 | Rake $0.03 
Board [3c Ad 5c 7s 7c]
Seat 1: Stwolz (button) folded before Flop (didn't bet)
Seat 2: Shtipalapa (small blind) folded before Flop
Seat 3: CardinalJazz (big blind) collected ($0.68)
Seat 4: Lim 2589 folded before Flop (didn't bet)
Seat 5: teh_erik folded on the River
Seat 6: Mahu2021 folded on the River



PokerStars Zoom Hand #254939120633:  Hold'em No Limit ($0.05/$0.10) - 2025/02/19 13:16:44 CET [2025/02/19 7:16:44 ET]
Table 'Aludra' 6-max Seat #1 is the button
Seat 1: Mahu2021 ($11.24 in chips) 
Seat 2: Haesigster ($8.28 in chips) 
Seat 3: piknikschet ($10.40 in chips) 
Seat 4: KrysuSkerdikas ($11.72 in chips) 
Seat 5: Tozsy17 ($10.32 in chips) 
Seat 6: Dosi420 ($11.21 in chips) 
Haesigster: posts small blind $0.05
piknikschet: posts big blind $0.10
*** HOLE CARDS ***
Dealt to Mahu2021 [Tc Ks]
KrysuSkerdikas: folds 
Tozsy17: folds 
Dosi420: folds 
Mahu2021: raises $0.20 to $0.30
Haesigster: folds 
piknikschet: folds 
Uncalled bet ($0.20) returned to Mahu2021
Mahu2021 collected $0.25 from pot
Mahu2021: doesn't show hand 
*** SUMMARY ***
Total pot $0.25 | Rake $0 
Seat 1: Mahu2021 (button) collected ($0.25)
Seat 2: Haesigster (small blind) folded before Flop
Seat 3: piknikschet (big blind) folded before Flop
Seat 4: KrysuSkerdikas folded before Flop (didn't bet)
Seat 5: Tozsy17 folded before Flop (didn't bet)
Seat 6: Dosi420 folded before Flop (didn't bet)



PokerStars Zoom Hand #254939122406:  Hold'em No Limit ($0.05/$0.10) - 2025/02/19 13:16:58 CET [2025/02/19 7:16:58 ET]
Table 'Aludra' 6-max Seat #1 is the button
Seat 1: VitorArj ($11.42 in chips) 
Seat 2: JLajoie ($9.62 in chips) 
Seat 3: MrCangrejoTh ($10.64 in chips) 
Seat 4: teh_erik ($17.81 in chips) 
Seat 5: Mahu2021 ($11.39 in chips) 
Seat 6: piknikschet ($10.30 in chips) 
JLajoie: posts small blind $0.05
MrCangrejoTh: posts big blind $0.10
*** HOLE CARDS ***
Dealt to Mahu2021 [5d 5h]
teh_erik: folds 
Mahu2021: raises $0.14 to $0.24
piknikschet: folds 
VitorArj: raises $0.54 to $0.78
JLajoie: folds 
MrCangrejoTh: folds 
Mahu2021: calls $0.54
*** FLOP *** [Td Qh Qd]
Mahu2021: checks 
VitorArj: bets $0.41
Mahu2021: calls $0.41
*** TURN *** [Td Qh Qd] [6s]
Mahu2021: checks 
VitorArj: bets $0.81
Mahu2021: calls $0.81
*** RIVER *** [Td Qh Qd 6s] [9h]
Mahu2021: checks 
VitorArj: bets $1.59
Mahu2021: calls $1.59
*** SHOW DOWN ***
VitorArj: shows [Kc Kd] (two pair, Kings and Queens)
Mahu2021: mucks hand 
VitorArj collected $7 from pot
*** SUMMARY ***
Total pot $7.33 | Rake $0.33 
Board [Td Qh Qd 6s 9h]
Seat 1: VitorArj (button) showed [Kc Kd] and won ($7) with two pair, Kings and Queens
Seat 2: JLajoie (small blind) folded before Flop
Seat 3: MrCangrejoTh (big blind) folded before Flop
Seat 4: teh_erik folded before Flop (didn't bet)
Seat 5: Mahu2021 mucked [5d 5h]
Seat 6: piknikschet folded before Flop (didn't bet)



PokerStars Zoom Hand #254939131949:  Hold'em No Limit ($0.05/$0.10) - 2025/02/19 13:18:09 CET [2025/02/19 7:18:09 ET]
Table 'Aludra' 6-max Seat #1 is the button
Seat 1: augtoth ($10.15 in chips) 
Seat 2: emo114 ($10.89 in chips) 
Seat 3: Tozsy17 ($10.64 in chips) 
Seat 4: Mahu2021 ($7.75 in chips) 
Seat 5: Flash-301-Pro ($5.02 in chips) 
Seat 6: F2u&F2urFace ($10.73 in chips) 
emo114: posts small blind $0.05
Tozsy17: posts big blind $0.10
*** HOLE CARDS ***
Dealt to Mahu2021 [7d 3d]
Mahu2021: folds 
Flash-301-Pro: folds 
F2u&F2urFace: folds 
augtoth: folds 
emo114: folds 
Uncalled bet ($0.05) returned to Tozsy17
Tozsy17 collected $0.10 from pot
Tozsy17: doesn't show hand 
*** SUMMARY ***
Total pot $0.10 | Rake $0 
Seat 1: augtoth (button) folded before Flop (didn't bet)
Seat 2: emo114 (small blind) folded before Flop
Seat 3: Tozsy17 (big blind) collected ($0.10)
Seat 4: Mahu2021 folded before Flop (didn't bet)
Seat 5: Flash-301-Pro folded before Flop (didn't bet)
Seat 6: F2u&F2urFace folded before Flop (didn't bet)



PokerStars Zoom Hand #254939131262:  Hold'em No Limit ($0.05/$0.10) - 2025/02/19 13:18:05 CET [2025/02/19 7:18:05 ET]
Table 'Aludra' 6-max Seat #1 is the button
Seat 1: 00O-2Z ($17.06 in chips) 
Seat 2: Stwolz ($35.94 in chips) 
Seat 3: Matzet1ka ($13.52 in chips) 
Seat 4: Mahu2021 ($7.75 in chips) 
Seat 5: Tozsy17 ($10.64 in chips) 
Seat 6: fistiki7 ($11.17 in chips) 
Stwolz: posts small blind $0.05
Matzet1ka: posts big blind $0.10
*** HOLE CARDS ***
Dealt to Mahu2021 [7c 3h]
Mahu2021: folds 
Tozsy17: folds 
fistiki7: raises $0.10 to $0.20
00O-2Z: folds 
Stwolz: folds 
Matzet1ka: folds 
Uncalled bet ($0.10) returned to fistiki7
fistiki7 collected $0.25 from pot
fistiki7: doesn't show hand 
*** SUMMARY ***
Total pot $0.25 | Rake $0 
Seat 1: 00O-2Z (button) folded before Flop (didn't bet)
Seat 2: Stwolz (small blind) folded before Flop
Seat 3: Matzet1ka (big blind) folded before Flop
Seat 4: Mahu2021 folded before Flop (didn't bet)
Seat 5: Tozsy17 folded before Flop (didn't bet)
Seat 6: fistiki7 collected ($0.25)



PokerStars Zoom Hand #254939132453:  Hold'em No Limit ($0.05/$0.10) - 2025/02/19 13:18:13 CET [2025/02/19 7:18:13 ET]
Table 'Aludra' 6-max Seat #1 is the button
Seat 1: acebob999 ($12.06 in chips) 
Seat 2: alanindublin ($10 in chips) 
Seat 3: Mahu2021 ($7.75 in chips) 
Seat 4: augtoth ($10.15 in chips) 
Seat 5: F2u&F2urFace ($10.73 in chips) 
Seat 6: emo114 ($19.25 in chips) 
alanindublin: posts small blind $0.05
Mahu2021: posts big blind $0.10
*** HOLE CARDS ***
Dealt to Mahu2021 [Jd 7d]
augtoth: folds 
F2u&F2urFace: folds 
emo114: folds 
acebob999: folds 
alanindublin: raises $0.20 to $0.30
Mahu2021: calls $0.20
*** FLOP *** [4s 5s 2d]
alanindublin: bets $0.19
Mahu2021: folds 
Uncalled bet ($0.19) returned to alanindublin
alanindublin collected $0.57 from pot
alanindublin: doesn't show hand 
*** SUMMARY ***
Total pot $0.60 | Rake $0.03 
Board [4s 5s 2d]
Seat 1: acebob999 (button) folded before Flop (didn't bet)
Seat 2: alanindublin (small blind) collected ($0.57)
Seat 3: Mahu2021 (big blind) folded on the Flop
Seat 4: augtoth folded before Flop (didn't bet)
Seat 5: F2u&F2urFace folded before Flop (didn't bet)
Seat 6: emo114 folded before Flop (didn't bet)



PokerStars Zoom Hand #254939130446:  Hold'em No Limit ($0.05/$0.10) - 2025/02/19 13:17:58 CET [2025/02/19 7:17:58 ET]
Table 'Aludra' 6-max Seat #1 is the button
Seat 1: daniela5070 ($11.29 in chips) 
Seat 2: Mahu2021 ($7.80 in chips) 
Seat 3: ji6413 ($11.13 in chips) 
Seat 4: JLajoie ($9.32 in chips) 
Seat 5: Capitão Coin ($8.11 in chips) 
Seat 6: tafarel8 ($12.09 in chips) 
Mahu2021: posts small blind $0.05
ji6413: posts big blind $0.10
*** HOLE CARDS ***
Dealt to Mahu2021 [Tc 7h]
JLajoie: calls $0.10
Capitão Coin: folds 
tafarel8: folds 
daniela5070: folds 
Mahu2021: folds 
ji6413: checks 
*** FLOP *** [3d 6h Ks]
ji6413: checks 
JLajoie: checks 
*** TURN *** [3d 6h Ks] [3c]
ji6413: checks 
JLajoie: checks 
*** RIVER *** [3d 6h Ks 3c] [8h]
ji6413: checks 
JLajoie: bets $0.12
ji6413: folds 
Uncalled bet ($0.12) returned to JLajoie
JLajoie collected $0.24 from pot
JLajoie: doesn't show hand 
*** SUMMARY ***
Total pot $0.25 | Rake $0.01 
Board [3d 6h Ks 3c 8h]
Seat 1: daniela5070 (button) folded before Flop (didn't bet)
Seat 2: Mahu2021 (small blind) folded before Flop
Seat 3: ji6413 (big blind) folded on the River
Seat 4: JLajoie collected ($0.24)
Seat 5: Capitão Coin folded before Flop (didn't bet)
Seat 6: tafarel8 folded before Flop (didn't bet)



PokerStars Zoom Hand #254939134340:  Hold'em No Limit ($0.05/$0.10) - 2025/02/19 13:18:28 CET [2025/02/19 7:18:28 ET]
Table 'Aludra' 6-max Seat #1 is the button
Seat 1: Mahu2021 ($7.45 in chips) 
Seat 2: Anbru666 ($13.54 in chips) 
Seat 3: Dagobert96 ($17.84 in chips) 
Seat 4: caffeinepoker ($26.14 in chips) 
Seat 5: ji6413 ($17.41 in chips) 
Seat 6: Matzet1ka ($10.30 in chips) 
Anbru666: posts small blind $0.05
Dagobert96: posts big blind $0.10
*** HOLE CARDS ***
Dealt to Mahu2021 [Kd 9d]
caffeinepoker: raises $0.10 to $0.20
ji6413: folds 
Matzet1ka: folds 
Mahu2021: calls $0.20
Anbru666: folds 
Dagobert96: calls $0.10
*** FLOP *** [8c 3s 8h]
Dagobert96: checks 
caffeinepoker: bets $0.31
Mahu2021: folds 
Dagobert96: calls $0.31
*** TURN *** [8c 3s 8h] [6d]
Dagobert96: bets $0.33
caffeinepoker: calls $0.33
*** RIVER *** [8c 3s 8h 6d] [5s]
Dagobert96: bets $0.90
caffeinepoker: calls $0.90
*** SHOW DOWN ***
Dagobert96: shows [As Qc] (a pair of Eights)
caffeinepoker: shows [4s 4d] (two pair, Eights and Fours)
caffeinepoker collected $3.56 from pot
*** SUMMARY ***
Total pot $3.73 | Rake $0.17 
Board [8c 3s 8h 6d 5s]
Seat 1: Mahu2021 (button) folded on the Flop
Seat 2: Anbru666 (small blind) folded before Flop
Seat 3: Dagobert96 (big blind) showed [As Qc] and lost with a pair of Eights
Seat 4: caffeinepoker showed [4s 4d] and won ($3.56) with two pair, Eights and Fours
Seat 5: ji6413 folded before Flop (didn't bet)
Seat 6: Matzet1ka folded before Flop (didn't bet)



PokerStars Zoom Hand #254939136610:  Hold'em No Limit ($0.05/$0.10) - 2025/02/19 13:18:45 CET [2025/02/19 7:18:45 ET]
Table 'Aludra' 6-max Seat #1 is the button
Seat 1: Gattini37 ($10 in chips) 
Seat 2: tafarel8 ($10.18 in chips) 
Seat 3: 00O-2Z ($16.76 in chips) 
Seat 4: johnyb1972 ($13.12 in chips) 
Seat 5: Shtipalapa ($21.76 in chips) 
Seat 6: Mahu2021 ($7.25 in chips) 
tafarel8: posts small blind $0.05
00O-2Z: posts big blind $0.10
*** HOLE CARDS ***
Dealt to Mahu2021 [Td Kd]
johnyb1972: folds 
Shtipalapa: raises $0.12 to $0.22
Mahu2021: calls $0.22
Gattini37: folds 
tafarel8: folds 
00O-2Z: folds 
*** FLOP *** [2d Jh 3h]
Shtipalapa: bets $0.18
Mahu2021: calls $0.18
*** TURN *** [2d Jh 3h] [Qc]
Shtipalapa: bets $0.68
Mahu2021: calls $0.68
*** RIVER *** [2d Jh 3h Qc] [8d]
Shtipalapa: bets $3.31
Mahu2021: folds 
Uncalled bet ($3.31) returned to Shtipalapa
Shtipalapa collected $2.21 from pot
Shtipalapa: doesn't show hand 
*** SUMMARY ***
Total pot $2.31 | Rake $0.10 
Board [2d Jh 3h Qc 8d]
Seat 1: Gattini37 (button) folded before Flop (didn't bet)
Seat 2: tafarel8 (small blind) folded before Flop
Seat 3: 00O-2Z (big blind) folded before Flop
Seat 4: johnyb1972 folded before Flop (didn't bet)
Seat 5: Shtipalapa collected ($2.21)
Seat 6: Mahu2021 folded on the River



PokerStars Zoom Hand #254939140447:  Hold'em No Limit ($0.05/$0.10) - 2025/02/19 13:19:14 CET [2025/02/19 7:19:14 ET]
Table 'Aludra' 6-max Seat #1 is the button
Seat 1: dshark77 ($12.58 in chips) 
Seat 2: Mahu2021 ($6.17 in chips) 
Seat 3: Matzet1ka ($10.25 in chips) 
Seat 4: Footraiser ($10.12 in chips) 
Seat 5: Jordanl27 ($16.99 in chips) 
Seat 6: piknikschet ($11.38 in chips) 
Mahu2021: posts small blind $0.05
Matzet1ka: posts big blind $0.10
*** HOLE CARDS ***
Dealt to Mahu2021 [6s Js]
Footraiser: folds 
Jordanl27: raises $0.12 to $0.22
piknikschet: raises $0.58 to $0.80
dshark77: folds 
Mahu2021: calls $0.75
Matzet1ka: folds 
Jordanl27: folds 
*** FLOP *** [Jc 2d Jh]
Mahu2021: checks 
piknikschet: checks 
*** TURN *** [Jc 2d Jh] [9h]
Mahu2021: bets $5.37 and is all-in
piknikschet: folds 
Uncalled bet ($5.37) returned to Mahu2021
Mahu2021 collected $1.83 from pot
Mahu2021: doesn't show hand 
*** SUMMARY ***
Total pot $1.92 | Rake $0.09 
Board [Jc 2d Jh 9h]
Seat 1: dshark77 (button) folded before Flop (didn't bet)
Seat 2: Mahu2021 (small blind) collected ($1.83)
Seat 3: Matzet1ka (big blind) folded before Flop
Seat 4: Footraiser folded before Flop (didn't bet)
Seat 5: Jordanl27 folded before Flop
Seat 6: piknikschet folded on the Turn



PokerStars Zoom Hand #254939145731:  Hold'em No Limit ($0.05/$0.10) - 2025/02/19 13:19:54 CET [2025/02/19 7:19:54 ET]
Table 'Aludra' 6-max Seat #1 is the button
Seat 1: VitorArj ($10 in chips) 
Seat 2: krix123 ($3.99 in chips) 
Seat 3: daniela5070 ($17.95 in chips) 
Seat 4: tafarel8 ($10 in chips) 
Seat 5: MrCangrejoTh ($10.73 in chips) 
Seat 6: Mahu2021 ($7.20 in chips) 
krix123: posts small blind $0.05
daniela5070: posts big blind $0.10
*** HOLE CARDS ***
Dealt to Mahu2021 [Ks Qh]
tafarel8: folds 
MrCangrejoTh: folds 
Mahu2021: raises $0.14 to $0.24
VitorArj: folds 
krix123: folds 
daniela5070: raises $0.91 to $1.15
Mahu2021: folds 
Uncalled bet ($0.91) returned to daniela5070
daniela5070 collected $0.53 from pot
daniela5070: doesn't show hand 
*** SUMMARY ***
Total pot $0.53 | Rake $0 
Seat 1: VitorArj (button) folded before Flop (didn't bet)
Seat 2: krix123 (small blind) folded before Flop
Seat 3: daniela5070 (big blind) collected ($0.53)
Seat 4: tafarel8 folded before Flop (didn't bet)
Seat 5: MrCangrejoTh folded before Flop (didn't bet)
Seat 6: Mahu2021 folded before Flop



PokerStars Zoom Hand #254939152409:  Hold'em No Limit ($0.05/$0.10) - 2025/02/19 13:20:45 CET [2025/02/19 7:20:45 ET]
Table 'Aludra' 6-max Seat #1 is the button
Seat 1: VitorArj ($10 in chips) 
Seat 2: Spave92 ($9.90 in chips) 
Seat 3: Mahu2021 ($6.96 in chips) 
Seat 4: Pholiveira81 ($7.91 in chips) 
Seat 5: Belphegor228 ($8 in chips) 
Seat 6: Roma88K ($9.49 in chips) 
Spave92: posts small blind $0.05
Mahu2021: posts big blind $0.10
*** HOLE CARDS ***
Dealt to Mahu2021 [Ac Jd]
Pholiveira81: raises $0.12 to $0.22
Belphegor228: folds 
Roma88K: folds 
VitorArj: folds 
Spave92: folds 
Mahu2021: calls $0.12
*** FLOP *** [2c Qd 5c]
Mahu2021: checks 
Pholiveira81: checks 
*** TURN *** [2c Qd 5c] [7h]
Mahu2021: checks 
Pholiveira81: checks 
*** RIVER *** [2c Qd 5c 7h] [As]
Mahu2021: checks 
Pholiveira81: bets $0.31
Mahu2021: calls $0.31
*** SHOW DOWN ***
Pholiveira81: shows [Ah 9s] (a pair of Aces)
Mahu2021: shows [Ac Jd] (a pair of Aces - Queen+Jack kicker)
Mahu2021 collected $1.06 from pot
*** SUMMARY ***
Total pot $1.11 | Rake $0.05 
Board [2c Qd 5c 7h As]
Seat 1: VitorArj (button) folded before Flop (didn't bet)
Seat 2: Spave92 (small blind) folded before Flop
Seat 3: Mahu2021 (big blind) showed [Ac Jd] and won ($1.06) with a pair of Aces
Seat 4: Pholiveira81 showed [Ah 9s] and lost with a pair of Aces
Seat 5: Belphegor228 folded before Flop (didn't bet)
Seat 6: Roma88K folded before Flop (didn't bet)



PokerStars Zoom Hand #254939156402:  Hold'em No Limit ($0.05/$0.10) - 2025/02/19 13:21:15 CET [2025/02/19 7:21:15 ET]
Table 'Aludra' 6-max Seat #1 is the button
Seat 1: thechad7 ($38.12 in chips) 
Seat 2: Pholiveira81 ($7.38 in chips) 
Seat 3: F2u&F2urFace ($11.64 in chips) 
Seat 4: Dagobert96 ($17.97 in chips) 
Seat 5: Mahu2021 ($7.49 in chips) 
Seat 6: KrysuSkerdikas ($10.23 in chips) 
Pholiveira81: posts small blind $0.05
F2u&F2urFace: posts big blind $0.10
*** HOLE CARDS ***
Dealt to Mahu2021 [Ac 7h]
Dagobert96: folds 
Mahu2021: folds 
KrysuSkerdikas: folds 
thechad7: folds 
Pholiveira81: folds 
Uncalled bet ($0.05) returned to F2u&F2urFace
F2u&F2urFace collected $0.10 from pot
F2u&F2urFace: doesn't show hand 
*** SUMMARY ***
Total pot $0.10 | Rake $0 
Seat 1: thechad7 (button) folded before Flop (didn't bet)
Seat 2: Pholiveira81 (small blind) folded before Flop
Seat 3: F2u&F2urFace (big blind) collected ($0.10)
Seat 4: Dagobert96 folded before Flop (didn't bet)
Seat 5: Mahu2021 folded before Flop (didn't bet)
Seat 6: KrysuSkerdikas folded before Flop (didn't bet)



PokerStars Zoom Hand #254939157058:  Hold'em No Limit ($0.05/$0.10) - 2025/02/19 13:21:20 CET [2025/02/19 7:21:20 ET]
Table 'Aludra' 6-max Seat #1 is the button
Seat 1: Mahu2021 ($7.49 in chips) 
Seat 2: afwing16 ($14.33 in chips) 
Seat 3: KrysuSkerdikas ($13.65 in chips) 
Seat 4: Matzet1ka ($10 in chips) 
Seat 5: Shtipalapa ($22.77 in chips) 
Seat 6: krix123 ($5.12 in chips) 
afwing16: posts small blind $0.05
KrysuSkerdikas: posts big blind $0.10
*** HOLE CARDS ***
Dealt to Mahu2021 [Qs Ts]
Matzet1ka: folds 
Shtipalapa: folds 
krix123: folds 
Mahu2021: raises $0.20 to $0.30
afwing16: folds 
KrysuSkerdikas: folds 
Uncalled bet ($0.20) returned to Mahu2021
Mahu2021 collected $0.25 from pot
Mahu2021: doesn't show hand 
*** SUMMARY ***
Total pot $0.25 | Rake $0 
Seat 1: Mahu2021 (button) collected ($0.25)
Seat 2: afwing16 (small blind) folded before Flop
Seat 3: KrysuSkerdikas (big blind) folded before Flop
Seat 4: Matzet1ka folded before Flop (didn't bet)
Seat 5: Shtipalapa folded before Flop (didn't bet)
Seat 6: krix123 folded before Flop (didn't bet)



PokerStars Zoom Hand #254939158904:  Hold'em No Limit ($0.05/$0.10) - 2025/02/19 13:21:34 CET [2025/02/19 7:21:34 ET]
Table 'Aludra' 6-max Seat #1 is the button
Seat 1: F2u&F2urFace ($10.63 in chips) 
Seat 2: Matzet1ka ($10 in chips) 
Seat 3: Capitão Coin ($6.34 in chips) 
Seat 4: Mahu2021 ($7.64 in chips) 
Seat 5: krix123 ($5.17 in chips) 
Seat 6: Roma88K ($10.01 in chips) 
Matzet1ka: posts small blind $0.05
Capitão Coin: posts big blind $0.10
*** HOLE CARDS ***
Dealt to Mahu2021 [Ad Js]
Mahu2021: raises $0.14 to $0.24
krix123: folds 
Roma88K: folds 
F2u&F2urFace: folds 
Matzet1ka: folds 
Capitão Coin: folds 
Uncalled bet ($0.14) returned to Mahu2021
Mahu2021 collected $0.25 from pot
Mahu2021: doesn't show hand 
*** SUMMARY ***
Total pot $0.25 | Rake $0 
Seat 1: F2u&F2urFace (button) folded before Flop (didn't bet)
Seat 2: Matzet1ka (small blind) folded before Flop
Seat 3: Capitão Coin (big blind) folded before Flop
Seat 4: Mahu2021 collected ($0.25)
Seat 5: krix123 folded before Flop (didn't bet)
Seat 6: Roma88K folded before Flop (didn't bet)



PokerStars Zoom Hand #254939160746:  Hold'em No Limit ($0.05/$0.10) - 2025/02/19 13:21:48 CET [2025/02/19 7:21:48 ET]
Table 'Aludra' 6-max Seat #1 is the button
Seat 1: Capitão Coin ($6.24 in chips) 
Seat 2: VitorArj ($10.05 in chips) 
Seat 3: thechad7 ($53 in chips) 
Seat 4: keirin459 ($9.60 in chips) 
Seat 5: Mahu2021 ($7.79 in chips) 
Seat 6: afwing16 ($28.40 in chips) 
VitorArj: posts small blind $0.05
thechad7: posts big blind $0.10
*** HOLE CARDS ***
Dealt to Mahu2021 [9c 4h]
keirin459: folds 
Mahu2021: folds 
afwing16: folds 
Capitão Coin: folds 
VitorArj: folds 
Uncalled bet ($0.05) returned to thechad7
thechad7 collected $0.10 from pot
thechad7: doesn't show hand 
*** SUMMARY ***
Total pot $0.10 | Rake $0 
Seat 1: Capitão Coin (button) folded before Flop (didn't bet)
Seat 2: VitorArj (small blind) folded before Flop
Seat 3: thechad7 (big blind) collected ($0.10)
Seat 4: keirin459 folded before Flop (didn't bet)
Seat 5: Mahu2021 folded before Flop (didn't bet)
Seat 6: afwing16 folded before Flop (didn't bet)



PokerStars Zoom Hand #254939161763:  Hold'em No Limit ($0.05/$0.10) - 2025/02/19 13:21:56 CET [2025/02/19 7:21:56 ET]
Table 'Aludra' 6-max Seat #1 is the button
Seat 1: Alonso_FN ($13.49 in chips) 
Seat 2: danzo5959 ($14.53 in chips) 
Seat 3: Chakanicki ($4.34 in chips) 
Seat 4: Mahu2021 ($7.74 in chips) 
Seat 5: VitorArj ($10 in chips) 
Seat 6: Shtipalapa ($22.77 in chips) 
danzo5959: posts small blind $0.05
Chakanicki: posts big blind $0.10
*** HOLE CARDS ***
Dealt to Mahu2021 [4d As]
Mahu2021: folds 
VitorArj: folds 
Shtipalapa: folds 
Alonso_FN: raises $0.15 to $0.25
danzo5959: folds 
Chakanicki: folds 
Uncalled bet ($0.15) returned to Alonso_FN
Alonso_FN collected $0.25 from pot
Alonso_FN: doesn't show hand 
*** SUMMARY ***
Total pot $0.25 | Rake $0 
Seat 1: Alonso_FN (button) collected ($0.25)
Seat 2: danzo5959 (small blind) folded before Flop
Seat 3: Chakanicki (big blind) folded before Flop
Seat 4: Mahu2021 folded before Flop (didn't bet)
Seat 5: VitorArj folded before Flop (didn't bet)
Seat 6: Shtipalapa folded before Flop (didn't bet)



PokerStars Zoom Hand #254939162386:  Hold'em No Limit ($0.05/$0.10) - 2025/02/19 13:22:01 CET [2025/02/19 7:22:01 ET]
Table 'Aludra' 6-max Seat #1 is the button
Seat 1: Mahu2021 ($7.74 in chips) 
Seat 2: Jackoshea ($9.59 in chips) 
Seat 3: Matzet1ka ($10.15 in chips) 
Seat 4: Bur1k ($5.10 in chips) 
Seat 5: piknikschet ($34.53 in chips) 
Seat 6: VitorArj ($10.37 in chips) 
Jackoshea: posts small blind $0.05
Matzet1ka: posts big blind $0.10
*** HOLE CARDS ***
Dealt to Mahu2021 [8d 5s]
Bur1k: raises $0.20 to $0.30
piknikschet: folds 
VitorArj: folds 
Mahu2021: folds 
Jackoshea: folds 
Matzet1ka: folds 
Uncalled bet ($0.20) returned to Bur1k
Bur1k collected $0.25 from pot
Bur1k: doesn't show hand 
*** SUMMARY ***
Total pot $0.25 | Rake $0 
Seat 1: Mahu2021 (button) folded before Flop (didn't bet)
Seat 2: Jackoshea (small blind) folded before Flop
Seat 3: Matzet1ka (big blind) folded before Flop
Seat 4: Bur1k collected ($0.25)
Seat 5: piknikschet folded before Flop (didn't bet)
Seat 6: VitorArj folded before Flop (didn't bet)



PokerStars Zoom Hand #254939161246:  Hold'em No Limit ($0.05/$0.10) - 2025/02/19 13:21:52 CET [2025/02/19 7:21:52 ET]
Table 'Aludra' 6-max Seat #1 is the button
Seat 1: teh_erik ($10.44 in chips) 
Seat 2: Mahu2021 ($7.79 in chips) 
Seat 3: aimaisan ($16.81 in chips) 
Seat 4: emo114 ($18.85 in chips) 
Seat 5: Chakanicki ($4.34 in chips) 
Seat 6: Anbru666 ($12.71 in chips) 
Mahu2021: posts small blind $0.05
aimaisan: posts big blind $0.10
*** HOLE CARDS ***
Dealt to Mahu2021 [Tc 5d]
emo114: folds 
Chakanicki: folds 
Anbru666: folds 
teh_erik: raises $0.15 to $0.25
Mahu2021: folds 
aimaisan: calls $0.15
*** FLOP *** [Qs Kc Ts]
aimaisan: checks 
teh_erik: bets $0.27
aimaisan: calls $0.27
*** TURN *** [Qs Kc Ts] [3c]
aimaisan: checks 
teh_erik: bets $1.35
aimaisan: calls $1.35
*** RIVER *** [Qs Kc Ts 3c] [Ks]
aimaisan: checks 
teh_erik: checks 
*** SHOW DOWN ***
aimaisan: shows [2h Kh] (three of a kind, Kings)
teh_erik: shows [7s 9s] (a flush, King high)
teh_erik collected $3.62 from pot
*** SUMMARY ***
Total pot $3.79 | Rake $0.17 
Board [Qs Kc Ts 3c Ks]
Seat 1: teh_erik (button) showed [7s 9s] and won ($3.62) with a flush, King high
Seat 2: Mahu2021 (small blind) folded before Flop
Seat 3: aimaisan (big blind) showed [2h Kh] and lost with three of a kind, Kings
Seat 4: emo114 folded before Flop (didn't bet)
Seat 5: Chakanicki folded before Flop (didn't bet)
Seat 6: Anbru666 folded before Flop (didn't bet)



PokerStars Zoom Hand #254939165653:  Hold'em No Limit ($0.05/$0.10) - 2025/02/19 13:22:25 CET [2025/02/19 7:22:25 ET]
Table 'Aludra' 6-max Seat #1 is the button
Seat 1: emo114 ($20.72 in chips) 
Seat 2: Mahu2021 ($7.64 in chips) 
Seat 3: Chakanicki ($4.19 in chips) 
Seat 4: premier0124 ($6.65 in chips) 
Seat 5: johnyb1972 ($13.56 in chips) 
Seat 6: piknikschet ($10.25 in chips) 
Mahu2021: posts small blind $0.05
Chakanicki: posts big blind $0.10
*** HOLE CARDS ***
Dealt to Mahu2021 [4c 2d]
premier0124: folds 
johnyb1972: folds 
piknikschet: folds 
emo114: folds 
Mahu2021: folds 
Uncalled bet ($0.05) returned to Chakanicki
Chakanicki collected $0.10 from pot
Chakanicki: doesn't show hand 
*** SUMMARY ***
Total pot $0.10 | Rake $0 
Seat 1: emo114 (button) folded before Flop (didn't bet)
Seat 2: Mahu2021 (small blind) folded before Flop
Seat 3: Chakanicki (big blind) collected ($0.10)
Seat 4: premier0124 folded before Flop (didn't bet)
Seat 5: johnyb1972 folded before Flop (didn't bet)
Seat 6: piknikschet folded before Flop (didn't bet)



PokerStars Zoom Hand #254939166670:  Hold'em No Limit ($0.05/$0.10) - 2025/02/19 13:22:33 CET [2025/02/19 7:22:33 ET]
Table 'Aludra' 6-max Seat #1 is the button
Seat 1: teh_erik ($20.24 in chips) 
Seat 2: Jordanl27 ($18.32 in chips) 
Seat 3: Matzet1ka ($10.15 in chips) 
Seat 4: Mahu2021 ($7.59 in chips) 
Seat 5: tafarel8 ($14.63 in chips) 
Seat 6: afwing16 ($16.78 in chips) 
Jordanl27: posts small blind $0.05
Matzet1ka: posts big blind $0.10
*** HOLE CARDS ***
Dealt to Mahu2021 [Ts Js]
Mahu2021: raises $0.14 to $0.24
tafarel8: folds 
afwing16: folds 
teh_erik: raises $0.56 to $0.80
Jordanl27: folds 
Matzet1ka: folds 
Mahu2021: calls $0.56
*** FLOP *** [6d 6s 5d]
Mahu2021: checks 
teh_erik: bets $1.25
Mahu2021: folds 
Uncalled bet ($1.25) returned to teh_erik
teh_erik collected $1.67 from pot
teh_erik: doesn't show hand 
*** SUMMARY ***
Total pot $1.75 | Rake $0.08 
Board [6d 6s 5d]
Seat 1: teh_erik (button) collected ($1.67)
Seat 2: Jordanl27 (small blind) folded before Flop
Seat 3: Matzet1ka (big blind) folded before Flop
Seat 4: Mahu2021 folded on the Flop
Seat 5: tafarel8 folded before Flop (didn't bet)
Seat 6: afwing16 folded before Flop (didn't bet)



PokerStars Zoom Hand #254939169836:  Hold'em No Limit ($0.05/$0.10) - 2025/02/19 13:22:57 CET [2025/02/19 7:22:57 ET]
Table 'Aludra' 6-max Seat #1 is the button
Seat 1: alexisabos3 ($11.30 in chips) 
Seat 2: thechad7 ($38.70 in chips) 
Seat 3: krix123 ($3.58 in chips) 
Seat 4: emo114 ($18.33 in chips) 
Seat 5: Mahu2021 ($6.79 in chips) 
Seat 6: Roma88K ($9.71 in chips) 
thechad7: posts small blind $0.05
krix123: posts big blind $0.10
*** HOLE CARDS ***
Dealt to Mahu2021 [5c 6d]
emo114: folds 
Mahu2021: folds 
Roma88K: raises $0.10 to $0.20
alexisabos3: folds 
thechad7: folds 
krix123: folds 
Uncalled bet ($0.10) returned to Roma88K
Roma88K collected $0.25 from pot
Roma88K: doesn't show hand 
*** SUMMARY ***
Total pot $0.25 | Rake $0 
Seat 1: alexisabos3 (button) folded before Flop (didn't bet)
Seat 2: thechad7 (small blind) folded before Flop
Seat 3: krix123 (big blind) folded before Flop
Seat 4: emo114 folded before Flop (didn't bet)
Seat 5: Mahu2021 folded before Flop (didn't bet)
Seat 6: Roma88K collected ($0.25)



PokerStars Zoom Hand #254939166049:  Hold'em No Limit ($0.05/$0.10) - 2025/02/19 13:22:29 CET [2025/02/19 7:22:29 ET]
Table 'Aludra' 6-max Seat #1 is the button
Seat 1: Whytek_Bear ($11.19 in chips) 
Seat 2: KidMamba ($22.95 in chips) 
Seat 3: F2u&F2urFace ($10.78 in chips) 
Seat 4: Anbru666 ($12.71 in chips) 
Seat 5: Petresa ($8.88 in chips) 
Seat 6: Mahu2021 ($7.59 in chips) 
KidMamba: posts small blind $0.05
F2u&F2urFace: posts big blind $0.10
*** HOLE CARDS ***
Dealt to Mahu2021 [2s Kc]
Anbru666: folds 
Petresa: folds 
Mahu2021: folds 
Whytek_Bear: folds 
KidMamba: calls $0.05
F2u&F2urFace: checks 
*** FLOP *** [5d 4c 3s]
KidMamba: checks 
F2u&F2urFace: checks 
*** TURN *** [5d 4c 3s] [Jd]
KidMamba: bets $0.13
F2u&F2urFace: calls $0.13
*** RIVER *** [5d 4c 3s Jd] [3h]
KidMamba: bets $0.50
F2u&F2urFace: folds 
Uncalled bet ($0.50) returned to KidMamba
KidMamba collected $0.44 from pot
KidMamba: doesn't show hand 
*** SUMMARY ***
Total pot $0.46 | Rake $0.02 
Board [5d 4c 3s Jd 3h]
Seat 1: Whytek_Bear (button) folded before Flop (didn't bet)
Seat 2: KidMamba (small blind) collected ($0.44)
Seat 3: F2u&F2urFace (big blind) folded on the River
Seat 4: Anbru666 folded before Flop (didn't bet)
Seat 5: Petresa folded before Flop (didn't bet)
Seat 6: Mahu2021 folded before Flop (didn't bet)



PokerStars Zoom Hand #254939169204:  Hold'em No Limit ($0.05/$0.10) - 2025/02/19 13:22:52 CET [2025/02/19 7:22:52 ET]
Table 'Aludra' 6-max Seat #1 is the button
Seat 1: Mahu2021 ($6.79 in chips) 
Seat 2: Shtipalapa ($22.62 in chips) 
Seat 3: F2u&F2urFace ($23.37 in chips) 
Seat 4: teh_erik ($12.29 in chips) 
Seat 5: Dimon_55_77 ($11.41 in chips) 
Seat 6: Matzet1ka ($10.05 in chips) 
Shtipalapa: posts small blind $0.05
F2u&F2urFace: posts big blind $0.10
*** HOLE CARDS ***
Dealt to Mahu2021 [9s 5s]
teh_erik: folds 
Matzet1ka is disconnected 
Dimon_55_77: folds 
Matzet1ka has timed out while disconnected
Matzet1ka: folds 
Mahu2021: folds 
Shtipalapa: folds 
Uncalled bet ($0.05) returned to F2u&F2urFace
F2u&F2urFace collected $0.10 from pot
F2u&F2urFace: doesn't show hand 
*** SUMMARY ***
Total pot $0.10 | Rake $0 
Seat 1: Mahu2021 (button) folded before Flop (didn't bet)
Seat 2: Shtipalapa (small blind) folded before Flop
Seat 3: F2u&F2urFace (big blind) collected ($0.10)
Seat 4: teh_erik folded before Flop (didn't bet)
Seat 5: Dimon_55_77 folded before Flop (didn't bet)
Seat 6: Matzet1ka folded before Flop (didn't bet)



PokerStars Zoom Hand #254939170337:  Hold'em No Limit ($0.05/$0.10) - 2025/02/19 13:23:01 CET [2025/02/19 7:23:01 ET]
Table 'Aludra' 6-max Seat #1 is the button
Seat 1: ji6413 ($16.14 in chips) 
Seat 2: PaytonJN ($19.69 in chips) 
Seat 3: Mahu2021 ($6.79 in chips) 
Seat 4: Alonso_FN ($17.31 in chips) 
Seat 5: thechad7 ($38.65 in chips) 
Seat 6: dshark77 ($14.77 in chips) 
PaytonJN: posts small blind $0.05
Mahu2021: posts big blind $0.10
*** HOLE CARDS ***
Dealt to Mahu2021 [8h 7d]
Alonso_FN: folds 
thechad7: raises $0.15 to $0.25
dshark77: folds 
ji6413: folds 
PaytonJN: folds 
Mahu2021: calls $0.15
*** FLOP *** [4s Kh Ks]
Mahu2021: checks 
thechad7: bets $0.17
Mahu2021: folds 
Uncalled bet ($0.17) returned to thechad7
thechad7 collected $0.53 from pot
thechad7: doesn't show hand 
*** SUMMARY ***
Total pot $0.55 | Rake $0.02 
Board [4s Kh Ks]
Seat 1: ji6413 (button) folded before Flop (didn't bet)
Seat 2: PaytonJN (small blind) folded before Flop
Seat 3: Mahu2021 (big blind) folded on the Flop
Seat 4: Alonso_FN folded before Flop (didn't bet)
Seat 5: thechad7 collected ($0.53)
Seat 6: dshark77 folded before Flop (didn't bet)



PokerStars Zoom Hand #254939173431:  Hold'em No Limit ($0.05/$0.10) - 2025/02/19 13:23:24 CET [2025/02/19 7:23:24 ET]
Table 'Aludra' 6-max Seat #1 is the button
Seat 1: Footraiser ($11.01 in chips) 
Seat 2: emo114 ($12.15 in chips) 
Seat 3: daniela5070 ($18.55 in chips) 
Seat 4: ArtemSnapkouski ($18.34 in chips) 
Seat 5: ji6413 ($15.99 in chips) 
Seat 6: Mahu2021 ($6.54 in chips) 
emo114: posts small blind $0.05
daniela5070: posts big blind $0.10
*** HOLE CARDS ***
Dealt to Mahu2021 [3h 6d]
ArtemSnapkouski: folds 
ji6413: folds 
Mahu2021: folds 
Footraiser: raises $0.15 to $0.25
emo114: folds 
daniela5070: folds 
Uncalled bet ($0.15) returned to Footraiser
Footraiser collected $0.25 from pot
Footraiser: doesn't show hand 
*** SUMMARY ***
Total pot $0.25 | Rake $0 
Seat 1: Footraiser (button) collected ($0.25)
Seat 2: emo114 (small blind) folded before Flop
Seat 3: daniela5070 (big blind) folded before Flop
Seat 4: ArtemSnapkouski folded before Flop (didn't bet)
Seat 5: ji6413 folded before Flop (didn't bet)
Seat 6: Mahu2021 folded before Flop (didn't bet)



PokerStars Zoom Hand #254939173974:  Hold'em No Limit ($0.05/$0.10) - 2025/02/19 13:23:28 CET [2025/02/19 7:23:28 ET]
Table 'Aludra' 6-max Seat #1 is the button
Seat 1: MrCangrejoTh ($11.22 in chips) 
Seat 2: Mahu2021 ($6.54 in chips) 
Seat 3: johnyb1972 ($14.44 in chips) 
Seat 4: ji6413 ($15.99 in chips) 
Seat 5: fistiki7 ($9.92 in chips) 
Seat 6: PaytonJN ($19.54 in chips) 
Mahu2021: posts small blind $0.05
johnyb1972: posts big blind $0.10
*** HOLE CARDS ***
Dealt to Mahu2021 [Ks 8s]
ji6413: folds 
fistiki7: folds 
PaytonJN: raises $0.20 to $0.30
MrCangrejoTh: folds 
Mahu2021: calls $0.25
johnyb1972: calls $0.20
*** FLOP *** [6c 7s Kc]
Mahu2021: checks 
johnyb1972: checks 
PaytonJN: bets $0.43
Mahu2021: calls $0.43
johnyb1972: folds 
*** TURN *** [6c 7s Kc] [3c]
Mahu2021: checks 
PaytonJN: checks 
*** RIVER *** [6c 7s Kc 3c] [5c]
Mahu2021: bets $1.68
PaytonJN: folds 
Uncalled bet ($1.68) returned to Mahu2021
Mahu2021 collected $1.68 from pot
Mahu2021: doesn't show hand 
*** SUMMARY ***
Total pot $1.76 | Rake $0.08 
Board [6c 7s Kc 3c 5c]
Seat 1: MrCangrejoTh (button) folded before Flop (didn't bet)
Seat 2: Mahu2021 (small blind) collected ($1.68)
Seat 3: johnyb1972 (big blind) folded on the Flop
Seat 4: ji6413 folded before Flop (didn't bet)
Seat 5: fistiki7 folded before Flop (didn't bet)
Seat 6: PaytonJN folded on the River



PokerStars Zoom Hand #254939163017:  Hold'em No Limit ($0.05/$0.10) - 2025/02/19 13:22:06 CET [2025/02/19 7:22:06 ET]
Table 'Aludra' 6-max Seat #1 is the button
Seat 1: schrank555 ($19.91 in chips) 
Seat 2: VitorArj ($10.37 in chips) 
Seat 3: Mahu2021 ($7.74 in chips) 
Seat 4: afwing16 ($16.93 in chips) 
Seat 5: Jackoshea ($9.54 in chips) 
Seat 6: F2u&F2urFace ($10.78 in chips) 
VitorArj: posts small blind $0.05
Mahu2021: posts big blind $0.10
*** HOLE CARDS ***
Dealt to Mahu2021 [3c 9s]
afwing16: folds 
Jackoshea: calls $0.10
F2u&F2urFace: folds 
schrank555: raises $0.35 to $0.45
VitorArj: raises $1.10 to $1.55
Mahu2021: folds 
Jackoshea: calls $1.45
schrank555: calls $1.10
*** FLOP *** [7c 7s Jd]
VitorArj: checks 
Jackoshea: bets $1
schrank555: calls $1
VitorArj: folds 
*** TURN *** [7c 7s Jd] [2h]
Jackoshea: checks 
schrank555: bets $2.60
Jackoshea: raises $4.39 to $6.99 and is all-in
schrank555: folds 
Uncalled bet ($4.39) returned to Jackoshea
Jackoshea collected $11.41 from pot
Jackoshea: doesn't show hand 
*** SUMMARY ***
Total pot $11.95 | Rake $0.54 
Board [7c 7s Jd 2h]
Seat 1: schrank555 (button) folded on the Turn
Seat 2: VitorArj (small blind) folded on the Flop
Seat 3: Mahu2021 (big blind) folded before Flop
Seat 4: afwing16 folded before Flop (didn't bet)
Seat 5: Jackoshea collected ($11.41)
Seat 6: F2u&F2urFace folded before Flop (didn't bet)



PokerStars Zoom Hand #254939178831:  Hold'em No Limit ($0.05/$0.10) - 2025/02/19 13:24:04 CET [2025/02/19 7:24:04 ET]
Table 'Aludra' 6-max Seat #1 is the button
Seat 1: Mahu2021 ($7.49 in chips) 
Seat 2: thechad7 ($38.73 in chips) 
Seat 3: KrysuSkerdikas ($12.75 in chips) 
Seat 4: tafarel8 ($10 in chips) 
Seat 5: acebob999 ($13.73 in chips) 
Seat 6: Tizor1589 ($8.65 in chips) 
thechad7: posts small blind $0.05
KrysuSkerdikas: posts big blind $0.10
*** HOLE CARDS ***
Dealt to Mahu2021 [5h Tc]
tafarel8: folds 
acebob999: folds 
Tizor1589: folds 
Mahu2021: folds 
thechad7: raises $0.20 to $0.30
KrysuSkerdikas: folds 
Uncalled bet ($0.20) returned to thechad7
thechad7 collected $0.20 from pot
thechad7: doesn't show hand 
*** SUMMARY ***
Total pot $0.20 | Rake $0 
Seat 1: Mahu2021 (button) folded before Flop (didn't bet)
Seat 2: thechad7 (small blind) collected ($0.20)
Seat 3: KrysuSkerdikas (big blind) folded before Flop
Seat 4: tafarel8 folded before Flop (didn't bet)
Seat 5: acebob999 folded before Flop (didn't bet)
Seat 6: Tizor1589 folded before Flop (didn't bet)



PokerStars Zoom Hand #254939178308:  Hold'em No Limit ($0.05/$0.10) - 2025/02/19 13:24:00 CET [2025/02/19 7:24:00 ET]
Table 'Aludra' 6-max Seat #1 is the button
Seat 1: keirin459 ($9.76 in chips) 
Seat 2: KrysuSkerdikas ($10.35 in chips) 
Seat 3: teh_erik ($20.58 in chips) 
Seat 4: Mahu2021 ($7.49 in chips) 
Seat 5: Dagobert96 ($17.54 in chips) 
Seat 6: Dimon_55_77 ($10 in chips) 
KrysuSkerdikas: posts small blind $0.05
teh_erik: posts big blind $0.10
*** HOLE CARDS ***
Dealt to Mahu2021 [8s 5h]
Mahu2021: folds 
Dagobert96: raises $0.20 to $0.30
Dimon_55_77: calls $0.30
keirin459: folds 
KrysuSkerdikas: folds 
teh_erik: folds 
*** FLOP *** [2s 9d 9c]
Dagobert96: checks 
Dimon_55_77: bets $0.24
Dagobert96: calls $0.24
*** TURN *** [2s 9d 9c] [Th]
Dagobert96: checks 
Dimon_55_77: checks 
*** RIVER *** [2s 9d 9c Th] [8c]
Dagobert96: bets $0.50
Dimon_55_77: folds 
Uncalled bet ($0.50) returned to Dagobert96
Dagobert96 collected $1.15 from pot
Dagobert96: doesn't show hand 
*** SUMMARY ***
Total pot $1.23 | Rake $0.08 
Board [2s 9d 9c Th 8c]
Seat 1: keirin459 (button) folded before Flop (didn't bet)
Seat 2: KrysuSkerdikas (small blind) folded before Flop
Seat 3: teh_erik (big blind) folded before Flop
Seat 4: Mahu2021 folded before Flop (didn't bet)
Seat 5: Dagobert96 collected ($1.15)
Seat 6: Dimon_55_77 folded on the River



PokerStars Zoom Hand #254939177767:  Hold'em No Limit ($0.05/$0.10) - 2025/02/19 13:23:56 CET [2025/02/19 7:23:56 ET]
Table 'Aludra' 6-max Seat #1 is the button
Seat 1: sebbeh66 ($8.01 in chips) 
Seat 2: ji6413 ($15.89 in chips) 
Seat 3: JABACHIP ($10 in chips) 
Seat 4: AgreeableWorm ($9.65 in chips) 
Seat 5: Mahu2021 ($7.49 in chips) 
Seat 6: Roma88K ($9.86 in chips) 
ji6413: posts small blind $0.05
JABACHIP: posts big blind $0.10
*** HOLE CARDS ***
Dealt to Mahu2021 [9d 6c]
AgreeableWorm: raises $0.20 to $0.30
Mahu2021: folds 
Roma88K: folds 
sebbeh66: calls $0.30
ji6413: folds 
JABACHIP: folds 
*** FLOP *** [Qh 5c Qs]
AgreeableWorm: bets $0.36
sebbeh66: calls $0.36
*** TURN *** [Qh 5c Qs] [As]
AgreeableWorm: checks 
sebbeh66: bets $0.50
AgreeableWorm: calls $0.50
*** RIVER *** [Qh 5c Qs As] [7s]
AgreeableWorm: checks 
sebbeh66: bets $0.60
AgreeableWorm: calls $0.60
*** SHOW DOWN ***
sebbeh66: shows [Js Ac] (two pair, Aces and Queens)
AgreeableWorm: mucks hand 
sebbeh66 collected $3.50 from pot
*** SUMMARY ***
Total pot $3.67 | Rake $0.17 
Board [Qh 5c Qs As 7s]
Seat 1: sebbeh66 (button) showed [Js Ac] and won ($3.50) with two pair, Aces and Queens
Seat 2: ji6413 (small blind) folded before Flop
Seat 3: JABACHIP (big blind) folded before Flop
Seat 4: AgreeableWorm mucked [Ts Th]
Seat 5: Mahu2021 folded before Flop (didn't bet)
Seat 6: Roma88K folded before Flop (didn't bet)



PokerStars Zoom Hand #254939179478:  Hold'em No Limit ($0.05/$0.10) - 2025/02/19 13:24:09 CET [2025/02/19 7:24:09 ET]
Table 'Aludra' 6-max Seat #1 is the button
Seat 1: Bur1k ($6.15 in chips) 
Seat 2: ji6413 ($12.50 in chips) 
Seat 3: F2u&F2urFace ($10.20 in chips) 
Seat 4: krix123 ($2.90 in chips) 
Seat 5: aimaisan ($14.94 in chips) 
Seat 6: Mahu2021 ($7.49 in chips) 
ji6413: posts small blind $0.05
F2u&F2urFace: posts big blind $0.10
*** HOLE CARDS ***
Dealt to Mahu2021 [Kd Ac]
krix123: folds 
aimaisan: raises $0.15 to $0.25
Mahu2021: calls $0.25
Bur1k: folds 
ji6413: folds 
F2u&F2urFace: folds 
*** FLOP *** [4s Qs 4d]
aimaisan: checks 
Mahu2021: checks 
*** TURN *** [4s Qs 4d] [7c]
aimaisan: checks 
Mahu2021: checks 
*** RIVER *** [4s Qs 4d 7c] [4c]
aimaisan: checks 
Mahu2021: checks 
*** SHOW DOWN ***
aimaisan: shows [Ad 6s] (three of a kind, Fours)
Mahu2021: shows [Kd Ac] (three of a kind, Fours - Ace+King kicker)
Mahu2021 collected $0.62 from pot
*** SUMMARY ***
Total pot $0.65 | Rake $0.03 
Board [4s Qs 4d 7c 4c]
Seat 1: Bur1k (button) folded before Flop (didn't bet)
Seat 2: ji6413 (small blind) folded before Flop
Seat 3: F2u&F2urFace (big blind) folded before Flop
Seat 4: krix123 folded before Flop (didn't bet)
Seat 5: aimaisan showed [Ad 6s] and lost with three of a kind, Fours
Seat 6: Mahu2021 showed [Kd Ac] and won ($0.62) with three of a kind, Fours



PokerStars Zoom Hand #254939185028:  Hold'em No Limit ($0.05/$0.10) - 2025/02/19 13:24:50 CET [2025/02/19 7:24:50 ET]
Table 'Aludra' 6-max Seat #1 is the button
Seat 1: 00O-2Z ($16.65 in chips) 
Seat 2: JLajoie ($11.27 in chips) 
Seat 3: Mahu2021 ($7.86 in chips) 
Seat 4: Bur1k ($5.27 in chips) 
Seat 5: acebob999 ($13.43 in chips) 
Seat 6: Always Thx ($11.52 in chips) 
JLajoie: posts small blind $0.05
Mahu2021: posts big blind $0.10
*** HOLE CARDS ***
Dealt to Mahu2021 [3h 4c]
Bur1k: folds 
acebob999: folds 
Always Thx: raises $0.20 to $0.30
00O-2Z: folds 
JLajoie: raises $0.90 to $1.20
Mahu2021: folds 
Always Thx: folds 
Uncalled bet ($0.90) returned to JLajoie
JLajoie collected $0.70 from pot
JLajoie: doesn't show hand 
*** SUMMARY ***
Total pot $0.70 | Rake $0 
Seat 1: 00O-2Z (button) folded before Flop (didn't bet)
Seat 2: JLajoie (small blind) collected ($0.70)
Seat 3: Mahu2021 (big blind) folded before Flop
Seat 4: Bur1k folded before Flop (didn't bet)
Seat 5: acebob999 folded before Flop (didn't bet)
Seat 6: Always Thx folded before Flop



PokerStars Zoom Hand #254939186745:  Hold'em No Limit ($0.05/$0.10) - 2025/02/19 13:25:02 CET [2025/02/19 7:25:02 ET]
Table 'Aludra' 6-max Seat #1 is the button
Seat 1: caffeinepoker ($27.71 in chips) 
Seat 2: Mahu2021 ($7.76 in chips) 
Seat 3: daniela5070 ($18.20 in chips) 
Seat 4: Rossu28 ($11.03 in chips) 
Seat 5: VitorArj ($10 in chips) 
Seat 6: thechad7 ($52.59 in chips) 
Mahu2021: posts small blind $0.05
daniela5070: posts big blind $0.10
*** HOLE CARDS ***
Dealt to Mahu2021 [2c 5s]
Rossu28: folds 
VitorArj: folds 
thechad7: raises $0.15 to $0.25
caffeinepoker: folds 
Mahu2021: folds 
daniela5070: folds 
Uncalled bet ($0.15) returned to thechad7
thechad7 collected $0.25 from pot
thechad7: doesn't show hand 
*** SUMMARY ***
Total pot $0.25 | Rake $0 
Seat 1: caffeinepoker (button) folded before Flop (didn't bet)
Seat 2: Mahu2021 (small blind) folded before Flop
Seat 3: daniela5070 (big blind) folded before Flop
Seat 4: Rossu28 folded before Flop (didn't bet)
Seat 5: VitorArj folded before Flop (didn't bet)
Seat 6: thechad7 collected ($0.25)



PokerStars Zoom Hand #254939187320:  Hold'em No Limit ($0.05/$0.10) - 2025/02/19 13:25:07 CET [2025/02/19 7:25:07 ET]
Table 'Aludra' 6-max Seat #1 is the button
Seat 1: dave gaudy ($32.76 in chips) 
Seat 2: piknikschet ($10.36 in chips) 
Seat 3: der_dennis_d ($9.40 in chips) 
Seat 4: alanindublin ($23.90 in chips) 
Seat 5: Mahu2021 ($7.71 in chips) 
Seat 6: Bur1k ($5.80 in chips) 
piknikschet: posts small blind $0.05
der_dennis_d: posts big blind $0.10
*** HOLE CARDS ***
Dealt to Mahu2021 [8c Jd]
alanindublin: folds 
Mahu2021: folds 
Bur1k: folds 
dave gaudy: folds 
piknikschet: folds 
Uncalled bet ($0.05) returned to der_dennis_d
der_dennis_d collected $0.10 from pot
der_dennis_d: doesn't show hand 
*** SUMMARY ***
Total pot $0.10 | Rake $0 
Seat 1: dave gaudy (button) folded before Flop (didn't bet)
Seat 2: piknikschet (small blind) folded before Flop
Seat 3: der_dennis_d (big blind) collected ($0.10)
Seat 4: alanindublin folded before Flop (didn't bet)
Seat 5: Mahu2021 folded before Flop (didn't bet)
Seat 6: Bur1k folded before Flop (didn't bet)



PokerStars Zoom Hand #254939188934:  Hold'em No Limit ($0.05/$0.10) - 2025/02/19 13:25:18 CET [2025/02/19 7:25:18 ET]
Table 'Aludra' 6-max Seat #1 is the button
Seat 1: Alonso_FN ($15.14 in chips) 
Seat 2: ArtemSnapkouski ($19.26 in chips) 
Seat 3: JLajoie ($11.67 in chips) 
Seat 4: Mahu2021 ($7.71 in chips) 
Seat 5: Roma88K ($9.46 in chips) 
Seat 6: Rossu28 ($10.98 in chips) 
ArtemSnapkouski: posts small blind $0.05
JLajoie: posts big blind $0.10
*** HOLE CARDS ***
Dealt to Mahu2021 [5s 9s]
Mahu2021: folds 
Roma88K: raises $0.10 to $0.20
Rossu28: folds 
Alonso_FN: raises $0.60 to $0.80
ArtemSnapkouski: folds 
JLajoie: folds 
Roma88K: folds 
Uncalled bet ($0.60) returned to Alonso_FN
Alonso_FN collected $0.55 from pot
Alonso_FN: doesn't show hand 
*** SUMMARY ***
Total pot $0.55 | Rake $0 
Seat 1: Alonso_FN (button) collected ($0.55)
Seat 2: ArtemSnapkouski (small blind) folded before Flop
Seat 3: JLajoie (big blind) folded before Flop
Seat 4: Mahu2021 folded before Flop (didn't bet)
Seat 5: Roma88K folded before Flop
Seat 6: Rossu28 folded before Flop (didn't bet)



PokerStars Zoom Hand #254939189423:  Hold'em No Limit ($0.05/$0.10) - 2025/02/19 13:25:22 CET [2025/02/19 7:25:22 ET]
Table 'Aludra' 6-max Seat #1 is the button
Seat 1: piknikschet ($35.07 in chips) 
Seat 2: alexisabos3 ($10.85 in chips) 
Seat 3: Mahu2021 ($7.71 in chips) 
Seat 4: emo114 ($18.64 in chips) 
Seat 5: VitorArj ($10 in chips) 
Seat 6: F2u&F2urFace ($12.25 in chips) 
alexisabos3: posts small blind $0.05
Mahu2021: posts big blind $0.10
*** HOLE CARDS ***
Dealt to Mahu2021 [3s Kd]
emo114: folds 
VitorArj: raises $0.15 to $0.25
F2u&F2urFace: folds 
piknikschet: folds 
alexisabos3: folds 
Mahu2021: folds 
Uncalled bet ($0.15) returned to VitorArj
VitorArj collected $0.25 from pot
VitorArj: doesn't show hand 
*** SUMMARY ***
Total pot $0.25 | Rake $0 
Seat 1: piknikschet (button) folded before Flop (didn't bet)
Seat 2: alexisabos3 (small blind) folded before Flop
Seat 3: Mahu2021 (big blind) folded before Flop
Seat 4: emo114 folded before Flop (didn't bet)
Seat 5: VitorArj collected ($0.25)
Seat 6: F2u&F2urFace folded before Flop (didn't bet)



PokerStars Zoom Hand #254939187741:  Hold'em No Limit ($0.05/$0.10) - 2025/02/19 13:25:10 CET [2025/02/19 7:25:10 ET]
Table 'Aludra' 6-max Seat #1 is the button
Seat 1: Mahu2021 ($7.71 in chips) 
Seat 2: F2u&F2urFace ($23.02 in chips) 
Seat 3: Footraiser ($11.43 in chips) 
Seat 4: emo114 ($19.92 in chips) 
Seat 5: teh_erik ($12.47 in chips) 
Seat 6: dave gaudy ($32.76 in chips) 
F2u&F2urFace: posts small blind $0.05
Footraiser: posts big blind $0.10
*** HOLE CARDS ***
Dealt to Mahu2021 [Jd 6h]
emo114: raises $0.25 to $0.35
teh_erik: raises $0.85 to $1.20
dave gaudy: folds 
Mahu2021: folds 
F2u&F2urFace: folds 
Footraiser: folds 
emo114: raises $2.55 to $3.75
teh_erik: calls $2.55
*** FLOP *** [As 7h 4d]
emo114: bets $5.12
teh_erik: folds 
Uncalled bet ($5.12) returned to emo114
emo114 collected $7.31 from pot
emo114: doesn't show hand 
*** SUMMARY ***
Total pot $7.65 | Rake $0.34 
Board [As 7h 4d]
Seat 1: Mahu2021 (button) folded before Flop (didn't bet)
Seat 2: F2u&F2urFace (small blind) folded before Flop
Seat 3: Footraiser (big blind) folded before Flop
Seat 4: emo114 collected ($7.31)
Seat 5: teh_erik folded on the Flop
Seat 6: dave gaudy folded before Flop (didn't bet)



PokerStars Zoom Hand #254939191238:  Hold'em No Limit ($0.05/$0.10) - 2025/02/19 13:25:35 CET [2025/02/19 7:25:35 ET]
Table 'Aludra' 6-max Seat #1 is the button
Seat 1: AgreeableWorm ($7.74 in chips) 
Seat 2: Whytek_Bear ($13.38 in chips) 
Seat 3: augtoth ($10 in chips) 
Seat 4: piknikschet ($10.21 in chips) 
Seat 5: Belphegor228 ($6.07 in chips) 
Seat 6: Mahu2021 ($7.61 in chips) 
Whytek_Bear: posts small blind $0.05
augtoth: posts big blind $0.10
*** HOLE CARDS ***
Dealt to Mahu2021 [9d 4s]
piknikschet: folds 
Belphegor228: folds 
Mahu2021: folds 
AgreeableWorm: folds 
Whytek_Bear: folds 
Uncalled bet ($0.05) returned to augtoth
augtoth collected $0.10 from pot
augtoth: doesn't show hand 
*** SUMMARY ***
Total pot $0.10 | Rake $0 
Seat 1: AgreeableWorm (button) folded before Flop (didn't bet)
Seat 2: Whytek_Bear (small blind) folded before Flop
Seat 3: augtoth (big blind) collected ($0.10)
Seat 4: piknikschet folded before Flop (didn't bet)
Seat 5: Belphegor228 folded before Flop (didn't bet)
Seat 6: Mahu2021 folded before Flop (didn't bet)



PokerStars Zoom Hand #254939188343:  Hold'em No Limit ($0.05/$0.10) - 2025/02/19 13:25:14 CET [2025/02/19 7:25:14 ET]
Table 'Aludra' 6-max Seat #1 is the button
Seat 1: aimaisan ($14.54 in chips) 
Seat 2: danzo5959 ($16.87 in chips) 
Seat 3: caffeinepoker ($27.66 in chips) 
Seat 4: Mahu2021 ($7.71 in chips) 
Seat 5: piknikschet ($12.61 in chips) 
Seat 6: Roma88K ($9.46 in chips) 
danzo5959: posts small blind $0.05
caffeinepoker: posts big blind $0.10
*** HOLE CARDS ***
Dealt to Mahu2021 [8h 9s]
Mahu2021: folds 
piknikschet: folds 
Roma88K: folds 
aimaisan: raises $0.15 to $0.25
danzo5959: folds 
caffeinepoker: calls $0.15
*** FLOP *** [6h 2d Td]
caffeinepoker: checks 
aimaisan: bets $0.13
caffeinepoker: calls $0.13
*** TURN *** [6h 2d Td] [4h]
caffeinepoker: checks 
aimaisan: checks 
*** RIVER *** [6h 2d Td 4h] [6s]
caffeinepoker: bets $0.77
aimaisan: folds 
Uncalled bet ($0.77) returned to caffeinepoker
caffeinepoker collected $0.77 from pot
caffeinepoker: doesn't show hand 
*** SUMMARY ***
Total pot $0.81 | Rake $0.04 
Board [6h 2d Td 4h 6s]
Seat 1: aimaisan (button) folded on the River
Seat 2: danzo5959 (small blind) folded before Flop
Seat 3: caffeinepoker (big blind) collected ($0.77)
Seat 4: Mahu2021 folded before Flop (didn't bet)
Seat 5: piknikschet folded before Flop (didn't bet)
Seat 6: Roma88K folded before Flop (didn't bet)



PokerStars Zoom Hand #254939191965:  Hold'em No Limit ($0.05/$0.10) - 2025/02/19 13:25:40 CET [2025/02/19 7:25:40 ET]
Table 'Aludra' 6-max Seat #1 is the button
Seat 1: F2u&F2urFace ($10 in chips) 
Seat 2: Mahu2021 ($7.61 in chips) 
Seat 3: daniela5070 ($18.10 in chips) 
Seat 4: Bur1k ($5.81 in chips) 
Seat 5: emo114 ($19.93 in chips) 
Seat 6: Lim 2589 ($33.41 in chips) 
Mahu2021: posts small blind $0.05
daniela5070: posts big blind $0.10
*** HOLE CARDS ***
Dealt to Mahu2021 [3c 8d]
Bur1k: folds 
emo114: folds 
Lim 2589: folds 
F2u&F2urFace: folds 
Mahu2021: folds 
Uncalled bet ($0.05) returned to daniela5070
daniela5070 collected $0.10 from pot
daniela5070: doesn't show hand 
*** SUMMARY ***
Total pot $0.10 | Rake $0 
Seat 1: F2u&F2urFace (button) folded before Flop (didn't bet)
Seat 2: Mahu2021 (small blind) folded before Flop
Seat 3: daniela5070 (big blind) collected ($0.10)
Seat 4: Bur1k folded before Flop (didn't bet)
Seat 5: emo114 folded before Flop (didn't bet)
Seat 6: Lim 2589 folded before Flop (didn't bet)



PokerStars Zoom Hand #254939193048:  Hold'em No Limit ($0.05/$0.10) - 2025/02/19 13:25:48 CET [2025/02/19 7:25:48 ET]
Table 'Aludra' 6-max Seat #1 is the button
Seat 1: Mahu2021 ($7.56 in chips) 
Seat 2: KrysuSkerdikas ($12.85 in chips) 
Seat 3: Belphegor228 ($6.02 in chips) 
Seat 4: aimaisan ($14.16 in chips) 
Seat 5: ArtemSnapkouski ($19.11 in chips) 
Seat 6: caffeinepoker ($28.05 in chips) 
KrysuSkerdikas: posts small blind $0.05
Belphegor228: posts big blind $0.10
*** HOLE CARDS ***
Dealt to Mahu2021 [Qc Ac]
aimaisan: raises $0.15 to $0.25
ArtemSnapkouski: folds 
caffeinepoker: folds 
Mahu2021: calls $0.25
KrysuSkerdikas: folds 
Belphegor228: folds 
*** FLOP *** [4s As Ts]
aimaisan: checks 
Mahu2021: bets $0.62
aimaisan: calls $0.62
*** TURN *** [4s As Ts] [3s]
aimaisan: checks 
Mahu2021: bets $1.80
aimaisan: folds 
Uncalled bet ($1.80) returned to Mahu2021
Mahu2021 collected $1.80 from pot
Mahu2021: doesn't show hand 
*** SUMMARY ***
Total pot $1.89 | Rake $0.09 
Board [4s As Ts 3s]
Seat 1: Mahu2021 (button) collected ($1.80)
Seat 2: KrysuSkerdikas (small blind) folded before Flop
Seat 3: Belphegor228 (big blind) folded before Flop
Seat 4: aimaisan folded on the Turn
Seat 5: ArtemSnapkouski folded before Flop (didn't bet)
Seat 6: caffeinepoker folded before Flop (didn't bet)



PokerStars Zoom Hand #254939192471:  Hold'em No Limit ($0.05/$0.10) - 2025/02/19 13:25:44 CET [2025/02/19 7:25:44 ET]
Table 'Aludra' 6-max Seat #1 is the button
Seat 1: Roma88K ($9.11 in chips) 
Seat 2: Lim 2589 ($33.41 in chips) 
Seat 3: Whytek_Bear ($13.33 in chips) 
Seat 4: klaus951 ($9.16 in chips) 
Seat 5: Mahu2021 ($7.56 in chips) 
Seat 6: Belphegor228 ($6.02 in chips) 
Lim 2589: posts small blind $0.05
Whytek_Bear: posts big blind $0.10
*** HOLE CARDS ***
Dealt to Mahu2021 [6h 3h]
klaus951: calls $0.10
Mahu2021: folds 
Belphegor228: folds 
Roma88K: folds 
Lim 2589: folds 
Whytek_Bear: checks 
*** FLOP *** [Ts 4h 2d]
Whytek_Bear: checks 
klaus951: checks 
*** TURN *** [Ts 4h 2d] [Jd]
Whytek_Bear: checks 
klaus951: bets $0.10
Whytek_Bear: calls $0.10
*** RIVER *** [Ts 4h 2d Jd] [Qh]
Whytek_Bear: bets $0.40
klaus951: folds 
Uncalled bet ($0.40) returned to Whytek_Bear
Whytek_Bear collected $0.43 from pot
Whytek_Bear: doesn't show hand 
*** SUMMARY ***
Total pot $0.45 | Rake $0.02 
Board [Ts 4h 2d Jd Qh]
Seat 1: Roma88K (button) folded before Flop (didn't bet)
Seat 2: Lim 2589 (small blind) folded before Flop
Seat 3: Whytek_Bear (big blind) collected ($0.43)
Seat 4: klaus951 folded on the River
Seat 5: Mahu2021 folded before Flop (didn't bet)
Seat 6: Belphegor228 folded before Flop (didn't bet)



PokerStars Zoom Hand #254939197212:  Hold'em No Limit ($0.05/$0.10) - 2025/02/19 13:26:18 CET [2025/02/19 7:26:18 ET]
Table 'Aludra' 6-max Seat #1 is the button
Seat 1: DechiréDuCul ($6.10 in chips) 
Seat 2: tafarel8 ($13.18 in chips) 
Seat 3: Mahu2021 ($8.44 in chips) 
Seat 4: Rashins ($9.65 in chips) 
Seat 5: F2u&F2urFace ($12 in chips) 
Seat 6: thechad7 ($38.43 in chips) 
tafarel8: posts small blind $0.05
Mahu2021: posts big blind $0.10
*** HOLE CARDS ***
Dealt to Mahu2021 [7h Jc]
Rashins: folds 
F2u&F2urFace: raises $0.12 to $0.22
thechad7: folds 
DechiréDuCul: folds 
tafarel8: folds 
Mahu2021: folds 
Uncalled bet ($0.12) returned to F2u&F2urFace
F2u&F2urFace collected $0.25 from pot
F2u&F2urFace: doesn't show hand 
*** SUMMARY ***
Total pot $0.25 | Rake $0 
Seat 1: DechiréDuCul (button) folded before Flop (didn't bet)
Seat 2: tafarel8 (small blind) folded before Flop
Seat 3: Mahu2021 (big blind) folded before Flop
Seat 4: Rashins folded before Flop (didn't bet)
Seat 5: F2u&F2urFace collected ($0.25)
Seat 6: thechad7 folded before Flop (didn't bet)



PokerStars Zoom Hand #254939196112:  Hold'em No Limit ($0.05/$0.10) - 2025/02/19 13:26:10 CET [2025/02/19 7:26:10 ET]
Table 'Aludra' 6-max Seat #1 is the button
Seat 1: danzo5959 ($17.51 in chips) 
Seat 2: Rossu28 ($10.88 in chips) 
Seat 3: piknikschet ($13.19 in chips) 
Seat 4: Mahu2021 ($8.49 in chips) 
Seat 5: F2u&F2urFace ($10 in chips) 
Seat 6: DechiréDuCul ($6.10 in chips) 
Rossu28: posts small blind $0.05
piknikschet: posts big blind $0.10
*** HOLE CARDS ***
Dealt to Mahu2021 [Th 3d]
Mahu2021: folds 
F2u&F2urFace: folds 
DechiréDuCul: folds 
danzo5959: folds 
Rossu28: raises $0.15 to $0.25
piknikschet: raises $0.55 to $0.80
Rossu28: raises $1.60 to $2.40
piknikschet: raises $10.79 to $13.19 and is all-in
Rossu28: calls $8.48 and is all-in
Uncalled bet ($2.31) returned to piknikschet
*** FLOP *** [Kh As 9c]
*** TURN *** [Kh As 9c] [6d]
*** RIVER *** [Kh As 9c 6d] [Jd]
*** SHOW DOWN ***
Rossu28: shows [Kd Ah] (two pair, Aces and Kings)
piknikschet: shows [Qs Qd] (a pair of Queens)
Rossu28 collected $20.78 from pot
*** SUMMARY ***
Total pot $21.76 | Rake $0.98 
Board [Kh As 9c 6d Jd]
Seat 1: danzo5959 (button) folded before Flop (didn't bet)
Seat 2: Rossu28 (small blind) showed [Kd Ah] and won ($20.78) with two pair, Aces and Kings
Seat 3: piknikschet (big blind) showed [Qs Qd] and lost with a pair of Queens
Seat 4: Mahu2021 folded before Flop (didn't bet)
Seat 5: F2u&F2urFace folded before Flop (didn't bet)
Seat 6: DechiréDuCul folded before Flop (didn't bet)



PokerStars Zoom Hand #254939200181:  Hold'em No Limit ($0.05/$0.10) - 2025/02/19 13:26:40 CET [2025/02/19 7:26:40 ET]
Table 'Aludra' 6-max Seat #1 is the button
Seat 1: tafarel8 ($13.13 in chips) 
Seat 2: daniela5070 ($18.15 in chips) 
Seat 3: ji6413 ($21.45 in chips) 
Seat 4: piknikschet ($10.16 in chips) 
Seat 5: Mahu2021 ($8.34 in chips) 
Seat 6: paulgttdi ($12.35 in chips) 
daniela5070: posts small blind $0.05
ji6413: posts big blind $0.10
*** HOLE CARDS ***
Dealt to Mahu2021 [As Qs]
piknikschet: folds 
Mahu2021: raises $0.14 to $0.24
paulgttdi: folds 
tafarel8: folds 
daniela5070: folds 
ji6413: folds 
Uncalled bet ($0.14) returned to Mahu2021
Mahu2021 collected $0.25 from pot
Mahu2021: doesn't show hand 
*** SUMMARY ***
Total pot $0.25 | Rake $0 
Seat 1: tafarel8 (button) folded before Flop (didn't bet)
Seat 2: daniela5070 (small blind) folded before Flop
Seat 3: ji6413 (big blind) folded before Flop
Seat 4: piknikschet folded before Flop (didn't bet)
Seat 5: Mahu2021 collected ($0.25)
Seat 6: paulgttdi folded before Flop (didn't bet)



PokerStars Zoom Hand #254939199725:  Hold'em No Limit ($0.05/$0.10) - 2025/02/19 13:26:37 CET [2025/02/19 7:26:37 ET]
Table 'Aludra' 6-max Seat #1 is the button
Seat 1: Mahu2021 ($8.34 in chips) 
Seat 2: Rashins ($9.55 in chips) 
Seat 3: krix123 ($2.92 in chips) 
Seat 4: daniela5070 ($18.15 in chips) 
Seat 5: afwing16 ($29.50 in chips) 
Seat 6: Always Thx ($12.92 in chips) 
Rashins: posts small blind $0.05
krix123: posts big blind $0.10
*** HOLE CARDS ***
Dealt to Mahu2021 [7d Qh]
daniela5070: folds 
afwing16: folds 
Always Thx: folds 
Mahu2021: folds 
Rashins: folds 
Uncalled bet ($0.05) returned to krix123
krix123 collected $0.10 from pot
krix123: doesn't show hand 
*** SUMMARY ***
Total pot $0.10 | Rake $0 
Seat 1: Mahu2021 (button) folded before Flop (didn't bet)
Seat 2: Rashins (small blind) folded before Flop
Seat 3: krix123 (big blind) collected ($0.10)
Seat 4: daniela5070 folded before Flop (didn't bet)
Seat 5: afwing16 folded before Flop (didn't bet)
Seat 6: Always Thx folded before Flop (didn't bet)



PokerStars Zoom Hand #254939199181:  Hold'em No Limit ($0.05/$0.10) - 2025/02/19 13:26:33 CET [2025/02/19 7:26:33 ET]
Table 'Aludra' 6-max Seat #1 is the button
Seat 1: Dimon_55_77 ($11.94 in chips) 
Seat 2: ArtemSnapkouski ($17.88 in chips) 
Seat 3: AgreeableWorm ($7.44 in chips) 
Seat 4: Belphegor228 ($6.34 in chips) 
Seat 5: KrysuSkerdikas ($7.99 in chips) 
Seat 6: Mahu2021 ($8.34 in chips) 
ArtemSnapkouski: posts small blind $0.05
AgreeableWorm: posts big blind $0.10
*** HOLE CARDS ***
Dealt to Mahu2021 [8h Qs]
Belphegor228: folds 
KrysuSkerdikas: folds 
Mahu2021: folds 
Dimon_55_77: raises $0.15 to $0.25
ArtemSnapkouski: folds 
AgreeableWorm: folds 
Uncalled bet ($0.15) returned to Dimon_55_77
Dimon_55_77 collected $0.25 from pot
Dimon_55_77: doesn't show hand 
*** SUMMARY ***
Total pot $0.25 | Rake $0 
Seat 1: Dimon_55_77 (button) collected ($0.25)
Seat 2: ArtemSnapkouski (small blind) folded before Flop
Seat 3: AgreeableWorm (big blind) folded before Flop
Seat 4: Belphegor228 folded before Flop (didn't bet)
Seat 5: KrysuSkerdikas folded before Flop (didn't bet)
Seat 6: Mahu2021 folded before Flop (didn't bet)



PokerStars Zoom Hand #254939196679:  Hold'em No Limit ($0.05/$0.10) - 2025/02/19 13:26:15 CET [2025/02/19 7:26:15 ET]
Table 'Aludra' 6-max Seat #1 is the button
Seat 1: ArtemSnapkouski ($19.01 in chips) 
Seat 2: Mahu2021 ($8.49 in chips) 
Seat 3: Dagobert96 ($18.03 in chips) 
Seat 4: DechiréDuCul ($6.10 in chips) 
Seat 5: thechad7 ($38.43 in chips) 
Seat 6: klaus951 ($8.96 in chips) 
Mahu2021: posts small blind $0.05
Dagobert96: posts big blind $0.10
*** HOLE CARDS ***
Dealt to Mahu2021 [4c Jh]
DechiréDuCul: folds 
thechad7: folds 
klaus951: folds 
ArtemSnapkouski: raises $0.20 to $0.30
Mahu2021: folds 
Dagobert96: calls $0.20
*** FLOP *** [7s Qs Ks]
Dagobert96: checks 
ArtemSnapkouski: bets $0.31
Dagobert96: calls $0.31
*** TURN *** [7s Qs Ks] [Qh]
Dagobert96: checks 
ArtemSnapkouski: checks 
*** RIVER *** [7s Qs Ks Qh] [8h]
Dagobert96: bets $0.42
ArtemSnapkouski: calls $0.42
*** SHOW DOWN ***
Dagobert96: shows [Qd 5s] (three of a kind, Queens)
ArtemSnapkouski: mucks hand 
Dagobert96 collected $2 from pot
*** SUMMARY ***
Total pot $2.11 | Rake $0.11 
Board [7s Qs Ks Qh 8h]
Seat 1: ArtemSnapkouski (button) mucked [8s 7h]
Seat 2: Mahu2021 (small blind) folded before Flop
Seat 3: Dagobert96 (big blind) showed [Qd 5s] and won ($2) with three of a kind, Queens
Seat 4: DechiréDuCul folded before Flop (didn't bet)
Seat 5: thechad7 folded before Flop (didn't bet)
Seat 6: klaus951 folded before Flop (didn't bet)



PokerStars Zoom Hand #254939202348:  Hold'em No Limit ($0.05/$0.10) - 2025/02/19 13:26:56 CET [2025/02/19 7:26:56 ET]
Table 'Aludra' 6-max Seat #1 is the button
Seat 1: Always Thx ($12.92 in chips) 
Seat 2: thechad7 ($52.24 in chips) 
Seat 3: Mahu2021 ($8.49 in chips) 
Seat 4: piknikschet ($34.12 in chips) 
Seat 5: emo114 ($19.31 in chips) 
Seat 6: johnyb1972 ($10.61 in chips) 
thechad7: posts small blind $0.05
Mahu2021: posts big blind $0.10
*** HOLE CARDS ***
Dealt to Mahu2021 [8c Jc]
piknikschet: folds 
emo114: raises $0.25 to $0.35
johnyb1972: folds 
Always Thx: folds 
thechad7: folds 
Mahu2021: folds 
Uncalled bet ($0.25) returned to emo114
emo114 collected $0.25 from pot
emo114: doesn't show hand 
*** SUMMARY ***
Total pot $0.25 | Rake $0 
Seat 1: Always Thx (button) folded before Flop (didn't bet)
Seat 2: thechad7 (small blind) folded before Flop
Seat 3: Mahu2021 (big blind) folded before Flop
Seat 4: piknikschet folded before Flop (didn't bet)
Seat 5: emo114 collected ($0.25)
Seat 6: johnyb1972 folded before Flop (didn't bet)



PokerStars Zoom Hand #254939201779:  Hold'em No Limit ($0.05/$0.10) - 2025/02/19 13:26:52 CET [2025/02/19 7:26:52 ET]
Table 'Aludra' 6-max Seat #1 is the button
Seat 1: Alonso_FN ($15.81 in chips) 
Seat 2: KrysuSkerdikas ($7.99 in chips) 
Seat 3: ArtemSnapkouski ($17.83 in chips) 
Seat 4: premier0124 ($12.75 in chips) 
Seat 5: krix123 ($2.97 in chips) 
Seat 6: Mahu2021 ($8.49 in chips) 
KrysuSkerdikas: posts small blind $0.05
ArtemSnapkouski: posts big blind $0.10
*** HOLE CARDS ***
Dealt to Mahu2021 [Ad 2s]
premier0124: folds 
krix123: raises $0.10 to $0.20
Mahu2021: folds 
Alonso_FN: calls $0.20
KrysuSkerdikas: folds 
ArtemSnapkouski: calls $0.10
*** FLOP *** [8s 6c 2c]
ArtemSnapkouski: checks 
krix123: bets $0.31
Alonso_FN: calls $0.31
ArtemSnapkouski: folds 
*** TURN *** [8s 6c 2c] [Jh]
krix123: checks 
Alonso_FN: bets $0.93
krix123: folds 
Uncalled bet ($0.93) returned to Alonso_FN
Alonso_FN collected $1.21 from pot
Alonso_FN: doesn't show hand 
*** SUMMARY ***
Total pot $1.27 | Rake $0.06 
Board [8s 6c 2c Jh]
Seat 1: Alonso_FN (button) collected ($1.21)
Seat 2: KrysuSkerdikas (small blind) folded before Flop
Seat 3: ArtemSnapkouski (big blind) folded on the Flop
Seat 4: premier0124 folded before Flop (didn't bet)
Seat 5: krix123 folded on the Turn
Seat 6: Mahu2021 folded before Flop (didn't bet)



PokerStars Zoom Hand #254939203793:  Hold'em No Limit ($0.05/$0.10) - 2025/02/19 13:27:07 CET [2025/02/19 7:27:07 ET]
Table 'Aludra' 6-max Seat #1 is the button
Seat 1: Chakanicki ($4.56 in chips) 
Seat 2: Mahu2021 ($8.39 in chips) 
Seat 3: Always Thx ($12.92 in chips) 
Seat 4: camilo13186 ($9.21 in chips) 
Seat 5: Dimon_55_77 ($12.24 in chips) 
Seat 6: dave gaudy ($38.39 in chips) 
Mahu2021: posts small blind $0.05
Always Thx: posts big blind $0.10
*** HOLE CARDS ***
Dealt to Mahu2021 [As 9s]
camilo13186: folds 
Dimon_55_77: folds 
dave gaudy: folds 
Chakanicki: raises $0.25 to $0.35
Mahu2021: calls $0.30
Always Thx: calls $0.25
*** FLOP *** [Js Th 6s]
Mahu2021: checks 
Always Thx: checks 
Chakanicki: checks 
*** TURN *** [Js Th 6s] [5d]
Mahu2021: checks 
Always Thx: checks 
Chakanicki: checks 
*** RIVER *** [Js Th 6s 5d] [Kc]
Mahu2021: checks 
Always Thx: checks 
Chakanicki: checks 
*** SHOW DOWN ***
Mahu2021: shows [As 9s] (high card Ace)
Always Thx: shows [8d Jd] (a pair of Jacks)
Chakanicki: mucks hand 
Always Thx collected $1 from pot
*** SUMMARY ***
Total pot $1.05 | Rake $0.05 
Board [Js Th 6s 5d Kc]
Seat 1: Chakanicki (button) mucked [2s 2d]
Seat 2: Mahu2021 (small blind) showed [As 9s] and lost with high card Ace
Seat 3: Always Thx (big blind) showed [8d Jd] and won ($1) with a pair of Jacks
Seat 4: camilo13186 folded before Flop (didn't bet)
Seat 5: Dimon_55_77 folded before Flop (didn't bet)
Seat 6: dave gaudy folded before Flop (didn't bet)



PokerStars Zoom Hand #254939211897:  Hold'em No Limit ($0.05/$0.10) - 2025/02/19 13:28:06 CET [2025/02/19 7:28:06 ET]
Table 'Aludra' 6-max Seat #1 is the button
Seat 1: Chakanicki ($4.21 in chips) 
Seat 2: alanindublin ($24 in chips) 
Seat 3: alexisabos3 ($11.30 in chips) 
Seat 4: Belphegor228 ($6.71 in chips) 
Seat 5: Mahu2021 ($8.04 in chips) 
Seat 6: klaus951 ($7.69 in chips) 
alanindublin: posts small blind $0.05
alexisabos3: posts big blind $0.10
*** HOLE CARDS ***
Dealt to Mahu2021 [Th 9c]
Belphegor228: folds 
Mahu2021: folds 
klaus951: folds 
Chakanicki: folds 
alanindublin: folds 
Uncalled bet ($0.05) returned to alexisabos3
alexisabos3 collected $0.10 from pot
alexisabos3: doesn't show hand 
*** SUMMARY ***
Total pot $0.10 | Rake $0 
Seat 1: Chakanicki (button) folded before Flop (didn't bet)
Seat 2: alanindublin (small blind) folded before Flop
Seat 3: alexisabos3 (big blind) collected ($0.10)
Seat 4: Belphegor228 folded before Flop (didn't bet)
Seat 5: Mahu2021 folded before Flop (didn't bet)
Seat 6: klaus951 folded before Flop (didn't bet)



PokerStars Zoom Hand #254939209827:  Hold'em No Limit ($0.05/$0.10) - 2025/02/19 13:27:51 CET [2025/02/19 7:27:51 ET]
Table 'Aludra' 6-max Seat #1 is the button
Seat 1: Mahu2021 ($8.04 in chips) 
Seat 2: ChuruBDO ($10.05 in chips) 
Seat 3: VitorArj ($10.40 in chips) 
Seat 4: rocky0076 ($4.85 in chips) 
Seat 5: Always Thx ($13.57 in chips) 
Seat 6: ForLeonko13 ($10 in chips) 
ChuruBDO: posts small blind $0.05
VitorArj: posts big blind $0.10
*** HOLE CARDS ***
Dealt to Mahu2021 [6s Ks]
rocky0076: folds 
Always Thx: raises $0.20 to $0.30
ForLeonko13: calls $0.30
Mahu2021: folds 
ChuruBDO: raises $1.20 to $1.50
VitorArj: folds 
Always Thx: folds 
ForLeonko13: folds 
Uncalled bet ($1.20) returned to ChuruBDO
ChuruBDO collected $1 from pot
ChuruBDO: doesn't show hand 
*** SUMMARY ***
Total pot $1 | Rake $0 
Seat 1: Mahu2021 (button) folded before Flop (didn't bet)
Seat 2: ChuruBDO (small blind) collected ($1)
Seat 3: VitorArj (big blind) folded before Flop
Seat 4: rocky0076 folded before Flop (didn't bet)
Seat 5: Always Thx folded before Flop
Seat 6: ForLeonko13 folded before Flop



PokerStars Zoom Hand #254939212622:  Hold'em No Limit ($0.05/$0.10) - 2025/02/19 13:28:12 CET [2025/02/19 7:28:12 ET]
Table 'Aludra' 6-max Seat #1 is the button
Seat 1: piknikschet ($37.24 in chips) 
Seat 2: tafarel8 ($10 in chips) 
Seat 3: ForLeonko13 ($10.15 in chips) 
Seat 4: Alonso_FN ($16.43 in chips) 
Seat 5: augtoth ($10 in chips) 
Seat 6: Mahu2021 ($8.04 in chips) 
tafarel8: posts small blind $0.05
ForLeonko13: posts big blind $0.10
*** HOLE CARDS ***
Dealt to Mahu2021 [5h 8c]
Alonso_FN: folds 
augtoth: folds 
Mahu2021: folds 
piknikschet: folds 
tafarel8: raises $0.20 to $0.30
ForLeonko13: folds 
Uncalled bet ($0.20) returned to tafarel8
tafarel8 collected $0.20 from pot
tafarel8: doesn't show hand 
*** SUMMARY ***
Total pot $0.20 | Rake $0 
Seat 1: piknikschet (button) folded before Flop (didn't bet)
Seat 2: tafarel8 (small blind) collected ($0.20)
Seat 3: ForLeonko13 (big blind) folded before Flop
Seat 4: Alonso_FN folded before Flop (didn't bet)
Seat 5: augtoth folded before Flop (didn't bet)
Seat 6: Mahu2021 folded before Flop (didn't bet)



PokerStars Zoom Hand #254939213172:  Hold'em No Limit ($0.05/$0.10) - 2025/02/19 13:28:16 CET [2025/02/19 7:28:16 ET]
Table 'Aludra' 6-max Seat #1 is the button
Seat 1: acebob999 ($12.93 in chips) 
Seat 2: Always Thx ($13.27 in chips) 
Seat 3: Mahu2021 ($8.04 in chips) 
Seat 4: AgreeableWorm ($5.47 in chips) 
Seat 5: DechiréDuCul ($6.55 in chips) 
Seat 6: aimaisan ($13.29 in chips) 
Always Thx: posts small blind $0.05
Mahu2021: posts big blind $0.10
*** HOLE CARDS ***
Dealt to Mahu2021 [6d 3c]
AgreeableWorm: folds 
DechiréDuCul: folds 
aimaisan: folds 
acebob999: folds 
Always Thx: raises $0.20 to $0.30
Mahu2021: folds 
Uncalled bet ($0.20) returned to Always Thx
Always Thx collected $0.20 from pot
Always Thx: doesn't show hand 
*** SUMMARY ***
Total pot $0.20 | Rake $0 
Seat 1: acebob999 (button) folded before Flop (didn't bet)
Seat 2: Always Thx (small blind) collected ($0.20)
Seat 3: Mahu2021 (big blind) folded before Flop
Seat 4: AgreeableWorm folded before Flop (didn't bet)
Seat 5: DechiréDuCul folded before Flop (didn't bet)
Seat 6: aimaisan folded before Flop (didn't bet)



PokerStars Zoom Hand #254939211303:  Hold'em No Limit ($0.05/$0.10) - 2025/02/19 13:28:02 CET [2025/02/19 7:28:02 ET]
Table 'Aludra' 6-max Seat #1 is the button
Seat 1: KidMamba ($22.34 in chips) 
Seat 2: KrysuSkerdikas ($6.04 in chips) 
Seat 3: Dagobert96 ($19.36 in chips) 
Seat 4: Mahu2021 ($8.04 in chips) 
Seat 5: Whytek_Bear ($22.09 in chips) 
Seat 6: tafarel8 ($12.98 in chips) 
KrysuSkerdikas: posts small blind $0.05
Dagobert96: posts big blind $0.10
*** HOLE CARDS ***
Dealt to Mahu2021 [Ts 2s]
Mahu2021: folds 
Whytek_Bear: raises $0.10 to $0.20
tafarel8: folds 
KidMamba: folds 
KrysuSkerdikas: folds 
Dagobert96: calls $0.10
*** FLOP *** [5s 3s Qc]
Dagobert96: bets $0.20
Whytek_Bear: calls $0.20
*** TURN *** [5s 3s Qc] [8s]
Dagobert96: bets $0.81
Whytek_Bear: calls $0.81
*** RIVER *** [5s 3s Qc 8s] [6s]
Dagobert96: bets $1.15
Whytek_Bear: calls $1.15
*** SHOW DOWN ***
Dagobert96: shows [6c Ah] (a pair of Sixes)
Whytek_Bear: shows [Kc Qs] (a flush, Queen high)
Whytek_Bear collected $4.56 from pot
*** SUMMARY ***
Total pot $4.77 | Rake $0.21 
Board [5s 3s Qc 8s 6s]
Seat 1: KidMamba (button) folded before Flop (didn't bet)
Seat 2: KrysuSkerdikas (small blind) folded before Flop
Seat 3: Dagobert96 (big blind) showed [6c Ah] and lost with a pair of Sixes
Seat 4: Mahu2021 folded before Flop (didn't bet)
Seat 5: Whytek_Bear showed [Kc Qs] and won ($4.56) with a flush, Queen high
Seat 6: tafarel8 folded before Flop (didn't bet)



PokerStars Zoom Hand #254939216371:  Hold'em No Limit ($0.05/$0.10) - 2025/02/19 13:28:39 CET [2025/02/19 7:28:39 ET]
Table 'Aludra' 6-max Seat #1 is the button
Seat 1: Whytek_Bear ($13 in chips) 
Seat 2: Mahu2021 ($7.94 in chips) 
Seat 3: choibaki ($10 in chips) 
Seat 4: sebbeh66 ($9.27 in chips) 
Seat 5: krix123 ($2.40 in chips) 
Seat 6: PaytonJN ($27.53 in chips) 
Mahu2021: posts small blind $0.05
choibaki: posts big blind $0.10
*** HOLE CARDS ***
Dealt to Mahu2021 [Ad 4s]
sebbeh66: calls $0.10
krix123: folds 
PaytonJN: calls $0.10
Whytek_Bear: raises $0.55 to $0.65
Mahu2021: folds 
choibaki: folds 
sebbeh66: folds 
PaytonJN: folds 
Uncalled bet ($0.55) returned to Whytek_Bear
Whytek_Bear collected $0.45 from pot
Whytek_Bear: doesn't show hand 
*** SUMMARY ***
Total pot $0.45 | Rake $0 
Seat 1: Whytek_Bear (button) collected ($0.45)
Seat 2: Mahu2021 (small blind) folded before Flop
Seat 3: choibaki (big blind) folded before Flop
Seat 4: sebbeh66 folded before Flop
Seat 5: krix123 folded before Flop (didn't bet)
Seat 6: PaytonJN folded before Flop



PokerStars Zoom Hand #254939218111:  Hold'em No Limit ($0.05/$0.10) - 2025/02/19 13:28:52 CET [2025/02/19 7:28:52 ET]
Table 'Aludra' 6-max Seat #1 is the button
Seat 1: krix123 ($2.30 in chips) 
Seat 2: Dimon_55_77 ($13.32 in chips) 
Seat 3: Alonso_FN ($16.38 in chips) 
Seat 4: der_dennis_d ($9.96 in chips) 
Seat 5: Mahu2021 ($7.89 in chips) 
Seat 6: piknikschet ($46.61 in chips) 
Dimon_55_77: posts small blind $0.05
Alonso_FN: posts big blind $0.10
*** HOLE CARDS ***
Dealt to Mahu2021 [Jd 3s]
der_dennis_d: folds 
Mahu2021: folds 
piknikschet: folds 
krix123: folds 
Dimon_55_77: raises $0.20 to $0.30
Alonso_FN: folds 
Uncalled bet ($0.20) returned to Dimon_55_77
Dimon_55_77 collected $0.20 from pot
Dimon_55_77: doesn't show hand 
*** SUMMARY ***
Total pot $0.20 | Rake $0 
Seat 1: krix123 (button) folded before Flop (didn't bet)
Seat 2: Dimon_55_77 (small blind) collected ($0.20)
Seat 3: Alonso_FN (big blind) folded before Flop
Seat 4: der_dennis_d folded before Flop (didn't bet)
Seat 5: Mahu2021 folded before Flop (didn't bet)
Seat 6: piknikschet folded before Flop (didn't bet)



PokerStars Zoom Hand #254939215841:  Hold'em No Limit ($0.05/$0.10) - 2025/02/19 13:28:35 CET [2025/02/19 7:28:35 ET]
Table 'Aludra' 6-max Seat #1 is the button
Seat 1: Mahu2021 ($7.94 in chips) 
Seat 2: krix123 ($2.45 in chips) 
Seat 3: ForLeonko13 ($10 in chips) 
Seat 4: alanindublin ($23.85 in chips) 
Seat 5: paulgttdi ($13.89 in chips) 
Seat 6: ChuruBDO ($10.75 in chips) 
krix123: posts small blind $0.05
ForLeonko13: posts big blind $0.10
*** HOLE CARDS ***
Dealt to Mahu2021 [6h 2c]
alanindublin: folds 
paulgttdi: raises $0.10 to $0.20
ChuruBDO: raises $0.40 to $0.60
Mahu2021: folds 
krix123: folds 
ForLeonko13: folds 
paulgttdi: calls $0.40
*** FLOP *** [9c Jc Ac]
paulgttdi: checks 
ChuruBDO: bets $0.43
paulgttdi: folds 
Uncalled bet ($0.43) returned to ChuruBDO
ChuruBDO collected $1.29 from pot
ChuruBDO: doesn't show hand 
*** SUMMARY ***
Total pot $1.35 | Rake $0.06 
Board [9c Jc Ac]
Seat 1: Mahu2021 (button) folded before Flop (didn't bet)
Seat 2: krix123 (small blind) folded before Flop
Seat 3: ForLeonko13 (big blind) folded before Flop
Seat 4: alanindublin folded before Flop (didn't bet)
Seat 5: paulgttdi folded on the Flop
Seat 6: ChuruBDO collected ($1.29)



PokerStars Zoom Hand #254939219997:  Hold'em No Limit ($0.05/$0.10) - 2025/02/19 13:29:06 CET [2025/02/19 7:29:06 ET]
Table 'Aludra' 6-max Seat #1 is the button
Seat 1: premier0124 ($13 in chips) 
Seat 2: emo114 ($18.21 in chips) 
Seat 3: ForLeonko13 ($10 in chips) 
Seat 4: AgreeableWorm ($8.71 in chips) 
Seat 5: Mahu2021 ($7.89 in chips) 
Seat 6: fistiki7 ($16.43 in chips) 
emo114: posts small blind $0.05
ForLeonko13: posts big blind $0.10
*** HOLE CARDS ***
Dealt to Mahu2021 [Kd 2c]
AgreeableWorm: folds 
Mahu2021: folds 
fistiki7: folds 
premier0124: folds 
emo114: folds 
Uncalled bet ($0.05) returned to ForLeonko13
ForLeonko13 collected $0.10 from pot
ForLeonko13: doesn't show hand 
*** SUMMARY ***
Total pot $0.10 | Rake $0 
Seat 1: premier0124 (button) folded before Flop (didn't bet)
Seat 2: emo114 (small blind) folded before Flop
Seat 3: ForLeonko13 (big blind) collected ($0.10)
Seat 4: AgreeableWorm folded before Flop (didn't bet)
Seat 5: Mahu2021 folded before Flop (didn't bet)
Seat 6: fistiki7 folded before Flop (didn't bet)



PokerStars Zoom Hand #254939220546:  Hold'em No Limit ($0.05/$0.10) - 2025/02/19 13:29:10 CET [2025/02/19 7:29:10 ET]
Table 'Aludra' 6-max Seat #1 is the button
Seat 1: fistiki7 ($16.43 in chips) 
Seat 2: Jordanl27 ($63.71 in chips) 
Seat 3: Mahu2021 ($7.89 in chips) 
Seat 4: Capitão Coin ($7.69 in chips) 
Seat 5: Belphegor228 ($6.66 in chips) 
Seat 6: premier0124 ($13 in chips) 
Jordanl27: posts small blind $0.05
Mahu2021: posts big blind $0.10
*** HOLE CARDS ***
Dealt to Mahu2021 [8s 2c]
Capitão Coin: folds 
Belphegor228: folds 
premier0124: folds 
fistiki7: folds 
Jordanl27: folds 
Uncalled bet ($0.05) returned to Mahu2021
Mahu2021 collected $0.10 from pot
Mahu2021: doesn't show hand 
*** SUMMARY ***
Total pot $0.10 | Rake $0 
Seat 1: fistiki7 (button) folded before Flop (didn't bet)
Seat 2: Jordanl27 (small blind) folded before Flop
Seat 3: Mahu2021 (big blind) collected ($0.10)
Seat 4: Capitão Coin folded before Flop (didn't bet)
Seat 5: Belphegor228 folded before Flop (didn't bet)
Seat 6: premier0124 folded before Flop (didn't bet)



PokerStars Zoom Hand #254939222264:  Hold'em No Limit ($0.05/$0.10) - 2025/02/19 13:29:22 CET [2025/02/19 7:29:22 ET]
Table 'Aludra' 6-max Seat #1 is the button
Seat 1: PaytonJN ($27.33 in chips) 
Seat 2: Pholiveira81 ($6.15 in chips) 
Seat 3: unknown122 ($10 in chips) 
Seat 4: augtoth ($10 in chips) 
Seat 5: BetXD ($10.16 in chips) 
Seat 6: Mahu2021 ($7.94 in chips) 
Pholiveira81: posts small blind $0.05
unknown122: posts big blind $0.10
*** HOLE CARDS ***
Dealt to Mahu2021 [7d Kc]
augtoth: folds 
BetXD: folds 
Mahu2021: folds 
PaytonJN: raises $0.20 to $0.30
Pholiveira81: calls $0.25
unknown122: folds 
*** FLOP *** [6d Ad 7h]
Pholiveira81: checks 
PaytonJN: bets $0.34
Pholiveira81: folds 
Uncalled bet ($0.34) returned to PaytonJN
PaytonJN collected $0.67 from pot
PaytonJN: doesn't show hand 
*** SUMMARY ***
Total pot $0.70 | Rake $0.03 
Board [6d Ad 7h]
Seat 1: PaytonJN (button) collected ($0.67)
Seat 2: Pholiveira81 (small blind) folded on the Flop
Seat 3: unknown122 (big blind) folded before Flop
Seat 4: augtoth folded before Flop (didn't bet)
Seat 5: BetXD folded before Flop (didn't bet)
Seat 6: Mahu2021 folded before Flop (didn't bet)



PokerStars Zoom Hand #254939224988:  Hold'em No Limit ($0.05/$0.10) - 2025/02/19 13:29:42 CET [2025/02/19 7:29:42 ET]
Table 'Aludra' 6-max Seat #1 is the button
Seat 1: emo114 ($19.65 in chips) 
Seat 2: zinluz ($15.22 in chips) 
Seat 3: Rossu28 ($22.38 in chips) 
Seat 4: Mahu2021 ($7.89 in chips) 
Seat 5: Jordanl27 ($18.73 in chips) 
Seat 6: trikjy ($10 in chips) 
zinluz: posts small blind $0.05
Rossu28: posts big blind $0.10
*** HOLE CARDS ***
Dealt to Mahu2021 [Th 5s]
Mahu2021: folds 
Jordanl27: folds 
trikjy: folds 
emo114: folds 
zinluz: raises $0.12 to $0.22
Rossu28: folds 
Uncalled bet ($0.12) returned to zinluz
zinluz collected $0.20 from pot
zinluz: doesn't show hand 
*** SUMMARY ***
Total pot $0.20 | Rake $0 
Seat 1: emo114 (button) folded before Flop (didn't bet)
Seat 2: zinluz (small blind) collected ($0.20)
Seat 3: Rossu28 (big blind) folded before Flop
Seat 4: Mahu2021 folded before Flop (didn't bet)
Seat 5: Jordanl27 folded before Flop (didn't bet)
Seat 6: trikjy folded before Flop (didn't bet)



PokerStars Zoom Hand #254939225409:  Hold'em No Limit ($0.05/$0.10) - 2025/02/19 13:29:45 CET [2025/02/19 7:29:45 ET]
Table 'Aludra' 6-max Seat #1 is the button
Seat 1: emo114 ($18.06 in chips) 
Seat 2: rocky0076 ($4.55 in chips) 
Seat 3: aimaisan ($13.09 in chips) 
Seat 4: Mahu2021 ($7.89 in chips) 
Seat 5: fistiki7 ($16.70 in chips) 
Seat 6: Pholiveira81 ($5.85 in chips) 
rocky0076: posts small blind $0.05
aimaisan: posts big blind $0.10
*** HOLE CARDS ***
Dealt to Mahu2021 [Jd Ts]
Mahu2021: folds 
fistiki7: folds 
Pholiveira81: folds 
emo114: folds 
rocky0076: raises $0.20 to $0.30
aimaisan: folds 
Uncalled bet ($0.20) returned to rocky0076
rocky0076 collected $0.20 from pot
rocky0076: doesn't show hand 
*** SUMMARY ***
Total pot $0.20 | Rake $0 
Seat 1: emo114 (button) folded before Flop (didn't bet)
Seat 2: rocky0076 (small blind) collected ($0.20)
Seat 3: aimaisan (big blind) folded before Flop
Seat 4: Mahu2021 folded before Flop (didn't bet)
Seat 5: fistiki7 folded before Flop (didn't bet)
Seat 6: Pholiveira81 folded before Flop (didn't bet)



PokerStars Zoom Hand #254939222790:  Hold'em No Limit ($0.05/$0.10) - 2025/02/19 13:29:26 CET [2025/02/19 7:29:26 ET]
Table 'Aludra' 6-max Seat #1 is the button
Seat 1: CaJe94 ($10 in chips) 
Seat 2: Mahu2021 ($7.94 in chips) 
Seat 3: emo114 ($18.16 in chips) 
Seat 4: augtoth ($13.07 in chips) 
Seat 5: tafarel8 ($12.83 in chips) 
Seat 6: Dimon_55_77 ($10.72 in chips) 
Mahu2021: posts small blind $0.05
emo114: posts big blind $0.10
*** HOLE CARDS ***
Dealt to Mahu2021 [Js Qc]
augtoth: folds 
tafarel8: folds 
Dimon_55_77: raises $0.15 to $0.25
CaJe94: raises $0.65 to $0.90
Mahu2021: folds 
emo114: folds 
Dimon_55_77: folds 
Uncalled bet ($0.65) returned to CaJe94
CaJe94 collected $0.65 from pot
CaJe94: doesn't show hand 
*** SUMMARY ***
Total pot $0.65 | Rake $0 
Seat 1: CaJe94 (button) collected ($0.65)
Seat 2: Mahu2021 (small blind) folded before Flop
Seat 3: emo114 (big blind) folded before Flop
Seat 4: augtoth folded before Flop (didn't bet)
Seat 5: tafarel8 folded before Flop (didn't bet)
Seat 6: Dimon_55_77 folded before Flop



PokerStars Zoom Hand #254939219370:  Hold'em No Limit ($0.05/$0.10) - 2025/02/19 13:29:01 CET [2025/02/19 7:29:01 ET]
Table 'Aludra' 6-max Seat #1 is the button
Seat 1: premier0124 ($13 in chips) 
Seat 2: johnyb1972 ($10.61 in chips) 
Seat 3: F2u&F2urFace ($10.82 in chips) 
Seat 4: Mahu2021 ($7.89 in chips) 
Seat 5: fistiki7 ($16.43 in chips) 
Seat 6: trikjy ($10.10 in chips) 
johnyb1972: posts small blind $0.05
F2u&F2urFace: posts big blind $0.10
*** HOLE CARDS ***
Dealt to Mahu2021 [Qd 6c]
Mahu2021: folds 
fistiki7: folds 
trikjy: raises $0.15 to $0.25
premier0124: folds 
johnyb1972: calls $0.20
F2u&F2urFace: folds 
*** FLOP *** [Td Kd 3s]
johnyb1972: checks 
trikjy: bets $0.19
johnyb1972: calls $0.19
*** TURN *** [Td Kd 3s] [9c]
johnyb1972: checks 
trikjy: bets $0.70
johnyb1972: calls $0.70
*** RIVER *** [Td Kd 3s 9c] [3h]
johnyb1972: checks 
trikjy: checks 
*** SHOW DOWN ***
johnyb1972: shows [7d 6d] (a pair of Threes)
trikjy: shows [8s 7s] (a pair of Threes)
johnyb1972 collected $1.14 from pot
trikjy collected $1.13 from pot
*** SUMMARY ***
Total pot $2.38 | Rake $0.11 
Board [Td Kd 3s 9c 3h]
Seat 1: premier0124 (button) folded before Flop (didn't bet)
Seat 2: johnyb1972 (small blind) showed [7d 6d] and won ($1.14) with a pair of Threes
Seat 3: F2u&F2urFace (big blind) folded before Flop
Seat 4: Mahu2021 folded before Flop (didn't bet)
Seat 5: fistiki7 folded before Flop (didn't bet)
Seat 6: trikjy showed [8s 7s] and won ($1.13) with a pair of Threes



PokerStars Zoom Hand #254939226086:  Hold'em No Limit ($0.05/$0.10) - 2025/02/19 13:29:50 CET [2025/02/19 7:29:50 ET]
Table 'Aludra' 6-max Seat #1 is the button
Seat 1: Pholiveira81 ($5.85 in chips) 
Seat 2: schrank555 ($10.08 in chips) 
Seat 3: Mahu2021 ($7.89 in chips) 
Seat 4: sebbeh66 ($9.01 in chips) 
Seat 5: acebob999 ($13.26 in chips) 
Seat 6: Jordanl27 ($18.73 in chips) 
schrank555: posts small blind $0.05
Mahu2021: posts big blind $0.10
*** HOLE CARDS ***
Dealt to Mahu2021 [8s Ks]
sebbeh66: calls $0.10
acebob999: folds 
Jordanl27: folds 
Pholiveira81: folds 
schrank555: folds 
Mahu2021: checks 
*** FLOP *** [8d Ah 9d]
Mahu2021: checks 
sebbeh66: checks 
*** TURN *** [8d Ah 9d] [Qh]
Mahu2021: checks 
sebbeh66: bets $0.10
Mahu2021: calls $0.10
*** RIVER *** [8d Ah 9d Qh] [Tc]
Mahu2021: checks 
sebbeh66: bets $0.10
Mahu2021: folds 
Uncalled bet ($0.10) returned to sebbeh66
sebbeh66 collected $0.43 from pot
sebbeh66: doesn't show hand 
*** SUMMARY ***
Total pot $0.45 | Rake $0.02 
Board [8d Ah 9d Qh Tc]
Seat 1: Pholiveira81 (button) folded before Flop (didn't bet)
Seat 2: schrank555 (small blind) folded before Flop
Seat 3: Mahu2021 (big blind) folded on the River
Seat 4: sebbeh66 collected ($0.43)
Seat 5: acebob999 folded before Flop (didn't bet)
Seat 6: Jordanl27 folded before Flop (didn't bet)



PokerStars Zoom Hand #254939229564:  Hold'em No Limit ($0.05/$0.10) - 2025/02/19 13:30:15 CET [2025/02/19 7:30:15 ET]
Table 'Aludra' 6-max Seat #1 is the button
Seat 1: Mahu2021 ($7.69 in chips) 
Seat 2: sebbeh66 ($9.24 in chips) 
Seat 3: emo114 ($19.60 in chips) 
Seat 4: 50´s Ghost ($32.18 in chips) 
Seat 5: blysk ($13.13 in chips) 
Seat 6: alexisabos3 ($11.60 in chips) 
sebbeh66: posts small blind $0.05
emo114: posts big blind $0.10
*** HOLE CARDS ***
Dealt to Mahu2021 [Qh 3s]
50´s Ghost: folds 
blysk: raises $0.10 to $0.20
alexisabos3: folds 
Mahu2021: folds 
sebbeh66: calls $0.15
emo114: folds 
*** FLOP *** [Tc 8d Qs]
sebbeh66: bets $0.10
blysk: calls $0.10
*** TURN *** [Tc 8d Qs] [Ks]
sebbeh66: bets $0.10
blysk: calls $0.10
*** RIVER *** [Tc 8d Qs Ks] [Ad]
sebbeh66: bets $0.50
blysk: folds 
Uncalled bet ($0.50) returned to sebbeh66
sebbeh66 collected $0.86 from pot
sebbeh66: doesn't show hand 
*** SUMMARY ***
Total pot $0.90 | Rake $0.04 
Board [Tc 8d Qs Ks Ad]
Seat 1: Mahu2021 (button) folded before Flop (didn't bet)
Seat 2: sebbeh66 (small blind) collected ($0.86)
Seat 3: emo114 (big blind) folded before Flop
Seat 4: 50´s Ghost folded before Flop (didn't bet)
Seat 5: blysk folded on the River
Seat 6: alexisabos3 folded before Flop (didn't bet)



PokerStars Zoom Hand #254939230262:  Hold'em No Limit ($0.05/$0.10) - 2025/02/19 13:30:20 CET [2025/02/19 7:30:20 ET]
Table 'Aludra' 6-max Seat #1 is the button
Seat 1: MrCangrejoTh ($11.90 in chips) 
Seat 2: Mahu2021 ($7.69 in chips) 
Seat 3: KidMamba ($21.55 in chips) 
Seat 4: Footraiser ($14.98 in chips) 
Seat 5: alexisabos3 ($11.60 in chips) 
Seat 6: ChuruBDO ($11.84 in chips) 
Mahu2021: posts small blind $0.05
KidMamba: posts big blind $0.10
*** HOLE CARDS ***
Dealt to Mahu2021 [9c Th]
Footraiser is disconnected 
Footraiser has timed out while disconnected
Footraiser: folds 
alexisabos3: folds 
ChuruBDO: raises $0.10 to $0.20
MrCangrejoTh: folds 
Mahu2021: calls $0.15
KidMamba: folds 
*** FLOP *** [7d Qs 8h]
Mahu2021: checks 
ChuruBDO: bets $0.16
Mahu2021: calls $0.16
*** TURN *** [7d Qs 8h] [Jd]
Mahu2021: checks 
ChuruBDO: bets $0.40
Mahu2021: calls $0.40
*** RIVER *** [7d Qs 8h Jd] [Ts]
Mahu2021: checks 
ChuruBDO: checks 
*** SHOW DOWN ***
Mahu2021: shows [9c Th] (a straight, Eight to Queen)
ChuruBDO: mucks hand 
Mahu2021 collected $1.55 from pot
*** SUMMARY ***
Total pot $1.62 | Rake $0.07 
Board [7d Qs 8h Jd Ts]
Seat 1: MrCangrejoTh (button) folded before Flop (didn't bet)
Seat 2: Mahu2021 (small blind) showed [9c Th] and won ($1.55) with a straight, Eight to Queen
Seat 3: KidMamba (big blind) folded before Flop
Seat 4: Footraiser folded before Flop (didn't bet)
Seat 5: alexisabos3 folded before Flop (didn't bet)
Seat 6: ChuruBDO mucked [Kc Ks]



PokerStars Zoom Hand #254939235377:  Hold'em No Limit ($0.05/$0.10) - 2025/02/19 13:30:57 CET [2025/02/19 7:30:57 ET]
Table 'Aludra' 6-max Seat #1 is the button
Seat 1: krix123 ($2.57 in chips) 
Seat 2: CaJe94 ($13.06 in chips) 
Seat 3: Dimon_55_77 ($10.45 in chips) 
Seat 4: Capitão Coin ($7.44 in chips) 
Seat 5: KidMamba ($21.40 in chips) 
Seat 6: Mahu2021 ($8.48 in chips) 
CaJe94: posts small blind $0.05
Dimon_55_77: posts big blind $0.10
*** HOLE CARDS ***
Dealt to Mahu2021 [2h 4h]
Capitão Coin: folds 
KidMamba: folds 
Mahu2021: folds 
krix123: folds 
CaJe94: raises $0.20 to $0.30
Dimon_55_77: folds 
Uncalled bet ($0.20) returned to CaJe94
CaJe94 collected $0.20 from pot
CaJe94: doesn't show hand 
*** SUMMARY ***
Total pot $0.20 | Rake $0 
Seat 1: krix123 (button) folded before Flop (didn't bet)
Seat 2: CaJe94 (small blind) collected ($0.20)
Seat 3: Dimon_55_77 (big blind) folded before Flop
Seat 4: Capitão Coin folded before Flop (didn't bet)
Seat 5: KidMamba folded before Flop (didn't bet)
Seat 6: Mahu2021 folded before Flop (didn't bet)



PokerStars Zoom Hand #254939236131:  Hold'em No Limit ($0.05/$0.10) - 2025/02/19 13:31:03 CET [2025/02/19 7:31:03 ET]
Table 'Aludra' 6-max Seat #1 is the button
Seat 1: rocky0076 ($5.65 in chips) 
Seat 2: daniela5070 ($19.88 in chips) 
Seat 3: Capitão Coin ($7.44 in chips) 
Seat 4: Whytek_Bear ($13.05 in chips) 
Seat 5: Mahu2021 ($8.48 in chips) 
Seat 6: KrysuSkerdikas ($9.06 in chips) 
daniela5070: posts small blind $0.05
Capitão Coin: posts big blind $0.10
*** HOLE CARDS ***
Dealt to Mahu2021 [9s 4c]
Whytek_Bear: folds 
Mahu2021: folds 
KrysuSkerdikas: folds 
rocky0076: folds 
daniela5070: folds 
Uncalled bet ($0.05) returned to Capitão Coin
Capitão Coin collected $0.10 from pot
Capitão Coin: doesn't show hand 
*** SUMMARY ***
Total pot $0.10 | Rake $0 
Seat 1: rocky0076 (button) folded before Flop (didn't bet)
Seat 2: daniela5070 (small blind) folded before Flop
Seat 3: Capitão Coin (big blind) collected ($0.10)
Seat 4: Whytek_Bear folded before Flop (didn't bet)
Seat 5: Mahu2021 folded before Flop (didn't bet)
Seat 6: KrysuSkerdikas folded before Flop (didn't bet)



PokerStars Zoom Hand #254939236578:  Hold'em No Limit ($0.05/$0.10) - 2025/02/19 13:31:06 CET [2025/02/19 7:31:06 ET]
Table 'Aludra' 6-max Seat #1 is the button
Seat 1: Mahu2021 ($8.48 in chips) 
Seat 2: Whytek_Bear ($13.05 in chips) 
Seat 3: ChuruBDO ($11.08 in chips) 
Seat 4: trikjy ($10 in chips) 
Seat 5: AgreeableWorm ($9.16 in chips) 
Seat 6: Pholiveira81 ($6.22 in chips) 
Whytek_Bear: posts small blind $0.05
ChuruBDO: posts big blind $0.10
*** HOLE CARDS ***
Dealt to Mahu2021 [Jd 2c]
trikjy: folds 
AgreeableWorm: folds 
Pholiveira81: folds 
Mahu2021: folds 
Whytek_Bear: folds 
Uncalled bet ($0.05) returned to ChuruBDO
ChuruBDO collected $0.10 from pot
ChuruBDO: doesn't show hand 
*** SUMMARY ***
Total pot $0.10 | Rake $0 
Seat 1: Mahu2021 (button) folded before Flop (didn't bet)
Seat 2: Whytek_Bear (small blind) folded before Flop
Seat 3: ChuruBDO (big blind) collected ($0.10)
Seat 4: trikjy folded before Flop (didn't bet)
Seat 5: AgreeableWorm folded before Flop (didn't bet)
Seat 6: Pholiveira81 folded before Flop (didn't bet)



PokerStars Zoom Hand #254939237098:  Hold'em No Limit ($0.05/$0.10) - 2025/02/19 13:31:10 CET [2025/02/19 7:31:10 ET]
Table 'Aludra' 6-max Seat #1 is the button
Seat 1: CaJe94 ($11.35 in chips) 
Seat 2: emo114 ($21.36 in chips) 
Seat 3: MrCangrejoTh ($22.41 in chips) 
Seat 4: Alonso_FN ($16.93 in chips) 
Seat 5: Mahu2021 ($8.48 in chips) 
Seat 6: tafarel8 ($12.98 in chips) 
emo114: posts small blind $0.05
MrCangrejoTh: posts big blind $0.10
*** HOLE CARDS ***
Dealt to Mahu2021 [6s 2d]
Alonso_FN: folds 
Mahu2021: folds 
tafarel8: folds 
CaJe94: folds 
emo114: folds 
Uncalled bet ($0.05) returned to MrCangrejoTh
MrCangrejoTh collected $0.10 from pot
MrCangrejoTh: doesn't show hand 
*** SUMMARY ***
Total pot $0.10 | Rake $0 
Seat 1: CaJe94 (button) folded before Flop (didn't bet)
Seat 2: emo114 (small blind) folded before Flop
Seat 3: MrCangrejoTh (big blind) collected ($0.10)
Seat 4: Alonso_FN folded before Flop (didn't bet)
Seat 5: Mahu2021 folded before Flop (didn't bet)
Seat 6: tafarel8 folded before Flop (didn't bet)



PokerStars Zoom Hand #254939237800:  Hold'em No Limit ($0.05/$0.10) - 2025/02/19 13:31:15 CET [2025/02/19 7:31:15 ET]
Table 'Aludra' 6-max Seat #1 is the button
Seat 1: daniela5070 ($19.83 in chips) 
Seat 2: Dimon_55_77 ($10.32 in chips) 
Seat 3: Mahu2021 ($8.48 in chips) 
Seat 4: VitorArj ($10.40 in chips) 
Seat 5: aimaisan ($12.73 in chips) 
Seat 6: trikjy ($10.21 in chips) 
Dimon_55_77: posts small blind $0.05
Mahu2021: posts big blind $0.10
*** HOLE CARDS ***
Dealt to Mahu2021 [8d 4h]
VitorArj: folds 
aimaisan: raises $0.15 to $0.25
trikjy: folds 
daniela5070: folds 
Dimon_55_77: folds 
Mahu2021: folds 
Uncalled bet ($0.15) returned to aimaisan
aimaisan collected $0.25 from pot
aimaisan: doesn't show hand 
*** SUMMARY ***
Total pot $0.25 | Rake $0 
Seat 1: daniela5070 (button) folded before Flop (didn't bet)
Seat 2: Dimon_55_77 (small blind) folded before Flop
Seat 3: Mahu2021 (big blind) folded before Flop
Seat 4: VitorArj folded before Flop (didn't bet)
Seat 5: aimaisan collected ($0.25)
Seat 6: trikjy folded before Flop (didn't bet)



PokerStars Zoom Hand #254939239413:  Hold'em No Limit ($0.05/$0.10) - 2025/02/19 13:31:27 CET [2025/02/19 7:31:27 ET]
Table 'Aludra' 6-max Seat #1 is the button
Seat 1: Whytek_Bear ($12.90 in chips) 
Seat 2: AgreeableWorm ($9.16 in chips) 
Seat 3: Bur1k ($6.35 in chips) 
Seat 4: VitorArj ($10.25 in chips) 
Seat 5: ForLeonko13 ($10 in chips) 
Seat 6: Mahu2021 ($8.38 in chips) 
AgreeableWorm: posts small blind $0.05
Bur1k: posts big blind $0.10
*** HOLE CARDS ***
Dealt to Mahu2021 [Jc Ad]
VitorArj: folds 
ForLeonko13: folds 
Mahu2021: raises $0.20 to $0.30
Whytek_Bear: folds 
AgreeableWorm: folds 
Bur1k: folds 
Uncalled bet ($0.20) returned to Mahu2021
Mahu2021 collected $0.25 from pot
Mahu2021: doesn't show hand 
*** SUMMARY ***
Total pot $0.25 | Rake $0 
Seat 1: Whytek_Bear (button) folded before Flop (didn't bet)
Seat 2: AgreeableWorm (small blind) folded before Flop
Seat 3: Bur1k (big blind) folded before Flop
Seat 4: VitorArj folded before Flop (didn't bet)
Seat 5: ForLeonko13 folded before Flop (didn't bet)
Seat 6: Mahu2021 collected ($0.25)



PokerStars Zoom Hand #254939242907:  Hold'em No Limit ($0.05/$0.10) - 2025/02/19 13:31:53 CET [2025/02/19 7:31:53 ET]
Table 'Aludra' 6-max Seat #1 is the button
Seat 1: Whytek_Bear ($28.22 in chips) 
Seat 2: blysk ($12.53 in chips) 
Seat 3: ForLeonko13 ($10 in chips) 
Seat 4: Mahu2021 ($8.53 in chips) 
Seat 5: Bur1k ($5 in chips) 
Seat 6: alanindublin ($19.66 in chips) 
blysk: posts small blind $0.05
ForLeonko13: posts big blind $0.10
*** HOLE CARDS ***
Dealt to Mahu2021 [9s 3d]
Mahu2021: folds 
Bur1k: folds 
alanindublin: folds 
Whytek_Bear: folds 
blysk: folds 
Uncalled bet ($0.05) returned to ForLeonko13
ForLeonko13 collected $0.10 from pot
ForLeonko13: doesn't show hand 
*** SUMMARY ***
Total pot $0.10 | Rake $0 
Seat 1: Whytek_Bear (button) folded before Flop (didn't bet)
Seat 2: blysk (small blind) folded before Flop
Seat 3: ForLeonko13 (big blind) collected ($0.10)
Seat 4: Mahu2021 folded before Flop (didn't bet)
Seat 5: Bur1k folded before Flop (didn't bet)
Seat 6: alanindublin folded before Flop (didn't bet)



PokerStars Zoom Hand #254939243414:  Hold'em No Limit ($0.05/$0.10) - 2025/02/19 13:31:56 CET [2025/02/19 7:31:56 ET]
Table 'Aludra' 6-max Seat #1 is the button
Seat 1: Jordanl27 ($19.96 in chips) 
Seat 2: Mahu2021 ($8.53 in chips) 
Seat 3: trikjy ($10.16 in chips) 
Seat 4: dshark77 ($12.71 in chips) 
Seat 5: Always Thx ($13.89 in chips) 
Seat 6: Whytek_Bear ($28.22 in chips) 
Mahu2021: posts small blind $0.05
trikjy: posts big blind $0.10
*** HOLE CARDS ***
Dealt to Mahu2021 [Td 3d]
dshark77: folds 
Always Thx: raises $0.20 to $0.30
Whytek_Bear: folds 
Jordanl27: folds 
Mahu2021: folds 
trikjy: folds 
Uncalled bet ($0.20) returned to Always Thx
Always Thx collected $0.25 from pot
Always Thx: doesn't show hand 
*** SUMMARY ***
Total pot $0.25 | Rake $0 
Seat 1: Jordanl27 (button) folded before Flop (didn't bet)
Seat 2: Mahu2021 (small blind) folded before Flop
Seat 3: trikjy (big blind) folded before Flop
Seat 4: dshark77 folded before Flop (didn't bet)
Seat 5: Always Thx collected ($0.25)
Seat 6: Whytek_Bear folded before Flop (didn't bet)



PokerStars Zoom Hand #254939244103:  Hold'em No Limit ($0.05/$0.10) - 2025/02/19 13:32:01 CET [2025/02/19 7:32:01 ET]
Table 'Aludra' 6-max Seat #1 is the button
Seat 1: Mahu2021 ($8.48 in chips) 
Seat 2: dshark77 ($12.71 in chips) 
Seat 3: alexisabos3 ($11.60 in chips) 
Seat 4: Whytek_Bear ($28.22 in chips) 
Seat 5: ChuruBDO ($13.72 in chips) 
Seat 6: shou0406 ($9.85 in chips) 
dshark77: posts small blind $0.05
alexisabos3: posts big blind $0.10
*** HOLE CARDS ***
Dealt to Mahu2021 [Ad 5s]
Whytek_Bear: folds 
ChuruBDO: folds 
shou0406: raises $0.40 to $0.50
Mahu2021: folds 
dshark77: folds 
alexisabos3: folds 
Uncalled bet ($0.40) returned to shou0406
shou0406 collected $0.25 from pot
shou0406: doesn't show hand 
*** SUMMARY ***
Total pot $0.25 | Rake $0 
Seat 1: Mahu2021 (button) folded before Flop (didn't bet)
Seat 2: dshark77 (small blind) folded before Flop
Seat 3: alexisabos3 (big blind) folded before Flop
Seat 4: Whytek_Bear folded before Flop (didn't bet)
Seat 5: ChuruBDO folded before Flop (didn't bet)
Seat 6: shou0406 collected ($0.25)



PokerStars Zoom Hand #254939246719:  Hold'em No Limit ($0.05/$0.10) - 2025/02/19 13:32:21 CET [2025/02/19 7:32:21 ET]
Table 'Aludra' 6-max Seat #1 is the button
Seat 1: Bur1k ($5 in chips) 
Seat 2: rocky0076 ($4.61 in chips) 
Seat 3: Mahu2021 ($8.48 in chips) 
Seat 4: Crixis90 ($8.37 in chips) 
Seat 5: erps112 ($14.88 in chips) 
Seat 6: Rashins ($12.61 in chips) 
rocky0076: posts small blind $0.05
Mahu2021: posts big blind $0.10
*** HOLE CARDS ***
Dealt to Mahu2021 [2s As]
Crixis90: folds 
erps112: raises $0.20 to $0.30
Rashins: folds 
Bur1k: folds 
rocky0076: folds 
Mahu2021: calls $0.20
*** FLOP *** [7c 2c 5h]
Mahu2021: checks 
erps112: checks 
*** TURN *** [7c 2c 5h] [8h]
Mahu2021: checks 
erps112: bets $0.50
Mahu2021: calls $0.50
*** RIVER *** [7c 2c 5h 8h] [7h]
Mahu2021: checks 
erps112: bets $0.90
Mahu2021: folds 
Uncalled bet ($0.90) returned to erps112
erps112 collected $1.58 from pot
erps112: doesn't show hand 
*** SUMMARY ***
Total pot $1.65 | Rake $0.07 
Board [7c 2c 5h 8h 7h]
Seat 1: Bur1k (button) folded before Flop (didn't bet)
Seat 2: rocky0076 (small blind) folded before Flop
Seat 3: Mahu2021 (big blind) folded on the River
Seat 4: Crixis90 folded before Flop (didn't bet)
Seat 5: erps112 collected ($1.58)
Seat 6: Rashins folded before Flop (didn't bet)



PokerStars Zoom Hand #254939246171:  Hold'em No Limit ($0.05/$0.10) - 2025/02/19 13:32:17 CET [2025/02/19 7:32:17 ET]
Table 'Aludra' 6-max Seat #1 is the button
Seat 1: Whytek_Bear ($13.13 in chips) 
Seat 2: ChuruBDO ($13.72 in chips) 
Seat 3: Alonso_FN ($16.06 in chips) 
Seat 4: Mahu2021 ($8.48 in chips) 
Seat 5: augtoth ($10 in chips) 
Seat 6: der_dennis_d ($9.41 in chips) 
ChuruBDO: posts small blind $0.05
Alonso_FN: posts big blind $0.10
*** HOLE CARDS ***
Dealt to Mahu2021 [Ah 3c]
Mahu2021: folds 
augtoth: folds 
der_dennis_d: raises $0.20 to $0.30
Whytek_Bear: calls $0.30
ChuruBDO: raises $0.90 to $1.20
Alonso_FN: folds 
der_dennis_d: folds 
Whytek_Bear: calls $0.90
*** FLOP *** [3h 4s 2h]
ChuruBDO: bets $0.90
Whytek_Bear: calls $0.90
*** TURN *** [3h 4s 2h] [4h]
ChuruBDO: bets $2.24
Whytek_Bear: folds 
Uncalled bet ($2.24) returned to ChuruBDO
ChuruBDO collected $4.39 from pot
ChuruBDO: doesn't show hand 
*** SUMMARY ***
Total pot $4.60 | Rake $0.21 
Board [3h 4s 2h 4h]
Seat 1: Whytek_Bear (button) folded on the Turn
Seat 2: ChuruBDO (small blind) collected ($4.39)
Seat 3: Alonso_FN (big blind) folded before Flop
Seat 4: Mahu2021 folded before Flop (didn't bet)
Seat 5: augtoth folded before Flop (didn't bet)
Seat 6: der_dennis_d folded before Flop



PokerStars Zoom Hand #254939252056:  Hold'em No Limit ($0.05/$0.10) - 2025/02/19 13:32:59 CET [2025/02/19 7:32:59 ET]
Table 'Aludra' 6-max Seat #1 is the button
Seat 1: fistiki7 ($14.71 in chips) 
Seat 2: daniela5070 ($19.23 in chips) 
Seat 3: erps112 ($15.66 in chips) 
Seat 4: Always Thx ($13.59 in chips) 
Seat 5: Whytek_Bear ($28.45 in chips) 
Seat 6: Mahu2021 ($7.68 in chips) 
daniela5070: posts small blind $0.05
erps112: posts big blind $0.10
*** HOLE CARDS ***
Dealt to Mahu2021 [2h Js]
Always Thx: folds 
Whytek_Bear: raises $0.10 to $0.20
Mahu2021: folds 
fistiki7: folds 
daniela5070: folds 
erps112: folds 
Uncalled bet ($0.10) returned to Whytek_Bear
Whytek_Bear collected $0.25 from pot
Whytek_Bear: doesn't show hand 
*** SUMMARY ***
Total pot $0.25 | Rake $0 
Seat 1: fistiki7 (button) folded before Flop (didn't bet)
Seat 2: daniela5070 (small blind) folded before Flop
Seat 3: erps112 (big blind) folded before Flop
Seat 4: Always Thx folded before Flop (didn't bet)
Seat 5: Whytek_Bear collected ($0.25)
Seat 6: Mahu2021 folded before Flop (didn't bet)



PokerStars Zoom Hand #254939252593:  Hold'em No Limit ($0.05/$0.10) - 2025/02/19 13:33:03 CET [2025/02/19 7:33:03 ET]
Table 'Aludra' 6-max Seat #1 is the button
Seat 1: Mahu2021 ($7.68 in chips) 
Seat 2: trikjy ($10.45 in chips) 
Seat 3: Bur1k ($5 in chips) 
Seat 4: augtoth ($10.30 in chips) 
Seat 5: vasi0908 ($4.80 in chips) 
Seat 6: fistiki7 ($14.71 in chips) 
trikjy: posts small blind $0.05
Bur1k: posts big blind $0.10
*** HOLE CARDS ***
Dealt to Mahu2021 [Ad 9d]
augtoth: folds 
vasi0908: folds 
fistiki7: raises $0.20 to $0.30
Mahu2021: calls $0.30
trikjy: folds 
Bur1k: calls $0.20
*** FLOP *** [6s 5c 9h]
Bur1k: checks 
fistiki7: bets $0.60
Mahu2021: calls $0.60
Bur1k: folds 
*** TURN *** [6s 5c 9h] [Jd]
fistiki7: checks 
Mahu2021: checks 
*** RIVER *** [6s 5c 9h Jd] [As]
fistiki7: checks 
Mahu2021: bets $2.05
fistiki7: folds 
Uncalled bet ($2.05) returned to Mahu2021
Mahu2021 collected $2.05 from pot
Mahu2021: doesn't show hand 
*** SUMMARY ***
Total pot $2.15 | Rake $0.10 
Board [6s 5c 9h Jd As]
Seat 1: Mahu2021 (button) collected ($2.05)
Seat 2: trikjy (small blind) folded before Flop
Seat 3: Bur1k (big blind) folded on the Flop
Seat 4: augtoth folded before Flop (didn't bet)
Seat 5: vasi0908 folded before Flop (didn't bet)
Seat 6: fistiki7 folded on the River



PokerStars Zoom Hand #254939261938:  Hold'em No Limit ($0.05/$0.10) - 2025/02/19 13:34:10 CET [2025/02/19 7:34:10 ET]
Table 'Aludra' 6-max Seat #1 is the button
Seat 1: augtoth ($10.95 in chips) 
Seat 2: lolb0t ($10.05 in chips) 
Seat 3: tafarel8 ($16.04 in chips) 
Seat 4: krix123 ($1.59 in chips) 
Seat 5: Mahu2021 ($8.83 in chips) 
Seat 6: trikjy ($10.55 in chips) 
lolb0t: posts small blind $0.05
tafarel8: posts big blind $0.10
*** HOLE CARDS ***
Dealt to Mahu2021 [9s 3s]
krix123: folds 
Mahu2021: folds 
trikjy: folds 
augtoth: folds 
lolb0t: folds 
Uncalled bet ($0.05) returned to tafarel8
tafarel8 collected $0.10 from pot
tafarel8: doesn't show hand 
*** SUMMARY ***
Total pot $0.10 | Rake $0 
Seat 1: augtoth (button) folded before Flop (didn't bet)
Seat 2: lolb0t (small blind) folded before Flop
Seat 3: tafarel8 (big blind) collected ($0.10)
Seat 4: krix123 folded before Flop (didn't bet)
Seat 5: Mahu2021 folded before Flop (didn't bet)
Seat 6: trikjy folded before Flop (didn't bet)



PokerStars Zoom Hand #254939262761:  Hold'em No Limit ($0.05/$0.10) - 2025/02/19 13:34:16 CET [2025/02/19 7:34:16 ET]
Table 'Aludra' 6-max Seat #1 is the button
Seat 1: Jordanl27 ($18.41 in chips) 
Seat 2: Mahu2021 ($8.83 in chips) 
Seat 3: trikjy ($10 in chips) 
Seat 4: VitorArj ($10.45 in chips) 
Seat 5: vasi0908 ($5.63 in chips) 
Seat 6: augtoth ($10.95 in chips) 
Mahu2021: posts small blind $0.05
trikjy: posts big blind $0.10
*** HOLE CARDS ***
Dealt to Mahu2021 [3d Qs]
VitorArj: folds 
vasi0908: folds 
augtoth: folds 
Jordanl27: folds 
Mahu2021: folds 
Uncalled bet ($0.05) returned to trikjy
trikjy collected $0.10 from pot
trikjy: doesn't show hand 
*** SUMMARY ***
Total pot $0.10 | Rake $0 
Seat 1: Jordanl27 (button) folded before Flop (didn't bet)
Seat 2: Mahu2021 (small blind) folded before Flop
Seat 3: trikjy (big blind) collected ($0.10)
Seat 4: VitorArj folded before Flop (didn't bet)
Seat 5: vasi0908 folded before Flop (didn't bet)
Seat 6: augtoth folded before Flop (didn't bet)



PokerStars Zoom Hand #254939263807:  Hold'em No Limit ($0.05/$0.10) - 2025/02/19 13:34:24 CET [2025/02/19 7:34:24 ET]
Table 'Aludra' 6-max Seat #1 is the button
Seat 1: erps112 ($15.51 in chips) 
Seat 2: ForLeonko13 ($11.18 in chips) 
Seat 3: zinluz ($15.19 in chips) 
Seat 4: Mahu2021 ($8.78 in chips) 
Seat 5: BMWR651982 ($8.27 in chips) 
Seat 6: KidMamba ($21.49 in chips) 
ForLeonko13: posts small blind $0.05
zinluz: posts big blind $0.10
*** HOLE CARDS ***
Dealt to Mahu2021 [8s Ah]
Mahu2021: folds 
BMWR651982: calls $0.10
KidMamba: folds 
erps112: folds 
ForLeonko13: folds 
zinluz: checks 
*** FLOP *** [2d 3s 7c]
zinluz: checks 
BMWR651982: checks 
*** TURN *** [2d 3s 7c] [Ts]
zinluz: checks 
BMWR651982: checks 
*** RIVER *** [2d 3s 7c Ts] [9h]
zinluz: checks 
BMWR651982: checks 
*** SHOW DOWN ***
zinluz: shows [2s As] (a pair of Deuces)
BMWR651982: mucks hand 
zinluz collected $0.24 from pot
*** SUMMARY ***
Total pot $0.25 | Rake $0.01 
Board [2d 3s 7c Ts 9h]
Seat 1: erps112 (button) folded before Flop (didn't bet)
Seat 2: ForLeonko13 (small blind) folded before Flop
Seat 3: zinluz (big blind) showed [2s As] and won ($0.24) with a pair of Deuces
Seat 4: Mahu2021 folded before Flop (didn't bet)
Seat 5: BMWR651982 mucked [5h Jh]
Seat 6: KidMamba folded before Flop (didn't bet)



PokerStars Zoom Hand #254939263316:  Hold'em No Limit ($0.05/$0.10) - 2025/02/19 13:34:20 CET [2025/02/19 7:34:20 ET]
Table 'Aludra' 6-max Seat #1 is the button
Seat 1: KidMamba ($21.49 in chips) 
Seat 2: VitorArj ($10.45 in chips) 
Seat 3: vasi0908 ($5.63 in chips) 
Seat 4: rocky0076 ($4.01 in chips) 
Seat 5: lolb0t ($10 in chips) 
Seat 6: Mahu2021 ($8.78 in chips) 
VitorArj: posts small blind $0.05
vasi0908: posts big blind $0.10
*** HOLE CARDS ***
Dealt to Mahu2021 [Th 6s]
rocky0076: folds 
lolb0t: folds 
Mahu2021: folds 
KidMamba: folds 
VitorArj: raises $0.20 to $0.30
vasi0908: calls $0.20
*** FLOP *** [9c 2c 8d]
VitorArj: checks 
vasi0908: bets $0.10
VitorArj: calls $0.10
*** TURN *** [9c 2c 8d] [Js]
VitorArj: checks 
vasi0908: bets $0.76
VitorArj: folds 
Uncalled bet ($0.76) returned to vasi0908
vasi0908 collected $0.76 from pot
vasi0908: doesn't show hand 
*** SUMMARY ***
Total pot $0.80 | Rake $0.04 
Board [9c 2c 8d Js]
Seat 1: KidMamba (button) folded before Flop (didn't bet)
Seat 2: VitorArj (small blind) folded on the Turn
Seat 3: vasi0908 (big blind) collected ($0.76)
Seat 4: rocky0076 folded before Flop (didn't bet)
Seat 5: lolb0t folded before Flop (didn't bet)
Seat 6: Mahu2021 folded before Flop (didn't bet)



PokerStars Zoom Hand #254939264871:  Hold'em No Limit ($0.05/$0.10) - 2025/02/19 13:34:31 CET [2025/02/19 7:34:31 ET]
Table 'Aludra' 6-max Seat #1 is the button
Seat 1: aimaisan ($11.92 in chips) 
Seat 2: Lim 2589 ($10 in chips) 
Seat 3: Mahu2021 ($8.78 in chips) 
Seat 4: KidMamba ($21.49 in chips) 
Seat 5: joehlavicka ($13.17 in chips) 
Seat 6: tafarel8 ($10 in chips) 
Lim 2589: posts small blind $0.05
Mahu2021: posts big blind $0.10
*** HOLE CARDS ***
Dealt to Mahu2021 [9d Kd]
KidMamba: folds 
joehlavicka: raises $0.11 to $0.21
tafarel8: calls $0.21
aimaisan: folds 
Lim 2589: folds 
Mahu2021: calls $0.11
*** FLOP *** [4c Qh 2h]
Mahu2021: checks 
joehlavicka: bets $0.21
tafarel8: folds 
Mahu2021: folds 
Uncalled bet ($0.21) returned to joehlavicka
joehlavicka collected $0.65 from pot
joehlavicka: doesn't show hand 
*** SUMMARY ***
Total pot $0.68 | Rake $0.03 
Board [4c Qh 2h]
Seat 1: aimaisan (button) folded before Flop (didn't bet)
Seat 2: Lim 2589 (small blind) folded before Flop
Seat 3: Mahu2021 (big blind) folded on the Flop
Seat 4: KidMamba folded before Flop (didn't bet)
Seat 5: joehlavicka collected ($0.65)
Seat 6: tafarel8 folded on the Flop



PokerStars Zoom Hand #254939269451:  Hold'em No Limit ($0.05/$0.10) - 2025/02/19 13:35:04 CET [2025/02/19 7:35:04 ET]
Table 'Aludra' 6-max Seat #1 is the button
Seat 1: paulgttdi ($8.18 in chips) 
Seat 2: Tizor1589 ($9.19 in chips) 
Seat 3: lolb0t ($10 in chips) 
Seat 4: danzo5959 ($22.73 in chips) 
Seat 5: Mahu2021 ($8.52 in chips) 
Seat 6: rocky0076 ($4.75 in chips) 
Tizor1589: posts small blind $0.05
lolb0t: posts big blind $0.10
*** HOLE CARDS ***
Dealt to Mahu2021 [Tc 3h]
danzo5959: folds 
Mahu2021: folds 
rocky0076: folds 
paulgttdi: folds 
Tizor1589: folds 
Uncalled bet ($0.05) returned to lolb0t
lolb0t collected $0.10 from pot
lolb0t: doesn't show hand 
*** SUMMARY ***
Total pot $0.10 | Rake $0 
Seat 1: paulgttdi (button) folded before Flop (didn't bet)
Seat 2: Tizor1589 (small blind) folded before Flop
Seat 3: lolb0t (big blind) collected ($0.10)
Seat 4: danzo5959 folded before Flop (didn't bet)
Seat 5: Mahu2021 folded before Flop (didn't bet)
Seat 6: rocky0076 folded before Flop (didn't bet)



PokerStars Zoom Hand #254939267897:  Hold'em No Limit ($0.05/$0.10) - 2025/02/19 13:34:53 CET [2025/02/19 7:34:53 ET]
Table 'Aludra' 6-max Seat #1 is the button
Seat 1: Tizor1589 ($9.19 in chips) 
Seat 2: Mahu2021 ($8.57 in chips) 
Seat 3: shou0406 ($12.84 in chips) 
Seat 4: rocky0076 ($4.75 in chips) 
Seat 5: Alonso_FN ($13.97 in chips) 
Seat 6: Dimon_55_77 ($13.24 in chips) 
Mahu2021: posts small blind $0.05
shou0406: posts big blind $0.10
*** HOLE CARDS ***
Dealt to Mahu2021 [5c 6s]
rocky0076: folds 
Alonso_FN: folds 
Dimon_55_77: raises $0.15 to $0.25
Tizor1589: folds 
Mahu2021: folds 
shou0406: calls $0.15
*** FLOP *** [8s 6d As]
shou0406: bets $0.53
Dimon_55_77: folds 
Uncalled bet ($0.53) returned to shou0406
shou0406 collected $0.53 from pot
shou0406: doesn't show hand 
*** SUMMARY ***
Total pot $0.55 | Rake $0.02 
Board [8s 6d As]
Seat 1: Tizor1589 (button) folded before Flop (didn't bet)
Seat 2: Mahu2021 (small blind) folded before Flop
Seat 3: shou0406 (big blind) collected ($0.53)
Seat 4: rocky0076 folded before Flop (didn't bet)
Seat 5: Alonso_FN folded before Flop (didn't bet)
Seat 6: Dimon_55_77 folded on the Flop



PokerStars Zoom Hand #254939271294:  Hold'em No Limit ($0.05/$0.10) - 2025/02/19 13:35:18 CET [2025/02/19 7:35:18 ET]
Table 'Aludra' 6-max Seat #1 is the button
Seat 1: rocky0076 ($3.81 in chips) 
Seat 2: der_dennis_d ($8.54 in chips) 
Seat 3: Mahu2021 ($8.47 in chips) 
Seat 4: krix123 ($5.66 in chips) 
Seat 5: vasi0908 ($5.94 in chips) 
Seat 6: dshark77 ($10.95 in chips) 
der_dennis_d: posts small blind $0.05
Mahu2021: posts big blind $0.10
*** HOLE CARDS ***
Dealt to Mahu2021 [Qs 9c]
krix123: folds 
vasi0908: folds 
dshark77: folds 
rocky0076: folds 
der_dennis_d: folds 
Uncalled bet ($0.05) returned to Mahu2021
Mahu2021 collected $0.10 from pot
Mahu2021: doesn't show hand 
*** SUMMARY ***
Total pot $0.10 | Rake $0 
Seat 1: rocky0076 (button) folded before Flop (didn't bet)
Seat 2: der_dennis_d (small blind) folded before Flop
Seat 3: Mahu2021 (big blind) collected ($0.10)
Seat 4: krix123 folded before Flop (didn't bet)
Seat 5: vasi0908 folded before Flop (didn't bet)
Seat 6: dshark77 folded before Flop (didn't bet)



PokerStars Zoom Hand #254939268461:  Hold'em No Limit ($0.05/$0.10) - 2025/02/19 13:34:57 CET [2025/02/19 7:34:57 ET]
Table 'Aludra' 6-max Seat #1 is the button
Seat 1: Mahu2021 ($8.52 in chips) 
Seat 2: WT@LL ($12.33 in chips) 
Seat 3: krix123 ($5.81 in chips) 
Seat 4: augtoth ($10.17 in chips) 
Seat 5: Alonso_FN ($15.86 in chips) 
Seat 6: Always Thx ($14.40 in chips) 
WT@LL: posts small blind $0.05
krix123: posts big blind $0.10
*** HOLE CARDS ***
Dealt to Mahu2021 [6s 4c]
augtoth: folds 
Alonso_FN: folds 
Always Thx: raises $0.20 to $0.30
Mahu2021: folds 
WT@LL: calls $0.25
krix123: folds 
*** FLOP *** [4d 3s Jh]
WT@LL: checks 
Always Thx: bets $0.22
WT@LL: folds 
Uncalled bet ($0.22) returned to Always Thx
Always Thx collected $0.67 from pot
Always Thx: doesn't show hand 
*** SUMMARY ***
Total pot $0.70 | Rake $0.03 
Board [4d 3s Jh]
Seat 1: Mahu2021 (button) folded before Flop (didn't bet)
Seat 2: WT@LL (small blind) folded on the Flop
Seat 3: krix123 (big blind) folded before Flop
Seat 4: augtoth folded before Flop (didn't bet)
Seat 5: Alonso_FN folded before Flop (didn't bet)
Seat 6: Always Thx collected ($0.67)



PokerStars Zoom Hand #254939272877:  Hold'em No Limit ($0.05/$0.10) - 2025/02/19 13:35:29 CET [2025/02/19 7:35:29 ET]
Table 'Aludra' 6-max Seat #1 is the button
Seat 1: Mahu2021 ($8.52 in chips) 
Seat 2: krix123 ($1.04 in chips) 
Seat 3: 50´s Ghost ($10 in chips) 
Seat 4: ArtemSnapkouski ($17.19 in chips) 
Seat 5: Crixis90 ($10.06 in chips) 
Seat 6: acebob999 ($12.24 in chips) 
krix123: posts small blind $0.05
50´s Ghost: posts big blind $0.10
*** HOLE CARDS ***
Dealt to Mahu2021 [Kd 6h]
ArtemSnapkouski: folds 
Crixis90: folds 
acebob999: folds 
Mahu2021: folds 
krix123: folds 
Uncalled bet ($0.05) returned to 50´s Ghost
50´s Ghost collected $0.10 from pot
50´s Ghost: doesn't show hand 
*** SUMMARY ***
Total pot $0.10 | Rake $0 
Seat 1: Mahu2021 (button) folded before Flop (didn't bet)
Seat 2: krix123 (small blind) folded before Flop
Seat 3: 50´s Ghost (big blind) collected ($0.10)
Seat 4: ArtemSnapkouski folded before Flop (didn't bet)
Seat 5: Crixis90 folded before Flop (didn't bet)
Seat 6: acebob999 folded before Flop (didn't bet)



PokerStars Zoom Hand #254939269000:  Hold'em No Limit ($0.05/$0.10) - 2025/02/19 13:35:01 CET [2025/02/19 7:35:01 ET]
Table 'Aludra' 6-max Seat #1 is the button
Seat 1: lolb0t ($10 in chips) 
Seat 2: augtoth ($10.17 in chips) 
Seat 3: BetXD ($9.08 in chips) 
Seat 4: Bur1k ($5.31 in chips) 
Seat 5: Belphegor228 ($6.13 in chips) 
Seat 6: Mahu2021 ($8.52 in chips) 
augtoth: posts small blind $0.05
BetXD: posts big blind $0.10
*** HOLE CARDS ***
Dealt to Mahu2021 [2d Ts]
Bur1k: folds 
Belphegor228: folds 
Mahu2021: folds 
lolb0t: folds 
augtoth: raises $0.20 to $0.30
BetXD: raises $0.20 to $0.50
augtoth: folds 
Uncalled bet ($0.20) returned to BetXD
BetXD collected $0.60 from pot
BetXD: doesn't show hand 
*** SUMMARY ***
Total pot $0.60 | Rake $0 
Seat 1: lolb0t (button) folded before Flop (didn't bet)
Seat 2: augtoth (small blind) folded before Flop
Seat 3: BetXD (big blind) collected ($0.60)
Seat 4: Bur1k folded before Flop (didn't bet)
Seat 5: Belphegor228 folded before Flop (didn't bet)
Seat 6: Mahu2021 folded before Flop (didn't bet)



PokerStars Zoom Hand #254939273410:  Hold'em No Limit ($0.05/$0.10) - 2025/02/19 13:35:33 CET [2025/02/19 7:35:33 ET]
Table 'Aludra' 6-max Seat #1 is the button
Seat 1: ChuruBDO ($15.84 in chips) 
Seat 2: Crixis90 ($10.06 in chips) 
Seat 3: acebob999 ($12.24 in chips) 
Seat 4: Mahu2021 ($8.52 in chips) 
Seat 5: krix123 ($0.99 in chips) 
Seat 6: unknown122 ($9.55 in chips) 
Crixis90: posts small blind $0.05
acebob999: posts big blind $0.10
*** HOLE CARDS ***
Dealt to Mahu2021 [5s Ac]
Mahu2021: folds 
krix123: folds 
unknown122: raises $0.15 to $0.25
ChuruBDO: folds 
Crixis90: folds 
acebob999: folds 
Uncalled bet ($0.15) returned to unknown122
unknown122 collected $0.25 from pot
unknown122: doesn't show hand 
*** SUMMARY ***
Total pot $0.25 | Rake $0 
Seat 1: ChuruBDO (button) folded before Flop (didn't bet)
Seat 2: Crixis90 (small blind) folded before Flop
Seat 3: acebob999 (big blind) folded before Flop
Seat 4: Mahu2021 folded before Flop (didn't bet)
Seat 5: krix123 folded before Flop (didn't bet)
Seat 6: unknown122 collected ($0.25)



PokerStars Zoom Hand #254939272335:  Hold'em No Limit ($0.05/$0.10) - 2025/02/19 13:35:25 CET [2025/02/19 7:35:25 ET]
Table 'Aludra' 6-max Seat #1 is the button
Seat 1: alexisabos3 ($13.30 in chips) 
Seat 2: trikjy ($10.32 in chips) 
Seat 3: joehlavicka ($10.15 in chips) 
Seat 4: Mahu2021 ($8.52 in chips) 
Seat 5: rocky0076 ($3.81 in chips) 
Seat 6: Dimon_55_77 ($10 in chips) 
trikjy: posts small blind $0.05
joehlavicka: posts big blind $0.10
*** HOLE CARDS ***
Dealt to Mahu2021 [8d Ah]
Mahu2021: folds 
rocky0076: folds 
Dimon_55_77: folds 
alexisabos3: folds 
trikjy: raises $0.20 to $0.30
joehlavicka: folds 
Uncalled bet ($0.20) returned to trikjy
trikjy collected $0.20 from pot
trikjy: doesn't show hand 
*** SUMMARY ***
Total pot $0.20 | Rake $0 
Seat 1: alexisabos3 (button) folded before Flop (didn't bet)
Seat 2: trikjy (small blind) collected ($0.20)
Seat 3: joehlavicka (big blind) folded before Flop
Seat 4: Mahu2021 folded before Flop (didn't bet)
Seat 5: rocky0076 folded before Flop (didn't bet)
Seat 6: Dimon_55_77 folded before Flop (didn't bet)



PokerStars Zoom Hand #254939270503:  Hold'em No Limit ($0.05/$0.10) - 2025/02/19 13:35:12 CET [2025/02/19 7:35:12 ET]
Table 'Aludra' 6-max Seat #1 is the button
Seat 1: vasi0908 ($5.94 in chips) 
Seat 2: rocky0076 ($3.86 in chips) 
Seat 3: Petresa ($10 in chips) 
Seat 4: VitorArj ($11.81 in chips) 
Seat 5: Mahu2021 ($8.47 in chips) 
Seat 6: alanindublin ($19.74 in chips) 
rocky0076: posts small blind $0.05
Petresa: posts big blind $0.10
*** HOLE CARDS ***
Dealt to Mahu2021 [7s 8d]
VitorArj: raises $0.15 to $0.25
Mahu2021: folds 
alanindublin: folds 
vasi0908: folds 
rocky0076: folds 
Petresa: calls $0.15
*** FLOP *** [5c Kh Th]
Petresa: checks 
VitorArj: bets $0.13
Petresa: calls $0.13
*** TURN *** [5c Kh Th] [8s]
Petresa: checks 
VitorArj: bets $0.58
Petresa: calls $0.58
*** RIVER *** [5c Kh Th 8s] [Ad]
Petresa: checks 
VitorArj: checks 
*** SHOW DOWN ***
Petresa: shows [5h 9s] (a pair of Fives)
VitorArj: shows [Kd Jd] (a pair of Kings)
VitorArj collected $1.88 from pot
*** SUMMARY ***
Total pot $1.97 | Rake $0.09 
Board [5c Kh Th 8s Ad]
Seat 1: vasi0908 (button) folded before Flop (didn't bet)
Seat 2: rocky0076 (small blind) folded before Flop
Seat 3: Petresa (big blind) showed [5h 9s] and lost with a pair of Fives
Seat 4: VitorArj showed [Kd Jd] and won ($1.88) with a pair of Kings
Seat 5: Mahu2021 folded before Flop (didn't bet)
Seat 6: alanindublin folded before Flop (didn't bet)



PokerStars Zoom Hand #254939269892:  Hold'em No Limit ($0.05/$0.10) - 2025/02/19 13:35:08 CET [2025/02/19 7:35:08 ET]
Table 'Aludra' 6-max Seat #1 is the button
Seat 1: KidMamba ($21.34 in chips) 
Seat 2: Mahu2021 ($8.52 in chips) 
Seat 3: joehlavicka ($13.61 in chips) 
Seat 4: vasi0908 ($5.94 in chips) 
Seat 5: alanindublin ($19.74 in chips) 
Seat 6: CaJe94 ($11.20 in chips) 
Mahu2021: posts small blind $0.05
joehlavicka: posts big blind $0.10
*** HOLE CARDS ***
Dealt to Mahu2021 [8h 5d]
vasi0908: folds 
alanindublin: folds 
CaJe94: raises $0.20 to $0.30
KidMamba: calls $0.30
Mahu2021: folds 
joehlavicka: folds 
*** FLOP *** [6c 3d 3s]
CaJe94: bets $0.36
KidMamba: calls $0.36
*** TURN *** [6c 3d 3s] [Th]
CaJe94: checks 
KidMamba: bets $0.71
CaJe94: folds 
Uncalled bet ($0.71) returned to KidMamba
KidMamba collected $1.40 from pot
KidMamba: doesn't show hand 
*** SUMMARY ***
Total pot $1.47 | Rake $0.07 
Board [6c 3d 3s Th]
Seat 1: KidMamba (button) collected ($1.40)
Seat 2: Mahu2021 (small blind) folded before Flop
Seat 3: joehlavicka (big blind) folded before Flop
Seat 4: vasi0908 folded before Flop (didn't bet)
Seat 5: alanindublin folded before Flop (didn't bet)
Seat 6: CaJe94 folded on the Turn



PokerStars Zoom Hand #254939273993:  Hold'em No Limit ($0.05/$0.10) - 2025/02/19 13:35:37 CET [2025/02/19 7:35:37 ET]
Table 'Aludra' 6-max Seat #1 is the button
Seat 1: Rashins ($12.12 in chips) 
Seat 2: zinluz ($15.11 in chips) 
Seat 3: aimaisan ($8.01 in chips) 
Seat 4: 50´s Ghost ($33.99 in chips) 
Seat 5: ForLeonko13 ($10.68 in chips) 
Seat 6: Mahu2021 ($8.52 in chips) 
zinluz: posts small blind $0.05
aimaisan: posts big blind $0.10
*** HOLE CARDS ***
Dealt to Mahu2021 [5h 6h]
50´s Ghost: folds 
ForLeonko13: folds 
Mahu2021: raises $0.14 to $0.24
Rashins: calls $0.24
zinluz: folds 
aimaisan: calls $0.14
*** FLOP *** [3c 7c 9s]
aimaisan: checks 
Mahu2021: checks 
Rashins: checks 
*** TURN *** [3c 7c 9s] [Kc]
aimaisan: checks 
Mahu2021: checks 
Rashins: checks 
*** RIVER *** [3c 7c 9s Kc] [2h]
aimaisan: bets $0.37
Mahu2021: folds 
Rashins: folds 
Uncalled bet ($0.37) returned to aimaisan
aimaisan collected $0.74 from pot
aimaisan: doesn't show hand 
*** SUMMARY ***
Total pot $0.77 | Rake $0.03 
Board [3c 7c 9s Kc 2h]
Seat 1: Rashins (button) folded on the River
Seat 2: zinluz (small blind) folded before Flop
Seat 3: aimaisan (big blind) collected ($0.74)
Seat 4: 50´s Ghost folded before Flop (didn't bet)
Seat 5: ForLeonko13 folded before Flop (didn't bet)
Seat 6: Mahu2021 folded on the River



PokerStars Zoom Hand #254939278789:  Hold'em No Limit ($0.05/$0.10) - 2025/02/19 13:36:11 CET [2025/02/19 7:36:11 ET]
Table 'Aludra' 6-max Seat #1 is the button
Seat 1: Mahu2021 ($8.28 in chips) 
Seat 2: ForLeonko13 ($10 in chips) 
Seat 3: Dimon_55_77 ($16.52 in chips) 
Seat 4: daniela5070 ($22.69 in chips) 
Seat 5: Always Thx ($11.14 in chips) 
Seat 6: Rossu28 ($21.63 in chips) 
ForLeonko13: posts small blind $0.05
Dimon_55_77: posts big blind $0.10
*** HOLE CARDS ***
Dealt to Mahu2021 [5d 2d]
daniela5070: folds 
Always Thx: folds 
Rossu28: folds 
Mahu2021: folds 
ForLeonko13: folds 
Uncalled bet ($0.05) returned to Dimon_55_77
Dimon_55_77 collected $0.10 from pot
Dimon_55_77: doesn't show hand 
*** SUMMARY ***
Total pot $0.10 | Rake $0 
Seat 1: Mahu2021 (button) folded before Flop (didn't bet)
Seat 2: ForLeonko13 (small blind) folded before Flop
Seat 3: Dimon_55_77 (big blind) collected ($0.10)
Seat 4: daniela5070 folded before Flop (didn't bet)
Seat 5: Always Thx folded before Flop (didn't bet)
Seat 6: Rossu28 folded before Flop (didn't bet)



PokerStars Zoom Hand #254939279373:  Hold'em No Limit ($0.05/$0.10) - 2025/02/19 13:36:15 CET [2025/02/19 7:36:15 ET]
Table 'Aludra' 6-max Seat #1 is the button
Seat 1: lolb0t ($10.78 in chips) 
Seat 2: daniela5070 ($22.69 in chips) 
Seat 3: Mahu2021 ($8.28 in chips) 
Seat 4: caffeinepoker ($26.78 in chips) 
Seat 5: Heathfield_Bad ($10 in chips) 
Seat 6: joehlavicka ($12.51 in chips) 
daniela5070: posts small blind $0.05
Mahu2021: posts big blind $0.10
*** HOLE CARDS ***
Dealt to Mahu2021 [2s 9c]
caffeinepoker: folds 
Heathfield_Bad: raises $0.15 to $0.25
joehlavicka: folds 
lolb0t: folds 
daniela5070: folds 
Mahu2021: folds 
Uncalled bet ($0.15) returned to Heathfield_Bad
Heathfield_Bad collected $0.25 from pot
Heathfield_Bad: doesn't show hand 
*** SUMMARY ***
Total pot $0.25 | Rake $0 
Seat 1: lolb0t (button) folded before Flop (didn't bet)
Seat 2: daniela5070 (small blind) folded before Flop
Seat 3: Mahu2021 (big blind) folded before Flop
Seat 4: caffeinepoker folded before Flop (didn't bet)
Seat 5: Heathfield_Bad collected ($0.25)
Seat 6: joehlavicka folded before Flop (didn't bet)



PokerStars Zoom Hand #254939280172:  Hold'em No Limit ($0.05/$0.10) - 2025/02/19 13:36:21 CET [2025/02/19 7:36:21 ET]
Table 'Aludra' 6-max Seat #1 is the button
Seat 1: Petresa ($9.14 in chips) 
Seat 2: Mahu2021 ($8.18 in chips) 
Seat 3: Matzet1ka ($10 in chips) 
Seat 4: aimaisan ($10 in chips) 
Seat 5: Rashins ($11.88 in chips) 
Seat 6: daniela5070 ($22.64 in chips) 
Mahu2021: posts small blind $0.05
Matzet1ka: posts big blind $0.10
*** HOLE CARDS ***
Dealt to Mahu2021 [Ah 3d]
aimaisan: folds 
Rashins: folds 
daniela5070: raises $0.15 to $0.25
Petresa: folds 
Mahu2021: folds 
Matzet1ka: folds 
Uncalled bet ($0.15) returned to daniela5070
daniela5070 collected $0.25 from pot
daniela5070: doesn't show hand 
*** SUMMARY ***
Total pot $0.25 | Rake $0 
Seat 1: Petresa (button) folded before Flop (didn't bet)
Seat 2: Mahu2021 (small blind) folded before Flop
Seat 3: Matzet1ka (big blind) folded before Flop
Seat 4: aimaisan folded before Flop (didn't bet)
Seat 5: Rashins folded before Flop (didn't bet)
Seat 6: daniela5070 collected ($0.25)



PokerStars Zoom Hand #254939280834:  Hold'em No Limit ($0.05/$0.10) - 2025/02/19 13:36:26 CET [2025/02/19 7:36:26 ET]
Table 'Aludra' 6-max Seat #1 is the button
Seat 1: lolb0t ($10.15 in chips) 
Seat 2: ChuruBDO ($12.73 in chips) 
Seat 3: rocky0076 ($3.74 in chips) 
Seat 4: Belphegor228 ($6.48 in chips) 
Seat 5: Mahu2021 ($8.13 in chips) 
Seat 6: krix123 ($5.51 in chips) 
ChuruBDO: posts small blind $0.05
rocky0076: posts big blind $0.10
*** HOLE CARDS ***
Dealt to Mahu2021 [2c Jd]
Belphegor228: folds 
Mahu2021: folds 
krix123: folds 
lolb0t: folds 
ChuruBDO: raises $0.20 to $0.30
rocky0076: raises $3.44 to $3.74 and is all-in
ChuruBDO: folds 
Uncalled bet ($3.44) returned to rocky0076
rocky0076 collected $0.60 from pot
rocky0076: doesn't show hand 
*** SUMMARY ***
Total pot $0.60 | Rake $0 
Seat 1: lolb0t (button) folded before Flop (didn't bet)
Seat 2: ChuruBDO (small blind) folded before Flop
Seat 3: rocky0076 (big blind) collected ($0.60)
Seat 4: Belphegor228 folded before Flop (didn't bet)
Seat 5: Mahu2021 folded before Flop (didn't bet)
Seat 6: krix123 folded before Flop (didn't bet)



PokerStars Zoom Hand #254939281273:  Hold'em No Limit ($0.05/$0.10) - 2025/02/19 13:36:29 CET [2025/02/19 7:36:29 ET]
Table 'Aludra' 6-max Seat #1 is the button
Seat 1: erps112 ($12.73 in chips) 
Seat 2: Bur1k ($5 in chips) 
Seat 3: lolb0t ($10.15 in chips) 
Seat 4: Mahu2021 ($8.13 in chips) 
Seat 5: Belphegor228 ($6.48 in chips) 
Seat 6: danzo5959 ($23.09 in chips) 
Bur1k: posts small blind $0.05
lolb0t: posts big blind $0.10
*** HOLE CARDS ***
Dealt to Mahu2021 [Ah As]
Mahu2021: raises $8.03 to $8.13 and is all-in
Belphegor228: folds 
danzo5959: folds 
erps112: folds 
Bur1k: folds 
lolb0t: folds 
Uncalled bet ($8.03) returned to Mahu2021
Mahu2021 collected $0.25 from pot
Mahu2021: doesn't show hand 
*** SUMMARY ***
Total pot $0.25 | Rake $0 
Seat 1: erps112 (button) folded before Flop (didn't bet)
Seat 2: Bur1k (small blind) folded before Flop
Seat 3: lolb0t (big blind) folded before Flop
Seat 4: Mahu2021 collected ($0.25)
Seat 5: Belphegor228 folded before Flop (didn't bet)
Seat 6: danzo5959 folded before Flop (didn't bet)



PokerStars Zoom Hand #254939284607:  Hold'em No Limit ($0.05/$0.10) - 2025/02/19 13:36:53 CET [2025/02/19 7:36:53 ET]
Table 'Aludra' 6-max Seat #1 is the button
Seat 1: acebob999 ($14.26 in chips) 
Seat 2: blysk ($13.71 in chips) 
Seat 3: Dimon_55_77 ($10 in chips) 
Seat 4: trikjy ($11.12 in chips) 
Seat 5: tafarel8 ($16.44 in chips) 
Seat 6: Mahu2021 ($8.28 in chips) 
blysk: posts small blind $0.05
Dimon_55_77: posts big blind $0.10
*** HOLE CARDS ***
Dealt to Mahu2021 [6d 6c]
trikjy: folds 
tafarel8: folds 
Mahu2021: raises $0.14 to $0.24
acebob999: calls $0.24
blysk: folds 
Dimon_55_77: folds 
*** FLOP *** [3d 4h 5c]
Mahu2021: bets $0.60
acebob999: folds 
Uncalled bet ($0.60) returned to Mahu2021
Mahu2021 collected $0.60 from pot
Mahu2021: doesn't show hand 
*** SUMMARY ***
Total pot $0.63 | Rake $0.03 
Board [3d 4h 5c]
Seat 1: acebob999 (button) folded on the Flop
Seat 2: blysk (small blind) folded before Flop
Seat 3: Dimon_55_77 (big blind) folded before Flop
Seat 4: trikjy folded before Flop (didn't bet)
Seat 5: tafarel8 folded before Flop (didn't bet)
Seat 6: Mahu2021 collected ($0.60)



PokerStars Zoom Hand #254939288722:  Hold'em No Limit ($0.05/$0.10) - 2025/02/19 13:37:22 CET [2025/02/19 7:37:22 ET]
Table 'Aludra' 6-max Seat #1 is the button
Seat 1: tafarel8 ($10.28 in chips) 
Seat 2: daniela5070 ($10.87 in chips) 
Seat 3: Mahu2021 ($8.59 in chips) 
Seat 4: zinluz ($15.35 in chips) 
Seat 5: ForLeonko13 ($18.44 in chips) 
Seat 6: Rossu28 ($21.68 in chips) 
daniela5070: posts small blind $0.05
Mahu2021: posts big blind $0.10
*** HOLE CARDS ***
Dealt to Mahu2021 [6h 6d]
zinluz: folds 
ForLeonko13: folds 
Rossu28: folds 
tafarel8: folds 
daniela5070: folds 
Uncalled bet ($0.05) returned to Mahu2021
Mahu2021 collected $0.10 from pot
Mahu2021: doesn't show hand 
*** SUMMARY ***
Total pot $0.10 | Rake $0 
Seat 1: tafarel8 (button) folded before Flop (didn't bet)
Seat 2: daniela5070 (small blind) folded before Flop
Seat 3: Mahu2021 (big blind) collected ($0.10)
Seat 4: zinluz folded before Flop (didn't bet)
Seat 5: ForLeonko13 folded before Flop (didn't bet)
Seat 6: Rossu28 folded before Flop (didn't bet)



PokerStars Zoom Hand #254939287532:  Hold'em No Limit ($0.05/$0.10) - 2025/02/19 13:37:14 CET [2025/02/19 7:37:14 ET]
Table 'Aludra' 6-max Seat #1 is the button
Seat 1: daniela5070 ($10.87 in chips) 
Seat 2: keirin459 ($12.39 in chips) 
Seat 3: superb747 ($16.35 in chips) 
Seat 4: Mahu2021 ($8.64 in chips) 
Seat 5: Bur1k ($5 in chips) 
Seat 6: Matzet1ka ($10 in chips) 
keirin459: posts small blind $0.05
superb747: posts big blind $0.10
*** HOLE CARDS ***
Dealt to Mahu2021 [8h 2c]
Mahu2021: folds 
Bur1k: folds 
Matzet1ka: raises $0.15 to $0.25
daniela5070: folds 
keirin459: folds 
superb747: folds 
Uncalled bet ($0.15) returned to Matzet1ka
Matzet1ka collected $0.25 from pot
Matzet1ka: doesn't show hand 
*** SUMMARY ***
Total pot $0.25 | Rake $0 
Seat 1: daniela5070 (button) folded before Flop (didn't bet)
Seat 2: keirin459 (small blind) folded before Flop
Seat 3: superb747 (big blind) folded before Flop
Seat 4: Mahu2021 folded before Flop (didn't bet)
Seat 5: Bur1k folded before Flop (didn't bet)
Seat 6: Matzet1ka collected ($0.25)



PokerStars Zoom Hand #254939288109:  Hold'em No Limit ($0.05/$0.10) - 2025/02/19 13:37:18 CET [2025/02/19 7:37:18 ET]
Table 'Aludra' 6-max Seat #1 is the button
Seat 1: Dimon_55_77 ($10 in chips) 
Seat 2: Mahu2021 ($8.64 in chips) 
Seat 3: CaJe94 ($10 in chips) 
Seat 4: alexisabos3 ($23.31 in chips) 
Seat 5: aimaisan ($10 in chips) 
Seat 6: VitorArj ($12.87 in chips) 
Mahu2021: posts small blind $0.05
CaJe94: posts big blind $0.10
*** HOLE CARDS ***
Dealt to Mahu2021 [Jc 5s]
alexisabos3: folds 
aimaisan: raises $0.15 to $0.25
VitorArj: folds 
Dimon_55_77: folds 
Mahu2021: folds 
CaJe94: folds 
Uncalled bet ($0.15) returned to aimaisan
aimaisan collected $0.25 from pot
aimaisan: doesn't show hand 
*** SUMMARY ***
Total pot $0.25 | Rake $0 
Seat 1: Dimon_55_77 (button) folded before Flop (didn't bet)
Seat 2: Mahu2021 (small blind) folded before Flop
Seat 3: CaJe94 (big blind) folded before Flop
Seat 4: alexisabos3 folded before Flop (didn't bet)
Seat 5: aimaisan collected ($0.25)
Seat 6: VitorArj folded before Flop (didn't bet)



PokerStars Zoom Hand #254939290187:  Hold'em No Limit ($0.05/$0.10) - 2025/02/19 13:37:33 CET [2025/02/19 7:37:33 ET]
Table 'Aludra' 6-max Seat #1 is the button
Seat 1: VitorArj ($12.87 in chips) 
Seat 2: Chakanicki ($4.10 in chips) 
Seat 3: unknown122 ($10.29 in chips) 
Seat 4: BetXD ($9.58 in chips) 
Seat 5: Mahu2021 ($8.64 in chips) 
Seat 6: lolb0t ($10 in chips) 
Chakanicki: posts small blind $0.05
unknown122: posts big blind $0.10
*** HOLE CARDS ***
Dealt to Mahu2021 [6c 7d]
BetXD: raises $0.10 to $0.20
Mahu2021: folds 
lolb0t: folds 
VitorArj: folds 
Chakanicki: folds 
unknown122: calls $0.10
*** FLOP *** [8d Kh Ts]
unknown122: checks 
BetXD: checks 
*** TURN *** [8d Kh Ts] [9d]
unknown122: bets $0.35
BetXD: calls $0.35
*** RIVER *** [8d Kh Ts 9d] [2d]
unknown122: checks 
BetXD: bets $0.55
unknown122: folds 
Uncalled bet ($0.55) returned to BetXD
BetXD collected $1.10 from pot
BetXD: doesn't show hand 
*** SUMMARY ***
Total pot $1.15 | Rake $0.05 
Board [8d Kh Ts 9d 2d]
Seat 1: VitorArj (button) folded before Flop (didn't bet)
Seat 2: Chakanicki (small blind) folded before Flop
Seat 3: unknown122 (big blind) folded on the River
Seat 4: BetXD collected ($1.10)
Seat 5: Mahu2021 folded before Flop (didn't bet)
Seat 6: lolb0t folded before Flop (didn't bet)



PokerStars Zoom Hand #254939290694:  Hold'em No Limit ($0.05/$0.10) - 2025/02/19 13:37:36 CET [2025/02/19 7:37:36 ET]
Table 'Aludra' 6-max Seat #1 is the button
Seat 1: Mahu2021 ($8.64 in chips) 
Seat 2: Bur1k ($5.97 in chips) 
Seat 3: alexisabos3 ($23.31 in chips) 
Seat 4: rocky0076 ($4.40 in chips) 
Seat 5: AgreeableWorm ($8.47 in chips) 
Seat 6: blysk ($13.47 in chips) 
Bur1k: posts small blind $0.05
alexisabos3: posts big blind $0.10
*** HOLE CARDS ***
Dealt to Mahu2021 [Kd Jc]
rocky0076: raises $0.20 to $0.30
AgreeableWorm: calls $0.30
blysk: folds 
Mahu2021: calls $0.30
Bur1k: calls $0.25
alexisabos3: calls $0.20
*** FLOP *** [9c 4h Th]
Bur1k: checks 
alexisabos3: checks 
rocky0076: checks 
AgreeableWorm: checks 
Mahu2021: checks 
*** TURN *** [9c 4h Th] [Jd]
Bur1k: checks 
alexisabos3: checks 
rocky0076: checks 
AgreeableWorm: checks 
Mahu2021: bets $0.50
Bur1k: folds 
alexisabos3: calls $0.50
rocky0076: calls $0.50
AgreeableWorm: folds 
*** RIVER *** [9c 4h Th Jd] [Ah]
alexisabos3: checks 
rocky0076: checks 
Mahu2021: bets $2.86
alexisabos3: folds 
rocky0076: folds 
Uncalled bet ($2.86) returned to Mahu2021
Mahu2021 collected $2.86 from pot
Mahu2021: doesn't show hand 
*** SUMMARY ***
Total pot $3 | Rake $0.14 
Board [9c 4h Th Jd Ah]
Seat 1: Mahu2021 (button) collected ($2.86)
Seat 2: Bur1k (small blind) folded on the Turn
Seat 3: alexisabos3 (big blind) folded on the River
Seat 4: rocky0076 folded on the River
Seat 5: AgreeableWorm folded on the Turn
Seat 6: blysk folded before Flop (didn't bet)



