PokerStars Zoom Hand #255713713999:  Hold'em No Limit ($0.05/$0.10) - 2025/04/13 11:03:36 CET [2025/04/13 5:03:36 ET]
Table 'Aludra' 6-max Seat #1 is the button
Seat 1: gharashmish ($17.90 in chips) 
Seat 2: Werbach77 ($27.18 in chips) 
Seat 3: Mahu2021 ($10 in chips) 
Seat 4: antimol75 ($14.25 in chips) 
Seat 5: caesar128 ($10.18 in chips) 
Seat 6: Baratrum777 ($10 in chips) 
Werbach77: posts small blind $0.05
Mahu2021: posts big blind $0.10
*** HOLE CARDS ***
Dealt to Mahu2021 [2c 7c]
antimol75: folds 
caesar128: folds 
Baratrum777: folds 
gharashmish: folds 
Werbach77: raises $0.20 to $0.30
Mahu2021: folds 
Uncalled bet ($0.20) returned to Werbach77
Werbach77 collected $0.20 from pot
Werbach77: doesn't show hand 
*** SUMMARY ***
Total pot $0.20 | Rake $0 
Seat 1: gharashmish (button) folded before Flop (didn't bet)
Seat 2: Werbach77 (small blind) collected ($0.20)
Seat 3: Mahu2021 (big blind) folded before Flop
Seat 4: antimol75 folded before Flop (didn't bet)
Seat 5: caesar128 folded before Flop (didn't bet)
Seat 6: Baratrum777 folded before Flop (didn't bet)



PokerStars Zoom Hand #255713715121:  Hold'em No Limit ($0.05/$0.10) - 2025/04/13 11:03:47 CET [2025/04/13 5:03:47 ET]
Table 'Aludra' 6-max Seat #1 is the button
Seat 1: MR_HKO_DK ($46.04 in chips) 
Seat 2: Mahu2021 ($9.90 in chips) 
Seat 3: MirceaRM ($10.64 in chips) 
Seat 4: Karsa1 ($12.18 in chips) 
Seat 5: DylanApeldoo ($4.85 in chips) 
Seat 6: doratoq ($10.85 in chips) 
Mahu2021: posts small blind $0.05
MirceaRM: posts big blind $0.10
*** HOLE CARDS ***
Dealt to Mahu2021 [4h 3h]
Karsa1: folds 
DylanApeldoo: folds 
doratoq: folds 
MR_HKO_DK: raises $0.15 to $0.25
Mahu2021: calls $0.20
MirceaRM: calls $0.15
*** FLOP *** [Qc 4d Ad]
Mahu2021: checks 
MirceaRM: checks 
MR_HKO_DK: checks 
*** TURN *** [Qc 4d Ad] [Kd]
Mahu2021: checks 
MirceaRM: checks 
MR_HKO_DK: bets $0.36
Mahu2021: folds 
MirceaRM: calls $0.36
*** RIVER *** [Qc 4d Ad Kd] [2d]
MirceaRM: checks 
MR_HKO_DK: checks 
*** SHOW DOWN ***
MirceaRM: shows [Qs Ks] (two pair, Kings and Queens)
MR_HKO_DK: shows [As 2h] (two pair, Aces and Deuces)
MR_HKO_DK collected $1.40 from pot
*** SUMMARY ***
Total pot $1.47 | Rake $0.07 
Board [Qc 4d Ad Kd 2d]
Seat 1: MR_HKO_DK (button) showed [As 2h] and won ($1.40) with two pair, Aces and Deuces
Seat 2: Mahu2021 (small blind) folded on the Turn
Seat 3: MirceaRM (big blind) showed [Qs Ks] and lost with two pair, Kings and Queens
Seat 4: Karsa1 folded before Flop (didn't bet)
Seat 5: DylanApeldoo folded before Flop (didn't bet)
Seat 6: doratoq folded before Flop (didn't bet)



PokerStars Zoom Hand #255713717877:  Hold'em No Limit ($0.05/$0.10) - 2025/04/13 11:04:15 CET [2025/04/13 5:04:15 ET]
Table 'Aludra' 6-max Seat #1 is the button
Seat 1: Mahu2021 ($9.65 in chips) 
Seat 2: wil_e_84 ($10.17 in chips) 
Seat 3: Karsa1 ($10.70 in chips) 
Seat 4: MaSto1 ($7.35 in chips) 
Seat 5: chueko148 ($2.92 in chips) 
Seat 6: Werbach77 ($27.18 in chips) 
wil_e_84: posts small blind $0.05
Karsa1: posts big blind $0.10
*** HOLE CARDS ***
Dealt to Mahu2021 [6h Kd]
MaSto1: folds 
chueko148: folds 
Werbach77: folds 
Mahu2021: folds 
wil_e_84: folds 
Uncalled bet ($0.05) returned to Karsa1
Karsa1 collected $0.10 from pot
Karsa1: doesn't show hand 
*** SUMMARY ***
Total pot $0.10 | Rake $0 
Seat 1: Mahu2021 (button) folded before Flop (didn't bet)
Seat 2: wil_e_84 (small blind) folded before Flop
Seat 3: Karsa1 (big blind) collected ($0.10)
Seat 4: MaSto1 folded before Flop (didn't bet)
Seat 5: chueko148 folded before Flop (didn't bet)
Seat 6: Werbach77 folded before Flop (didn't bet)



PokerStars Zoom Hand #255713718561:  Hold'em No Limit ($0.05/$0.10) - 2025/04/13 11:04:22 CET [2025/04/13 5:04:22 ET]
Table 'Aludra' 6-max Seat #1 is the button
Seat 1: nordrel ($12.28 in chips) 
Seat 2: Mahu2021 ($9.65 in chips) 
Seat 3: Dziokinas ($10 in chips) 
Seat 4: Werbach77 ($27.18 in chips) 
Seat 5: BigLoo27 ($8.22 in chips) 
Seat 6: wil_e_84 ($10.12 in chips) 
Mahu2021: posts small blind $0.05
Dziokinas: posts big blind $0.10
*** HOLE CARDS ***
Dealt to Mahu2021 [Ks 4s]
Werbach77: folds 
BigLoo27: folds 
wil_e_84: folds 
nordrel: folds 
Mahu2021: folds 
Uncalled bet ($0.05) returned to Dziokinas
Dziokinas collected $0.10 from pot
Dziokinas: doesn't show hand 
*** SUMMARY ***
Total pot $0.10 | Rake $0 
Seat 1: nordrel (button) folded before Flop (didn't bet)
Seat 2: Mahu2021 (small blind) folded before Flop
Seat 3: Dziokinas (big blind) collected ($0.10)
Seat 4: Werbach77 folded before Flop (didn't bet)
Seat 5: BigLoo27 folded before Flop (didn't bet)
Seat 6: wil_e_84 folded before Flop (didn't bet)



PokerStars Zoom Hand #255713718195:  Hold'em No Limit ($0.05/$0.10) - 2025/04/13 11:04:18 CET [2025/04/13 5:04:18 ET]
Table 'Aludra' 6-max Seat #1 is the button
Seat 1: creller ($14.61 in chips) 
Seat 2: gotdannuts ($18.87 in chips) 
Seat 3: doratoq ($10 in chips) 
Seat 4: Dziokinas ($13.44 in chips) 
Seat 5: Mahu2021 ($9.65 in chips) 
Seat 6: kimjw800 ($10.26 in chips) 
gotdannuts: posts small blind $0.05
doratoq: posts big blind $0.10
*** HOLE CARDS ***
Dealt to Mahu2021 [4d 5s]
Dziokinas: raises $0.15 to $0.25
Mahu2021: folds 
kimjw800: folds 
creller: folds 
gotdannuts: folds 
doratoq: folds 
Uncalled bet ($0.15) returned to Dziokinas
Dziokinas collected $0.25 from pot
Dziokinas: doesn't show hand 
*** SUMMARY ***
Total pot $0.25 | Rake $0 
Seat 1: creller (button) folded before Flop (didn't bet)
Seat 2: gotdannuts (small blind) folded before Flop
Seat 3: doratoq (big blind) folded before Flop
Seat 4: Dziokinas collected ($0.25)
Seat 5: Mahu2021 folded before Flop (didn't bet)
Seat 6: kimjw800 folded before Flop (didn't bet)



PokerStars Zoom Hand #255713717445:  Hold'em No Limit ($0.05/$0.10) - 2025/04/13 11:04:11 CET [2025/04/13 5:04:11 ET]
Table 'Aludra' 6-max Seat #1 is the button
Seat 1: 1block1 ($4.85 in chips) 
Seat 2: Frankenjura ($10.05 in chips) 
Seat 3: AmuHabibi ($9.85 in chips) 
Seat 4: iudicus ($10.33 in chips) 
Seat 5: Dziokinas ($11.45 in chips) 
Seat 6: Mahu2021 ($9.65 in chips) 
Frankenjura: posts small blind $0.05
AmuHabibi: posts big blind $0.10
*** HOLE CARDS ***
Dealt to Mahu2021 [Jc 6h]
iudicus: folds 
Dziokinas: folds 
Mahu2021: folds 
1block1: raises $0.20 to $0.30
Frankenjura: raises $0.90 to $1.20
AmuHabibi: folds 
1block1: folds 
Uncalled bet ($0.90) returned to Frankenjura
Frankenjura collected $0.70 from pot
Frankenjura: doesn't show hand 
*** SUMMARY ***
Total pot $0.70 | Rake $0 
Seat 1: 1block1 (button) folded before Flop
Seat 2: Frankenjura (small blind) collected ($0.70)
Seat 3: AmuHabibi (big blind) folded before Flop
Seat 4: iudicus folded before Flop (didn't bet)
Seat 5: Dziokinas folded before Flop (didn't bet)
Seat 6: Mahu2021 folded before Flop (didn't bet)



PokerStars Zoom Hand #255713720299:  Hold'em No Limit ($0.05/$0.10) - 2025/04/13 11:04:40 CET [2025/04/13 5:04:40 ET]
Table 'Aludra' 6-max Seat #1 is the button
Seat 1: Mahu2021 ($9.50 in chips) 
Seat 2: nordrel ($12.28 in chips) 
Seat 3: creller ($14.56 in chips) 
Seat 4: Baratrum777 ($10 in chips) 
Seat 5: slickric878 ($33.75 in chips) 
Seat 6: buxtehude1 ($10 in chips) 
nordrel: posts small blind $0.05
creller: posts big blind $0.10
*** HOLE CARDS ***
Dealt to Mahu2021 [Jc 3h]
Baratrum777: folds 
slickric878: folds 
buxtehude1: folds 
Mahu2021: folds 
nordrel: folds 
Uncalled bet ($0.05) returned to creller
creller collected $0.10 from pot
creller: doesn't show hand 
*** SUMMARY ***
Total pot $0.10 | Rake $0 
Seat 1: Mahu2021 (button) folded before Flop (didn't bet)
Seat 2: nordrel (small blind) folded before Flop
Seat 3: creller (big blind) collected ($0.10)
Seat 4: Baratrum777 folded before Flop (didn't bet)
Seat 5: slickric878 folded before Flop (didn't bet)
Seat 6: buxtehude1 folded before Flop (didn't bet)



PokerStars Zoom Hand #255713719118:  Hold'em No Limit ($0.05/$0.10) - 2025/04/13 11:04:28 CET [2025/04/13 5:04:28 ET]
Table 'Aludra' 6-max Seat #1 is the button
Seat 1: Baratrum777 ($10.30 in chips) 
Seat 2: Frankenjura ($10 in chips) 
Seat 3: Mahu2021 ($9.60 in chips) 
Seat 4: Mallardz ($15.61 in chips) 
Seat 5: MR_HKO_DK ($18.01 in chips) 
Seat 6: timonphantom ($9.85 in chips) 
Frankenjura: posts small blind $0.05
Mahu2021: posts big blind $0.10
*** HOLE CARDS ***
Dealt to Mahu2021 [Jh 4s]
Mallardz: folds 
MR_HKO_DK: folds 
timonphantom: calls $0.10
Baratrum777: raises $0.40 to $0.50
Frankenjura: folds 
Mahu2021: folds 
timonphantom: calls $0.40
*** FLOP *** [Qd 7h 3c]
timonphantom: checks 
Baratrum777: bets $0.37
timonphantom: folds 
Uncalled bet ($0.37) returned to Baratrum777
Baratrum777 collected $1.10 from pot
Baratrum777: doesn't show hand 
*** SUMMARY ***
Total pot $1.15 | Rake $0.05 
Board [Qd 7h 3c]
Seat 1: Baratrum777 (button) collected ($1.10)
Seat 2: Frankenjura (small blind) folded before Flop
Seat 3: Mahu2021 (big blind) folded before Flop
Seat 4: Mallardz folded before Flop (didn't bet)
Seat 5: MR_HKO_DK folded before Flop (didn't bet)
Seat 6: timonphantom folded on the Flop



PokerStars Zoom Hand #255713720717:  Hold'em No Limit ($0.05/$0.10) - 2025/04/13 11:04:44 CET [2025/04/13 5:04:44 ET]
Table 'Aludra' 6-max Seat #1 is the button
Seat 1: isidaxl ($8.35 in chips) 
Seat 2: chueko148 ($13.31 in chips) 
Seat 3: Werbach77 ($20.55 in chips) 
Seat 4: Mahu2021 ($9.50 in chips) 
Seat 5: buxtehude1 ($10 in chips) 
Seat 6: Frankenjura ($10.45 in chips) 
chueko148: posts small blind $0.05
Werbach77: posts big blind $0.10
*** HOLE CARDS ***
Dealt to Mahu2021 [Ts 8d]
Mahu2021: folds 
buxtehude1: folds 
Frankenjura: folds 
isidaxl: folds 
chueko148: folds 
Uncalled bet ($0.05) returned to Werbach77
Werbach77 collected $0.10 from pot
Werbach77: doesn't show hand 
*** SUMMARY ***
Total pot $0.10 | Rake $0 
Seat 1: isidaxl (button) folded before Flop (didn't bet)
Seat 2: chueko148 (small blind) folded before Flop
Seat 3: Werbach77 (big blind) collected ($0.10)
Seat 4: Mahu2021 folded before Flop (didn't bet)
Seat 5: buxtehude1 folded before Flop (didn't bet)
Seat 6: Frankenjura folded before Flop (didn't bet)



PokerStars Zoom Hand #255713721117:  Hold'em No Limit ($0.05/$0.10) - 2025/04/13 11:04:48 CET [2025/04/13 5:04:48 ET]
Table 'Aludra' 6-max Seat #1 is the button
Seat 1: kimjw800 ($10.26 in chips) 
Seat 2: dreamcome12 ($10.56 in chips) 
Seat 3: MirceaRM ($9.98 in chips) 
Seat 4: MR_HKO_DK ($18.06 in chips) 
Seat 5: BigLoo27 ($8.22 in chips) 
Seat 6: Mahu2021 ($9.50 in chips) 
dreamcome12: posts small blind $0.05
MirceaRM: posts big blind $0.10
*** HOLE CARDS ***
Dealt to Mahu2021 [Td Kd]
MR_HKO_DK: folds 
BigLoo27: folds 
Mahu2021: raises $0.20 to $0.30
kimjw800: folds 
dreamcome12: folds 
MirceaRM: calls $0.20
*** FLOP *** [6d Qd Ac]
MirceaRM: checks 
Mahu2021: bets $0.30
MirceaRM: folds 
Uncalled bet ($0.30) returned to Mahu2021
Mahu2021 collected $0.62 from pot
Mahu2021: doesn't show hand 
*** SUMMARY ***
Total pot $0.65 | Rake $0.03 
Board [6d Qd Ac]
Seat 1: kimjw800 (button) folded before Flop (didn't bet)
Seat 2: dreamcome12 (small blind) folded before Flop
Seat 3: MirceaRM (big blind) folded on the Flop
Seat 4: MR_HKO_DK folded before Flop (didn't bet)
Seat 5: BigLoo27 folded before Flop (didn't bet)
Seat 6: Mahu2021 collected ($0.62)



PokerStars Zoom Hand #255713723197:  Hold'em No Limit ($0.05/$0.10) - 2025/04/13 11:05:10 CET [2025/04/13 5:05:10 ET]
Table 'Aludra' 6-max Seat #1 is the button
Seat 1: MirceaRM ($9.68 in chips) 
Seat 2: 1block1 ($4.45 in chips) 
Seat 3: Werbach77 ($27.13 in chips) 
Seat 4: Mahu2021 ($9.82 in chips) 
Seat 5: aggovic ($10 in chips) 
Seat 6: Vanias2013 ($12.80 in chips) 
1block1: posts small blind $0.05
Werbach77: posts big blind $0.10
*** HOLE CARDS ***
Dealt to Mahu2021 [9c Ks]
Mahu2021: folds 
aggovic: folds 
Vanias2013: folds 
MirceaRM: raises $0.10 to $0.20
1block1: folds 
Werbach77: calls $0.10
*** FLOP *** [9h 3h Qh]
Werbach77: checks 
MirceaRM: bets $0.20
Werbach77: folds 
Uncalled bet ($0.20) returned to MirceaRM
MirceaRM collected $0.43 from pot
MirceaRM: doesn't show hand 
*** SUMMARY ***
Total pot $0.45 | Rake $0.02 
Board [9h 3h Qh]
Seat 1: MirceaRM (button) collected ($0.43)
Seat 2: 1block1 (small blind) folded before Flop
Seat 3: Werbach77 (big blind) folded on the Flop
Seat 4: Mahu2021 folded before Flop (didn't bet)
Seat 5: aggovic folded before Flop (didn't bet)
Seat 6: Vanias2013 folded before Flop (didn't bet)



PokerStars Zoom Hand #255713725800:  Hold'em No Limit ($0.05/$0.10) - 2025/04/13 11:05:36 CET [2025/04/13 5:05:36 ET]
Table 'Aludra' 6-max Seat #1 is the button
Seat 1: Mahu2021 ($9.67 in chips) 
Seat 2: FabOliveira9 ($9.21 in chips) 
Seat 3: MaSto1 ($7.66 in chips) 
Seat 4: doratoq ($10 in chips) 
Seat 5: Mallardz ($15.61 in chips) 
Seat 6: creller ($14.84 in chips) 
FabOliveira9: posts small blind $0.05
MaSto1: posts big blind $0.10
*** HOLE CARDS ***
Dealt to Mahu2021 [3s Tc]
doratoq: folds 
Mallardz: folds 
creller: folds 
Mahu2021: folds 
FabOliveira9: folds 
Uncalled bet ($0.05) returned to MaSto1
MaSto1 collected $0.10 from pot
MaSto1: doesn't show hand 
*** SUMMARY ***
Total pot $0.10 | Rake $0 
Seat 1: Mahu2021 (button) folded before Flop (didn't bet)
Seat 2: FabOliveira9 (small blind) folded before Flop
Seat 3: MaSto1 (big blind) collected ($0.10)
Seat 4: doratoq folded before Flop (didn't bet)
Seat 5: Mallardz folded before Flop (didn't bet)
Seat 6: creller folded before Flop (didn't bet)



PokerStars Zoom Hand #255713723963:  Hold'em No Limit ($0.05/$0.10) - 2025/04/13 11:05:18 CET [2025/04/13 5:05:18 ET]
Table 'Aludra' 6-max Seat #1 is the button
Seat 1: 1block1 ($4.40 in chips) 
Seat 2: shipittosav7 ($21.90 in chips) 
Seat 3: Mahu2021 ($9.77 in chips) 
Seat 4: Baratrum777 ($10.90 in chips) 
Seat 5: BigLoo27 ($8.27 in chips) 
Seat 6: Topi1956 ($10.05 in chips) 
shipittosav7: posts small blind $0.05
Mahu2021: posts big blind $0.10
*** HOLE CARDS ***
Dealt to Mahu2021 [4d Tc]
Baratrum777: folds 
BigLoo27: raises $0.20 to $0.30
Topi1956: folds 
1block1: raises $4.10 to $4.40 and is all-in
shipittosav7: folds 
Mahu2021: folds 
BigLoo27: folds 
Uncalled bet ($4.10) returned to 1block1
1block1 collected $0.75 from pot
1block1: doesn't show hand 
*** SUMMARY ***
Total pot $0.75 | Rake $0 
Seat 1: 1block1 (button) collected ($0.75)
Seat 2: shipittosav7 (small blind) folded before Flop
Seat 3: Mahu2021 (big blind) folded before Flop
Seat 4: Baratrum777 folded before Flop (didn't bet)
Seat 5: BigLoo27 folded before Flop
Seat 6: Topi1956 folded before Flop (didn't bet)



PokerStars Zoom Hand #255713726251:  Hold'em No Limit ($0.05/$0.10) - 2025/04/13 11:05:40 CET [2025/04/13 5:05:40 ET]
Table 'Aludra' 6-max Seat #1 is the button
Seat 1: FabOliveira9 ($9.16 in chips) 
Seat 2: creller ($14.84 in chips) 
Seat 3: Mallardz ($15.61 in chips) 
Seat 4: Rottweile555 ($22.12 in chips) 
Seat 5: Mahu2021 ($9.67 in chips) 
Seat 6: Werbach77 ($26.93 in chips) 
creller: posts small blind $0.05
Mallardz: posts big blind $0.10
*** HOLE CARDS ***
Dealt to Mahu2021 [6h Kh]
Rottweile555: folds 
Mahu2021: folds 
Werbach77: folds 
FabOliveira9: raises $0.15 to $0.25
creller: folds 
Mallardz: folds 
Uncalled bet ($0.15) returned to FabOliveira9
FabOliveira9 collected $0.25 from pot
FabOliveira9: doesn't show hand 
*** SUMMARY ***
Total pot $0.25 | Rake $0 
Seat 1: FabOliveira9 (button) collected ($0.25)
Seat 2: creller (small blind) folded before Flop
Seat 3: Mallardz (big blind) folded before Flop
Seat 4: Rottweile555 folded before Flop (didn't bet)
Seat 5: Mahu2021 folded before Flop (didn't bet)
Seat 6: Werbach77 folded before Flop (didn't bet)



PokerStars Zoom Hand #255713723550:  Hold'em No Limit ($0.05/$0.10) - 2025/04/13 11:05:13 CET [2025/04/13 5:05:13 ET]
Table 'Aludra' 6-max Seat #1 is the button
Seat 1: Werbach77 ($35.97 in chips) 
Seat 2: Mahu2021 ($9.82 in chips) 
Seat 3: iudicus ($12.60 in chips) 
Seat 4: aggovic ($11.41 in chips) 
Seat 5: Frankenjura ($10.45 in chips) 
Seat 6: gharashmish ($18.54 in chips) 
Mahu2021: posts small blind $0.05
iudicus: posts big blind $0.10
*** HOLE CARDS ***
Dealt to Mahu2021 [3h Qd]
aggovic: calls $0.10
Frankenjura: folds 
gharashmish: folds 
Werbach77: raises $0.30 to $0.40
Mahu2021: folds 
iudicus: folds 
aggovic: calls $0.30
*** FLOP *** [Ah Tc 6s]
aggovic: checks 
Werbach77: bets $0.27
aggovic: folds 
Uncalled bet ($0.27) returned to Werbach77
Werbach77 collected $0.91 from pot
Werbach77: doesn't show hand 
*** SUMMARY ***
Total pot $0.95 | Rake $0.04 
Board [Ah Tc 6s]
Seat 1: Werbach77 (button) collected ($0.91)
Seat 2: Mahu2021 (small blind) folded before Flop
Seat 3: iudicus (big blind) folded before Flop
Seat 4: aggovic folded on the Flop
Seat 5: Frankenjura folded before Flop (didn't bet)
Seat 6: gharashmish folded before Flop (didn't bet)



PokerStars Zoom Hand #255713725318:  Hold'em No Limit ($0.05/$0.10) - 2025/04/13 11:05:31 CET [2025/04/13 5:05:31 ET]
Table 'Aludra' 6-max Seat #1 is the button
Seat 1: Mallardz ($15.61 in chips) 
Seat 2: MR_HKO_DK ($18.06 in chips) 
Seat 3: Baratrum777 ($10.90 in chips) 
Seat 4: nordrel ($11.93 in chips) 
Seat 5: Mahu2021 ($9.67 in chips) 
Seat 6: Gremalcan2020 ($10 in chips) 
MR_HKO_DK: posts small blind $0.05
Baratrum777: posts big blind $0.10
*** HOLE CARDS ***
Dealt to Mahu2021 [3h Ac]
nordrel: folds 
Mahu2021: folds 
Gremalcan2020: raises $0.15 to $0.25
Mallardz: folds 
MR_HKO_DK: calls $0.20
Baratrum777: folds 
*** FLOP *** [Ks Td Th]
MR_HKO_DK: checks 
Gremalcan2020: bets $0.19
MR_HKO_DK: folds 
Uncalled bet ($0.19) returned to Gremalcan2020
Gremalcan2020 collected $0.57 from pot
Gremalcan2020: doesn't show hand 
*** SUMMARY ***
Total pot $0.60 | Rake $0.03 
Board [Ks Td Th]
Seat 1: Mallardz (button) folded before Flop (didn't bet)
Seat 2: MR_HKO_DK (small blind) folded on the Flop
Seat 3: Baratrum777 (big blind) folded before Flop
Seat 4: nordrel folded before Flop (didn't bet)
Seat 5: Mahu2021 folded before Flop (didn't bet)
Seat 6: Gremalcan2020 collected ($0.57)



PokerStars Zoom Hand #255713726963:  Hold'em No Limit ($0.05/$0.10) - 2025/04/13 11:05:47 CET [2025/04/13 5:05:47 ET]
Table 'Aludra' 6-max Seat #1 is the button
Seat 1: Hito999 ($14.64 in chips) 
Seat 2: wil_e_84 ($10.02 in chips) 
Seat 3: nordrel ($11.93 in chips) 
Seat 4: dreamcome12 ($11.15 in chips) 
Seat 5: slickric878 ($34.03 in chips) 
Seat 6: Mahu2021 ($9.62 in chips) 
wil_e_84: posts small blind $0.05
nordrel: posts big blind $0.10
*** HOLE CARDS ***
Dealt to Mahu2021 [Ac Ah]
dreamcome12: raises $0.15 to $0.25
slickric878: folds 
Mahu2021: raises $0.85 to $1.10
Hito999: folds 
wil_e_84: folds 
nordrel: folds 
dreamcome12: raises $1.60 to $2.70
Mahu2021: raises $6.92 to $9.62 and is all-in
dreamcome12: folds 
Uncalled bet ($6.92) returned to Mahu2021
Mahu2021 collected $5.55 from pot
Mahu2021: doesn't show hand 
*** SUMMARY ***
Total pot $5.55 | Rake $0 
Seat 1: Hito999 (button) folded before Flop (didn't bet)
Seat 2: wil_e_84 (small blind) folded before Flop
Seat 3: nordrel (big blind) folded before Flop
Seat 4: dreamcome12 folded before Flop
Seat 5: slickric878 folded before Flop (didn't bet)
Seat 6: Mahu2021 collected ($5.55)



PokerStars Zoom Hand #255713730705:  Hold'em No Limit ($0.05/$0.10) - 2025/04/13 11:06:25 CET [2025/04/13 5:06:25 ET]
Table 'Aludra' 6-max Seat #1 is the button
Seat 1: MR_HKO_DK ($17.96 in chips) 
Seat 2: doratoq ($11.85 in chips) 
Seat 3: Mahu2021 ($12.47 in chips) 
Seat 4: ZigmanFreud ($12.62 in chips) 
Seat 5: dreamcome12 ($12.55 in chips) 
Seat 6: Karsa1 ($10.60 in chips) 
doratoq: posts small blind $0.05
Mahu2021: posts big blind $0.10
*** HOLE CARDS ***
Dealt to Mahu2021 [3c 7c]
ZigmanFreud: raises $0.10 to $0.20
dreamcome12: folds 
Karsa1: folds 
MR_HKO_DK: calls $0.20
doratoq: folds 
Mahu2021: folds 
*** FLOP *** [8c Ks 3h]
ZigmanFreud: checks 
MR_HKO_DK: checks 
*** TURN *** [8c Ks 3h] [5s]
ZigmanFreud: checks 
MR_HKO_DK: checks 
*** RIVER *** [8c Ks 3h 5s] [5h]
ZigmanFreud: checks 
MR_HKO_DK: checks 
*** SHOW DOWN ***
ZigmanFreud: shows [As 9d] (a pair of Fives)
MR_HKO_DK: mucks hand 
ZigmanFreud collected $0.53 from pot
*** SUMMARY ***
Total pot $0.55 | Rake $0.02 
Board [8c Ks 3h 5s 5h]
Seat 1: MR_HKO_DK (button) mucked [7d Th]
Seat 2: doratoq (small blind) folded before Flop
Seat 3: Mahu2021 (big blind) folded before Flop
Seat 4: ZigmanFreud showed [As 9d] and won ($0.53) with a pair of Fives
Seat 5: dreamcome12 folded before Flop (didn't bet)
Seat 6: Karsa1 folded before Flop (didn't bet)



PokerStars Zoom Hand #255713732133:  Hold'em No Limit ($0.05/$0.10) - 2025/04/13 11:06:39 CET [2025/04/13 5:06:39 ET]
Table 'Aludra' 6-max Seat #1 is the button
Seat 1: like.yasu119 ($18.36 in chips) 
Seat 2: slickric878 ($33.78 in chips) 
Seat 3: kimjw800 ($10.68 in chips) 
Seat 4: caesar128 ($17.06 in chips) 
Seat 5: Baratrum777 ($10.70 in chips) 
Seat 6: Mahu2021 ($12.37 in chips) 
slickric878: posts small blind $0.05
kimjw800: posts big blind $0.10
*** HOLE CARDS ***
Dealt to Mahu2021 [Th 3d]
caesar128: folds 
Baratrum777: folds 
Mahu2021: calls $0.10
like.yasu119: folds 
slickric878: folds 
kimjw800: checks 
*** FLOP *** [5c 6c 2s]
kimjw800: checks 
Mahu2021: bets $0.20
kimjw800: folds 
Uncalled bet ($0.20) returned to Mahu2021
Mahu2021 collected $0.24 from pot
Mahu2021: doesn't show hand 
*** SUMMARY ***
Total pot $0.25 | Rake $0.01 
Board [5c 6c 2s]
Seat 1: like.yasu119 (button) folded before Flop (didn't bet)
Seat 2: slickric878 (small blind) folded before Flop
Seat 3: kimjw800 (big blind) folded on the Flop
Seat 4: caesar128 folded before Flop (didn't bet)
Seat 5: Baratrum777 folded before Flop (didn't bet)
Seat 6: Mahu2021 collected ($0.24)



PokerStars Zoom Hand #255713734459:  Hold'em No Limit ($0.05/$0.10) - 2025/04/13 11:07:02 CET [2025/04/13 5:07:02 ET]
Table 'Aludra' 6-max Seat #1 is the button
Seat 1: Mahu2021 ($12.51 in chips) 
Seat 2: DylanApeldoo ($6.31 in chips) 
Seat 3: Topi1956 ($19.91 in chips) 
Seat 4: FabOliveira9 ($9.31 in chips) 
Seat 5: chueko148 ($3.16 in chips) 
Seat 6: Dziokinas ($14.17 in chips) 
DylanApeldoo: posts small blind $0.05
Topi1956: posts big blind $0.10
*** HOLE CARDS ***
Dealt to Mahu2021 [6s Qs]
FabOliveira9: folds 
chueko148: folds 
Dziokinas: folds 
Mahu2021: folds 
DylanApeldoo: folds 
Uncalled bet ($0.05) returned to Topi1956
Topi1956 collected $0.10 from pot
Topi1956: doesn't show hand 
*** SUMMARY ***
Total pot $0.10 | Rake $0 
Seat 1: Mahu2021 (button) folded before Flop (didn't bet)
Seat 2: DylanApeldoo (small blind) folded before Flop
Seat 3: Topi1956 (big blind) collected ($0.10)
Seat 4: FabOliveira9 folded before Flop (didn't bet)
Seat 5: chueko148 folded before Flop (didn't bet)
Seat 6: Dziokinas folded before Flop (didn't bet)



PokerStars Zoom Hand #255713731622:  Hold'em No Limit ($0.05/$0.10) - 2025/04/13 11:06:34 CET [2025/04/13 5:06:34 ET]
Table 'Aludra' 6-max Seat #1 is the button
Seat 1: Mallardz ($16.05 in chips) 
Seat 2: Werbach77 ($20.90 in chips) 
Seat 3: nordrel ($11.94 in chips) 
Seat 4: kimjw800 ($10.68 in chips) 
Seat 5: Mahu2021 ($12.37 in chips) 
Seat 6: doratoq ($10 in chips) 
Werbach77: posts small blind $0.05
nordrel: posts big blind $0.10
*** HOLE CARDS ***
Dealt to Mahu2021 [4s Ac]
kimjw800: folds 
Mahu2021: folds 
doratoq: raises $0.15 to $0.25
Mallardz: raises $0.50 to $0.75
Werbach77: folds 
nordrel: folds 
doratoq: calls $0.50
*** FLOP *** [Ad 5s 2c]
doratoq: checks 
Mallardz: checks 
*** TURN *** [Ad 5s 2c] [Jc]
doratoq: checks 
Mallardz: checks 
*** RIVER *** [Ad 5s 2c Jc] [8c]
doratoq: checks 
Mallardz: bets $1.19
doratoq: calls $1.19
*** SHOW DOWN ***
Mallardz: shows [As Ts] (a pair of Aces)
doratoq: mucks hand 
Mallardz collected $3.85 from pot
*** SUMMARY ***
Total pot $4.03 | Rake $0.18 
Board [Ad 5s 2c Jc 8c]
Seat 1: Mallardz (button) showed [As Ts] and won ($3.85) with a pair of Aces
Seat 2: Werbach77 (small blind) folded before Flop
Seat 3: nordrel (big blind) folded before Flop
Seat 4: kimjw800 folded before Flop (didn't bet)
Seat 5: Mahu2021 folded before Flop (didn't bet)
Seat 6: doratoq mucked [8d 9d]



PokerStars Zoom Hand #255713737691:  Hold'em No Limit ($0.05/$0.10) - 2025/04/13 11:07:35 CET [2025/04/13 5:07:35 ET]
Table 'Aludra' 6-max Seat #1 is the button
Seat 1: iudicus ($10 in chips) 
Seat 2: BluffsLord ($10 in chips) 
Seat 3: doratoq ($10 in chips) 
Seat 4: Dziokinas ($14.02 in chips) 
Seat 5: Topi1956 ($11.37 in chips) 
Seat 6: Mahu2021 ($12.36 in chips) 
BluffsLord: posts small blind $0.05
doratoq: posts big blind $0.10
*** HOLE CARDS ***
Dealt to Mahu2021 [Kc Th]
Dziokinas: folds 
Topi1956: folds 
Mahu2021: raises $0.20 to $0.30
iudicus: folds 
BluffsLord: folds 
doratoq: folds 
Uncalled bet ($0.20) returned to Mahu2021
Mahu2021 collected $0.25 from pot
Mahu2021: doesn't show hand 
*** SUMMARY ***
Total pot $0.25 | Rake $0 
Seat 1: iudicus (button) folded before Flop (didn't bet)
Seat 2: BluffsLord (small blind) folded before Flop
Seat 3: doratoq (big blind) folded before Flop
Seat 4: Dziokinas folded before Flop (didn't bet)
Seat 5: Topi1956 folded before Flop (didn't bet)
Seat 6: Mahu2021 collected ($0.25)



PokerStars Zoom Hand #255713735665:  Hold'em No Limit ($0.05/$0.10) - 2025/04/13 11:07:14 CET [2025/04/13 5:07:14 ET]
Table 'Aludra' 6-max Seat #1 is the button
Seat 1: Dziokinas ($13.86 in chips) 
Seat 2: Karsa1 ($10.45 in chips) 
Seat 3: Mahu2021 ($12.46 in chips) 
Seat 4: isidaxl ($8.88 in chips) 
Seat 5: MindOverMoney ($10.15 in chips) 
Seat 6: aggovic ($10.27 in chips) 
Karsa1: posts small blind $0.05
Mahu2021: posts big blind $0.10
*** HOLE CARDS ***
Dealt to Mahu2021 [Kh Jc]
isidaxl: folds 
MindOverMoney: raises $0.13 to $0.23
aggovic: folds 
Dziokinas: folds 
Karsa1: raises $0.87 to $1.10
Mahu2021: folds 
MindOverMoney: folds 
Uncalled bet ($0.87) returned to Karsa1
Karsa1 collected $0.56 from pot
Karsa1: doesn't show hand 
*** SUMMARY ***
Total pot $0.56 | Rake $0 
Seat 1: Dziokinas (button) folded before Flop (didn't bet)
Seat 2: Karsa1 (small blind) collected ($0.56)
Seat 3: Mahu2021 (big blind) folded before Flop
Seat 4: isidaxl folded before Flop (didn't bet)
Seat 5: MindOverMoney folded before Flop
Seat 6: aggovic folded before Flop (didn't bet)



PokerStars Zoom Hand #255713735272:  Hold'em No Limit ($0.05/$0.10) - 2025/04/13 11:07:10 CET [2025/04/13 5:07:10 ET]
Table 'Aludra' 6-max Seat #1 is the button
Seat 1: shipittosav7 ($21.85 in chips) 
Seat 2: Mahu2021 ($12.51 in chips) 
Seat 3: dreamcome12 ($12.05 in chips) 
Seat 4: Baratrum777 ($10 in chips) 
Seat 5: aggovic ($10.27 in chips) 
Seat 6: FabOliveira9 ($9.31 in chips) 
Mahu2021: posts small blind $0.05
dreamcome12: posts big blind $0.10
*** HOLE CARDS ***
Dealt to Mahu2021 [5c 9h]
Baratrum777: folds 
aggovic: folds 
FabOliveira9: raises $0.15 to $0.25
shipittosav7: calls $0.25
Mahu2021: folds 
dreamcome12: folds 
*** FLOP *** [8s 7h 9d]
FabOliveira9: bets $0.32
shipittosav7: calls $0.32
*** TURN *** [8s 7h 9d] [3c]
FabOliveira9: bets $1
shipittosav7: calls $1
*** RIVER *** [8s 7h 9d 3c] [As]
FabOliveira9: bets $1.80
shipittosav7: folds 
Uncalled bet ($1.80) returned to FabOliveira9
FabOliveira9 collected $3.14 from pot
FabOliveira9: doesn't show hand 
*** SUMMARY ***
Total pot $3.29 | Rake $0.15 
Board [8s 7h 9d 3c As]
Seat 1: shipittosav7 (button) folded on the River
Seat 2: Mahu2021 (small blind) folded before Flop
Seat 3: dreamcome12 (big blind) folded before Flop
Seat 4: Baratrum777 folded before Flop (didn't bet)
Seat 5: aggovic folded before Flop (didn't bet)
Seat 6: FabOliveira9 collected ($3.14)



PokerStars Zoom Hand #255713726605:  Hold'em No Limit ($0.05/$0.10) - 2025/04/13 11:05:43 CET [2025/04/13 5:05:43 ET]
Table 'Aludra' 6-max Seat #1 is the button
Seat 1: Frankenjura ($12.40 in chips) 
Seat 2: Mahu2021 ($9.67 in chips) 
Seat 3: antimol75 ($16.33 in chips) 
Seat 4: slickric878 ($34.03 in chips) 
Seat 5: creller ($14.79 in chips) 
Seat 6: Borislav84 ($14.12 in chips) 
Mahu2021: posts small blind $0.05
antimol75: posts big blind $0.10
*** HOLE CARDS ***
Dealt to Mahu2021 [5c 9s]
slickric878: folds 
creller: raises $0.20 to $0.30
Borislav84: calls $0.30
Frankenjura: raises $0.90 to $1.20
Mahu2021: folds 
antimol75: folds 
creller: calls $0.90
Borislav84: calls $0.90
*** FLOP *** [Kc Kd Jd]
creller: checks 
Borislav84: checks 
Frankenjura: bets $0.90
creller: calls $0.90
Borislav84: folds 
*** TURN *** [Kc Kd Jd] [Ah]
creller: checks 
Frankenjura: bets $3
creller: calls $3
*** RIVER *** [Kc Kd Jd Ah] [7c]
creller: bets $3.01
Frankenjura: raises $4.29 to $7.30 and is all-in
creller: calls $4.29
*** SHOW DOWN ***
Frankenjura: shows [Js Jc] (a full house, Jacks full of Kings)
creller: shows [Ac Kh] (a full house, Kings full of Aces)
creller collected $24.97 from pot
*** SUMMARY ***
Total pot $26.15 | Rake $1.18 
Board [Kc Kd Jd Ah 7c]
Seat 1: Frankenjura (button) showed [Js Jc] and lost with a full house, Jacks full of Kings
Seat 2: Mahu2021 (small blind) folded before Flop
Seat 3: antimol75 (big blind) folded before Flop
Seat 4: slickric878 folded before Flop (didn't bet)
Seat 5: creller showed [Ac Kh] and won ($24.97) with a full house, Kings full of Aces
Seat 6: Borislav84 folded on the Flop



PokerStars Zoom Hand #255713739153:  Hold'em No Limit ($0.05/$0.10) - 2025/04/13 11:07:50 CET [2025/04/13 5:07:50 ET]
Table 'Aludra' 6-max Seat #1 is the button
Seat 1: Mahu2021 ($12.51 in chips) 
Seat 2: Gremalcan2020 ($11.78 in chips) 
Seat 3: dreamcome12 ($11.90 in chips) 
Seat 4: MindOverMoney ($10 in chips) 
Seat 5: aggovic ($10.47 in chips) 
Seat 6: nordrel ($12.70 in chips) 
Gremalcan2020: posts small blind $0.05
dreamcome12: posts big blind $0.10
*** HOLE CARDS ***
Dealt to Mahu2021 [2c Ad]
MindOverMoney: folds 
aggovic: folds 
nordrel: folds 
Mahu2021: folds 
Gremalcan2020: folds 
Uncalled bet ($0.05) returned to dreamcome12
dreamcome12 collected $0.10 from pot
dreamcome12: doesn't show hand 
*** SUMMARY ***
Total pot $0.10 | Rake $0 
Seat 1: Mahu2021 (button) folded before Flop (didn't bet)
Seat 2: Gremalcan2020 (small blind) folded before Flop
Seat 3: dreamcome12 (big blind) collected ($0.10)
Seat 4: MindOverMoney folded before Flop (didn't bet)
Seat 5: aggovic folded before Flop (didn't bet)
Seat 6: nordrel folded before Flop (didn't bet)



PokerStars Zoom Hand #255713740516:  Hold'em No Limit ($0.05/$0.10) - 2025/04/13 11:08:03 CET [2025/04/13 5:08:03 ET]
Table 'Aludra' 6-max Seat #1 is the button
Seat 1: timonphantom ($8.35 in chips) 
Seat 2: aggovic ($10.57 in chips) 
Seat 3: creller ($27.36 in chips) 
Seat 4: Mahu2021 ($12.51 in chips) 
Seat 5: DylanApeldoo ($4.28 in chips) 
Seat 6: 00Delphi ($10 in chips) 
aggovic: posts small blind $0.05
creller: posts big blind $0.10
*** HOLE CARDS ***
Dealt to Mahu2021 [Ad 3s]
Mahu2021: folds 
DylanApeldoo: raises $0.20 to $0.30
00Delphi: folds 
timonphantom: folds 
aggovic: folds 
creller: folds 
Uncalled bet ($0.20) returned to DylanApeldoo
DylanApeldoo collected $0.25 from pot
DylanApeldoo: doesn't show hand 
*** SUMMARY ***
Total pot $0.25 | Rake $0 
Seat 1: timonphantom (button) folded before Flop (didn't bet)
Seat 2: aggovic (small blind) folded before Flop
Seat 3: creller (big blind) folded before Flop
Seat 4: Mahu2021 folded before Flop (didn't bet)
Seat 5: DylanApeldoo collected ($0.25)
Seat 6: 00Delphi folded before Flop (didn't bet)



PokerStars Zoom Hand #255713739870:  Hold'em No Limit ($0.05/$0.10) - 2025/04/13 11:07:57 CET [2025/04/13 5:07:57 ET]
Table 'Aludra' 6-max Seat #1 is the button
Seat 1: MirceaRM ($8.60 in chips) 
Seat 2: Vanias2013 ($14.40 in chips) 
Seat 3: aggovic ($10.47 in chips) 
Seat 4: Mahu2021 ($12.51 in chips) 
Seat 5: verrocchio82 ($6.27 in chips) 
Seat 6: shipittosav7 ($20.28 in chips) 
Vanias2013: posts small blind $0.05
aggovic: posts big blind $0.10
*** HOLE CARDS ***
Dealt to Mahu2021 [7s 8h]
Mahu2021: folds 
verrocchio82: raises $0.10 to $0.20
shipittosav7: folds 
MirceaRM: folds 
Vanias2013: calls $0.15
aggovic: calls $0.10
*** FLOP *** [Kh 3c As]
Vanias2013: checks 
aggovic: checks 
verrocchio82: bets $0.26
Vanias2013: calls $0.26
aggovic: folds 
*** TURN *** [Kh 3c As] [8s]
Vanias2013: checks 
verrocchio82: checks 
*** RIVER *** [Kh 3c As 8s] [9d]
Vanias2013: checks 
verrocchio82: bets $0.32
Vanias2013: calls $0.32
*** SHOW DOWN ***
verrocchio82: shows [Ts Kd] (a pair of Kings)
Vanias2013: shows [Ac 2s] (a pair of Aces)
Vanias2013 collected $1.68 from pot
*** SUMMARY ***
Total pot $1.76 | Rake $0.08 
Board [Kh 3c As 8s 9d]
Seat 1: MirceaRM (button) folded before Flop (didn't bet)
Seat 2: Vanias2013 (small blind) showed [Ac 2s] and won ($1.68) with a pair of Aces
Seat 3: aggovic (big blind) folded on the Flop
Seat 4: Mahu2021 folded before Flop (didn't bet)
Seat 5: verrocchio82 showed [Ts Kd] and lost with a pair of Kings
Seat 6: shipittosav7 folded before Flop (didn't bet)



PokerStars Zoom Hand #255713740866:  Hold'em No Limit ($0.05/$0.10) - 2025/04/13 11:08:07 CET [2025/04/13 5:08:07 ET]
Table 'Aludra' 6-max Seat #1 is the button
Seat 1: aggovic ($10.52 in chips) 
Seat 2: Mahu2021 ($12.51 in chips) 
Seat 3: dreamcome12 ($13.01 in chips) 
Seat 4: shipittosav7 ($20.28 in chips) 
Seat 5: AmuHabibi ($4.78 in chips) 
Seat 6: Mallardz ($18.31 in chips) 
Mahu2021: posts small blind $0.05
dreamcome12: posts big blind $0.10
*** HOLE CARDS ***
Dealt to Mahu2021 [3c 2c]
shipittosav7: folds 
AmuHabibi: folds 
Mallardz: raises $0.15 to $0.25
aggovic: raises $1.05 to $1.30
Mahu2021: folds 
dreamcome12: folds 
Mallardz: folds 
Uncalled bet ($1.05) returned to aggovic
aggovic collected $0.65 from pot
aggovic: doesn't show hand 
*** SUMMARY ***
Total pot $0.65 | Rake $0 
Seat 1: aggovic (button) collected ($0.65)
Seat 2: Mahu2021 (small blind) folded before Flop
Seat 3: dreamcome12 (big blind) folded before Flop
Seat 4: shipittosav7 folded before Flop (didn't bet)
Seat 5: AmuHabibi folded before Flop (didn't bet)
Seat 6: Mallardz folded before Flop



PokerStars Zoom Hand #255713742017:  Hold'em No Limit ($0.05/$0.10) - 2025/04/13 11:08:19 CET [2025/04/13 5:08:19 ET]
Table 'Aludra' 6-max Seat #1 is the button
Seat 1: Karsa1 ($10.83 in chips) 
Seat 2: ZigmanFreud ($13.20 in chips) 
Seat 3: Mahu2021 ($12.46 in chips) 
Seat 4: like.yasu119 ($18.75 in chips) 
Seat 5: VZSharks2022 ($10 in chips) 
Seat 6: Baratrum777 ($10 in chips) 
ZigmanFreud: posts small blind $0.05
Mahu2021: posts big blind $0.10
*** HOLE CARDS ***
Dealt to Mahu2021 [4h 9h]
like.yasu119: folds 
VZSharks2022: folds 
Baratrum777: folds 
Karsa1: folds 
ZigmanFreud: folds 
Uncalled bet ($0.05) returned to Mahu2021
Mahu2021 collected $0.10 from pot
Mahu2021: doesn't show hand 
*** SUMMARY ***
Total pot $0.10 | Rake $0 
Seat 1: Karsa1 (button) folded before Flop (didn't bet)
Seat 2: ZigmanFreud (small blind) folded before Flop
Seat 3: Mahu2021 (big blind) collected ($0.10)
Seat 4: like.yasu119 folded before Flop (didn't bet)
Seat 5: VZSharks2022 folded before Flop (didn't bet)
Seat 6: Baratrum777 folded before Flop (didn't bet)



PokerStars Zoom Hand #255713744049:  Hold'em No Limit ($0.05/$0.10) - 2025/04/13 11:08:40 CET [2025/04/13 5:08:40 ET]
Table 'Aludra' 6-max Seat #1 is the button
Seat 1: Atosz_990 ($10 in chips) 
Seat 2: like.yasu119 ($18.65 in chips) 
Seat 3: MirceaRM ($8.45 in chips) 
Seat 4: buxtehude1 ($10.89 in chips) 
Seat 5: ElJosen'10 ($12.21 in chips) 
Seat 6: Mahu2021 ($12.51 in chips) 
like.yasu119: posts small blind $0.05
MirceaRM: posts big blind $0.10
*** HOLE CARDS ***
Dealt to Mahu2021 [8h As]
buxtehude1: folds 
ElJosen'10: folds 
Mahu2021: folds 
Atosz_990: folds 
like.yasu119: folds 
Uncalled bet ($0.05) returned to MirceaRM
MirceaRM collected $0.10 from pot
MirceaRM: doesn't show hand 
*** SUMMARY ***
Total pot $0.10 | Rake $0 
Seat 1: Atosz_990 (button) folded before Flop (didn't bet)
Seat 2: like.yasu119 (small blind) folded before Flop
Seat 3: MirceaRM (big blind) collected ($0.10)
Seat 4: buxtehude1 folded before Flop (didn't bet)
Seat 5: ElJosen'10 folded before Flop (didn't bet)
Seat 6: Mahu2021 folded before Flop (didn't bet)



PokerStars Zoom Hand #255713741628:  Hold'em No Limit ($0.05/$0.10) - 2025/04/13 11:08:15 CET [2025/04/13 5:08:15 ET]
Table 'Aludra' 6-max Seat #1 is the button
Seat 1: BluffsLord ($10.10 in chips) 
Seat 2: MR_HKO_DK ($47.84 in chips) 
Seat 3: MirceaRM ($8.60 in chips) 
Seat 4: Mahu2021 ($12.46 in chips) 
Seat 5: caesar128 ($17.79 in chips) 
Seat 6: Hito999 ($14.05 in chips) 
MR_HKO_DK: posts small blind $0.05
MirceaRM: posts big blind $0.10
*** HOLE CARDS ***
Dealt to Mahu2021 [Ad 7c]
Mahu2021: folds 
caesar128: folds 
Hito999: folds 
BluffsLord: raises $0.15 to $0.25
MR_HKO_DK: calls $0.20
MirceaRM: folds 
*** FLOP *** [5s Jd 8h]
MR_HKO_DK: checks 
BluffsLord: bets $0.18
MR_HKO_DK: raises $0.52 to $0.70
BluffsLord: calls $0.52
*** TURN *** [5s Jd 8h] [6h]
MR_HKO_DK: bets $1.40
BluffsLord: folds 
Uncalled bet ($1.40) returned to MR_HKO_DK
MR_HKO_DK collected $1.91 from pot
MR_HKO_DK: doesn't show hand 
*** SUMMARY ***
Total pot $2 | Rake $0.09 
Board [5s Jd 8h 6h]
Seat 1: BluffsLord (button) folded on the Turn
Seat 2: MR_HKO_DK (small blind) collected ($1.91)
Seat 3: MirceaRM (big blind) folded before Flop
Seat 4: Mahu2021 folded before Flop (didn't bet)
Seat 5: caesar128 folded before Flop (didn't bet)
Seat 6: Hito999 folded before Flop (didn't bet)



PokerStars Zoom Hand #255713745572:  Hold'em No Limit ($0.05/$0.10) - 2025/04/13 11:08:55 CET [2025/04/13 5:08:55 ET]
Table 'Aludra' 6-max Seat #1 is the button
Seat 1: MirceaRM ($8.45 in chips) 
Seat 2: Mahu2021 ($12.51 in chips) 
Seat 3: chueko148 ($3.91 in chips) 
Seat 4: Topi1956 ($19.01 in chips) 
Seat 5: luvingkind ($10.86 in chips) 
Seat 6: DylanApeldoo ($4.43 in chips) 
Mahu2021: posts small blind $0.05
chueko148: posts big blind $0.10
*** HOLE CARDS ***
Dealt to Mahu2021 [3d Jc]
Topi1956: folds 
luvingkind: folds 
DylanApeldoo: folds 
MirceaRM: folds 
Mahu2021: folds 
Uncalled bet ($0.05) returned to chueko148
chueko148 collected $0.10 from pot
chueko148: doesn't show hand 
*** SUMMARY ***
Total pot $0.10 | Rake $0 
Seat 1: MirceaRM (button) folded before Flop (didn't bet)
Seat 2: Mahu2021 (small blind) folded before Flop
Seat 3: chueko148 (big blind) collected ($0.10)
Seat 4: Topi1956 folded before Flop (didn't bet)
Seat 5: luvingkind folded before Flop (didn't bet)
Seat 6: DylanApeldoo folded before Flop (didn't bet)



PokerStars Zoom Hand #255713745963:  Hold'em No Limit ($0.05/$0.10) - 2025/04/13 11:08:59 CET [2025/04/13 5:08:59 ET]
Table 'Aludra' 6-max Seat #1 is the button
Seat 1: Werbach77 ($22.20 in chips) 
Seat 2: Jorge199202 ($12.72 in chips) 
Seat 3: MindOverMoney ($10 in chips) 
Seat 4: iudicus ($10.53 in chips) 
Seat 5: DylanApeldoo ($4.43 in chips) 
Seat 6: Mahu2021 ($12.46 in chips) 
Jorge199202: posts small blind $0.05
MindOverMoney: posts big blind $0.10
*** HOLE CARDS ***
Dealt to Mahu2021 [Kc Ks]
iudicus: folds 
DylanApeldoo: folds 
Mahu2021: raises $0.16 to $0.26
Werbach77: folds 
Jorge199202: folds 
MindOverMoney: folds 
Uncalled bet ($0.16) returned to Mahu2021
Mahu2021 collected $0.25 from pot
Mahu2021: doesn't show hand 
*** SUMMARY ***
Total pot $0.25 | Rake $0 
Seat 1: Werbach77 (button) folded before Flop (didn't bet)
Seat 2: Jorge199202 (small blind) folded before Flop
Seat 3: MindOverMoney (big blind) folded before Flop
Seat 4: iudicus folded before Flop (didn't bet)
Seat 5: DylanApeldoo folded before Flop (didn't bet)
Seat 6: Mahu2021 collected ($0.25)



PokerStars Zoom Hand #255713744553:  Hold'em No Limit ($0.05/$0.10) - 2025/04/13 11:08:45 CET [2025/04/13 5:08:45 ET]
Table 'Aludra' 6-max Seat #1 is the button
Seat 1: Mahu2021 ($12.51 in chips) 
Seat 2: Atosz_990 ($10 in chips) 
Seat 3: luvingkind ($10.96 in chips) 
Seat 4: Werbach77 ($26.40 in chips) 
Seat 5: iudicus ($13.83 in chips) 
Seat 6: like.yasu119 ($18.60 in chips) 
Atosz_990: posts small blind $0.05
luvingkind: posts big blind $0.10
*** HOLE CARDS ***
Dealt to Mahu2021 [5s 4h]
Werbach77: folds 
iudicus: raises $0.10 to $0.20
like.yasu119: folds 
Mahu2021: folds 
Atosz_990: calls $0.15
luvingkind: folds 
*** FLOP *** [7d 9h Js]
Atosz_990: checks 
iudicus: bets $0.12
Atosz_990: folds 
Uncalled bet ($0.12) returned to iudicus
iudicus collected $0.48 from pot
iudicus: doesn't show hand 
*** SUMMARY ***
Total pot $0.50 | Rake $0.02 
Board [7d 9h Js]
Seat 1: Mahu2021 (button) folded before Flop (didn't bet)
Seat 2: Atosz_990 (small blind) folded on the Flop
Seat 3: luvingkind (big blind) folded before Flop
Seat 4: Werbach77 folded before Flop (didn't bet)
Seat 5: iudicus collected ($0.48)
Seat 6: like.yasu119 folded before Flop (didn't bet)



PokerStars Zoom Hand #255713740134:  Hold'em No Limit ($0.05/$0.10) - 2025/04/13 11:08:00 CET [2025/04/13 5:08:00 ET]
Table 'Aludra' 6-max Seat #1 is the button
Seat 1: MR_HKO_DK ($17.90 in chips) 
Seat 2: Topi1956 ($11.27 in chips) 
Seat 3: HelvitisHund ($23.82 in chips) 
Seat 4: Karsa1 ($10.78 in chips) 
Seat 5: Mahu2021 ($12.51 in chips) 
Seat 6: Frankenjura ($10 in chips) 
Topi1956: posts small blind $0.05
HelvitisHund: posts big blind $0.10
*** HOLE CARDS ***
Dealt to Mahu2021 [4s Kc]
Karsa1: folds 
Mahu2021: folds 
Frankenjura: folds 
MR_HKO_DK: raises $0.15 to $0.25
Topi1956: calls $0.20
HelvitisHund: calls $0.15
*** FLOP *** [Tc 8c Qd]
Topi1956: checks 
HelvitisHund: checks 
MR_HKO_DK: bets $0.40
Topi1956: folds 
HelvitisHund: calls $0.40
*** TURN *** [Tc 8c Qd] [As]
HelvitisHund: bets $1
MR_HKO_DK: calls $1
*** RIVER *** [Tc 8c Qd As] [5d]
HelvitisHund: bets $2
MR_HKO_DK: calls $2
*** SHOW DOWN ***
HelvitisHund: shows [6h 7h] (high card Ace)
MR_HKO_DK: shows [Ac 9c] (a pair of Aces)
MR_HKO_DK collected $7.21 from pot
*** SUMMARY ***
Total pot $7.55 | Rake $0.34 
Board [Tc 8c Qd As 5d]
Seat 1: MR_HKO_DK (button) showed [Ac 9c] and won ($7.21) with a pair of Aces
Seat 2: Topi1956 (small blind) folded on the Flop
Seat 3: HelvitisHund (big blind) showed [6h 7h] and lost with high card Ace
Seat 4: Karsa1 folded before Flop (didn't bet)
Seat 5: Mahu2021 folded before Flop (didn't bet)
Seat 6: Frankenjura folded before Flop (didn't bet)



PokerStars Zoom Hand #255713747681:  Hold'em No Limit ($0.05/$0.10) - 2025/04/13 11:09:16 CET [2025/04/13 5:09:16 ET]
Table 'Aludra' 6-max Seat #1 is the button
Seat 1: Mahu2021 ($12.61 in chips) 
Seat 2: dreamcome12 ($10 in chips) 
Seat 3: 1block1 ($5 in chips) 
Seat 4: Atosz_990 ($9.80 in chips) 
Seat 5: BluffsLord ($10.05 in chips) 
Seat 6: Topi1956 ($10 in chips) 
dreamcome12: posts small blind $0.05
1block1: posts big blind $0.10
*** HOLE CARDS ***
Dealt to Mahu2021 [8s 2h]
Atosz_990: folds 
BluffsLord: folds 
Topi1956: folds 
Mahu2021: folds 
dreamcome12: raises $0.20 to $0.30
1block1: raises $4.70 to $5 and is all-in
dreamcome12: folds 
Uncalled bet ($4.70) returned to 1block1
1block1 collected $0.60 from pot
1block1: doesn't show hand 
*** SUMMARY ***
Total pot $0.60 | Rake $0 
Seat 1: Mahu2021 (button) folded before Flop (didn't bet)
Seat 2: dreamcome12 (small blind) folded before Flop
Seat 3: 1block1 (big blind) collected ($0.60)
Seat 4: Atosz_990 folded before Flop (didn't bet)
Seat 5: BluffsLord folded before Flop (didn't bet)
Seat 6: Topi1956 folded before Flop (didn't bet)



PokerStars Zoom Hand #255713749573:  Hold'em No Limit ($0.05/$0.10) - 2025/04/13 11:09:35 CET [2025/04/13 5:09:35 ET]
Table 'Aludra' 6-max Seat #1 is the button
Seat 1: kingfisher898 ($10.15 in chips) 
Seat 2: caesar128 ($9.90 in chips) 
Seat 3: Mahu2021 ($12.40 in chips) 
Seat 4: doratoq ($12.32 in chips) 
Seat 5: Baratrum777 ($10 in chips) 
Seat 6: kimjw800 ($11.53 in chips) 
caesar128: posts small blind $0.05
Mahu2021: posts big blind $0.10
*** HOLE CARDS ***
Dealt to Mahu2021 [4s 3c]
doratoq: folds 
Baratrum777: folds 
kimjw800: folds 
kingfisher898: raises $0.20 to $0.30
caesar128: folds 
Mahu2021: folds 
Uncalled bet ($0.20) returned to kingfisher898
kingfisher898 collected $0.25 from pot
kingfisher898: doesn't show hand 
*** SUMMARY ***
Total pot $0.25 | Rake $0 
Seat 1: kingfisher898 (button) collected ($0.25)
Seat 2: caesar128 (small blind) folded before Flop
Seat 3: Mahu2021 (big blind) folded before Flop
Seat 4: doratoq folded before Flop (didn't bet)
Seat 5: Baratrum777 folded before Flop (didn't bet)
Seat 6: kimjw800 folded before Flop (didn't bet)



PokerStars Zoom Hand #255713748058:  Hold'em No Limit ($0.05/$0.10) - 2025/04/13 11:09:20 CET [2025/04/13 5:09:20 ET]
Table 'Aludra' 6-max Seat #1 is the button
Seat 1: Topi1956 ($7.75 in chips) 
Seat 2: MindOverMoney ($10 in chips) 
Seat 3: Werbach77 ($36.23 in chips) 
Seat 4: 00Delphi ($11.73 in chips) 
Seat 5: Mahu2021 ($12.61 in chips) 
Seat 6: Atosz_990 ($9.80 in chips) 
MindOverMoney: posts small blind $0.05
Werbach77: posts big blind $0.10
*** HOLE CARDS ***
Dealt to Mahu2021 [Qs 9s]
00Delphi: folds 
Mahu2021: raises $0.11 to $0.21
Atosz_990: folds 
Topi1956: calls $0.21
MindOverMoney: raises $1.09 to $1.30
Werbach77: folds 
Mahu2021: folds 
Topi1956: calls $1.09
*** FLOP *** [Jh 2h 3d]
MindOverMoney: bets $0.92
Topi1956: calls $0.92
*** TURN *** [Jh 2h 3d] [Jd]
MindOverMoney: bets $1.50
Topi1956: calls $1.50
*** RIVER *** [Jh 2h 3d Jd] [4c]
MindOverMoney: checks 
Topi1956: bets $4.03 and is all-in
MindOverMoney: folds 
Uncalled bet ($4.03) returned to Topi1956
Topi1956 collected $7.40 from pot
Topi1956: doesn't show hand 
*** SUMMARY ***
Total pot $7.75 | Rake $0.35 
Board [Jh 2h 3d Jd 4c]
Seat 1: Topi1956 (button) collected ($7.40)
Seat 2: MindOverMoney (small blind) folded on the River
Seat 3: Werbach77 (big blind) folded before Flop
Seat 4: 00Delphi folded before Flop (didn't bet)
Seat 5: Mahu2021 folded before Flop
Seat 6: Atosz_990 folded before Flop (didn't bet)



PokerStars Zoom Hand #255713750777:  Hold'em No Limit ($0.05/$0.10) - 2025/04/13 11:09:47 CET [2025/04/13 5:09:47 ET]
Table 'Aludra' 6-max Seat #1 is the button
Seat 1: DylanApeldoo ($4.66 in chips) 
Seat 2: Karsa1 ($11.92 in chips) 
Seat 3: iudicus ($10.15 in chips) 
Seat 4: Mahu2021 ($12.30 in chips) 
Seat 5: dreamcome12 ($10 in chips) 
Seat 6: 00Delphi ($12.03 in chips) 
Karsa1: posts small blind $0.05
iudicus: posts big blind $0.10
*** HOLE CARDS ***
Dealt to Mahu2021 [7d 8d]
Mahu2021: raises $0.10 to $0.20
dreamcome12: raises $0.40 to $0.60
00Delphi: folds 
DylanApeldoo: folds 
Karsa1: folds 
iudicus: folds 
Mahu2021: calls $0.40
*** FLOP *** [7c Th 2d]
Mahu2021: bets $0.30
dreamcome12: calls $0.30
*** TURN *** [7c Th 2d] [Jd]
Mahu2021: bets $0.80
dreamcome12: calls $0.80
*** RIVER *** [7c Th 2d Jd] [3c]
Mahu2021: bets $1.90
dreamcome12: calls $1.90
*** SHOW DOWN ***
Mahu2021: shows [7d 8d] (a pair of Sevens)
dreamcome12: shows [Kh Jh] (a pair of Jacks)
dreamcome12 collected $7.02 from pot
*** SUMMARY ***
Total pot $7.35 | Rake $0.33 
Board [7c Th 2d Jd 3c]
Seat 1: DylanApeldoo (button) folded before Flop (didn't bet)
Seat 2: Karsa1 (small blind) folded before Flop
Seat 3: iudicus (big blind) folded before Flop
Seat 4: Mahu2021 showed [7d 8d] and lost with a pair of Sevens
Seat 5: dreamcome12 showed [Kh Jh] and won ($7.02) with a pair of Jacks
Seat 6: 00Delphi folded before Flop (didn't bet)



PokerStars Zoom Hand #255713756593:  Hold'em No Limit ($0.05/$0.10) - 2025/04/13 11:10:45 CET [2025/04/13 5:10:45 ET]
Table 'Aludra' 6-max Seat #1 is the button
Seat 1: Gremalcan2020 ($10 in chips) 
Seat 2: Karsa1 ($11.43 in chips) 
Seat 3: Jorge199202 ($12.42 in chips) 
Seat 4: nordrel ($13.12 in chips) 
Seat 5: Mahu2021 ($8.70 in chips) 
Seat 6: chueko148 ($16.69 in chips) 
Karsa1: posts small blind $0.05
Jorge199202: posts big blind $0.10
*** HOLE CARDS ***
Dealt to Mahu2021 [4h Ks]
nordrel: raises $0.15 to $0.25
Mahu2021: folds 
chueko148: folds 
Gremalcan2020: folds 
Karsa1: folds 
Jorge199202: folds 
Uncalled bet ($0.15) returned to nordrel
nordrel collected $0.25 from pot
nordrel: doesn't show hand 
*** SUMMARY ***
Total pot $0.25 | Rake $0 
Seat 1: Gremalcan2020 (button) folded before Flop (didn't bet)
Seat 2: Karsa1 (small blind) folded before Flop
Seat 3: Jorge199202 (big blind) folded before Flop
Seat 4: nordrel collected ($0.25)
Seat 5: Mahu2021 folded before Flop (didn't bet)
Seat 6: chueko148 folded before Flop (didn't bet)



PokerStars Zoom Hand #255713757804:  Hold'em No Limit ($0.05/$0.10) - 2025/04/13 11:10:57 CET [2025/04/13 5:10:57 ET]
Table 'Aludra' 6-max Seat #1 is the button
Seat 1: timonphantom ($7.21 in chips) 
Seat 2: 1block1 ($5.75 in chips) 
Seat 3: Mahu2021 ($8.65 in chips) 
Seat 4: Atosz_990 ($9.71 in chips) 
Seat 5: dreamcome12 ($14.95 in chips) 
Seat 6: chueko148 ($4.31 in chips) 
1block1: posts small blind $0.05
Mahu2021: posts big blind $0.10
*** HOLE CARDS ***
Dealt to Mahu2021 [8c 9d]
Atosz_990: folds 
dreamcome12: folds 
chueko148: folds 
timonphantom: folds 
1block1: folds 
Uncalled bet ($0.05) returned to Mahu2021
Mahu2021 collected $0.10 from pot
Mahu2021: doesn't show hand 
*** SUMMARY ***
Total pot $0.10 | Rake $0 
Seat 1: timonphantom (button) folded before Flop (didn't bet)
Seat 2: 1block1 (small blind) folded before Flop
Seat 3: Mahu2021 (big blind) collected ($0.10)
Seat 4: Atosz_990 folded before Flop (didn't bet)
Seat 5: dreamcome12 folded before Flop (didn't bet)
Seat 6: chueko148 folded before Flop (didn't bet)



PokerStars Zoom Hand #255713757393:  Hold'em No Limit ($0.05/$0.10) - 2025/04/13 11:10:53 CET [2025/04/13 5:10:53 ET]
Table 'Aludra' 6-max Seat #1 is the button
Seat 1: Dziokinas ($14.94 in chips) 
Seat 2: Mahu2021 ($8.70 in chips) 
Seat 3: creller ($12.96 in chips) 
Seat 4: dreamcome12 ($10.76 in chips) 
Seat 5: iudicus ($10 in chips) 
Seat 6: HelvitisHund ($21.04 in chips) 
Mahu2021: posts small blind $0.05
creller: posts big blind $0.10
*** HOLE CARDS ***
Dealt to Mahu2021 [Ts 8c]
dreamcome12: folds 
iudicus: folds 
HelvitisHund: folds 
Dziokinas: raises $0.15 to $0.25
Mahu2021: folds 
creller: folds 
Uncalled bet ($0.15) returned to Dziokinas
Dziokinas collected $0.25 from pot
Dziokinas: doesn't show hand 
*** SUMMARY ***
Total pot $0.25 | Rake $0 
Seat 1: Dziokinas (button) collected ($0.25)
Seat 2: Mahu2021 (small blind) folded before Flop
Seat 3: creller (big blind) folded before Flop
Seat 4: dreamcome12 folded before Flop (didn't bet)
Seat 5: iudicus folded before Flop (didn't bet)
Seat 6: HelvitisHund folded before Flop (didn't bet)



PokerStars Zoom Hand #255713758638:  Hold'em No Limit ($0.05/$0.10) - 2025/04/13 11:11:05 CET [2025/04/13 5:11:05 ET]
Table 'Aludra' 6-max Seat #1 is the button
Seat 1: dreamcome12 ($10.76 in chips) 
Seat 2: afwing16 ($10 in chips) 
Seat 3: ElJosen'10 ($13.98 in chips) 
Seat 4: 00Delphi ($11.93 in chips) 
Seat 5: 1block1 ($5.70 in chips) 
Seat 6: Mahu2021 ($8.70 in chips) 
afwing16: posts small blind $0.05
ElJosen'10: posts big blind $0.10
*** HOLE CARDS ***
Dealt to Mahu2021 [5c Qc]
00Delphi: folds 
1block1: folds 
Mahu2021: folds 
dreamcome12: raises $0.15 to $0.25
afwing16: folds 
ElJosen'10: calls $0.15
*** FLOP *** [5h Ts 7d]
ElJosen'10: checks 
dreamcome12: checks 
*** TURN *** [5h Ts 7d] [9d]
ElJosen'10: checks 
dreamcome12: checks 
*** RIVER *** [5h Ts 7d 9d] [8h]
ElJosen'10: bets $0.40
dreamcome12: folds 
Uncalled bet ($0.40) returned to ElJosen'10
ElJosen'10 collected $0.53 from pot
ElJosen'10: doesn't show hand 
*** SUMMARY ***
Total pot $0.55 | Rake $0.02 
Board [5h Ts 7d 9d 8h]
Seat 1: dreamcome12 (button) folded on the River
Seat 2: afwing16 (small blind) folded before Flop
Seat 3: ElJosen'10 (big blind) collected ($0.53)
Seat 4: 00Delphi folded before Flop (didn't bet)
Seat 5: 1block1 folded before Flop (didn't bet)
Seat 6: Mahu2021 folded before Flop (didn't bet)



PokerStars Zoom Hand #255713759049:  Hold'em No Limit ($0.05/$0.10) - 2025/04/13 11:11:09 CET [2025/04/13 5:11:09 ET]
Table 'Aludra' 6-max Seat #1 is the button
Seat 1: Topi1956 ($10.87 in chips) 
Seat 2: timonphantom ($7.11 in chips) 
Seat 3: caesar128 ($9.85 in chips) 
Seat 4: Mahu2021 ($8.70 in chips) 
Seat 5: Werbach77 ($21.65 in chips) 
Seat 6: iudicus ($14.26 in chips) 
timonphantom: posts small blind $0.05
caesar128: posts big blind $0.10
*** HOLE CARDS ***
Dealt to Mahu2021 [Js Jd]
Mahu2021: raises $0.10 to $0.20
Werbach77: folds 
iudicus: folds 
Topi1956: folds 
timonphantom: raises $0.20 to $0.40
caesar128: folds 
Mahu2021: calls $0.20
*** FLOP *** [9s 7c Jc]
timonphantom: checks 
Mahu2021: bets $0.40
timonphantom: raises $1.66 to $2.06
Mahu2021: raises $6.24 to $8.30 and is all-in
timonphantom: calls $4.65 and is all-in
Uncalled bet ($1.59) returned to Mahu2021
*** TURN *** [9s 7c Jc] [4d]
*** RIVER *** [9s 7c Jc 4d] [Ac]
*** SHOW DOWN ***
timonphantom: shows [Kc Kh] (a pair of Kings)
Mahu2021: shows [Js Jd] (three of a kind, Jacks)
Mahu2021 cashed out the hand for $11.46 | Cash Out Fee $0.23
*** SUMMARY ***
Total pot $14.32 | Rake $0.64 
Board [9s 7c Jc 4d Ac]
Seat 1: Topi1956 (button) folded before Flop (didn't bet)
Seat 2: timonphantom (small blind) showed [Kc Kh] and lost with a pair of Kings
Seat 3: caesar128 (big blind) folded before Flop
Seat 4: Mahu2021 showed [Js Jd] and won ($13.68) with three of a kind, Jacks (pot not awarded as player cashed out)
Seat 5: Werbach77 folded before Flop (didn't bet)
Seat 6: iudicus folded before Flop (didn't bet)



PokerStars Zoom Hand #255713757002:  Hold'em No Limit ($0.05/$0.10) - 2025/04/13 11:10:49 CET [2025/04/13 5:10:49 ET]
Table 'Aludra' 6-max Seat #1 is the button
Seat 1: afwing16 ($10 in chips) 
Seat 2: khz71 ($10 in chips) 
Seat 3: BluffsLord ($10 in chips) 
Seat 4: Mahu2021 ($8.70 in chips) 
Seat 5: ElJosen'10 ($11.71 in chips) 
Seat 6: Werbach77 ($21.70 in chips) 
khz71: posts small blind $0.05
BluffsLord: posts big blind $0.10
*** HOLE CARDS ***
Dealt to Mahu2021 [6c Ah]
Mahu2021: folds 
ElJosen'10: raises $0.15 to $0.25
Werbach77: folds 
afwing16: folds 
khz71: raises $0.75 to $1
BluffsLord: raises $1.20 to $2.20
ElJosen'10: folds 
khz71: calls $1.20
*** FLOP *** [8c Jh 7s]
khz71: bets $2.22
BluffsLord: raises $5.58 to $7.80 and is all-in
khz71: folds 
Uncalled bet ($5.58) returned to BluffsLord
BluffsLord collected $8.68 from pot
BluffsLord: doesn't show hand 
*** SUMMARY ***
Total pot $9.09 | Rake $0.41 
Board [8c Jh 7s]
Seat 1: afwing16 (button) folded before Flop (didn't bet)
Seat 2: khz71 (small blind) folded on the Flop
Seat 3: BluffsLord (big blind) collected ($8.68)
Seat 4: Mahu2021 folded before Flop (didn't bet)
Seat 5: ElJosen'10 folded before Flop
Seat 6: Werbach77 folded before Flop (didn't bet)



PokerStars Zoom Hand #255713762911:  Hold'em No Limit ($0.05/$0.10) - 2025/04/13 11:11:47 CET [2025/04/13 5:11:47 ET]
Table 'Aludra' 6-max Seat #1 is the button
Seat 1: Mahu2021 ($13.05 in chips) 
Seat 2: DeosDraco777 ($4.80 in chips) 
Seat 3: Hito999 ($12.40 in chips) 
Seat 4: Dziokinas ($15.29 in chips) 
Seat 5: Werbach77 ($35.19 in chips) 
Seat 6: luvingkind ($10.88 in chips) 
DeosDraco777: posts small blind $0.05
Hito999: posts big blind $0.10
*** HOLE CARDS ***
Dealt to Mahu2021 [8s 4h]
Dziokinas: raises $0.15 to $0.25
Werbach77: folds 
luvingkind: folds 
Mahu2021: folds 
DeosDraco777: calls $0.20
Hito999: folds 
*** FLOP *** [2d Qh Ks]
DeosDraco777: checks 
Dziokinas: bets $0.27
DeosDraco777: folds 
Uncalled bet ($0.27) returned to Dziokinas
Dziokinas collected $0.57 from pot
Dziokinas: doesn't show hand 
*** SUMMARY ***
Total pot $0.60 | Rake $0.03 
Board [2d Qh Ks]
Seat 1: Mahu2021 (button) folded before Flop (didn't bet)
Seat 2: DeosDraco777 (small blind) folded on the Flop
Seat 3: Hito999 (big blind) folded before Flop
Seat 4: Dziokinas collected ($0.57)
Seat 5: Werbach77 folded before Flop (didn't bet)
Seat 6: luvingkind folded before Flop (didn't bet)



PokerStars Zoom Hand #255713763338:  Hold'em No Limit ($0.05/$0.10) - 2025/04/13 11:11:51 CET [2025/04/13 5:11:51 ET]
Table 'Aludra' 6-max Seat #1 is the button
Seat 1: kingfisher898 ($9.92 in chips) 
Seat 2: Mahu2021 ($13.05 in chips) 
Seat 3: iudicus ($10.66 in chips) 
Seat 4: afwing16 ($10 in chips) 
Seat 5: 00Delphi ($12.34 in chips) 
Seat 6: 1block1 ($4.85 in chips) 
Mahu2021: posts small blind $0.05
iudicus: posts big blind $0.10
*** HOLE CARDS ***
Dealt to Mahu2021 [Qd Ts]
afwing16: raises $0.15 to $0.25
00Delphi: folds 
1block1: folds 
kingfisher898: folds 
Mahu2021: calls $0.20
iudicus: folds 
*** FLOP *** [6h 5c 3h]
Mahu2021: bets $0.30
afwing16: calls $0.30
*** TURN *** [6h 5c 3h] [6d]
Mahu2021: checks 
afwing16: checks 
*** RIVER *** [6h 5c 3h 6d] [Jh]
Mahu2021: bets $2.40
afwing16: folds 
Uncalled bet ($2.40) returned to Mahu2021
Mahu2021 collected $1.15 from pot
Mahu2021: doesn't show hand 
*** SUMMARY ***
Total pot $1.20 | Rake $0.05 
Board [6h 5c 3h 6d Jh]
Seat 1: kingfisher898 (button) folded before Flop (didn't bet)
Seat 2: Mahu2021 (small blind) collected ($1.15)
Seat 3: iudicus (big blind) folded before Flop
Seat 4: afwing16 folded on the River
Seat 5: 00Delphi folded before Flop (didn't bet)
Seat 6: 1block1 folded before Flop (didn't bet)



PokerStars Zoom Hand #255713768752:  Hold'em No Limit ($0.05/$0.10) - 2025/04/13 11:12:44 CET [2025/04/13 5:12:44 ET]
Table 'Aludra' 6-max Seat #1 is the button
Seat 1: kimjw800 ($23.86 in chips) 
Seat 2: slickric878 ($38.98 in chips) 
Seat 3: MindOverMoney ($10.28 in chips) 
Seat 4: isidaxl ($5.53 in chips) 
Seat 5: Mahu2021 ($13.65 in chips) 
Seat 6: afwing16 ($10 in chips) 
slickric878: posts small blind $0.05
MindOverMoney: posts big blind $0.10
*** HOLE CARDS ***
Dealt to Mahu2021 [7d 8h]
isidaxl: folds 
Mahu2021: folds 
afwing16: folds 
kimjw800: raises $0.15 to $0.25
slickric878: folds 
MindOverMoney: folds 
Uncalled bet ($0.15) returned to kimjw800
kimjw800 collected $0.25 from pot
kimjw800: doesn't show hand 
*** SUMMARY ***
Total pot $0.25 | Rake $0 
Seat 1: kimjw800 (button) collected ($0.25)
Seat 2: slickric878 (small blind) folded before Flop
Seat 3: MindOverMoney (big blind) folded before Flop
Seat 4: isidaxl folded before Flop (didn't bet)
Seat 5: Mahu2021 folded before Flop (didn't bet)
Seat 6: afwing16 folded before Flop (didn't bet)



PokerStars Zoom Hand #255713769455:  Hold'em No Limit ($0.05/$0.10) - 2025/04/13 11:12:51 CET [2025/04/13 5:12:51 ET]
Table 'Aludra' 6-max Seat #1 is the button
Seat 1: Werbach77 ($24.24 in chips) 
Seat 2: afwing16 ($10 in chips) 
Seat 3: Topi1956 ($18.36 in chips) 
Seat 4: 1block1 ($5.09 in chips) 
Seat 5: Mahu2021 ($13.65 in chips) 
Seat 6: 00Delphi ($10.93 in chips) 
afwing16: posts small blind $0.05
Topi1956: posts big blind $0.10
*** HOLE CARDS ***
Dealt to Mahu2021 [Kc 5h]
1block1: folds 
Mahu2021: folds 
00Delphi: folds 
Werbach77: folds 
afwing16: raises $0.20 to $0.30
Topi1956: folds 
Uncalled bet ($0.20) returned to afwing16
afwing16 collected $0.20 from pot
afwing16: doesn't show hand 
*** SUMMARY ***
Total pot $0.20 | Rake $0 
Seat 1: Werbach77 (button) folded before Flop (didn't bet)
Seat 2: afwing16 (small blind) collected ($0.20)
Seat 3: Topi1956 (big blind) folded before Flop
Seat 4: 1block1 folded before Flop (didn't bet)
Seat 5: Mahu2021 folded before Flop (didn't bet)
Seat 6: 00Delphi folded before Flop (didn't bet)



PokerStars Zoom Hand #255713770062:  Hold'em No Limit ($0.05/$0.10) - 2025/04/13 11:12:57 CET [2025/04/13 5:12:57 ET]
Table 'Aludra' 6-max Seat #1 is the button
Seat 1: MR_HKO_DK ($23.57 in chips) 
Seat 2: MindOverMoney ($10.18 in chips) 
Seat 3: Mahu2021 ($13.65 in chips) 
Seat 4: Dziokinas ($14.08 in chips) 
Seat 5: Werbach77 ($24.24 in chips) 
Seat 6: sigrivas ($14.52 in chips) 
MindOverMoney: posts small blind $0.05
Mahu2021: posts big blind $0.10
*** HOLE CARDS ***
Dealt to Mahu2021 [Jd Ac]
Dziokinas: raises $0.15 to $0.25
Werbach77: folds 
sigrivas: calls $0.25
MR_HKO_DK: folds 
MindOverMoney: folds 
Mahu2021: calls $0.15
*** FLOP *** [2c 7h 7s]
Mahu2021: checks 
Dziokinas: checks 
sigrivas: checks 
*** TURN *** [2c 7h 7s] [Ad]
Mahu2021: bets $0.30
Dziokinas: folds 
sigrivas: calls $0.30
*** RIVER *** [2c 7h 7s Ad] [Kd]
Mahu2021: bets $0.30
sigrivas: calls $0.30
*** SHOW DOWN ***
Mahu2021: shows [Jd Ac] (two pair, Aces and Sevens)
sigrivas: shows [Ah 2h] (two pair, Aces and Sevens)
Mahu2021 collected $0.96 from pot
sigrivas collected $0.95 from pot
*** SUMMARY ***
Total pot $2 | Rake $0.09 
Board [2c 7h 7s Ad Kd]
Seat 1: MR_HKO_DK (button) folded before Flop (didn't bet)
Seat 2: MindOverMoney (small blind) folded before Flop
Seat 3: Mahu2021 (big blind) showed [Jd Ac] and won ($0.96) with two pair, Aces and Sevens
Seat 4: Dziokinas folded on the Turn
Seat 5: Werbach77 folded before Flop (didn't bet)
Seat 6: sigrivas showed [Ah 2h] and won ($0.95) with two pair, Aces and Sevens



PokerStars Zoom Hand #255713774255:  Hold'em No Limit ($0.05/$0.10) - 2025/04/13 11:13:38 CET [2025/04/13 5:13:38 ET]
Table 'Aludra' 6-max Seat #1 is the button
Seat 1: Mahu2021 ($13.76 in chips) 
Seat 2: sigrivas ($14.62 in chips) 
Seat 3: derthomasder ($9.33 in chips) 
Seat 4: Dziokinas ($15.61 in chips) 
Seat 5: Mallardz ($18.11 in chips) 
Seat 6: ElJosen'10 ($10 in chips) 
sigrivas: posts small blind $0.05
derthomasder: posts big blind $0.10
*** HOLE CARDS ***
Dealt to Mahu2021 [Tc Qc]
Dziokinas: folds 
Mallardz: raises $0.15 to $0.25
ElJosen'10: folds 
Mahu2021: calls $0.25
sigrivas: folds 
derthomasder: folds 
*** FLOP *** [Jd 2c Jh]
Mallardz: bets $0.31
Mahu2021: folds 
Uncalled bet ($0.31) returned to Mallardz
Mallardz collected $0.62 from pot
Mallardz: doesn't show hand 
*** SUMMARY ***
Total pot $0.65 | Rake $0.03 
Board [Jd 2c Jh]
Seat 1: Mahu2021 (button) folded on the Flop
Seat 2: sigrivas (small blind) folded before Flop
Seat 3: derthomasder (big blind) folded before Flop
Seat 4: Dziokinas folded before Flop (didn't bet)
Seat 5: Mallardz collected ($0.62)
Seat 6: ElJosen'10 folded before Flop (didn't bet)



PokerStars Zoom Hand #255713776979:  Hold'em No Limit ($0.05/$0.10) - 2025/04/13 11:14:05 CET [2025/04/13 5:14:05 ET]
Table 'Aludra' 6-max Seat #1 is the button
Seat 1: slickric878 ($38.98 in chips) 
Seat 2: Dziokinas ($14.43 in chips) 
Seat 3: afwing16 ($10 in chips) 
Seat 4: Werbach77 ($24.34 in chips) 
Seat 5: gena60 ($10 in chips) 
Seat 6: Mahu2021 ($13.46 in chips) 
Dziokinas: posts small blind $0.05
afwing16: posts big blind $0.10
*** HOLE CARDS ***
Dealt to Mahu2021 [6h Ts]
Werbach77: raises $0.15 to $0.25
gena60: folds 
Mahu2021: folds 
slickric878: folds 
Dziokinas: folds 
afwing16: folds 
Uncalled bet ($0.15) returned to Werbach77
Werbach77 collected $0.25 from pot
Werbach77: doesn't show hand 
*** SUMMARY ***
Total pot $0.25 | Rake $0 
Seat 1: slickric878 (button) folded before Flop (didn't bet)
Seat 2: Dziokinas (small blind) folded before Flop
Seat 3: afwing16 (big blind) folded before Flop
Seat 4: Werbach77 collected ($0.25)
Seat 5: gena60 folded before Flop (didn't bet)
Seat 6: Mahu2021 folded before Flop (didn't bet)



PokerStars Zoom Hand #255713776583:  Hold'em No Limit ($0.05/$0.10) - 2025/04/13 11:14:01 CET [2025/04/13 5:14:01 ET]
Table 'Aludra' 6-max Seat #1 is the button
Seat 1: Dziokinas ($14.43 in chips) 
Seat 2: luvingkind ($12.51 in chips) 
Seat 3: Mallardz ($18.48 in chips) 
Seat 4: kimjw800 ($24.46 in chips) 
Seat 5: afwing16 ($10 in chips) 
Seat 6: Mahu2021 ($13.46 in chips) 
luvingkind: posts small blind $0.05
Mallardz: posts big blind $0.10
*** HOLE CARDS ***
Dealt to Mahu2021 [6d Jd]
kimjw800: folds 
afwing16: folds 
Mahu2021: folds 
Dziokinas: folds 
luvingkind: raises $0.20 to $0.30
Mallardz: folds 
Uncalled bet ($0.20) returned to luvingkind
luvingkind collected $0.20 from pot
luvingkind: doesn't show hand 
*** SUMMARY ***
Total pot $0.20 | Rake $0 
Seat 1: Dziokinas (button) folded before Flop (didn't bet)
Seat 2: luvingkind (small blind) collected ($0.20)
Seat 3: Mallardz (big blind) folded before Flop
Seat 4: kimjw800 folded before Flop (didn't bet)
Seat 5: afwing16 folded before Flop (didn't bet)
Seat 6: Mahu2021 folded before Flop (didn't bet)



PokerStars Zoom Hand #255713776176:  Hold'em No Limit ($0.05/$0.10) - 2025/04/13 11:13:57 CET [2025/04/13 5:13:57 ET]
Table 'Aludra' 6-max Seat #1 is the button
Seat 1: creller ($10.53 in chips) 
Seat 2: Mahu2021 ($13.51 in chips) 
Seat 3: iudicus ($10 in chips) 
Seat 4: afwing16 ($10 in chips) 
Seat 5: ElJosen'10 ($10 in chips) 
Seat 6: BluffsLord ($12.98 in chips) 
Mahu2021: posts small blind $0.05
iudicus: posts big blind $0.10
*** HOLE CARDS ***
Dealt to Mahu2021 [5h 9d]
afwing16: folds 
ElJosen'10: raises $0.15 to $0.25
BluffsLord: folds 
creller: raises $0.55 to $0.80
Mahu2021: folds 
iudicus: folds 
ElJosen'10: folds 
Uncalled bet ($0.55) returned to creller
creller collected $0.65 from pot
creller: doesn't show hand 
*** SUMMARY ***
Total pot $0.65 | Rake $0 
Seat 1: creller (button) collected ($0.65)
Seat 2: Mahu2021 (small blind) folded before Flop
Seat 3: iudicus (big blind) folded before Flop
Seat 4: afwing16 folded before Flop (didn't bet)
Seat 5: ElJosen'10 folded before Flop
Seat 6: BluffsLord folded before Flop (didn't bet)



PokerStars Zoom Hand #255713778000:  Hold'em No Limit ($0.05/$0.10) - 2025/04/13 11:14:15 CET [2025/04/13 5:14:15 ET]
Table 'Aludra' 6-max Seat #1 is the button
Seat 1: kingfisher898 ($10.63 in chips) 
Seat 2: buxtehude1 ($10.82 in chips) 
Seat 3: Mahu2021 ($13.46 in chips) 
Seat 4: khz71 ($10.92 in chips) 
Seat 5: Topi1956 ($17.36 in chips) 
Seat 6: kimjw800 ($13.55 in chips) 
buxtehude1: posts small blind $0.05
Mahu2021: posts big blind $0.10
*** HOLE CARDS ***
Dealt to Mahu2021 [7c 6c]
khz71: folds 
Topi1956: folds 
kimjw800: folds 
kingfisher898: raises $0.20 to $0.30
buxtehude1: folds 
Mahu2021: calls $0.20
*** FLOP *** [6h 9h 7d]
Mahu2021: checks 
kingfisher898: checks 
*** TURN *** [6h 9h 7d] [Th]
Mahu2021: checks 
kingfisher898: checks 
*** RIVER *** [6h 9h 7d Th] [2s]
Mahu2021: bets $0.62
kingfisher898: folds 
Uncalled bet ($0.62) returned to Mahu2021
Mahu2021 collected $0.62 from pot
Mahu2021: doesn't show hand 
*** SUMMARY ***
Total pot $0.65 | Rake $0.03 
Board [6h 9h 7d Th 2s]
Seat 1: kingfisher898 (button) folded on the River
Seat 2: buxtehude1 (small blind) folded before Flop
Seat 3: Mahu2021 (big blind) collected ($0.62)
Seat 4: khz71 folded before Flop (didn't bet)
Seat 5: Topi1956 folded before Flop (didn't bet)
Seat 6: kimjw800 folded before Flop (didn't bet)



PokerStars Zoom Hand #255713782586:  Hold'em No Limit ($0.05/$0.10) - 2025/04/13 11:15:00 CET [2025/04/13 5:15:00 ET]
Table 'Aludra' 6-max Seat #1 is the button
Seat 1: luvingkind ($12.66 in chips) 
Seat 2: Topi1956 ($14.18 in chips) 
Seat 3: wil_e_84 ($10 in chips) 
Seat 4: Mahu2021 ($13.78 in chips) 
Seat 5: Dziokinas ($14.91 in chips) 
Seat 6: afwing16 ($10 in chips) 
Topi1956: posts small blind $0.05
wil_e_84: posts big blind $0.10
*** HOLE CARDS ***
Dealt to Mahu2021 [6c 3c]
Mahu2021: folds 
Dziokinas: folds 
afwing16: folds 
luvingkind: folds 
Topi1956: folds 
Uncalled bet ($0.05) returned to wil_e_84
wil_e_84 collected $0.10 from pot
wil_e_84: doesn't show hand 
*** SUMMARY ***
Total pot $0.10 | Rake $0 
Seat 1: luvingkind (button) folded before Flop (didn't bet)
Seat 2: Topi1956 (small blind) folded before Flop
Seat 3: wil_e_84 (big blind) collected ($0.10)
Seat 4: Mahu2021 folded before Flop (didn't bet)
Seat 5: Dziokinas folded before Flop (didn't bet)
Seat 6: afwing16 folded before Flop (didn't bet)



PokerStars Zoom Hand #255713777605:  Hold'em No Limit ($0.05/$0.10) - 2025/04/13 11:14:11 CET [2025/04/13 5:14:11 ET]
Table 'Aludra' 6-max Seat #1 is the button
Seat 1: HelvitisHund ($22.79 in chips) 
Seat 2: sigrivas ($14.47 in chips) 
Seat 3: 8lines ($10.05 in chips) 
Seat 4: FabOliveira9 ($13.01 in chips) 
Seat 5: Mahu2021 ($13.46 in chips) 
Seat 6: chueko148 ($5.01 in chips) 
sigrivas: posts small blind $0.05
8lines: posts big blind $0.10
*** HOLE CARDS ***
Dealt to Mahu2021 [8h Jc]
FabOliveira9: folds 
Mahu2021: folds 
chueko148: raises $0.10 to $0.20
HelvitisHund: raises $0.50 to $0.70
sigrivas: folds 
8lines: folds 
chueko148: calls $0.50
*** FLOP *** [2s 6s Kd]
chueko148: checks 
HelvitisHund: bets $0.70
chueko148: calls $0.70
*** TURN *** [2s 6s Kd] [8c]
chueko148: checks 
HelvitisHund: bets $1.50
chueko148: calls $1.50
*** RIVER *** [2s 6s Kd 8c] [Jh]
chueko148: checks 
HelvitisHund: bets $2.50
chueko148: folds 
Uncalled bet ($2.50) returned to HelvitisHund
HelvitisHund collected $5.68 from pot
HelvitisHund: doesn't show hand 
*** SUMMARY ***
Total pot $5.95 | Rake $0.27 
Board [2s 6s Kd 8c Jh]
Seat 1: HelvitisHund (button) collected ($5.68)
Seat 2: sigrivas (small blind) folded before Flop
Seat 3: 8lines (big blind) folded before Flop
Seat 4: FabOliveira9 folded before Flop (didn't bet)
Seat 5: Mahu2021 folded before Flop (didn't bet)
Seat 6: chueko148 folded on the River



PokerStars Zoom Hand #255713782892:  Hold'em No Limit ($0.05/$0.10) - 2025/04/13 11:15:03 CET [2025/04/13 5:15:03 ET]
Table 'Aludra' 6-max Seat #1 is the button
Seat 1: Borislav84 ($9.42 in chips) 
Seat 2: Mahu2021 ($13.78 in chips) 
Seat 3: gena60 ($10 in chips) 
Seat 4: Dziokinas ($14.91 in chips) 
Seat 5: 1block1 ($4.85 in chips) 
Seat 6: Hito999 ($11.80 in chips) 
Mahu2021: posts small blind $0.05
gena60: posts big blind $0.10
*** HOLE CARDS ***
Dealt to Mahu2021 [8h 4h]
Dziokinas: folds 
1block1: folds 
Hito999: folds 
Borislav84: raises $0.10 to $0.20
Mahu2021: folds 
gena60: folds 
Uncalled bet ($0.10) returned to Borislav84
Borislav84 collected $0.25 from pot
Borislav84: doesn't show hand 
*** SUMMARY ***
Total pot $0.25 | Rake $0 
Seat 1: Borislav84 (button) collected ($0.25)
Seat 2: Mahu2021 (small blind) folded before Flop
Seat 3: gena60 (big blind) folded before Flop
Seat 4: Dziokinas folded before Flop (didn't bet)
Seat 5: 1block1 folded before Flop (didn't bet)
Seat 6: Hito999 folded before Flop (didn't bet)



PokerStars Zoom Hand #255713783294:  Hold'em No Limit ($0.05/$0.10) - 2025/04/13 11:15:07 CET [2025/04/13 5:15:07 ET]
Table 'Aludra' 6-max Seat #1 is the button
Seat 1: Gremalcan2020 ($10 in chips) 
Seat 2: buxtehude1 ($10.82 in chips) 
Seat 3: Dziokinas ($14.91 in chips) 
Seat 4: Mahu2021 ($13.73 in chips) 
Seat 5: 8lines ($11.64 in chips) 
Seat 6: Atosz_990 ($7.86 in chips) 
buxtehude1: posts small blind $0.05
Dziokinas: posts big blind $0.10
*** HOLE CARDS ***
Dealt to Mahu2021 [7s Ks]
Mahu2021: folds 
8lines: folds 
Atosz_990: folds 
Gremalcan2020: raises $0.15 to $0.25
buxtehude1: folds 
Dziokinas: folds 
Uncalled bet ($0.15) returned to Gremalcan2020
Gremalcan2020 collected $0.25 from pot
Gremalcan2020: doesn't show hand 
*** SUMMARY ***
Total pot $0.25 | Rake $0 
Seat 1: Gremalcan2020 (button) collected ($0.25)
Seat 2: buxtehude1 (small blind) folded before Flop
Seat 3: Dziokinas (big blind) folded before Flop
Seat 4: Mahu2021 folded before Flop (didn't bet)
Seat 5: 8lines folded before Flop (didn't bet)
Seat 6: Atosz_990 folded before Flop (didn't bet)



PokerStars Zoom Hand #255713783828:  Hold'em No Limit ($0.05/$0.10) - 2025/04/13 11:15:12 CET [2025/04/13 5:15:12 ET]
Table 'Aludra' 6-max Seat #1 is the button
Seat 1: Dziokinas ($14.43 in chips) 
Seat 2: aggovic ($10.62 in chips) 
Seat 3: Mahu2021 ($13.73 in chips) 
Seat 4: MR_HKO_DK ($26.11 in chips) 
Seat 5: slickric878 ($38.53 in chips) 
Seat 6: afwing16 ($10.25 in chips) 
aggovic: posts small blind $0.05
Mahu2021: posts big blind $0.10
*** HOLE CARDS ***
Dealt to Mahu2021 [8d Kc]
MR_HKO_DK: folds 
slickric878: folds 
afwing16: raises $0.15 to $0.25
Dziokinas: folds 
aggovic: folds 
Mahu2021: folds 
Uncalled bet ($0.15) returned to afwing16
afwing16 collected $0.25 from pot
afwing16: doesn't show hand 
*** SUMMARY ***
Total pot $0.25 | Rake $0 
Seat 1: Dziokinas (button) folded before Flop (didn't bet)
Seat 2: aggovic (small blind) folded before Flop
Seat 3: Mahu2021 (big blind) folded before Flop
Seat 4: MR_HKO_DK folded before Flop (didn't bet)
Seat 5: slickric878 folded before Flop (didn't bet)
Seat 6: afwing16 collected ($0.25)



PokerStars Zoom Hand #255713785005:  Hold'em No Limit ($0.05/$0.10) - 2025/04/13 11:15:24 CET [2025/04/13 5:15:24 ET]
Table 'Aludra' 6-max Seat #1 is the button
Seat 1: wil_e_84 ($10 in chips) 
Seat 2: Topi1956 ($17.58 in chips) 
Seat 3: luvingkind ($10.92 in chips) 
Seat 4: Gremalcan2020 ($10.15 in chips) 
Seat 5: afwing16 ($10.40 in chips) 
Seat 6: Mahu2021 ($13.63 in chips) 
Topi1956: posts small blind $0.05
luvingkind: posts big blind $0.10
*** HOLE CARDS ***
Dealt to Mahu2021 [Ah 8s]
Gremalcan2020: raises $0.15 to $0.25
afwing16: folds 
Mahu2021: folds 
wil_e_84: folds 
Topi1956: folds 
luvingkind: folds 
Uncalled bet ($0.15) returned to Gremalcan2020
Gremalcan2020 collected $0.25 from pot
Gremalcan2020: doesn't show hand 
*** SUMMARY ***
Total pot $0.25 | Rake $0 
Seat 1: wil_e_84 (button) folded before Flop (didn't bet)
Seat 2: Topi1956 (small blind) folded before Flop
Seat 3: luvingkind (big blind) folded before Flop
Seat 4: Gremalcan2020 collected ($0.25)
Seat 5: afwing16 folded before Flop (didn't bet)
Seat 6: Mahu2021 folded before Flop (didn't bet)



PokerStars Zoom Hand #255713782012:  Hold'em No Limit ($0.05/$0.10) - 2025/04/13 11:14:55 CET [2025/04/13 5:14:55 ET]
Table 'Aludra' 6-max Seat #1 is the button
Seat 1: Mahu2021 ($13.78 in chips) 
Seat 2: creller ($10.83 in chips) 
Seat 3: DeosDraco777 ($5.62 in chips) 
Seat 4: caesar128 ($7.93 in chips) 
Seat 5: Hito999 ($11.80 in chips) 
Seat 6: luvingkind ($12.66 in chips) 
creller: posts small blind $0.05
DeosDraco777: posts big blind $0.10
*** HOLE CARDS ***
Dealt to Mahu2021 [Qs 6c]
caesar128: raises $0.12 to $0.22
Hito999: folds 
luvingkind: folds 
Mahu2021: folds 
creller: folds 
DeosDraco777: calls $0.12
*** FLOP *** [2h 2d Js]
DeosDraco777: bets $0.24
caesar128: raises $0.54 to $0.78
DeosDraco777: calls $0.54
*** TURN *** [2h 2d Js] [5h]
DeosDraco777: checks 
caesar128: checks 
*** RIVER *** [2h 2d Js 5h] [Qh]
DeosDraco777: bets $1.08
caesar128: raises $5.85 to $6.93 and is all-in
DeosDraco777: folds 
Uncalled bet ($5.85) returned to caesar128
caesar128 collected $4.02 from pot
caesar128: doesn't show hand 
*** SUMMARY ***
Total pot $4.21 | Rake $0.19 
Board [2h 2d Js 5h Qh]
Seat 1: Mahu2021 (button) folded before Flop (didn't bet)
Seat 2: creller (small blind) folded before Flop
Seat 3: DeosDraco777 (big blind) folded on the River
Seat 4: caesar128 collected ($4.02)
Seat 5: Hito999 folded before Flop (didn't bet)
Seat 6: luvingkind folded before Flop (didn't bet)



PokerStars Zoom Hand #255713785418:  Hold'em No Limit ($0.05/$0.10) - 2025/04/13 11:15:28 CET [2025/04/13 5:15:28 ET]
Table 'Aludra' 6-max Seat #1 is the button
Seat 1: Mahu2021 ($13.63 in chips) 
Seat 2: iudicus ($10 in chips) 
Seat 3: BluffsLord ($10.27 in chips) 
Seat 4: slickric878 ($38.53 in chips) 
Seat 5: 00Delphi ($11.03 in chips) 
Seat 6: chueko148 ($4.83 in chips) 
iudicus: posts small blind $0.05
BluffsLord: posts big blind $0.10
*** HOLE CARDS ***
Dealt to Mahu2021 [Kh Ac]
slickric878: raises $0.15 to $0.25
00Delphi: folds 
chueko148: folds 
Mahu2021: raises $0.85 to $1.10
iudicus: folds 
BluffsLord: folds 
slickric878: calls $0.85
*** FLOP *** [Qh Ks 2c]
slickric878: checks 
Mahu2021: bets $2.24
slickric878: calls $2.24
*** TURN *** [Qh Ks 2c] [8d]
slickric878: checks 
Mahu2021: bets $10.29 and is all-in
slickric878: calls $10.29
*** RIVER *** [Qh Ks 2c 8d] [3s]
*** SHOW DOWN ***
slickric878: shows [Jd Kd] (a pair of Kings)
Mahu2021: shows [Kh Ac] (a pair of Kings - Ace kicker)
Mahu2021 cashed out the hand for $23.90 | Cash Out Fee $0.49
*** SUMMARY ***
Total pot $27.41 | Rake $1.23 
Board [Qh Ks 2c 8d 3s]
Seat 1: Mahu2021 (button) showed [Kh Ac] and won ($26.18) with a pair of Kings (pot not awarded as player cashed out)
Seat 2: iudicus (small blind) folded before Flop
Seat 3: BluffsLord (big blind) folded before Flop
Seat 4: slickric878 showed [Jd Kd] and lost with a pair of Kings
Seat 5: 00Delphi folded before Flop (didn't bet)
Seat 6: chueko148 folded before Flop (didn't bet)



PokerStars Zoom Hand #255713788292:  Hold'em No Limit ($0.05/$0.10) - 2025/04/13 11:15:56 CET [2025/04/13 5:15:56 ET]
Table 'Aludra' 6-max Seat #1 is the button
Seat 1: 1block1 ($4.49 in chips) 
Seat 2: Mahu2021 ($23.90 in chips) 
Seat 3: derthomasder ($9.98 in chips) 
Seat 4: iudicus ($10 in chips) 
Seat 5: Borislav84 ($3.15 in chips) 
Seat 6: isidaxl ($10.77 in chips) 
Mahu2021: posts small blind $0.05
derthomasder: posts big blind $0.10
*** HOLE CARDS ***
Dealt to Mahu2021 [Qh 2s]
iudicus: folds 
Borislav84: folds 
isidaxl: calls $0.10
1block1: folds 
Mahu2021: folds 
derthomasder: checks 
*** FLOP *** [8h 9d 7h]
derthomasder: checks 
isidaxl: bets $0.12
derthomasder: calls $0.12
*** TURN *** [8h 9d 7h] [6d]
derthomasder: checks 
isidaxl: bets $0.47
derthomasder: calls $0.47
*** RIVER *** [8h 9d 7h 6d] [4c]
derthomasder: checks 
isidaxl: bets $0.69
derthomasder: folds 
Uncalled bet ($0.69) returned to isidaxl
isidaxl collected $1.37 from pot
isidaxl: doesn't show hand 
*** SUMMARY ***
Total pot $1.43 | Rake $0.06 
Board [8h 9d 7h 6d 4c]
Seat 1: 1block1 (button) folded before Flop (didn't bet)
Seat 2: Mahu2021 (small blind) folded before Flop
Seat 3: derthomasder (big blind) folded on the River
Seat 4: iudicus folded before Flop (didn't bet)
Seat 5: Borislav84 folded before Flop (didn't bet)
Seat 6: isidaxl collected ($1.37)



PokerStars Zoom Hand #255713788941:  Hold'em No Limit ($0.05/$0.10) - 2025/04/13 11:16:03 CET [2025/04/13 5:16:03 ET]
Table 'Aludra' 6-max Seat #1 is the button
Seat 1: ElJosen'10 ($10 in chips) 
Seat 2: iudicus ($10 in chips) 
Seat 3: MindOverMoney ($11.29 in chips) 
Seat 4: 00Delphi ($10.88 in chips) 
Seat 5: Mahu2021 ($23.85 in chips) 
Seat 6: DeosDraco777 ($3.49 in chips) 
iudicus: posts small blind $0.05
MindOverMoney: posts big blind $0.10
*** HOLE CARDS ***
Dealt to Mahu2021 [Kd Ac]
00Delphi: folds 
Mahu2021: raises $0.15 to $0.25
DeosDraco777: calls $0.25
ElJosen'10: calls $0.25
iudicus: folds 
MindOverMoney: calls $0.15
*** FLOP *** [2h 9d 4d]
MindOverMoney: checks 
Mahu2021: checks 
DeosDraco777: bets $0.50
ElJosen'10: folds 
MindOverMoney: folds 
Mahu2021: folds 
Uncalled bet ($0.50) returned to DeosDraco777
DeosDraco777 collected $1 from pot
DeosDraco777: doesn't show hand 
*** SUMMARY ***
Total pot $1.05 | Rake $0.05 
Board [2h 9d 4d]
Seat 1: ElJosen'10 (button) folded on the Flop
Seat 2: iudicus (small blind) folded before Flop
Seat 3: MindOverMoney (big blind) folded on the Flop
Seat 4: 00Delphi folded before Flop (didn't bet)
Seat 5: Mahu2021 folded on the Flop
Seat 6: DeosDraco777 collected ($1)



PokerStars Zoom Hand #255713791393:  Hold'em No Limit ($0.05/$0.10) - 2025/04/13 11:16:27 CET [2025/04/13 5:16:27 ET]
Table 'Aludra' 6-max Seat #1 is the button
Seat 1: teikmaimani ($9.85 in chips) 
Seat 2: Hito999 ($12.51 in chips) 
Seat 3: Mallardz ($18.23 in chips) 
Seat 4: kimjw800 ($14.15 in chips) 
Seat 5: Mahu2021 ($23.60 in chips) 
Seat 6: luvingkind ($10.67 in chips) 
Hito999: posts small blind $0.05
Mallardz: posts big blind $0.10
*** HOLE CARDS ***
Dealt to Mahu2021 [Th 6c]
kimjw800: folds 
Mahu2021: folds 
luvingkind: raises $0.15 to $0.25
teikmaimani: raises $0.35 to $0.60
Hito999: folds 
Mallardz: folds 
luvingkind: folds 
Uncalled bet ($0.35) returned to teikmaimani
teikmaimani collected $0.65 from pot
teikmaimani: doesn't show hand 
*** SUMMARY ***
Total pot $0.65 | Rake $0 
Seat 1: teikmaimani (button) collected ($0.65)
Seat 2: Hito999 (small blind) folded before Flop
Seat 3: Mallardz (big blind) folded before Flop
Seat 4: kimjw800 folded before Flop (didn't bet)
Seat 5: Mahu2021 folded before Flop (didn't bet)
Seat 6: luvingkind folded before Flop



PokerStars Zoom Hand #255713791803:  Hold'em No Limit ($0.05/$0.10) - 2025/04/13 11:16:31 CET [2025/04/13 5:16:31 ET]
Table 'Aludra' 6-max Seat #1 is the button
Seat 1: kimjw800 ($14.15 in chips) 
Seat 2: iudicus ($14.02 in chips) 
Seat 3: Mahu2021 ($23.60 in chips) 
Seat 4: Karsa1 ($10 in chips) 
Seat 5: 1block1 ($5.31 in chips) 
Seat 6: MR_HKO_DK ($50.53 in chips) 
iudicus: posts small blind $0.05
Mahu2021: posts big blind $0.10
*** HOLE CARDS ***
Dealt to Mahu2021 [8c 4c]
Karsa1: folds 
1block1: folds 
MR_HKO_DK: folds 
kimjw800: raises $0.15 to $0.25
iudicus: folds 
Mahu2021: folds 
Uncalled bet ($0.15) returned to kimjw800
kimjw800 collected $0.25 from pot
kimjw800: doesn't show hand 
*** SUMMARY ***
Total pot $0.25 | Rake $0 
Seat 1: kimjw800 (button) collected ($0.25)
Seat 2: iudicus (small blind) folded before Flop
Seat 3: Mahu2021 (big blind) folded before Flop
Seat 4: Karsa1 folded before Flop (didn't bet)
Seat 5: 1block1 folded before Flop (didn't bet)
Seat 6: MR_HKO_DK folded before Flop (didn't bet)



PokerStars Zoom Hand #255713792925:  Hold'em No Limit ($0.05/$0.10) - 2025/04/13 11:16:42 CET [2025/04/13 5:16:42 ET]
Table 'Aludra' 6-max Seat #1 is the button
Seat 1: Mahu2021 ($23.50 in chips) 
Seat 2: 1block1 ($5.31 in chips) 
Seat 3: afwing16 ($11.09 in chips) 
Seat 4: Dziokinas ($14.66 in chips) 
Seat 5: FabOliveira9 ($15.06 in chips) 
Seat 6: wiking ($7.77 in chips) 
1block1: posts small blind $0.05
afwing16: posts big blind $0.10
*** HOLE CARDS ***
Dealt to Mahu2021 [2d 6s]
Dziokinas: folds 
FabOliveira9: folds 
wiking: folds 
Mahu2021: folds 
1block1: folds 
Uncalled bet ($0.05) returned to afwing16
afwing16 collected $0.10 from pot
afwing16: doesn't show hand 
*** SUMMARY ***
Total pot $0.10 | Rake $0 
Seat 1: Mahu2021 (button) folded before Flop (didn't bet)
Seat 2: 1block1 (small blind) folded before Flop
Seat 3: afwing16 (big blind) collected ($0.10)
Seat 4: Dziokinas folded before Flop (didn't bet)
Seat 5: FabOliveira9 folded before Flop (didn't bet)
Seat 6: wiking folded before Flop (didn't bet)



PokerStars Zoom Hand #255713793442:  Hold'em No Limit ($0.05/$0.10) - 2025/04/13 11:16:47 CET [2025/04/13 5:16:47 ET]
Table 'Aludra' 6-max Seat #1 is the button
Seat 1: Dziokinas ($16.30 in chips) 
Seat 2: afwing16 ($10.15 in chips) 
Seat 3: wiking ($7.77 in chips) 
Seat 4: luvingkind ($12.66 in chips) 
Seat 5: Topi1956 ($10 in chips) 
Seat 6: Mahu2021 ($23.50 in chips) 
afwing16: posts small blind $0.05
wiking: posts big blind $0.10
*** HOLE CARDS ***
Dealt to Mahu2021 [5h Ad]
luvingkind: folds 
Topi1956: raises $0.15 to $0.25
Mahu2021: folds 
Dziokinas: folds 
afwing16: folds 
wiking: folds 
Uncalled bet ($0.15) returned to Topi1956
Topi1956 collected $0.25 from pot
Topi1956: doesn't show hand 
*** SUMMARY ***
Total pot $0.25 | Rake $0 
Seat 1: Dziokinas (button) folded before Flop (didn't bet)
Seat 2: afwing16 (small blind) folded before Flop
Seat 3: wiking (big blind) folded before Flop
Seat 4: luvingkind folded before Flop (didn't bet)
Seat 5: Topi1956 collected ($0.25)
Seat 6: Mahu2021 folded before Flop (didn't bet)



PokerStars Zoom Hand #255713793856:  Hold'em No Limit ($0.05/$0.10) - 2025/04/13 11:16:51 CET [2025/04/13 5:16:51 ET]
Table 'Aludra' 6-max Seat #1 is the button
Seat 1: ElJosen'10 ($10 in chips) 
Seat 2: afwing16 ($11.14 in chips) 
Seat 3: Dziokinas ($14.66 in chips) 
Seat 4: Mahu2021 ($23.50 in chips) 
Seat 5: aggovic ($10.55 in chips) 
Seat 6: diesel bxl ($10.07 in chips) 
afwing16: posts small blind $0.05
Dziokinas: posts big blind $0.10
*** HOLE CARDS ***
Dealt to Mahu2021 [Td Ah]
Mahu2021: folds 
aggovic: folds 
diesel bxl: folds 
ElJosen'10: raises $0.15 to $0.25
afwing16: folds 
Dziokinas: folds 
Uncalled bet ($0.15) returned to ElJosen'10
ElJosen'10 collected $0.25 from pot
ElJosen'10: doesn't show hand 
*** SUMMARY ***
Total pot $0.25 | Rake $0 
Seat 1: ElJosen'10 (button) collected ($0.25)
Seat 2: afwing16 (small blind) folded before Flop
Seat 3: Dziokinas (big blind) folded before Flop
Seat 4: Mahu2021 folded before Flop (didn't bet)
Seat 5: aggovic folded before Flop (didn't bet)
Seat 6: diesel bxl folded before Flop (didn't bet)



PokerStars Zoom Hand #255713794705:  Hold'em No Limit ($0.05/$0.10) - 2025/04/13 11:16:59 CET [2025/04/13 5:16:59 ET]
Table 'Aludra' 6-max Seat #1 is the button
Seat 1: MindOverMoney ($10.99 in chips) 
Seat 2: buxtehude1 ($10.91 in chips) 
Seat 3: luvingkind ($10.37 in chips) 
Seat 4: Mahu2021 ($23.45 in chips) 
Seat 5: creller ($11.38 in chips) 
Seat 6: Mallardz ($11.85 in chips) 
buxtehude1: posts small blind $0.05
luvingkind: posts big blind $0.10
*** HOLE CARDS ***
Dealt to Mahu2021 [Th 8d]
Mahu2021: folds 
creller: folds 
Mallardz: folds 
MindOverMoney: folds 
buxtehude1: raises $0.20 to $0.30
luvingkind: folds 
Uncalled bet ($0.20) returned to buxtehude1
buxtehude1 collected $0.20 from pot
buxtehude1: doesn't show hand 
*** SUMMARY ***
Total pot $0.20 | Rake $0 
Seat 1: MindOverMoney (button) folded before Flop (didn't bet)
Seat 2: buxtehude1 (small blind) collected ($0.20)
Seat 3: luvingkind (big blind) folded before Flop
Seat 4: Mahu2021 folded before Flop (didn't bet)
Seat 5: creller folded before Flop (didn't bet)
Seat 6: Mallardz folded before Flop (didn't bet)



PokerStars Zoom Hand #255713794994:  Hold'em No Limit ($0.05/$0.10) - 2025/04/13 11:17:02 CET [2025/04/13 5:17:02 ET]
Table 'Aludra' 6-max Seat #1 is the button
Seat 1: wiking ($7.62 in chips) 
Seat 2: Werbach77 ($31.45 in chips) 
Seat 3: Mahu2021 ($23.45 in chips) 
Seat 4: FabOliveira9 ($15.21 in chips) 
Seat 5: Dziokinas ($12.31 in chips) 
Seat 6: ElJosen'10 ($10.15 in chips) 
Werbach77: posts small blind $0.05
Mahu2021: posts big blind $0.10
*** HOLE CARDS ***
Dealt to Mahu2021 [4h Th]
FabOliveira9: folds 
Dziokinas: raises $0.15 to $0.25
ElJosen'10: folds 
wiking: folds 
Werbach77: folds 
Mahu2021: folds 
Uncalled bet ($0.15) returned to Dziokinas
Dziokinas collected $0.25 from pot
Dziokinas: doesn't show hand 
*** SUMMARY ***
Total pot $0.25 | Rake $0 
Seat 1: wiking (button) folded before Flop (didn't bet)
Seat 2: Werbach77 (small blind) folded before Flop
Seat 3: Mahu2021 (big blind) folded before Flop
Seat 4: FabOliveira9 folded before Flop (didn't bet)
Seat 5: Dziokinas collected ($0.25)
Seat 6: ElJosen'10 folded before Flop (didn't bet)



PokerStars Zoom Hand #255713796503:  Hold'em No Limit ($0.05/$0.10) - 2025/04/13 11:17:17 CET [2025/04/13 5:17:17 ET]
Table 'Aludra' 6-max Seat #1 is the button
Seat 1: Mahu2021 ($23.35 in chips) 
Seat 2: chueko148 ($2.77 in chips) 
Seat 3: 8lines ($10.64 in chips) 
Seat 4: Topi1956 ($12.79 in chips) 
Seat 5: Hito999 ($12.36 in chips) 
Seat 6: aggovic ($10.27 in chips) 
chueko148: posts small blind $0.05
8lines: posts big blind $0.10
*** HOLE CARDS ***
Dealt to Mahu2021 [8s 8h]
Topi1956: folds 
Hito999: folds 
aggovic: folds 
Mahu2021: raises $0.20 to $0.30
chueko148: folds 
8lines: folds 
Uncalled bet ($0.20) returned to Mahu2021
Mahu2021 collected $0.25 from pot
Mahu2021: doesn't show hand 
*** SUMMARY ***
Total pot $0.25 | Rake $0 
Seat 1: Mahu2021 (button) collected ($0.25)
Seat 2: chueko148 (small blind) folded before Flop
Seat 3: 8lines (big blind) folded before Flop
Seat 4: Topi1956 folded before Flop (didn't bet)
Seat 5: Hito999 folded before Flop (didn't bet)
Seat 6: aggovic folded before Flop (didn't bet)



PokerStars Zoom Hand #255713794281:  Hold'em No Limit ($0.05/$0.10) - 2025/04/13 11:16:55 CET [2025/04/13 5:16:55 ET]
Table 'Aludra' 6-max Seat #1 is the button
Seat 1: VZSharks2022 ($15.07 in chips) 
Seat 2: Mahu2021 ($23.50 in chips) 
Seat 3: Topi1956 ($10.15 in chips) 
Seat 4: wil_e_84 ($10.61 in chips) 
Seat 5: taka736 ($11.44 in chips) 
Seat 6: Werbach77 ($31.45 in chips) 
Mahu2021: posts small blind $0.05
Topi1956: posts big blind $0.10
*** HOLE CARDS ***
Dealt to Mahu2021 [7h Kh]
wil_e_84: folds 
taka736: folds 
Werbach77: folds 
VZSharks2022: raises $0.15 to $0.25
Mahu2021: folds 
Topi1956: raises $0.55 to $0.80
VZSharks2022: calls $0.55
*** FLOP *** [Js 6c Jc]
Topi1956: bets $0.79
VZSharks2022: calls $0.79
*** TURN *** [Js 6c Jc] [Qh]
Topi1956: bets $2.31
VZSharks2022: folds 
Uncalled bet ($2.31) returned to Topi1956
Topi1956 collected $3.08 from pot
Topi1956: doesn't show hand 
*** SUMMARY ***
Total pot $3.23 | Rake $0.15 
Board [Js 6c Jc Qh]
Seat 1: VZSharks2022 (button) folded on the Turn
Seat 2: Mahu2021 (small blind) folded before Flop
Seat 3: Topi1956 (big blind) collected ($3.08)
Seat 4: wil_e_84 folded before Flop (didn't bet)
Seat 5: taka736 folded before Flop (didn't bet)
Seat 6: Werbach77 folded before Flop (didn't bet)



PokerStars Zoom Hand #255713796120:  Hold'em No Limit ($0.05/$0.10) - 2025/04/13 11:17:13 CET [2025/04/13 5:17:13 ET]
Table 'Aludra' 6-max Seat #1 is the button
Seat 1: aggovic ($13.54 in chips) 
Seat 2: like.yasu119 ($15.81 in chips) 
Seat 3: timothyriddle ($32.20 in chips) 
Seat 4: buxtehude1 ($11.01 in chips) 
Seat 5: Mahu2021 ($23.35 in chips) 
Seat 6: teikmaimani ($9.41 in chips) 
like.yasu119: posts small blind $0.05
timothyriddle: posts big blind $0.10
*** HOLE CARDS ***
Dealt to Mahu2021 [4s 5c]
buxtehude1: folds 
Mahu2021: folds 
teikmaimani: raises $0.10 to $0.20
aggovic: calls $0.20
like.yasu119: folds 
timothyriddle: calls $0.10
*** FLOP *** [2h 5h 8d]
timothyriddle: checks 
teikmaimani: bets $0.31
aggovic: folds 
timothyriddle: folds 
Uncalled bet ($0.31) returned to teikmaimani
teikmaimani collected $0.62 from pot
teikmaimani: doesn't show hand 
*** SUMMARY ***
Total pot $0.65 | Rake $0.03 
Board [2h 5h 8d]
Seat 1: aggovic (button) folded on the Flop
Seat 2: like.yasu119 (small blind) folded before Flop
Seat 3: timothyriddle (big blind) folded on the Flop
Seat 4: buxtehude1 folded before Flop (didn't bet)
Seat 5: Mahu2021 folded before Flop (didn't bet)
Seat 6: teikmaimani collected ($0.62)



PokerStars Zoom Hand #255713798574:  Hold'em No Limit ($0.05/$0.10) - 2025/04/13 11:17:38 CET [2025/04/13 5:17:38 ET]
Table 'Aludra' 6-max Seat #1 is the button
Seat 1: Mahu2021 ($23.45 in chips) 
Seat 2: timothyriddle ($32 in chips) 
Seat 3: Dziokinas ($14.79 in chips) 
Seat 4: 00Delphi ($12.29 in chips) 
Seat 5: iudicus ($10.77 in chips) 
Seat 6: aggovic ($13.34 in chips) 
timothyriddle: posts small blind $0.05
Dziokinas: posts big blind $0.10
*** HOLE CARDS ***
Dealt to Mahu2021 [3c 4s]
00Delphi: raises $0.14 to $0.24
iudicus: folds 
aggovic: folds 
Mahu2021: folds 
timothyriddle: folds 
Dziokinas: folds 
Uncalled bet ($0.14) returned to 00Delphi
00Delphi collected $0.25 from pot
00Delphi: doesn't show hand 
*** SUMMARY ***
Total pot $0.25 | Rake $0 
Seat 1: Mahu2021 (button) folded before Flop (didn't bet)
Seat 2: timothyriddle (small blind) folded before Flop
Seat 3: Dziokinas (big blind) folded before Flop
Seat 4: 00Delphi collected ($0.25)
Seat 5: iudicus folded before Flop (didn't bet)
Seat 6: aggovic folded before Flop (didn't bet)



PokerStars Zoom Hand #255713799371:  Hold'em No Limit ($0.05/$0.10) - 2025/04/13 11:17:45 CET [2025/04/13 5:17:45 ET]
Table 'Aludra' 6-max Seat #1 is the button
Seat 1: derthomasder ($9.34 in chips) 
Seat 2: khz71 ($10.15 in chips) 
Seat 3: WONDALOT ($4.38 in chips) 
Seat 4: Topi1956 ($13.88 in chips) 
Seat 5: Werbach77 ($31.45 in chips) 
Seat 6: Mahu2021 ($23.35 in chips) 
khz71: posts small blind $0.05
WONDALOT: posts big blind $0.10
*** HOLE CARDS ***
Dealt to Mahu2021 [7h Qd]
Topi1956: folds 
Werbach77: folds 
Mahu2021: folds 
derthomasder: folds 
khz71: raises $0.20 to $0.30
WONDALOT: folds 
Uncalled bet ($0.20) returned to khz71
khz71 collected $0.20 from pot
khz71: doesn't show hand 
*** SUMMARY ***
Total pot $0.20 | Rake $0 
Seat 1: derthomasder (button) folded before Flop (didn't bet)
Seat 2: khz71 (small blind) collected ($0.20)
Seat 3: WONDALOT (big blind) folded before Flop
Seat 4: Topi1956 folded before Flop (didn't bet)
Seat 5: Werbach77 folded before Flop (didn't bet)
Seat 6: Mahu2021 folded before Flop (didn't bet)



PokerStars Zoom Hand #255713800206:  Hold'em No Limit ($0.05/$0.10) - 2025/04/13 11:17:54 CET [2025/04/13 5:17:54 ET]
Table 'Aludra' 6-max Seat #1 is the button
Seat 1: aggovic ($19.27 in chips) 
Seat 2: chueko148 ($4.56 in chips) 
Seat 3: afwing16 ($13.04 in chips) 
Seat 4: Topi1956 ($17.28 in chips) 
Seat 5: Mahu2021 ($23.35 in chips) 
Seat 6: Hito999 ($12.21 in chips) 
chueko148: posts small blind $0.05
afwing16: posts big blind $0.10
*** HOLE CARDS ***
Dealt to Mahu2021 [2h 2s]
Topi1956: folds 
Mahu2021: folds 
Hito999: folds 
aggovic: folds 
chueko148: raises $0.10 to $0.20
afwing16: folds 
Uncalled bet ($0.10) returned to chueko148
chueko148 collected $0.20 from pot
chueko148: doesn't show hand 
*** SUMMARY ***
Total pot $0.20 | Rake $0 
Seat 1: aggovic (button) folded before Flop (didn't bet)
Seat 2: chueko148 (small blind) collected ($0.20)
Seat 3: afwing16 (big blind) folded before Flop
Seat 4: Topi1956 folded before Flop (didn't bet)
Seat 5: Mahu2021 folded before Flop (didn't bet)
Seat 6: Hito999 folded before Flop (didn't bet)



PokerStars Zoom Hand #255713798067:  Hold'em No Limit ($0.05/$0.10) - 2025/04/13 11:17:32 CET [2025/04/13 5:17:32 ET]
Table 'Aludra' 6-max Seat #1 is the button
Seat 1: ElJosen'10 ($10.20 in chips) 
Seat 2: Mahu2021 ($23.50 in chips) 
Seat 3: afwing16 ($10 in chips) 
Seat 4: kingfisher898 ($8 in chips) 
Seat 5: aggovic ($19.32 in chips) 
Seat 6: teikmaimani ($9.85 in chips) 
Mahu2021: posts small blind $0.05
afwing16: posts big blind $0.10
*** HOLE CARDS ***
Dealt to Mahu2021 [5h Jh]
kingfisher898: calls $0.10
aggovic: folds 
teikmaimani: folds 
ElJosen'10: raises $0.40 to $0.50
Mahu2021: folds 
afwing16: folds 
kingfisher898: calls $0.40
*** FLOP *** [As 6d 2c]
kingfisher898: checks 
ElJosen'10: bets $0.36
kingfisher898: folds 
Uncalled bet ($0.36) returned to ElJosen'10
ElJosen'10 collected $1.10 from pot
ElJosen'10: doesn't show hand 
*** SUMMARY ***
Total pot $1.15 | Rake $0.05 
Board [As 6d 2c]
Seat 1: ElJosen'10 (button) collected ($1.10)
Seat 2: Mahu2021 (small blind) folded before Flop
Seat 3: afwing16 (big blind) folded before Flop
Seat 4: kingfisher898 folded on the Flop
Seat 5: aggovic folded before Flop (didn't bet)
Seat 6: teikmaimani folded before Flop (didn't bet)



PokerStars Zoom Hand #255713798867:  Hold'em No Limit ($0.05/$0.10) - 2025/04/13 11:17:41 CET [2025/04/13 5:17:41 ET]
Table 'Aludra' 6-max Seat #1 is the button
Seat 1: Gremalcan2020 ($10.15 in chips) 
Seat 2: aggovic ($13.34 in chips) 
Seat 3: Mahu2021 ($23.45 in chips) 
Seat 4: teikmaimani ($9.83 in chips) 
Seat 5: WONDALOT ($4.38 in chips) 
Seat 6: like.yasu119 ($15.66 in chips) 
aggovic: posts small blind $0.05
Mahu2021: posts big blind $0.10
*** HOLE CARDS ***
Dealt to Mahu2021 [8h 5h]
teikmaimani: raises $0.10 to $0.20
WONDALOT: folds 
like.yasu119: folds 
Gremalcan2020: folds 
aggovic: calls $0.15
Mahu2021: folds 
*** FLOP *** [Ah Jd 9c]
aggovic: checks 
teikmaimani: bets $0.24
aggovic: calls $0.24
*** TURN *** [Ah Jd 9c] [Ks]
aggovic: checks 
teikmaimani: checks 
*** RIVER *** [Ah Jd 9c Ks] [Qd]
aggovic: checks 
teikmaimani: bets $0.30
aggovic: calls $0.30
*** SHOW DOWN ***
teikmaimani: shows [Ad Th] (a straight, Ten to Ace)
aggovic: mucks hand 
teikmaimani collected $1.51 from pot
*** SUMMARY ***
Total pot $1.58 | Rake $0.07 
Board [Ah Jd 9c Ks Qd]
Seat 1: Gremalcan2020 (button) folded before Flop (didn't bet)
Seat 2: aggovic (small blind) mucked [As 8s]
Seat 3: Mahu2021 (big blind) folded before Flop
Seat 4: teikmaimani showed [Ad Th] and won ($1.51) with a straight, Ten to Ace
Seat 5: WONDALOT folded before Flop (didn't bet)
Seat 6: like.yasu119 folded before Flop (didn't bet)



PokerStars Zoom Hand #255713795708:  Hold'em No Limit ($0.05/$0.10) - 2025/04/13 11:17:09 CET [2025/04/13 5:17:09 ET]
Table 'Aludra' 6-max Seat #1 is the button
Seat 1: DeosDraco777 ($4.57 in chips) 
Seat 2: khz71 ($10 in chips) 
Seat 3: creller ($11.38 in chips) 
Seat 4: Borislav84 ($2.95 in chips) 
Seat 5: chueko148 ($2.77 in chips) 
Seat 6: Mahu2021 ($23.35 in chips) 
khz71: posts small blind $0.05
creller: posts big blind $0.10
*** HOLE CARDS ***
Dealt to Mahu2021 [Kh 3s]
Borislav84: raises $0.10 to $0.20
chueko148: folds 
Mahu2021: folds 
DeosDraco777: calls $0.20
khz71: folds 
creller: calls $0.10
*** FLOP *** [Qs As Qd]
creller: checks 
Borislav84: bets $0.20
DeosDraco777: calls $0.20
creller: calls $0.20
*** TURN *** [Qs As Qd] [6c]
creller: checks 
Borislav84: checks 
DeosDraco777: checks 
*** RIVER *** [Qs As Qd 6c] [Jc]
creller: bets $0.89
Borislav84: raises $1.66 to $2.55 and is all-in
DeosDraco777: raises $1.62 to $4.17 and is all-in
creller: calls $3.28
*** SHOW DOWN ***
DeosDraco777: shows [Ks Td] (a straight, Ten to Ace)
creller: shows [Kd Tc] (a straight, Ten to Ace)
creller collected $1.55 from side pot
DeosDraco777 collected $1.54 from side pot
Borislav84: shows [Qc 2c] (three of a kind, Queens)
creller collected $4.25 from main pot
DeosDraco777 collected $4.25 from main pot
*** SUMMARY ***
Total pot $12.14 Main pot $8.50. Side pot $3.09. | Rake $0.55 
Board [Qs As Qd 6c Jc]
Seat 1: DeosDraco777 (button) showed [Ks Td] and won ($5.79) with a straight, Ten to Ace
Seat 2: khz71 (small blind) folded before Flop
Seat 3: creller (big blind) showed [Kd Tc] and won ($5.80) with a straight, Ten to Ace
Seat 4: Borislav84 showed [Qc 2c] and lost with three of a kind, Queens
Seat 5: chueko148 folded before Flop (didn't bet)
Seat 6: Mahu2021 folded before Flop (didn't bet)



PokerStars Zoom Hand #255713800700:  Hold'em No Limit ($0.05/$0.10) - 2025/04/13 11:17:59 CET [2025/04/13 5:17:59 ET]
Table 'Aludra' 6-max Seat #1 is the button
Seat 1: Mallardz ($10.10 in chips) 
Seat 2: Topi1956 ($17.28 in chips) 
Seat 3: Mahu2021 ($23.35 in chips) 
Seat 4: like.yasu119 ($15.81 in chips) 
Seat 5: ElJosen'10 ($10 in chips) 
Seat 6: Werbach77 ($31.45 in chips) 
Topi1956: posts small blind $0.05
Mahu2021: posts big blind $0.10
*** HOLE CARDS ***
Dealt to Mahu2021 [4d 4c]
like.yasu119: folds 
ElJosen'10: folds 
Werbach77: folds 
Mallardz: raises $0.15 to $0.25
Topi1956: raises $0.55 to $0.80
Mahu2021: folds 
Mallardz: calls $0.55
*** FLOP *** [3c 2d 9s]
Topi1956: bets $1.62
Mallardz: calls $1.62
*** TURN *** [3c 2d 9s] [Kd]
Topi1956: bets $4.72
Mallardz: folds 
Uncalled bet ($4.72) returned to Topi1956
Topi1956 collected $4.72 from pot
Topi1956: doesn't show hand 
*** SUMMARY ***
Total pot $4.94 | Rake $0.22 
Board [3c 2d 9s Kd]
Seat 1: Mallardz (button) folded on the Turn
Seat 2: Topi1956 (small blind) collected ($4.72)
Seat 3: Mahu2021 (big blind) folded before Flop
Seat 4: like.yasu119 folded before Flop (didn't bet)
Seat 5: ElJosen'10 folded before Flop (didn't bet)
Seat 6: Werbach77 folded before Flop (didn't bet)



PokerStars Zoom Hand #255713804269:  Hold'em No Limit ($0.05/$0.10) - 2025/04/13 11:18:33 CET [2025/04/13 5:18:33 ET]
Table 'Aludra' 6-max Seat #1 is the button
Seat 1: iudicus ($10.41 in chips) 
Seat 2: Mahu2021 ($23.20 in chips) 
Seat 3: wil_e_84 ($10.35 in chips) 
Seat 4: MR_HKO_DK ($25.72 in chips) 
Seat 5: Werbach77 ($22.17 in chips) 
Seat 6: Dziokinas ($14.06 in chips) 
Mahu2021: posts small blind $0.05
wil_e_84: posts big blind $0.10
*** HOLE CARDS ***
Dealt to Mahu2021 [Qc 7s]
MR_HKO_DK: folds 
Werbach77: folds 
Dziokinas: folds 
iudicus: folds 
Mahu2021: folds 
Uncalled bet ($0.05) returned to wil_e_84
wil_e_84 collected $0.10 from pot
wil_e_84: doesn't show hand 
*** SUMMARY ***
Total pot $0.10 | Rake $0 
Seat 1: iudicus (button) folded before Flop (didn't bet)
Seat 2: Mahu2021 (small blind) folded before Flop
Seat 3: wil_e_84 (big blind) collected ($0.10)
Seat 4: MR_HKO_DK folded before Flop (didn't bet)
Seat 5: Werbach77 folded before Flop (didn't bet)
Seat 6: Dziokinas folded before Flop (didn't bet)



PokerStars Zoom Hand #255713804572:  Hold'em No Limit ($0.05/$0.10) - 2025/04/13 11:18:37 CET [2025/04/13 5:18:37 ET]
Table 'Aludra' 6-max Seat #1 is the button
Seat 1: Mahu2021 ($23.15 in chips) 
Seat 2: wiking ($3.48 in chips) 
Seat 3: afwing16 ($10.64 in chips) 
Seat 4: kimjw800 ($14.72 in chips) 
Seat 5: gena60 ($10 in chips) 
Seat 6: Topi1956 ($13.14 in chips) 
wiking: posts small blind $0.05
afwing16: posts big blind $0.10
*** HOLE CARDS ***
Dealt to Mahu2021 [4d 6d]
kimjw800: folds 
gena60: folds 
Topi1956: folds 
Mahu2021: folds 
wiking: folds 
Uncalled bet ($0.05) returned to afwing16
afwing16 collected $0.10 from pot
afwing16: doesn't show hand 
*** SUMMARY ***
Total pot $0.10 | Rake $0 
Seat 1: Mahu2021 (button) folded before Flop (didn't bet)
Seat 2: wiking (small blind) folded before Flop
Seat 3: afwing16 (big blind) collected ($0.10)
Seat 4: kimjw800 folded before Flop (didn't bet)
Seat 5: gena60 folded before Flop (didn't bet)
Seat 6: Topi1956 folded before Flop (didn't bet)



PokerStars Zoom Hand #255713802664:  Hold'em No Limit ($0.05/$0.10) - 2025/04/13 11:18:18 CET [2025/04/13 5:18:18 ET]
Table 'Aludra' 6-max Seat #1 is the button
Seat 1: Hito999 ($12.21 in chips) 
Seat 2: Mahu2021 ($23.25 in chips) 
Seat 3: iudicus ($10.51 in chips) 
Seat 4: afwing16 ($12.94 in chips) 
Seat 5: teikmaimani ($10.60 in chips) 
Seat 6: chueko148 ($2.72 in chips) 
Mahu2021: posts small blind $0.05
iudicus: posts big blind $0.10
*** HOLE CARDS ***
Dealt to Mahu2021 [7h 4h]
afwing16: folds 
teikmaimani: raises $0.10 to $0.20
chueko148: calls $0.20
Hito999: folds 
Mahu2021: folds 
iudicus: folds 
*** FLOP *** [9h 8d 7s]
teikmaimani: checks 
chueko148: checks 
*** TURN *** [9h 8d 7s] [2s]
teikmaimani: bets $0.40
chueko148: folds 
Uncalled bet ($0.40) returned to teikmaimani
teikmaimani collected $0.53 from pot
teikmaimani: doesn't show hand 
*** SUMMARY ***
Total pot $0.55 | Rake $0.02 
Board [9h 8d 7s 2s]
Seat 1: Hito999 (button) folded before Flop (didn't bet)
Seat 2: Mahu2021 (small blind) folded before Flop
Seat 3: iudicus (big blind) folded before Flop
Seat 4: afwing16 folded before Flop (didn't bet)
Seat 5: teikmaimani collected ($0.53)
Seat 6: chueko148 folded on the Turn



PokerStars Zoom Hand #255713805069:  Hold'em No Limit ($0.05/$0.10) - 2025/04/13 11:18:42 CET [2025/04/13 5:18:42 ET]
Table 'Aludra' 6-max Seat #1 is the button
Seat 1: wiking ($3.43 in chips) 
Seat 2: Werbach77 ($31.35 in chips) 
Seat 3: kimjw800 ($14.72 in chips) 
Seat 4: MR_HKO_DK ($30.16 in chips) 
Seat 5: Mahu2021 ($23.15 in chips) 
Seat 6: Dziokinas ($14.49 in chips) 
Werbach77: posts small blind $0.05
kimjw800: posts big blind $0.10
*** HOLE CARDS ***
Dealt to Mahu2021 [4c 9d]
MR_HKO_DK: folds 
Mahu2021: folds 
Dziokinas: raises $0.15 to $0.25
wiking: folds 
Werbach77: folds 
kimjw800: folds 
Uncalled bet ($0.15) returned to Dziokinas
Dziokinas collected $0.25 from pot
Dziokinas: doesn't show hand 
*** SUMMARY ***
Total pot $0.25 | Rake $0 
Seat 1: wiking (button) folded before Flop (didn't bet)
Seat 2: Werbach77 (small blind) folded before Flop
Seat 3: kimjw800 (big blind) folded before Flop
Seat 4: MR_HKO_DK folded before Flop (didn't bet)
Seat 5: Mahu2021 folded before Flop (didn't bet)
Seat 6: Dziokinas collected ($0.25)



PokerStars Zoom Hand #255713799804:  Hold'em No Limit ($0.05/$0.10) - 2025/04/13 11:17:50 CET [2025/04/13 5:17:50 ET]
Table 'Aludra' 6-max Seat #1 is the button
Seat 1: Karsa1 ($11.29 in chips) 
Seat 2: Hito999 ($12.26 in chips) 
Seat 3: taka736 ($11.16 in chips) 
Seat 4: Mahu2021 ($23.35 in chips) 
Seat 5: Mallardz ($19.81 in chips) 
Seat 6: 8lines ($10.54 in chips) 
Hito999: posts small blind $0.05
taka736: posts big blind $0.10
*** HOLE CARDS ***
Dealt to Mahu2021 [3d Tc]
Mahu2021: folds 
Mallardz: folds 
8lines: folds 
Karsa1: raises $0.15 to $0.25
Hito999: folds 
taka736: raises $0.95 to $1.20
Karsa1: calls $0.95
*** FLOP *** [4h 8d 2s]
taka736: checks 
Karsa1: checks 
*** TURN *** [4h 8d 2s] [5c]
taka736: checks 
Karsa1: bets $1.40
taka736: calls $1.40
*** RIVER *** [4h 8d 2s 5c] [Th]
taka736: checks 
Karsa1: checks 
*** SHOW DOWN ***
taka736: shows [As Kd] (high card Ace)
Karsa1: shows [9d 9c] (a pair of Nines)
Karsa1 collected $5.01 from pot
*** SUMMARY ***
Total pot $5.25 | Rake $0.24 
Board [4h 8d 2s 5c Th]
Seat 1: Karsa1 (button) showed [9d 9c] and won ($5.01) with a pair of Nines
Seat 2: Hito999 (small blind) folded before Flop
Seat 3: taka736 (big blind) showed [As Kd] and lost with high card Ace
Seat 4: Mahu2021 folded before Flop (didn't bet)
Seat 5: Mallardz folded before Flop (didn't bet)
Seat 6: 8lines folded before Flop (didn't bet)



PokerStars Zoom Hand #255713803844:  Hold'em No Limit ($0.05/$0.10) - 2025/04/13 11:18:30 CET [2025/04/13 5:18:30 ET]
Table 'Aludra' 6-max Seat #1 is the button
Seat 1: teikmaimani ($10 in chips) 
Seat 2: timothyriddle ($31.85 in chips) 
Seat 3: Hito999 ($12.21 in chips) 
Seat 4: gena60 ($10 in chips) 
Seat 5: luvingkind ($12.51 in chips) 
Seat 6: Mahu2021 ($23.20 in chips) 
timothyriddle: posts small blind $0.05
Hito999: posts big blind $0.10
*** HOLE CARDS ***
Dealt to Mahu2021 [Kc 4d]
gena60: folds 
luvingkind: raises $0.15 to $0.25
Mahu2021: folds 
teikmaimani: folds 
timothyriddle: folds 
Hito999: calls $0.15
*** FLOP *** [Qs 3d 9h]
Hito999: checks 
luvingkind: bets $0.17
Hito999: raises $0.29 to $0.46
luvingkind: calls $0.29
*** TURN *** [Qs 3d 9h] [Th]
Hito999: checks 
luvingkind: checks 
*** RIVER *** [Qs 3d 9h Th] [2d]
Hito999: checks 
luvingkind: checks 
*** SHOW DOWN ***
Hito999: shows [6h Ah] (high card Ace)
luvingkind: mucks hand 
Hito999 collected $1.38 from pot
*** SUMMARY ***
Total pot $1.47 | Rake $0.09 
Board [Qs 3d 9h Th 2d]
Seat 1: teikmaimani (button) folded before Flop (didn't bet)
Seat 2: timothyriddle (small blind) folded before Flop
Seat 3: Hito999 (big blind) showed [6h Ah] and won ($1.38) with high card Ace
Seat 4: gena60 folded before Flop (didn't bet)
Seat 5: luvingkind mucked [As 4s]
Seat 6: Mahu2021 folded before Flop (didn't bet)



PokerStars Zoom Hand #255713806131:  Hold'em No Limit ($0.05/$0.10) - 2025/04/13 11:18:52 CET [2025/04/13 5:18:52 ET]
Table 'Aludra' 6-max Seat #1 is the button
Seat 1: Topi1956 ($13.09 in chips) 
Seat 2: iudicus ($10 in chips) 
Seat 3: luvingkind ($10.42 in chips) 
Seat 4: wiking ($3.43 in chips) 
Seat 5: Mahu2021 ($23.15 in chips) 
Seat 6: Dziokinas ($16.06 in chips) 
iudicus: posts small blind $0.05
luvingkind: posts big blind $0.10
*** HOLE CARDS ***
Dealt to Mahu2021 [As Kh]
wiking: folds 
Mahu2021: raises $0.15 to $0.25
Dziokinas: folds 
Topi1956: raises $0.45 to $0.70
iudicus: folds 
luvingkind: folds 
Mahu2021: raises $1.70 to $2.40
Topi1956: folds 
Uncalled bet ($1.70) returned to Mahu2021
Mahu2021 collected $1.55 from pot
Mahu2021: doesn't show hand 
*** SUMMARY ***
Total pot $1.55 | Rake $0 
Seat 1: Topi1956 (button) folded before Flop
Seat 2: iudicus (small blind) folded before Flop
Seat 3: luvingkind (big blind) folded before Flop
Seat 4: wiking folded before Flop (didn't bet)
Seat 5: Mahu2021 collected ($1.55)
Seat 6: Dziokinas folded before Flop (didn't bet)



PokerStars Zoom Hand #255713809286:  Hold'em No Limit ($0.05/$0.10) - 2025/04/13 11:19:24 CET [2025/04/13 5:19:24 ET]
Table 'Aludra' 6-max Seat #1 is the button
Seat 1: ElJosen'10 ($11.48 in chips) 
Seat 2: MR_HKO_DK ($30.41 in chips) 
Seat 3: Atosz_990 ($16.08 in chips) 
Seat 4: Topi1956 ($19.58 in chips) 
Seat 5: Werbach77 ($10.59 in chips) 
Seat 6: Mahu2021 ($24 in chips) 
MR_HKO_DK: posts small blind $0.05
Atosz_990: posts big blind $0.10
*** HOLE CARDS ***
Dealt to Mahu2021 [Kd 7h]
Topi1956: folds 
Werbach77: folds 
Mahu2021: folds 
ElJosen'10: folds 
MR_HKO_DK: raises $0.20 to $0.30
Atosz_990: folds 
Uncalled bet ($0.20) returned to MR_HKO_DK
MR_HKO_DK collected $0.20 from pot
MR_HKO_DK: doesn't show hand 
*** SUMMARY ***
Total pot $0.20 | Rake $0 
Seat 1: ElJosen'10 (button) folded before Flop (didn't bet)
Seat 2: MR_HKO_DK (small blind) collected ($0.20)
Seat 3: Atosz_990 (big blind) folded before Flop
Seat 4: Topi1956 folded before Flop (didn't bet)
Seat 5: Werbach77 folded before Flop (didn't bet)
Seat 6: Mahu2021 folded before Flop (didn't bet)



PokerStars Zoom Hand #255713805643:  Hold'em No Limit ($0.05/$0.10) - 2025/04/13 11:18:48 CET [2025/04/13 5:18:48 ET]
Table 'Aludra' 6-max Seat #1 is the button
Seat 1: 00Delphi ($10.15 in chips) 
Seat 2: wil_e_84 ($10.40 in chips) 
Seat 3: Werbach77 ($33.46 in chips) 
Seat 4: Mahu2021 ($23.15 in chips) 
Seat 5: iudicus ($10.41 in chips) 
Seat 6: Topi1956 ($19.58 in chips) 
wil_e_84: posts small blind $0.05
Werbach77: posts big blind $0.10
*** HOLE CARDS ***
Dealt to Mahu2021 [9s 3c]
Mahu2021: folds 
iudicus: folds 
Topi1956: folds 
00Delphi: raises $0.14 to $0.24
wil_e_84: folds 
Werbach77: raises $0.76 to $1
00Delphi: calls $0.76
*** FLOP *** [Ad Tc 7h]
Werbach77: bets $0.59
00Delphi: calls $0.59
*** TURN *** [Ad Tc 7h] [Jc]
Werbach77: bets $2.06
00Delphi: raises $6.50 to $8.56 and is all-in
Werbach77: folds 
Uncalled bet ($6.50) returned to 00Delphi
00Delphi collected $6.94 from pot
00Delphi: doesn't show hand 
*** SUMMARY ***
Total pot $7.35 | Rake $0.41 
Board [Ad Tc 7h Jc]
Seat 1: 00Delphi (button) collected ($6.94)
Seat 2: wil_e_84 (small blind) folded before Flop
Seat 3: Werbach77 (big blind) folded on the Turn
Seat 4: Mahu2021 folded before Flop (didn't bet)
Seat 5: iudicus folded before Flop (didn't bet)
Seat 6: Topi1956 folded before Flop (didn't bet)



PokerStars Zoom Hand #255713809835:  Hold'em No Limit ($0.05/$0.10) - 2025/04/13 11:19:29 CET [2025/04/13 5:19:29 ET]
Table 'Aludra' 6-max Seat #1 is the button
Seat 1: Mahu2021 ($24 in chips) 
Seat 2: caesar128 ($8.58 in chips) 
Seat 3: Vanias2013 ($14.92 in chips) 
Seat 4: afwing16 ($13.53 in chips) 
Seat 5: teikmaimani ($9.05 in chips) 
Seat 6: ElJosen'10 ($11.48 in chips) 
caesar128: posts small blind $0.05
Vanias2013: posts big blind $0.10
*** HOLE CARDS ***
Dealt to Mahu2021 [4h 6c]
afwing16: folds 
teikmaimani: raises $0.10 to $0.20
ElJosen'10: folds 
Mahu2021: folds 
caesar128: folds 
Vanias2013: calls $0.10
*** FLOP *** [2c 5c 4c]
Vanias2013: checks 
teikmaimani: checks 
*** TURN *** [2c 5c 4c] [2h]
Vanias2013: checks 
teikmaimani: checks 
*** RIVER *** [2c 5c 4c 2h] [Ts]
Vanias2013: checks 
teikmaimani: checks 
*** SHOW DOWN ***
Vanias2013: shows [Ks 4s] (two pair, Fours and Deuces)
teikmaimani: mucks hand 
Vanias2013 collected $0.43 from pot
*** SUMMARY ***
Total pot $0.45 | Rake $0.02 
Board [2c 5c 4c 2h Ts]
Seat 1: Mahu2021 (button) folded before Flop (didn't bet)
Seat 2: caesar128 (small blind) folded before Flop
Seat 3: Vanias2013 (big blind) showed [Ks 4s] and won ($0.43) with two pair, Fours and Deuces
Seat 4: afwing16 folded before Flop (didn't bet)
Seat 5: teikmaimani mucked [Qh Jh]
Seat 6: ElJosen'10 folded before Flop (didn't bet)



PokerStars Zoom Hand #255713811397:  Hold'em No Limit ($0.05/$0.10) - 2025/04/13 11:19:44 CET [2025/04/13 5:19:44 ET]
Table 'Aludra' 6-max Seat #1 is the button
Seat 1: diesel bxl ($12.40 in chips) 
Seat 2: 1block1 ($5.77 in chips) 
Seat 3: SoloBetting ($10 in chips) 
Seat 4: Mahu2021 ($23.90 in chips) 
Seat 5: Dziokinas ($13.96 in chips) 
Seat 6: teikmaimani ($10 in chips) 
1block1: posts small blind $0.05
SoloBetting: posts big blind $0.10
*** HOLE CARDS ***
Dealt to Mahu2021 [6h 2s]
Mahu2021: folds 
Dziokinas: folds 
teikmaimani: raises $0.10 to $0.20
diesel bxl: folds 
1block1: raises $5.57 to $5.77 and is all-in
SoloBetting: folds 
teikmaimani: folds 
Uncalled bet ($5.57) returned to 1block1
1block1 collected $0.50 from pot
1block1: doesn't show hand 
*** SUMMARY ***
Total pot $0.50 | Rake $0 
Seat 1: diesel bxl (button) folded before Flop (didn't bet)
Seat 2: 1block1 (small blind) collected ($0.50)
Seat 3: SoloBetting (big blind) folded before Flop
Seat 4: Mahu2021 folded before Flop (didn't bet)
Seat 5: Dziokinas folded before Flop (didn't bet)
Seat 6: teikmaimani folded before Flop



PokerStars Zoom Hand #255713812496:  Hold'em No Limit ($0.05/$0.10) - 2025/04/13 11:19:55 CET [2025/04/13 5:19:55 ET]
Table 'Aludra' 6-max Seat #1 is the button
Seat 1: luvingkind ($11.65 in chips) 
Seat 2: Mahu2021 ($23.90 in chips) 
Seat 3: khz71 ($11.08 in chips) 
Seat 4: MR_HKO_DK ($52.13 in chips) 
Seat 5: afwing16 ($10.87 in chips) 
Seat 6: Vanias2013 ($15.15 in chips) 
Mahu2021: posts small blind $0.05
khz71: posts big blind $0.10
*** HOLE CARDS ***
Dealt to Mahu2021 [Js Jh]
MR_HKO_DK: folds 
afwing16: folds 
Vanias2013: calls $0.10
luvingkind: folds 
Mahu2021: raises $23.80 to $23.90 and is all-in
khz71: folds 
Vanias2013: folds 
Uncalled bet ($23.80) returned to Mahu2021
Mahu2021 collected $0.30 from pot
Mahu2021: doesn't show hand 
*** SUMMARY ***
Total pot $0.30 | Rake $0 
Seat 1: luvingkind (button) folded before Flop (didn't bet)
Seat 2: Mahu2021 (small blind) collected ($0.30)
Seat 3: khz71 (big blind) folded before Flop
Seat 4: MR_HKO_DK folded before Flop (didn't bet)
Seat 5: afwing16 folded before Flop (didn't bet)
Seat 6: Vanias2013 folded before Flop



PokerStars Zoom Hand #255713810194:  Hold'em No Limit ($0.05/$0.10) - 2025/04/13 11:19:32 CET [2025/04/13 5:19:32 ET]
Table 'Aludra' 6-max Seat #1 is the button
Seat 1: caesar128 ($8.53 in chips) 
Seat 2: iudicus ($12.94 in chips) 
Seat 3: Mahu2021 ($24 in chips) 
Seat 4: Werbach77 ($10.59 in chips) 
Seat 5: Topi1956 ($11.96 in chips) 
Seat 6: wiking ($2.93 in chips) 
iudicus: posts small blind $0.05
Mahu2021: posts big blind $0.10
*** HOLE CARDS ***
Dealt to Mahu2021 [8c 3d]
Werbach77: folds 
Topi1956: folds 
wiking: folds 
caesar128: raises $0.12 to $0.22
iudicus: raises $0.78 to $1
Mahu2021: folds 
caesar128: calls $0.78
*** FLOP *** [As 6c 6h]
iudicus: bets $0.50
caesar128: calls $0.50
*** TURN *** [As 6c 6h] [5d]
iudicus: bets $1.48
caesar128: folds 
Uncalled bet ($1.48) returned to iudicus
iudicus collected $2.92 from pot
iudicus: doesn't show hand 
*** SUMMARY ***
Total pot $3.10 | Rake $0.18 
Board [As 6c 6h 5d]
Seat 1: caesar128 (button) folded on the Turn
Seat 2: iudicus (small blind) collected ($2.92)
Seat 3: Mahu2021 (big blind) folded before Flop
Seat 4: Werbach77 folded before Flop (didn't bet)
Seat 5: Topi1956 folded before Flop (didn't bet)
Seat 6: wiking folded before Flop (didn't bet)



PokerStars Zoom Hand #255713812179:  Hold'em No Limit ($0.05/$0.10) - 2025/04/13 11:19:52 CET [2025/04/13 5:19:52 ET]
Table 'Aludra' 6-max Seat #1 is the button
Seat 1: Werbach77 ($29.81 in chips) 
Seat 2: taka736 ($10.15 in chips) 
Seat 3: VZSharks2022 ($13.97 in chips) 
Seat 4: Mahu2021 ($23.90 in chips) 
Seat 5: kimjw800 ($14.84 in chips) 
Seat 6: 1block1 ($4.29 in chips) 
taka736: posts small blind $0.05
VZSharks2022: posts big blind $0.10
*** HOLE CARDS ***
Dealt to Mahu2021 [Qs 3c]
Mahu2021: folds 
kimjw800: folds 
1block1: folds 
Werbach77: folds 
taka736: raises $0.20 to $0.30
VZSharks2022: calls $0.20
*** FLOP *** [Qc 4h 3h]
taka736: checks 
VZSharks2022: bets $0.29
taka736: raises $0.58 to $0.87
VZSharks2022: raises $12.80 to $13.67 and is all-in
taka736: folds 
Uncalled bet ($12.80) returned to VZSharks2022
VZSharks2022 collected $2.23 from pot
VZSharks2022: doesn't show hand 
*** SUMMARY ***
Total pot $2.34 | Rake $0.11 
Board [Qc 4h 3h]
Seat 1: Werbach77 (button) folded before Flop (didn't bet)
Seat 2: taka736 (small blind) folded on the Flop
Seat 3: VZSharks2022 (big blind) collected ($2.23)
Seat 4: Mahu2021 folded before Flop (didn't bet)
Seat 5: kimjw800 folded before Flop (didn't bet)
Seat 6: 1block1 folded before Flop (didn't bet)



