PokerStars Zoom Hand #255450371542:  Hold'em No Limit ($0.10/$0.25) - 2025/03/25 21:09:14 CET [2025/03/25 16:09:14 ET]
Table 'Hydra' 6-max Seat #1 is the button
Seat 1: sssehc ($33.24 in chips) 
Seat 2: BumHuntKing ($30.66 in chips) 
Seat 3: Mahu2021 ($25 in chips) 
Seat 4: justarifu ($8.53 in chips) 
Seat 5: Paha leshi ($23.70 in chips) 
Seat 6: Hu55Ling ($71.44 in chips) 
BumHuntKing: posts small blind $0.10
Mahu2021: posts big blind $0.25
*** HOLE CARDS ***
Dealt to Mahu2021 [Jc 6s]
justarifu: folds 
Paha leshi: folds 
Hu55Ling: folds 
sssehc: folds 
BumHuntKing: folds 
Uncalled bet ($0.15) returned to Mahu2021
Mahu2021 collected $0.20 from pot
Mahu2021: doesn't show hand 
*** SUMMARY ***
Total pot $0.20 | Rake $0 
Seat 1: sssehc (button) folded before Flop (didn't bet)
Seat 2: BumHuntKing (small blind) folded before Flop
Seat 3: Mahu2021 (big blind) collected ($0.20)
Seat 4: justarifu folded before Flop (didn't bet)
Seat 5: Paha leshi folded before Flop (didn't bet)
Seat 6: Hu55Ling folded before Flop (didn't bet)



PokerStars Zoom Hand #255450378551:  Hold'em No Limit ($0.10/$0.25) - 2025/03/25 21:09:38 CET [2025/03/25 16:09:38 ET]
Table 'Hydra' 6-max Seat #1 is the button
Seat 1: Vks333555 ($18.65 in chips) 
Seat 2: xmas123456 ($39.05 in chips) 
Seat 3: Mahu2021 ($25 in chips) 
Seat 4: sssehc ($50.99 in chips) 
Seat 5: NaomiBelfort ($42.62 in chips) 
Seat 6: luckalan2 ($29.51 in chips) 
xmas123456: posts small blind $0.10
Mahu2021: posts big blind $0.25
*** HOLE CARDS ***
Dealt to Mahu2021 [4c 7s]
sssehc: folds 
NaomiBelfort: folds 
luckalan2: folds 
Vks333555: raises $0.50 to $0.75
xmas123456: folds 
Mahu2021: folds 
Uncalled bet ($0.50) returned to Vks333555
Vks333555 collected $0.60 from pot
Vks333555: doesn't show hand 
*** SUMMARY ***
Total pot $0.60 | Rake $0 
Seat 1: Vks333555 (button) collected ($0.60)
Seat 2: xmas123456 (small blind) folded before Flop
Seat 3: Mahu2021 (big blind) folded before Flop
Seat 4: sssehc folded before Flop (didn't bet)
Seat 5: NaomiBelfort folded before Flop (didn't bet)
Seat 6: luckalan2 folded before Flop (didn't bet)



PokerStars Zoom Hand #255450376241:  Hold'em No Limit ($0.10/$0.25) - 2025/03/25 21:09:31 CET [2025/03/25 16:09:31 ET]
Table 'Hydra' 6-max Seat #1 is the button
Seat 1: alexandro385738 ($59.49 in chips) 
Seat 2: Mahu2021 ($25.10 in chips) 
Seat 3: BgdAlex117 ($28.63 in chips) 
Seat 4: GuigaMan ($25.86 in chips) 
Seat 5: totway ($26.50 in chips) 
Seat 6: tombeck ($41.35 in chips) 
Mahu2021: posts small blind $0.10
BgdAlex117: posts big blind $0.25
*** HOLE CARDS ***
Dealt to Mahu2021 [5s Js]
GuigaMan: folds 
totway: folds 
tombeck: calls $0.25
alexandro385738: folds 
Mahu2021: folds 
BgdAlex117: raises $0.50 to $0.75
tombeck: calls $0.50
*** FLOP *** [7c 8c Qs]
BgdAlex117: bets $0.77
tombeck: calls $0.77
*** TURN *** [7c 8c Qs] [Qd]
BgdAlex117: bets $3
tombeck: calls $3
*** RIVER *** [7c 8c Qs Qd] [9s]
BgdAlex117: checks 
tombeck: checks 
*** SHOW DOWN ***
BgdAlex117: shows [Ts As] (a pair of Queens)
tombeck: shows [6s 8s] (two pair, Queens and Eights)
tombeck collected $8.73 from pot
*** SUMMARY ***
Total pot $9.14 | Rake $0.41 
Board [7c 8c Qs Qd 9s]
Seat 1: alexandro385738 (button) folded before Flop (didn't bet)
Seat 2: Mahu2021 (small blind) folded before Flop
Seat 3: BgdAlex117 (big blind) showed [Ts As] and lost with a pair of Queens
Seat 4: GuigaMan folded before Flop (didn't bet)
Seat 5: totway folded before Flop (didn't bet)
Seat 6: tombeck showed [6s 8s] and won ($8.73) with two pair, Queens and Eights



PokerStars Zoom Hand #255450377403:  Hold'em No Limit ($0.10/$0.25) - 2025/03/25 21:09:35 CET [2025/03/25 16:09:35 ET]
Table 'Hydra' 6-max Seat #1 is the button
Seat 1: Mahu2021 ($25 in chips) 
Seat 2: luckalan2 ($34.41 in chips) 
Seat 3: VitorArj ($29.05 in chips) 
Seat 4: NaomiBelfort ($25.35 in chips) 
Seat 5: sssehc ($50.99 in chips) 
Seat 6: GuigaMan ($25.86 in chips) 
luckalan2: posts small blind $0.10
VitorArj: posts big blind $0.25
*** HOLE CARDS ***
Dealt to Mahu2021 [9h 3c]
NaomiBelfort: folds 
sssehc: folds 
GuigaMan: folds 
Mahu2021: folds 
luckalan2: raises $0.50 to $0.75
VitorArj: calls $0.50
*** FLOP *** [5h 6s Th]
luckalan2: bets $0.47
VitorArj: calls $0.47
*** TURN *** [5h 6s Th] [4h]
luckalan2: checks 
VitorArj: bets $1.75
luckalan2: folds 
Uncalled bet ($1.75) returned to VitorArj
VitorArj collected $2.33 from pot
VitorArj: doesn't show hand 
*** SUMMARY ***
Total pot $2.44 | Rake $0.11 
Board [5h 6s Th 4h]
Seat 1: Mahu2021 (button) folded before Flop (didn't bet)
Seat 2: luckalan2 (small blind) folded on the Turn
Seat 3: VitorArj (big blind) collected ($2.33)
Seat 4: NaomiBelfort folded before Flop (didn't bet)
Seat 5: sssehc folded before Flop (didn't bet)
Seat 6: GuigaMan folded before Flop (didn't bet)



PokerStars Zoom Hand #255450375087:  Hold'em No Limit ($0.10/$0.25) - 2025/03/25 21:09:27 CET [2025/03/25 16:09:27 ET]
Table 'Hydra' 6-max Seat #1 is the button
Seat 1: thorindorf ($29.36 in chips) 
Seat 2: hessey123 ($29.31 in chips) 
Seat 3: victorffc ($60.17 in chips) 
Seat 4: planearth ($35.81 in chips) 
Seat 5: Hu55Ling ($71.19 in chips) 
Seat 6: Mahu2021 ($25.10 in chips) 
hessey123: posts small blind $0.10
victorffc: posts big blind $0.25
*** HOLE CARDS ***
Dealt to Mahu2021 [5d 9d]
planearth: raises $0.35 to $0.60
Hu55Ling: calls $0.60
Mahu2021: folds 
thorindorf: calls $0.60
hessey123: folds 
victorffc: folds 
*** FLOP *** [Jh 4c 6c]
planearth: checks 
Hu55Ling: checks 
thorindorf: bets $0.78
planearth: folds 
Hu55Ling: raises $1.81 to $2.59
thorindorf: calls $1.81
*** TURN *** [Jh 4c 6c] [Qh]
Hu55Ling: checks 
thorindorf: checks 
*** RIVER *** [Jh 4c 6c Qh] [Ad]
Hu55Ling: bets $3.50
thorindorf: folds 
Uncalled bet ($3.50) returned to Hu55Ling
Hu55Ling collected $7 from pot
Hu55Ling: doesn't show hand 
*** SUMMARY ***
Total pot $7.33 | Rake $0.33 
Board [Jh 4c 6c Qh Ad]
Seat 1: thorindorf (button) folded on the River
Seat 2: hessey123 (small blind) folded before Flop
Seat 3: victorffc (big blind) folded before Flop
Seat 4: planearth folded on the Flop
Seat 5: Hu55Ling collected ($7)
Seat 6: Mahu2021 folded before Flop (didn't bet)



PokerStars Zoom Hand #255450408060:  Hold'em No Limit ($0.10/$0.25) - 2025/03/25 21:11:21 CET [2025/03/25 16:11:21 ET]
Table 'Hydra' 6-max Seat #1 is the button
Seat 1: totway ($25.07 in chips) 
Seat 2: jstpdon ($32.06 in chips) 
Seat 3: sssehc ($39.40 in chips) 
Seat 4: Estancho ($36.51 in chips) 
Seat 5: Mahu2021 ($24.75 in chips) 
Seat 6: victorffc ($35.61 in chips) 
jstpdon: posts small blind $0.10
sssehc: posts big blind $0.25
*** HOLE CARDS ***
Dealt to Mahu2021 [9c Jh]
Estancho: folds 
Mahu2021: folds 
victorffc: folds 
totway: folds 
jstpdon: folds 
Uncalled bet ($0.15) returned to sssehc
sssehc collected $0.20 from pot
sssehc: doesn't show hand 
*** SUMMARY ***
Total pot $0.20 | Rake $0 
Seat 1: totway (button) folded before Flop (didn't bet)
Seat 2: jstpdon (small blind) folded before Flop
Seat 3: sssehc (big blind) collected ($0.20)
Seat 4: Estancho folded before Flop (didn't bet)
Seat 5: Mahu2021 folded before Flop (didn't bet)
Seat 6: victorffc folded before Flop (didn't bet)



PokerStars Zoom Hand #255450408966:  Hold'em No Limit ($0.10/$0.25) - 2025/03/25 21:11:24 CET [2025/03/25 16:11:24 ET]
Table 'Hydra' 6-max Seat #1 is the button
Seat 1: tombeck ($42.56 in chips) 
Seat 2: rokk10 ($23.44 in chips) 
Seat 3: planearth ($53.67 in chips) 
Seat 4: GreeceMeUp ($28.70 in chips) 
Seat 5: BumHuntKing ($25 in chips) 
Seat 6: Mahu2021 ($24.75 in chips) 
rokk10: posts small blind $0.10
planearth: posts big blind $0.25
*** HOLE CARDS ***
Dealt to Mahu2021 [Ah Kh]
GreeceMeUp: folds 
BumHuntKing: folds 
Mahu2021: raises $0.35 to $0.60
tombeck: calls $0.60
rokk10: folds 
planearth: calls $0.35
*** FLOP *** [9c 3d Qh]
planearth: checks 
Mahu2021: checks 
tombeck: checks 
*** TURN *** [9c 3d Qh] [7s]
planearth: checks 
Mahu2021: checks 
tombeck: checks 
*** RIVER *** [9c 3d Qh 7s] [2c]
planearth: bets $1.43
Mahu2021: calls $1.43
tombeck: calls $1.43
*** SHOW DOWN ***
planearth: shows [Ac Qd] (a pair of Queens)
Mahu2021: mucks hand 
tombeck: mucks hand 
planearth collected $5.91 from pot
*** SUMMARY ***
Total pot $6.19 | Rake $0.28 
Board [9c 3d Qh 7s 2c]
Seat 1: tombeck (button) mucked [8c 8h]
Seat 2: rokk10 (small blind) folded before Flop
Seat 3: planearth (big blind) showed [Ac Qd] and won ($5.91) with a pair of Queens
Seat 4: GreeceMeUp folded before Flop (didn't bet)
Seat 5: BumHuntKing folded before Flop (didn't bet)
Seat 6: Mahu2021 mucked [Ah Kh]



PokerStars Zoom Hand #255450424238:  Hold'em No Limit ($0.10/$0.25) - 2025/03/25 21:12:17 CET [2025/03/25 16:12:17 ET]
Table 'Hydra' 6-max Seat #1 is the button
Seat 1: anders54 ($27.88 in chips) 
Seat 2: Mahu2021 ($22.72 in chips) 
Seat 3: fmarciooliv ($13.06 in chips) 
Seat 4: LUC1NhO ($33.07 in chips) 
Seat 5: jstpdon ($32.31 in chips) 
Seat 6: GuigaMan ($29.29 in chips) 
Mahu2021: posts small blind $0.10
fmarciooliv: posts big blind $0.25
*** HOLE CARDS ***
Dealt to Mahu2021 [9c 8c]
LUC1NhO: folds 
jstpdon: folds 
GuigaMan: folds 
anders54: folds 
Mahu2021: raises $0.50 to $0.75
fmarciooliv: calls $0.50
*** FLOP *** [3h 3s 4d]
Mahu2021: checks 
fmarciooliv: checks 
*** TURN *** [3h 3s 4d] [6c]
Mahu2021: checks 
fmarciooliv: checks 
*** RIVER *** [3h 3s 4d 6c] [4h]
Mahu2021: checks 
fmarciooliv: checks 
*** SHOW DOWN ***
Mahu2021: shows [9c 8c] (two pair, Fours and Threes)
fmarciooliv: shows [Ad Jd] (two pair, Fours and Threes - Ace kicker)
fmarciooliv collected $1.43 from pot
*** SUMMARY ***
Total pot $1.50 | Rake $0.07 
Board [3h 3s 4d 6c 4h]
Seat 1: anders54 (button) folded before Flop (didn't bet)
Seat 2: Mahu2021 (small blind) showed [9c 8c] and lost with two pair, Fours and Threes
Seat 3: fmarciooliv (big blind) showed [Ad Jd] and won ($1.43) with two pair, Fours and Threes
Seat 4: LUC1NhO folded before Flop (didn't bet)
Seat 5: jstpdon folded before Flop (didn't bet)
Seat 6: GuigaMan folded before Flop (didn't bet)



PokerStars Zoom Hand #255450430109:  Hold'em No Limit ($0.10/$0.25) - 2025/03/25 21:12:37 CET [2025/03/25 16:12:37 ET]
Table 'Hydra' 6-max Seat #1 is the button
Seat 1: Mahu2021 ($21.97 in chips) 
Seat 2: fmarciooliv ($13.74 in chips) 
Seat 3: NotNuttedOnT87 ($25 in chips) 
Seat 4: pd159 ($51.23 in chips) 
Seat 5: Estancho ($35.56 in chips) 
Seat 6: NaomiBelfort ($35.14 in chips) 
fmarciooliv: posts small blind $0.10
NotNuttedOnT87: posts big blind $0.25
*** HOLE CARDS ***
Dealt to Mahu2021 [8c As]
pd159: folds 
Estancho: folds 
NaomiBelfort: folds 
Mahu2021: folds 
fmarciooliv: raises $0.25 to $0.50
NotNuttedOnT87: calls $0.25
*** FLOP *** [9c 7c 2c]
fmarciooliv: bets $0.48
NotNuttedOnT87: folds 
Uncalled bet ($0.48) returned to fmarciooliv
fmarciooliv collected $0.96 from pot
fmarciooliv: doesn't show hand 
*** SUMMARY ***
Total pot $1 | Rake $0.04 
Board [9c 7c 2c]
Seat 1: Mahu2021 (button) folded before Flop (didn't bet)
Seat 2: fmarciooliv (small blind) collected ($0.96)
Seat 3: NotNuttedOnT87 (big blind) folded on the Flop
Seat 4: pd159 folded before Flop (didn't bet)
Seat 5: Estancho folded before Flop (didn't bet)
Seat 6: NaomiBelfort folded before Flop (didn't bet)



PokerStars Zoom Hand #255450431587:  Hold'em No Limit ($0.10/$0.25) - 2025/03/25 21:12:42 CET [2025/03/25 16:12:42 ET]
Table 'Hydra' 6-max Seat #1 is the button
Seat 1: victorffc ($28.55 in chips) 
Seat 2: sssehc ($25 in chips) 
Seat 3: lawless408 ($20 in chips) 
Seat 4: Mahu2021 ($21.97 in chips) 
Seat 5: justarifu ($15.70 in chips) 
Seat 6: Proxi_rox ($30.94 in chips) 
sssehc: posts small blind $0.10
lawless408: posts big blind $0.25
*** HOLE CARDS ***
Dealt to Mahu2021 [3c 7h]
Mahu2021: folds 
justarifu: folds 
Proxi_rox: folds 
victorffc: raises $0.35 to $0.60
sssehc: calls $0.50
lawless408: calls $0.35
*** FLOP *** [8h Ad 4d]
sssehc: checks 
lawless408: checks 
victorffc: bets $0.41
sssehc: raises $3.05 to $3.46
lawless408: folds 
victorffc: folds 
Uncalled bet ($3.05) returned to sssehc
sssehc collected $2.50 from pot
sssehc: doesn't show hand 
*** SUMMARY ***
Total pot $2.62 | Rake $0.12 
Board [8h Ad 4d]
Seat 1: victorffc (button) folded on the Flop
Seat 2: sssehc (small blind) collected ($2.50)
Seat 3: lawless408 (big blind) folded on the Flop
Seat 4: Mahu2021 folded before Flop (didn't bet)
Seat 5: justarifu folded before Flop (didn't bet)
Seat 6: Proxi_rox folded before Flop (didn't bet)



PokerStars Zoom Hand #255450432450:  Hold'em No Limit ($0.10/$0.25) - 2025/03/25 21:12:45 CET [2025/03/25 16:12:45 ET]
Table 'Hydra' 6-max Seat #1 is the button
Seat 1: julpuj ($19.90 in chips) 
Seat 2: luckalan2 ($26.91 in chips) 
Seat 3: NaomiBelfort ($35.14 in chips) 
Seat 4: planearth ($33.31 in chips) 
Seat 5: Mahu2021 ($21.97 in chips) 
Seat 6: YouBetterFold11 ($186.61 in chips) 
luckalan2: posts small blind $0.10
NaomiBelfort: posts big blind $0.25
*** HOLE CARDS ***
Dealt to Mahu2021 [8c Qs]
planearth: folds 
Mahu2021: folds 
YouBetterFold11: folds 
julpuj: raises $0.50 to $0.75
luckalan2: folds 
NaomiBelfort: calls $0.50
*** FLOP *** [2c 4c 4d]
NaomiBelfort: checks 
julpuj: checks 
*** TURN *** [2c 4c 4d] [7s]
NaomiBelfort: checks 
julpuj: checks 
*** RIVER *** [2c 4c 4d 7s] [5c]
NaomiBelfort: bets $1.01
julpuj: folds 
Uncalled bet ($1.01) returned to NaomiBelfort
NaomiBelfort collected $1.53 from pot
NaomiBelfort: doesn't show hand 
*** SUMMARY ***
Total pot $1.60 | Rake $0.07 
Board [2c 4c 4d 7s 5c]
Seat 1: julpuj (button) folded on the River
Seat 2: luckalan2 (small blind) folded before Flop
Seat 3: NaomiBelfort (big blind) collected ($1.53)
Seat 4: planearth folded before Flop (didn't bet)
Seat 5: Mahu2021 folded before Flop (didn't bet)
Seat 6: YouBetterFold11 folded before Flop (didn't bet)



PokerStars Zoom Hand #255450433783:  Hold'em No Limit ($0.10/$0.25) - 2025/03/25 21:12:50 CET [2025/03/25 16:12:50 ET]
Table 'Hydra' 6-max Seat #1 is the button
Seat 1: DMüller273 ($79.24 in chips) 
Seat 2: sssehc ($51.21 in chips) 
Seat 3: Mahu2021 ($21.97 in chips) 
Seat 4: redsy22 ($25.69 in chips) 
Seat 5: victorffc ($66.63 in chips) 
Seat 6: Franceyyyy ($28.78 in chips) 
sssehc: posts small blind $0.10
Mahu2021: posts big blind $0.25
*** HOLE CARDS ***
Dealt to Mahu2021 [8s 8h]
redsy22: folds 
victorffc: folds 
Franceyyyy: raises $0.37 to $0.62
DMüller273: folds 
sssehc: raises $2.50 to $3.12
Mahu2021: folds 
Franceyyyy: calls $2.50
*** FLOP *** [Kh 4c 4d]
sssehc: bets $2.05
Franceyyyy: calls $2.05
*** TURN *** [Kh 4c 4d] [Jh]
sssehc: checks 
Franceyyyy: checks 
*** RIVER *** [Kh 4c 4d Jh] [2c]
sssehc: bets $8.09
Franceyyyy: folds 
Uncalled bet ($8.09) returned to sssehc
sssehc collected $10.11 from pot
sssehc: doesn't show hand 
*** SUMMARY ***
Total pot $10.59 | Rake $0.48 
Board [Kh 4c 4d Jh 2c]
Seat 1: DMüller273 (button) folded before Flop (didn't bet)
Seat 2: sssehc (small blind) collected ($10.11)
Seat 3: Mahu2021 (big blind) folded before Flop
Seat 4: redsy22 folded before Flop (didn't bet)
Seat 5: victorffc folded before Flop (didn't bet)
Seat 6: Franceyyyy folded on the River



PokerStars Zoom Hand #255450439051:  Hold'em No Limit ($0.10/$0.25) - 2025/03/25 21:13:08 CET [2025/03/25 16:13:08 ET]
Table 'Hydra' 6-max Seat #1 is the button
Seat 1: Diamantstier ($22.51 in chips) 
Seat 2: Paha leshi ($23.70 in chips) 
Seat 3: fmarciooliv ($14.20 in chips) 
Seat 4: Magz190 ($6.01 in chips) 
Seat 5: brsbrs2015 ($26.43 in chips) 
Seat 6: Mahu2021 ($21.72 in chips) 
Paha leshi: posts small blind $0.10
fmarciooliv: posts big blind $0.25
*** HOLE CARDS ***
Dealt to Mahu2021 [Qc Js]
Magz190: folds 
brsbrs2015: raises $0.25 to $0.50
Mahu2021: calls $0.50
Diamantstier: calls $0.50
Paha leshi: folds 
fmarciooliv: calls $0.25
*** FLOP *** [4s As 9s]
fmarciooliv: checks 
brsbrs2015: checks 
Mahu2021: bets $1
Diamantstier: raises $1.25 to $2.25
fmarciooliv: folds 
brsbrs2015: folds 
Mahu2021: calls $1.25
*** TURN *** [4s As 9s] [Th]
Mahu2021: checks 
Diamantstier: bets $6.30
Mahu2021: folds 
Uncalled bet ($6.30) returned to Diamantstier
Diamantstier collected $6.22 from pot
Diamantstier: doesn't show hand 
*** SUMMARY ***
Total pot $6.60 | Rake $0.38 
Board [4s As 9s Th]
Seat 1: Diamantstier (button) collected ($6.22)
Seat 2: Paha leshi (small blind) folded before Flop
Seat 3: fmarciooliv (big blind) folded on the Flop
Seat 4: Magz190 folded before Flop (didn't bet)
Seat 5: brsbrs2015 folded on the Flop
Seat 6: Mahu2021 folded on the Turn



PokerStars Zoom Hand #255450460063:  Hold'em No Limit ($0.10/$0.25) - 2025/03/25 21:14:20 CET [2025/03/25 16:14:20 ET]
Table 'Hydra' 6-max Seat #1 is the button
Seat 1: Mahu2021 ($18.87 in chips) 
Seat 2: luckalan2 ($30.02 in chips) 
Seat 3: bcflaw ($26.61 in chips) 
Seat 4: dingdongitsme ($27.41 in chips) 
Seat 5: Magz190 ($4.81 in chips) 
Seat 6: houlichan ($29.92 in chips) 
luckalan2: posts small blind $0.10
bcflaw: posts big blind $0.25
*** HOLE CARDS ***
Dealt to Mahu2021 [5d 5c]
dingdongitsme: folds 
Magz190: folds 
houlichan: folds 
Mahu2021: raises $0.37 to $0.62
luckalan2: folds 
bcflaw: raises $1.88 to $2.50
Mahu2021: folds 
Uncalled bet ($1.88) returned to bcflaw
bcflaw collected $1.34 from pot
bcflaw: doesn't show hand 
*** SUMMARY ***
Total pot $1.34 | Rake $0 
Seat 1: Mahu2021 (button) folded before Flop
Seat 2: luckalan2 (small blind) folded before Flop
Seat 3: bcflaw (big blind) collected ($1.34)
Seat 4: dingdongitsme folded before Flop (didn't bet)
Seat 5: Magz190 folded before Flop (didn't bet)
Seat 6: houlichan folded before Flop (didn't bet)



PokerStars Zoom Hand #255450458963:  Hold'em No Limit ($0.10/$0.25) - 2025/03/25 21:14:16 CET [2025/03/25 16:14:16 ET]
Table 'Hydra' 6-max Seat #1 is the button
Seat 1: NotNuttedOnT87 ($25 in chips) 
Seat 2: Mahu2021 ($18.97 in chips) 
Seat 3: YouBetterFold11 ($186.86 in chips) 
Seat 4: houlichan ($29.92 in chips) 
Seat 5: Magz190 ($4.81 in chips) 
Seat 6: rokk10 ($27.50 in chips) 
Mahu2021: posts small blind $0.10
YouBetterFold11: posts big blind $0.25
*** HOLE CARDS ***
Dealt to Mahu2021 [Qc 8h]
houlichan: folds 
Magz190: folds 
rokk10: raises $0.50 to $0.75
NotNuttedOnT87: raises $1.57 to $2.32
Mahu2021: folds 
YouBetterFold11: folds 
rokk10: folds 
Uncalled bet ($1.57) returned to NotNuttedOnT87
NotNuttedOnT87 collected $1.85 from pot
NotNuttedOnT87: doesn't show hand 
*** SUMMARY ***
Total pot $1.85 | Rake $0 
Seat 1: NotNuttedOnT87 (button) collected ($1.85)
Seat 2: Mahu2021 (small blind) folded before Flop
Seat 3: YouBetterFold11 (big blind) folded before Flop
Seat 4: houlichan folded before Flop (didn't bet)
Seat 5: Magz190 folded before Flop (didn't bet)
Seat 6: rokk10 folded before Flop



PokerStars Zoom Hand #255450466263:  Hold'em No Limit ($0.10/$0.25) - 2025/03/25 21:14:41 CET [2025/03/25 16:14:41 ET]
Table 'Hydra' 6-max Seat #1 is the button
Seat 1: micholakis ($26.26 in chips) 
Seat 2: hessey123 ($25 in chips) 
Seat 3: Franceyyyy ($30.49 in chips) 
Seat 4: Mahu2021 ($18.25 in chips) 
Seat 5: luckalan2 ($26.18 in chips) 
Seat 6: xJackalope ($25 in chips) 
hessey123: posts small blind $0.10
Franceyyyy: posts big blind $0.25
*** HOLE CARDS ***
Dealt to Mahu2021 [Ts 9h]
Mahu2021: folds 
luckalan2: folds 
xJackalope: folds 
micholakis: raises $0.35 to $0.60
hessey123: folds 
Franceyyyy: folds 
Uncalled bet ($0.35) returned to micholakis
micholakis collected $0.60 from pot
micholakis: doesn't show hand 
*** SUMMARY ***
Total pot $0.60 | Rake $0 
Seat 1: micholakis (button) collected ($0.60)
Seat 2: hessey123 (small blind) folded before Flop
Seat 3: Franceyyyy (big blind) folded before Flop
Seat 4: Mahu2021 folded before Flop (didn't bet)
Seat 5: luckalan2 folded before Flop (didn't bet)
Seat 6: xJackalope folded before Flop (didn't bet)



PokerStars Zoom Hand #255450468567:  Hold'em No Limit ($0.10/$0.25) - 2025/03/25 21:14:49 CET [2025/03/25 16:14:49 ET]
Table 'Hydra' 6-max Seat #1 is the button
Seat 1: xJackalope ($25 in chips) 
Seat 2: Mahu2021 ($18.25 in chips) 
Seat 3: planearth ($25.41 in chips) 
Seat 4: luckalan2 ($27.79 in chips) 
Seat 5: NaomiBelfort ($52.17 in chips) 
Seat 6: hessey123 ($25 in chips) 
Mahu2021: posts small blind $0.10
planearth: posts big blind $0.25
*** HOLE CARDS ***
Dealt to Mahu2021 [Qs 4s]
luckalan2: folds 
NaomiBelfort: folds 
hessey123: folds 
xJackalope: raises $0.37 to $0.62
Mahu2021: folds 
planearth: raises $2.63 to $3.25
xJackalope: folds 
Uncalled bet ($2.63) returned to planearth
planearth collected $1.34 from pot
planearth: doesn't show hand 
*** SUMMARY ***
Total pot $1.34 | Rake $0 
Seat 1: xJackalope (button) folded before Flop
Seat 2: Mahu2021 (small blind) folded before Flop
Seat 3: planearth (big blind) collected ($1.34)
Seat 4: luckalan2 folded before Flop (didn't bet)
Seat 5: NaomiBelfort folded before Flop (didn't bet)
Seat 6: hessey123 folded before Flop (didn't bet)



PokerStars Zoom Hand #255450470090:  Hold'em No Limit ($0.10/$0.25) - 2025/03/25 21:14:54 CET [2025/03/25 16:14:54 ET]
Table 'Hydra' 6-max Seat #1 is the button
Seat 1: NotNuttedOnT87 ($25.25 in chips) 
Seat 2: victorffc ($55.10 in chips) 
Seat 3: Mahu2021 ($18.15 in chips) 
Seat 4: xmas123456 ($42.03 in chips) 
Seat 5: micholakis ($26.61 in chips) 
Seat 6: luckalan2 ($27.79 in chips) 
victorffc: posts small blind $0.10
Mahu2021: posts big blind $0.25
*** HOLE CARDS ***
Dealt to Mahu2021 [As 5h]
xmas123456: folds 
micholakis: folds 
luckalan2: folds 
NotNuttedOnT87: folds 
victorffc: raises $0.50 to $0.75
Mahu2021: calls $0.50
*** FLOP *** [Js 3c Th]
victorffc: bets $0.47
Mahu2021: folds 
Uncalled bet ($0.47) returned to victorffc
victorffc collected $1.43 from pot
victorffc: doesn't show hand 
*** SUMMARY ***
Total pot $1.50 | Rake $0.07 
Board [Js 3c Th]
Seat 1: NotNuttedOnT87 (button) folded before Flop (didn't bet)
Seat 2: victorffc (small blind) collected ($1.43)
Seat 3: Mahu2021 (big blind) folded on the Flop
Seat 4: xmas123456 folded before Flop (didn't bet)
Seat 5: micholakis folded before Flop (didn't bet)
Seat 6: luckalan2 folded before Flop (didn't bet)



PokerStars Zoom Hand #255450467347:  Hold'em No Limit ($0.10/$0.25) - 2025/03/25 21:14:45 CET [2025/03/25 16:14:45 ET]
Table 'Hydra' 6-max Seat #1 is the button
Seat 1: Mahu2021 ($18.25 in chips) 
Seat 2: bcflaw ($25 in chips) 
Seat 3: Vks333555 ($20.70 in chips) 
Seat 4: AleJunior001 ($37.97 in chips) 
Seat 5: xJackalope ($25 in chips) 
Seat 6: anders54 ($37.06 in chips) 
bcflaw: posts small blind $0.10
Vks333555: posts big blind $0.25
*** HOLE CARDS ***
Dealt to Mahu2021 [3c 5h]
AleJunior001: folds 
xJackalope: folds 
anders54: raises $0.32 to $0.57
Mahu2021: folds 
bcflaw: folds 
Vks333555: calls $0.32
*** FLOP *** [Jh 9h Ts]
Vks333555: bets $1.18
anders54: calls $1.18
*** TURN *** [Jh 9h Ts] [6s]
Vks333555: bets $1.72
anders54: calls $1.72
*** RIVER *** [Jh 9h Ts 6s] [Ad]
Vks333555: bets $3.36
anders54: folds 
Uncalled bet ($3.36) returned to Vks333555
Vks333555 collected $6.72 from pot
Vks333555: doesn't show hand 
*** SUMMARY ***
Total pot $7.04 | Rake $0.32 
Board [Jh 9h Ts 6s Ad]
Seat 1: Mahu2021 (button) folded before Flop (didn't bet)
Seat 2: bcflaw (small blind) folded before Flop
Seat 3: Vks333555 (big blind) collected ($6.72)
Seat 4: AleJunior001 folded before Flop (didn't bet)
Seat 5: xJackalope folded before Flop (didn't bet)
Seat 6: anders54 folded on the River



PokerStars Zoom Hand #255450465345:  Hold'em No Limit ($0.10/$0.25) - 2025/03/25 21:14:38 CET [2025/03/25 16:14:38 ET]
Table 'Hydra' 6-max Seat #1 is the button
Seat 1: anders54 ($25 in chips) 
Seat 2: bcflaw ($27.33 in chips) 
Seat 3: jstpdon ($31.38 in chips) 
Seat 4: sssehc ($38.84 in chips) 
Seat 5: Mahu2021 ($18.25 in chips) 
Seat 6: victorffc ($38.06 in chips) 
bcflaw: posts small blind $0.10
jstpdon: posts big blind $0.25
*** HOLE CARDS ***
Dealt to Mahu2021 [Kc 7d]
sssehc: raises $0.37 to $0.62
Mahu2021: folds 
victorffc: raises $1.38 to $2
anders54: folds 
bcflaw: folds 
jstpdon: raises $4 to $6
sssehc: folds 
victorffc: calls $4
*** FLOP *** [Jc 3s 2d]
jstpdon: bets $3.04
victorffc: folds 
Uncalled bet ($3.04) returned to jstpdon
jstpdon collected $12.15 from pot
jstpdon: doesn't show hand 
*** SUMMARY ***
Total pot $12.72 | Rake $0.57 
Board [Jc 3s 2d]
Seat 1: anders54 (button) folded before Flop (didn't bet)
Seat 2: bcflaw (small blind) folded before Flop
Seat 3: jstpdon (big blind) collected ($12.15)
Seat 4: sssehc folded before Flop
Seat 5: Mahu2021 folded before Flop (didn't bet)
Seat 6: victorffc folded on the Flop



PokerStars Zoom Hand #255450478853:  Hold'em No Limit ($0.10/$0.25) - 2025/03/25 21:15:25 CET [2025/03/25 16:15:25 ET]
Table 'Hydra' 6-max Seat #1 is the button
Seat 1: tombeck ($46.94 in chips) 
Seat 2: glove0107 ($22.63 in chips) 
Seat 3: victorffc ($37.85 in chips) 
Seat 4: sssehc ($37.72 in chips) 
Seat 5: fmarciooliv ($13.80 in chips) 
Seat 6: Mahu2021 ($17.40 in chips) 
glove0107: posts small blind $0.10
victorffc: posts big blind $0.25
*** HOLE CARDS ***
Dealt to Mahu2021 [Kd Ks]
sssehc: raises $0.37 to $0.62
fmarciooliv: folds 
Mahu2021: raises $2.13 to $2.75
tombeck: folds 
glove0107: calls $2.65
victorffc: folds 
sssehc: folds 
*** FLOP *** [9c 3c 2h]
glove0107: bets $0.25
Mahu2021: raises $14.40 to $14.65 and is all-in
glove0107: calls $14.40
*** TURN *** [9c 3c 2h] [2s]
*** RIVER *** [9c 3c 2h 2s] [Qs]
*** SHOW DOWN ***
glove0107: shows [8d 9s] (two pair, Nines and Deuces)
Mahu2021: shows [Kd Ks] (two pair, Kings and Deuces)
Mahu2021 cashed out the hand for $27.23 | Cash Out Fee $0.56
*** SUMMARY ***
Total pot $35.67 | Rake $1.61 
Board [9c 3c 2h 2s Qs]
Seat 1: tombeck (button) folded before Flop (didn't bet)
Seat 2: glove0107 (small blind) showed [8d 9s] and lost with two pair, Nines and Deuces
Seat 3: victorffc (big blind) folded before Flop
Seat 4: sssehc folded before Flop
Seat 5: fmarciooliv folded before Flop (didn't bet)
Seat 6: Mahu2021 showed [Kd Ks] and won ($34.06) with two pair, Kings and Deuces (pot not awarded as player cashed out)



PokerStars Zoom Hand #255450491488:  Hold'em No Limit ($0.10/$0.25) - 2025/03/25 21:16:08 CET [2025/03/25 16:16:08 ET]
Table 'Hydra' 6-max Seat #1 is the button
Seat 1: PabloyMontana ($23.49 in chips) 
Seat 2: CarlitosENP ($58.26 in chips) 
Seat 3: BumHuntKing ($25.91 in chips) 
Seat 4: LUC1NhO ($25 in chips) 
Seat 5: Mahu2021 ($27.23 in chips) 
Seat 6: pd159 ($49.33 in chips) 
CarlitosENP: posts small blind $0.10
BumHuntKing: posts big blind $0.25
*** HOLE CARDS ***
Dealt to Mahu2021 [As Qc]
LUC1NhO: folds 
Mahu2021: raises $0.35 to $0.60
pd159: folds 
PabloyMontana: folds 
CarlitosENP: folds 
BumHuntKing: calls $0.35
*** FLOP *** [8s 9s 4d]
BumHuntKing: checks 
Mahu2021: bets $1.24
BumHuntKing: calls $1.24
*** TURN *** [8s 9s 4d] [9c]
BumHuntKing: checks 
Mahu2021: checks 
*** RIVER *** [8s 9s 4d 9c] [Ah]
BumHuntKing: checks 
Mahu2021: bets $3.61
BumHuntKing: folds 
Uncalled bet ($3.61) returned to Mahu2021
Mahu2021 collected $3.61 from pot
Mahu2021: doesn't show hand 
*** SUMMARY ***
Total pot $3.78 | Rake $0.17 
Board [8s 9s 4d 9c Ah]
Seat 1: PabloyMontana (button) folded before Flop (didn't bet)
Seat 2: CarlitosENP (small blind) folded before Flop
Seat 3: BumHuntKing (big blind) folded on the River
Seat 4: LUC1NhO folded before Flop (didn't bet)
Seat 5: Mahu2021 collected ($3.61)
Seat 6: pd159 folded before Flop (didn't bet)



PokerStars Zoom Hand #255450507696:  Hold'em No Limit ($0.10/$0.25) - 2025/03/25 21:17:03 CET [2025/03/25 16:17:03 ET]
Table 'Hydra' 6-max Seat #1 is the button
Seat 1: sssehc ($25 in chips) 
Seat 2: Mahu2021 ($29 in chips) 
Seat 3: nevir69 ($47.93 in chips) 
Seat 4: Paha leshi ($23.49 in chips) 
Seat 5: VitorArj ($25.76 in chips) 
Seat 6: brsbrs2015 ($27.33 in chips) 
Mahu2021: posts small blind $0.10
nevir69: posts big blind $0.25
*** HOLE CARDS ***
Dealt to Mahu2021 [Jc 3s]
Paha leshi: folds 
VitorArj: folds 
brsbrs2015: folds 
sssehc: folds 
Mahu2021: folds 
Uncalled bet ($0.15) returned to nevir69
nevir69 collected $0.20 from pot
nevir69: doesn't show hand 
*** SUMMARY ***
Total pot $0.20 | Rake $0 
Seat 1: sssehc (button) folded before Flop (didn't bet)
Seat 2: Mahu2021 (small blind) folded before Flop
Seat 3: nevir69 (big blind) collected ($0.20)
Seat 4: Paha leshi folded before Flop (didn't bet)
Seat 5: VitorArj folded before Flop (didn't bet)
Seat 6: brsbrs2015 folded before Flop (didn't bet)



PokerStars Zoom Hand #255450509137:  Hold'em No Limit ($0.10/$0.25) - 2025/03/25 21:17:08 CET [2025/03/25 16:17:08 ET]
Table 'Hydra' 6-max Seat #1 is the button
Seat 1: GreeceMeUp ($56.22 in chips) 
Seat 2: Hu55Ling ($66.56 in chips) 
Seat 3: AleJunior001 ($38.73 in chips) 
Seat 4: Mahu2021 ($28.90 in chips) 
Seat 5: houlichan ($45.74 in chips) 
Seat 6: Diamantstier ($25.99 in chips) 
Hu55Ling: posts small blind $0.10
AleJunior001: posts big blind $0.25
*** HOLE CARDS ***
Dealt to Mahu2021 [As Qd]
Mahu2021: raises $0.35 to $0.60
houlichan: folds 
Diamantstier: folds 
GreeceMeUp: folds 
Hu55Ling: calls $0.50
AleJunior001: calls $0.35
*** FLOP *** [Qc 4h Qs]
Hu55Ling: checks 
AleJunior001: checks 
Mahu2021: bets $0.50
Hu55Ling: folds 
AleJunior001: folds 
Uncalled bet ($0.50) returned to Mahu2021
Mahu2021 collected $1.72 from pot
Mahu2021: doesn't show hand 
*** SUMMARY ***
Total pot $1.80 | Rake $0.08 
Board [Qc 4h Qs]
Seat 1: GreeceMeUp (button) folded before Flop (didn't bet)
Seat 2: Hu55Ling (small blind) folded on the Flop
Seat 3: AleJunior001 (big blind) folded on the Flop
Seat 4: Mahu2021 collected ($1.72)
Seat 5: houlichan folded before Flop (didn't bet)
Seat 6: Diamantstier folded before Flop (didn't bet)



PokerStars Zoom Hand #255450521526:  Hold'em No Limit ($0.10/$0.25) - 2025/03/25 21:17:50 CET [2025/03/25 16:17:50 ET]
Table 'Hydra' 6-max Seat #1 is the button
Seat 1: planearth ($30.78 in chips) 
Seat 2: NaomiBelfort ($32.74 in chips) 
Seat 3: GuigaMan ($28.56 in chips) 
Seat 4: Dayasael ($74.24 in chips) 
Seat 5: Mahu2021 ($29.77 in chips) 
Seat 6: AleJunior001 ($38.03 in chips) 
NaomiBelfort: posts small blind $0.10
GuigaMan: posts big blind $0.25
*** HOLE CARDS ***
Dealt to Mahu2021 [Ks Kh]
Dayasael: folds 
Mahu2021: raises $0.27 to $0.52
AleJunior001: folds 
planearth: folds 
NaomiBelfort: folds 
GuigaMan: folds 
Uncalled bet ($0.27) returned to Mahu2021
Mahu2021 collected $0.60 from pot
Mahu2021: doesn't show hand 
*** SUMMARY ***
Total pot $0.60 | Rake $0 
Seat 1: planearth (button) folded before Flop (didn't bet)
Seat 2: NaomiBelfort (small blind) folded before Flop
Seat 3: GuigaMan (big blind) folded before Flop
Seat 4: Dayasael folded before Flop (didn't bet)
Seat 5: Mahu2021 collected ($0.60)
Seat 6: AleJunior001 folded before Flop (didn't bet)



PokerStars Zoom Hand #255450518009:  Hold'em No Limit ($0.10/$0.25) - 2025/03/25 21:17:38 CET [2025/03/25 16:17:38 ET]
Table 'Hydra' 6-max Seat #1 is the button
Seat 1: Mahu2021 ($30.02 in chips) 
Seat 2: GuigaMan ($28.66 in chips) 
Seat 3: TaiNoSen ($42.94 in chips) 
Seat 4: YouBetterFold11 ($42.42 in chips) 
Seat 5: Paha leshi ($26.75 in chips) 
Seat 6: fuzl74 ($78.79 in chips) 
GuigaMan: posts small blind $0.10
TaiNoSen: posts big blind $0.25
*** HOLE CARDS ***
Dealt to Mahu2021 [8s Td]
YouBetterFold11: raises $0.35 to $0.60
Paha leshi: folds 
fuzl74: folds 
Mahu2021: folds 
GuigaMan: folds 
TaiNoSen: calls $0.35
*** FLOP *** [3c 6c Qh]
TaiNoSen: checks 
YouBetterFold11: bets $0.62
TaiNoSen: folds 
Uncalled bet ($0.62) returned to YouBetterFold11
YouBetterFold11 collected $1.24 from pot
YouBetterFold11: doesn't show hand 
*** SUMMARY ***
Total pot $1.30 | Rake $0.06 
Board [3c 6c Qh]
Seat 1: Mahu2021 (button) folded before Flop (didn't bet)
Seat 2: GuigaMan (small blind) folded before Flop
Seat 3: TaiNoSen (big blind) folded on the Flop
Seat 4: YouBetterFold11 collected ($1.24)
Seat 5: Paha leshi folded before Flop (didn't bet)
Seat 6: fuzl74 folded before Flop (didn't bet)



PokerStars Zoom Hand #255450527174:  Hold'em No Limit ($0.10/$0.25) - 2025/03/25 21:18:09 CET [2025/03/25 16:18:09 ET]
Table 'Hydra' 6-max Seat #1 is the button
Seat 1: NotNuttedOnT87 ($27.86 in chips) 
Seat 2: brsbrs2015 ($26.33 in chips) 
Seat 3: NaomiBelfort ($32.64 in chips) 
Seat 4: Mahu2021 ($30.12 in chips) 
Seat 5: hessey123 ($28.05 in chips) 
Seat 6: TaiNoSen ($42.34 in chips) 
brsbrs2015: posts small blind $0.10
NaomiBelfort: posts big blind $0.25
*** HOLE CARDS ***
Dealt to Mahu2021 [9c 5h]
Mahu2021: folds 
hessey123: raises $0.37 to $0.62
TaiNoSen: raises $1.28 to $1.90
NotNuttedOnT87: folds 
brsbrs2015: folds 
NaomiBelfort: folds 
hessey123: folds 
Uncalled bet ($1.28) returned to TaiNoSen
TaiNoSen collected $1.59 from pot
TaiNoSen: doesn't show hand 
*** SUMMARY ***
Total pot $1.59 | Rake $0 
Seat 1: NotNuttedOnT87 (button) folded before Flop (didn't bet)
Seat 2: brsbrs2015 (small blind) folded before Flop
Seat 3: NaomiBelfort (big blind) folded before Flop
Seat 4: Mahu2021 folded before Flop (didn't bet)
Seat 5: hessey123 folded before Flop
Seat 6: TaiNoSen collected ($1.59)



PokerStars Zoom Hand #255450519178:  Hold'em No Limit ($0.10/$0.25) - 2025/03/25 21:17:42 CET [2025/03/25 16:17:42 ET]
Table 'Hydra' 6-max Seat #1 is the button
Seat 1: Vks333555 ($29.61 in chips) 
Seat 2: xmas123456 ($29.26 in chips) 
Seat 3: anders54 ($28.51 in chips) 
Seat 4: planearth ($37.06 in chips) 
Seat 5: fuzl74 ($78.79 in chips) 
Seat 6: Mahu2021 ($30.02 in chips) 
xmas123456: posts small blind $0.10
anders54: posts big blind $0.25
*** HOLE CARDS ***
Dealt to Mahu2021 [3h Ts]
planearth: folds 
fuzl74: folds 
Mahu2021: folds 
Vks333555: folds 
xmas123456: calls $0.15
anders54: raises $0.75 to $1
xmas123456: calls $0.75
*** FLOP *** [9c 3s Th]
xmas123456: checks 
anders54: bets $0.63
xmas123456: calls $0.63
*** TURN *** [9c 3s Th] [Qh]
xmas123456: checks 
anders54: bets $3.80
xmas123456: calls $3.80
*** RIVER *** [9c 3s Th Qh] [4s]
xmas123456: checks 
anders54: bets $16.10
xmas123456: folds 
Uncalled bet ($16.10) returned to anders54
anders54 collected $10.37 from pot
anders54: doesn't show hand 
*** SUMMARY ***
Total pot $10.86 | Rake $0.49 
Board [9c 3s Th Qh 4s]
Seat 1: Vks333555 (button) folded before Flop (didn't bet)
Seat 2: xmas123456 (small blind) folded on the River
Seat 3: anders54 (big blind) collected ($10.37)
Seat 4: planearth folded before Flop (didn't bet)
Seat 5: fuzl74 folded before Flop (didn't bet)
Seat 6: Mahu2021 folded before Flop (didn't bet)



PokerStars Zoom Hand #255450528215:  Hold'em No Limit ($0.10/$0.25) - 2025/03/25 21:18:13 CET [2025/03/25 16:18:13 ET]
Table 'Hydra' 6-max Seat #1 is the button
Seat 1: AleJunior001 ($25 in chips) 
Seat 2: NePoPeN ($29.30 in chips) 
Seat 3: Mahu2021 ($30.12 in chips) 
Seat 4: brsbrs2015 ($26.23 in chips) 
Seat 5: BumHuntKing ($25 in chips) 
Seat 6: LUC1NhO ($25 in chips) 
NePoPeN: posts small blind $0.10
Mahu2021: posts big blind $0.25
*** HOLE CARDS ***
Dealt to Mahu2021 [2h 9d]
brsbrs2015: folds 
BumHuntKing: raises $0.30 to $0.55
LUC1NhO: folds 
AleJunior001: folds 
NePoPeN: calls $0.45
Mahu2021: folds 
*** FLOP *** [Qc 9s Ts]
NePoPeN: bets $0.65
BumHuntKing: folds 
Uncalled bet ($0.65) returned to NePoPeN
NePoPeN collected $1.29 from pot
NePoPeN: doesn't show hand 
*** SUMMARY ***
Total pot $1.35 | Rake $0.06 
Board [Qc 9s Ts]
Seat 1: AleJunior001 (button) folded before Flop (didn't bet)
Seat 2: NePoPeN (small blind) collected ($1.29)
Seat 3: Mahu2021 (big blind) folded before Flop
Seat 4: brsbrs2015 folded before Flop (didn't bet)
Seat 5: BumHuntKing folded on the Flop
Seat 6: LUC1NhO folded before Flop (didn't bet)



PokerStars Zoom Hand #255450526248:  Hold'em No Limit ($0.10/$0.25) - 2025/03/25 21:18:06 CET [2025/03/25 16:18:06 ET]
Table 'Hydra' 6-max Seat #1 is the button
Seat 1: TaiNoSen ($42.34 in chips) 
Seat 2: xJackalope ($25 in chips) 
Seat 3: Paha leshi ($26.75 in chips) 
Seat 4: marosthebest ($32.18 in chips) 
Seat 5: dingdongitsme ($27.93 in chips) 
Seat 6: Mahu2021 ($30.12 in chips) 
xJackalope: posts small blind $0.10
Paha leshi: posts big blind $0.25
*** HOLE CARDS ***
Dealt to Mahu2021 [Jd 5c]
marosthebest: folds 
dingdongitsme: folds 
Mahu2021: folds 
TaiNoSen: folds 
xJackalope: raises $0.37 to $0.62
Paha leshi: calls $0.37
*** FLOP *** [3h 9c As]
xJackalope: bets $0.39
Paha leshi: folds 
Uncalled bet ($0.39) returned to xJackalope
xJackalope collected $1.18 from pot
xJackalope: doesn't show hand 
*** SUMMARY ***
Total pot $1.24 | Rake $0.06 
Board [3h 9c As]
Seat 1: TaiNoSen (button) folded before Flop (didn't bet)
Seat 2: xJackalope (small blind) collected ($1.18)
Seat 3: Paha leshi (big blind) folded on the Flop
Seat 4: marosthebest folded before Flop (didn't bet)
Seat 5: dingdongitsme folded before Flop (didn't bet)
Seat 6: Mahu2021 folded before Flop (didn't bet)



PokerStars Zoom Hand #255450530587:  Hold'em No Limit ($0.10/$0.25) - 2025/03/25 21:18:21 CET [2025/03/25 16:18:21 ET]
Table 'Hydra' 6-max Seat #1 is the button
Seat 1: tomi7776 ($11.42 in chips) 
Seat 2: Mahu2021 ($29.87 in chips) 
Seat 3: planearth ($30.98 in chips) 
Seat 4: BellaCiao45 ($69.69 in chips) 
Seat 5: NotNuttedOnT87 ($25 in chips) 
Seat 6: mrkleinfinger4 ($53.55 in chips) 
Mahu2021: posts small blind $0.10
planearth: posts big blind $0.25
*** HOLE CARDS ***
Dealt to Mahu2021 [Td Kd]
BellaCiao45: folds 
NotNuttedOnT87: raises $0.31 to $0.56
mrkleinfinger4: calls $0.56
tomi7776: calls $0.56
Mahu2021: calls $0.46
planearth: folds 
*** FLOP *** [9h 7s Qc]
Mahu2021: checks 
NotNuttedOnT87: checks 
mrkleinfinger4: checks 
tomi7776: bets $1.19
Mahu2021: calls $1.19
NotNuttedOnT87: raises $3.46 to $4.65
mrkleinfinger4: folds 
tomi7776: folds 
Mahu2021: folds 
Uncalled bet ($3.46) returned to NotNuttedOnT87
NotNuttedOnT87 collected $5.79 from pot
NotNuttedOnT87: doesn't show hand 
*** SUMMARY ***
Total pot $6.06 | Rake $0.27 
Board [9h 7s Qc]
Seat 1: tomi7776 (button) folded on the Flop
Seat 2: Mahu2021 (small blind) folded on the Flop
Seat 3: planearth (big blind) folded before Flop
Seat 4: BellaCiao45 folded before Flop (didn't bet)
Seat 5: NotNuttedOnT87 collected ($5.79)
Seat 6: mrkleinfinger4 folded on the Flop



PokerStars Zoom Hand #255450519970:  Hold'em No Limit ($0.10/$0.25) - 2025/03/25 21:17:45 CET [2025/03/25 16:17:45 ET]
Table 'Hydra' 6-max Seat #1 is the button
Seat 1: thorindorf ($21.20 in chips) 
Seat 2: rokk10 ($25.32 in chips) 
Seat 3: Mahu2021 ($30.02 in chips) 
Seat 4: BumHuntKing ($25.10 in chips) 
Seat 5: bcflaw ($25 in chips) 
Seat 6: Vks333555 ($29.61 in chips) 
rokk10: posts small blind $0.10
Mahu2021: posts big blind $0.25
*** HOLE CARDS ***
Dealt to Mahu2021 [2c 9s]
BumHuntKing: raises $0.30 to $0.55
bcflaw: raises $1.32 to $1.87
Vks333555: folds 
thorindorf: folds 
rokk10: folds 
Mahu2021: folds 
BumHuntKing: calls $1.32
*** FLOP *** [Th 9c 2s]
BumHuntKing: bets $0.98
bcflaw: raises $2.27 to $3.25
BumHuntKing: calls $2.27
*** TURN *** [Th 9c 2s] [Ad]
BumHuntKing: checks 
bcflaw: checks 
*** RIVER *** [Th 9c 2s Ad] [8c]
BumHuntKing: checks 
bcflaw: checks 
*** SHOW DOWN ***
BumHuntKing: shows [9h Kh] (a pair of Nines)
bcflaw: shows [Jc Ac] (a pair of Aces)
bcflaw collected $10.11 from pot
*** SUMMARY ***
Total pot $10.59 | Rake $0.48 
Board [Th 9c 2s Ad 8c]
Seat 1: thorindorf (button) folded before Flop (didn't bet)
Seat 2: rokk10 (small blind) folded before Flop
Seat 3: Mahu2021 (big blind) folded before Flop
Seat 4: BumHuntKing showed [9h Kh] and lost with a pair of Nines
Seat 5: bcflaw showed [Jc Ac] and won ($10.11) with a pair of Aces
Seat 6: Vks333555 folded before Flop (didn't bet)



PokerStars Zoom Hand #255450546836:  Hold'em No Limit ($0.10/$0.25) - 2025/03/25 21:19:17 CET [2025/03/25 16:19:17 ET]
Table 'Hydra' 6-max Seat #1 is the button
Seat 1: Wag1Wasteman ($46.35 in chips) 
Seat 2: planearth ($25 in chips) 
Seat 3: GuigaMan ($27.33 in chips) 
Seat 4: Mahu2021 ($28.12 in chips) 
Seat 5: YouBetterFold11 ($42.71 in chips) 
Seat 6: AleJunior001 ($59.29 in chips) 
planearth: posts small blind $0.10
GuigaMan: posts big blind $0.25
*** HOLE CARDS ***
Dealt to Mahu2021 [Ah Ks]
Mahu2021: raises $0.37 to $0.62
YouBetterFold11: folds 
AleJunior001: folds 
Wag1Wasteman: folds 
planearth: folds 
GuigaMan: folds 
Uncalled bet ($0.37) returned to Mahu2021
Mahu2021 collected $0.60 from pot
Mahu2021: doesn't show hand 
*** SUMMARY ***
Total pot $0.60 | Rake $0 
Seat 1: Wag1Wasteman (button) folded before Flop (didn't bet)
Seat 2: planearth (small blind) folded before Flop
Seat 3: GuigaMan (big blind) folded before Flop
Seat 4: Mahu2021 collected ($0.60)
Seat 5: YouBetterFold11 folded before Flop (didn't bet)
Seat 6: AleJunior001 folded before Flop (didn't bet)



PokerStars Zoom Hand #255450553111:  Hold'em No Limit ($0.10/$0.25) - 2025/03/25 21:19:39 CET [2025/03/25 16:19:39 ET]
Table 'Hydra' 6-max Seat #1 is the button
Seat 1: Mahu2021 ($28.47 in chips) 
Seat 2: julpuj ($31.28 in chips) 
Seat 3: NaomiBelfort ($41.01 in chips) 
Seat 4: royalbush1 ($29.51 in chips) 
Seat 5: Dayasael ($74.29 in chips) 
Seat 6: shizlebid ($17.37 in chips) 
julpuj: posts small blind $0.10
NaomiBelfort: posts big blind $0.25
*** HOLE CARDS ***
Dealt to Mahu2021 [8h 5s]
royalbush1: folds 
Dayasael: folds 
shizlebid: folds 
Mahu2021: folds 
julpuj: folds 
Uncalled bet ($0.15) returned to NaomiBelfort
NaomiBelfort collected $0.20 from pot
NaomiBelfort: doesn't show hand 
*** SUMMARY ***
Total pot $0.20 | Rake $0 
Seat 1: Mahu2021 (button) folded before Flop (didn't bet)
Seat 2: julpuj (small blind) folded before Flop
Seat 3: NaomiBelfort (big blind) collected ($0.20)
Seat 4: royalbush1 folded before Flop (didn't bet)
Seat 5: Dayasael folded before Flop (didn't bet)
Seat 6: shizlebid folded before Flop (didn't bet)



PokerStars Zoom Hand #255450559776:  Hold'em No Limit ($0.10/$0.25) - 2025/03/25 21:20:02 CET [2025/03/25 16:20:02 ET]
Table 'Hydra' 6-max Seat #1 is the button
Seat 1: DMüller273 ($84.52 in chips) 
Seat 2: BumHuntKing ($31 in chips) 
Seat 3: Mahu2021 ($28.47 in chips) 
Seat 4: CarlitosENP ($56.87 in chips) 
Seat 5: mukki33 ($17.91 in chips) 
Seat 6: BellaCiao45 ($69.29 in chips) 
BumHuntKing: posts small blind $0.10
Mahu2021: posts big blind $0.25
*** HOLE CARDS ***
Dealt to Mahu2021 [5s Jh]
CarlitosENP: raises $0.30 to $0.55
mukki33: folds 
BellaCiao45: folds 
DMüller273: folds 
BumHuntKing: folds 
Mahu2021: folds 
Uncalled bet ($0.30) returned to CarlitosENP
CarlitosENP collected $0.60 from pot
CarlitosENP: doesn't show hand 
*** SUMMARY ***
Total pot $0.60 | Rake $0 
Seat 1: DMüller273 (button) folded before Flop (didn't bet)
Seat 2: BumHuntKing (small blind) folded before Flop
Seat 3: Mahu2021 (big blind) folded before Flop
Seat 4: CarlitosENP collected ($0.60)
Seat 5: mukki33 folded before Flop (didn't bet)
Seat 6: BellaCiao45 folded before Flop (didn't bet)



PokerStars Zoom Hand #255450558649:  Hold'em No Limit ($0.10/$0.25) - 2025/03/25 21:19:59 CET [2025/03/25 16:19:59 ET]
Table 'Hydra' 6-max Seat #1 is the button
Seat 1: Mahu2021 ($28.47 in chips) 
Seat 2: NaomiBelfort ($41.11 in chips) 
Seat 3: dingdongitsme ($31.95 in chips) 
Seat 4: planearth ($30.73 in chips) 
Seat 5: Hu55Ling ($60.80 in chips) 
Seat 6: mukki33 ($17.91 in chips) 
NaomiBelfort: posts small blind $0.10
dingdongitsme: posts big blind $0.25
*** HOLE CARDS ***
Dealt to Mahu2021 [9c 3h]
planearth: folds 
Hu55Ling: folds 
mukki33: folds 
Mahu2021: folds 
NaomiBelfort: folds 
Uncalled bet ($0.15) returned to dingdongitsme
dingdongitsme collected $0.20 from pot
dingdongitsme: doesn't show hand 
*** SUMMARY ***
Total pot $0.20 | Rake $0 
Seat 1: Mahu2021 (button) folded before Flop (didn't bet)
Seat 2: NaomiBelfort (small blind) folded before Flop
Seat 3: dingdongitsme (big blind) collected ($0.20)
Seat 4: planearth folded before Flop (didn't bet)
Seat 5: Hu55Ling folded before Flop (didn't bet)
Seat 6: mukki33 folded before Flop (didn't bet)



PokerStars Zoom Hand #255450557190:  Hold'em No Limit ($0.10/$0.25) - 2025/03/25 21:19:54 CET [2025/03/25 16:19:54 ET]
Table 'Hydra' 6-max Seat #1 is the button
Seat 1: mukki33 ($17.91 in chips) 
Seat 2: sssehc ($37.83 in chips) 
Seat 3: YouBetterFold11 ($36.67 in chips) 
Seat 4: PabloyMontana ($24.08 in chips) 
Seat 5: kapvas ($14.74 in chips) 
Seat 6: Mahu2021 ($28.47 in chips) 
sssehc: posts small blind $0.10
YouBetterFold11: posts big blind $0.25
*** HOLE CARDS ***
Dealt to Mahu2021 [3d 4c]
PabloyMontana: folds 
kapvas: raises $0.50 to $0.75
Mahu2021: folds 
mukki33: folds 
sssehc: raises $2.37 to $3.12
YouBetterFold11: folds 
kapvas: folds 
Uncalled bet ($2.37) returned to sssehc
sssehc collected $1.75 from pot
sssehc: doesn't show hand 
*** SUMMARY ***
Total pot $1.75 | Rake $0 
Seat 1: mukki33 (button) folded before Flop (didn't bet)
Seat 2: sssehc (small blind) collected ($1.75)
Seat 3: YouBetterFold11 (big blind) folded before Flop
Seat 4: PabloyMontana folded before Flop (didn't bet)
Seat 5: kapvas folded before Flop
Seat 6: Mahu2021 folded before Flop (didn't bet)



PokerStars Zoom Hand #255450554335:  Hold'em No Limit ($0.10/$0.25) - 2025/03/25 21:19:44 CET [2025/03/25 16:19:44 ET]
Table 'Hydra' 6-max Seat #1 is the button
Seat 1: AleJunior001 ($59.04 in chips) 
Seat 2: YouBetterFold11 ($36.77 in chips) 
Seat 3: GuigaMan ($28.35 in chips) 
Seat 4: julpuj ($31.18 in chips) 
Seat 5: Mahu2021 ($28.47 in chips) 
Seat 6: planearth ($30.73 in chips) 
YouBetterFold11: posts small blind $0.10
GuigaMan: posts big blind $0.25
*** HOLE CARDS ***
Dealt to Mahu2021 [Ac 7s]
julpuj: folds 
Mahu2021: folds 
planearth: folds 
AleJunior001: raises $0.25 to $0.50
YouBetterFold11: folds 
GuigaMan: folds 
Uncalled bet ($0.25) returned to AleJunior001
AleJunior001 collected $0.60 from pot
AleJunior001: doesn't show hand 
*** SUMMARY ***
Total pot $0.60 | Rake $0 
Seat 1: AleJunior001 (button) collected ($0.60)
Seat 2: YouBetterFold11 (small blind) folded before Flop
Seat 3: GuigaMan (big blind) folded before Flop
Seat 4: julpuj folded before Flop (didn't bet)
Seat 5: Mahu2021 folded before Flop (didn't bet)
Seat 6: planearth folded before Flop (didn't bet)



PokerStars Zoom Hand #255450563280:  Hold'em No Limit ($0.10/$0.25) - 2025/03/25 21:20:14 CET [2025/03/25 16:20:14 ET]
Table 'Hydra' 6-max Seat #1 is the button
Seat 1: ruffhund1 ($26.04 in chips) 
Seat 2: Mahu2021 ($28.12 in chips) 
Seat 3: CarlitosENP ($57.22 in chips) 
Seat 4: YouBetterFold11 ($43.48 in chips) 
Seat 5: redsy22 ($28.10 in chips) 
Seat 6: julpuj ($30.58 in chips) 
Mahu2021: posts small blind $0.10
CarlitosENP: posts big blind $0.25
*** HOLE CARDS ***
Dealt to Mahu2021 [Qs 2d]
YouBetterFold11: folds 
redsy22: folds 
julpuj: raises $0.50 to $0.75
ruffhund1: folds 
Mahu2021: folds 
CarlitosENP: folds 
Uncalled bet ($0.50) returned to julpuj
julpuj collected $0.60 from pot
julpuj: doesn't show hand 
*** SUMMARY ***
Total pot $0.60 | Rake $0 
Seat 1: ruffhund1 (button) folded before Flop (didn't bet)
Seat 2: Mahu2021 (small blind) folded before Flop
Seat 3: CarlitosENP (big blind) folded before Flop
Seat 4: YouBetterFold11 folded before Flop (didn't bet)
Seat 5: redsy22 folded before Flop (didn't bet)
Seat 6: julpuj collected ($0.60)



PokerStars Zoom Hand #255450565426:  Hold'em No Limit ($0.10/$0.25) - 2025/03/25 21:20:22 CET [2025/03/25 16:20:22 ET]
Table 'Hydra' 6-max Seat #1 is the button
Seat 1: redsy22 ($28.10 in chips) 
Seat 2: 90210karolek ($21.42 in chips) 
Seat 3: Mahu2021 ($28.02 in chips) 
Seat 4: GuigaMan ($29.90 in chips) 
Seat 5: AleJunior001 ($59.39 in chips) 
Seat 6: planearth ($35.58 in chips) 
90210karolek: posts small blind $0.10
Mahu2021: posts big blind $0.25
*** HOLE CARDS ***
Dealt to Mahu2021 [2h Ad]
GuigaMan: folds 
AleJunior001: folds 
planearth: folds 
redsy22: folds 
90210karolek: folds 
Uncalled bet ($0.15) returned to Mahu2021
Mahu2021 collected $0.20 from pot
Mahu2021: doesn't show hand 
*** SUMMARY ***
Total pot $0.20 | Rake $0 
Seat 1: redsy22 (button) folded before Flop (didn't bet)
Seat 2: 90210karolek (small blind) folded before Flop
Seat 3: Mahu2021 (big blind) collected ($0.20)
Seat 4: GuigaMan folded before Flop (didn't bet)
Seat 5: AleJunior001 folded before Flop (didn't bet)
Seat 6: planearth folded before Flop (didn't bet)



PokerStars Zoom Hand #255450561419:  Hold'em No Limit ($0.10/$0.25) - 2025/03/25 21:20:08 CET [2025/03/25 16:20:08 ET]
Table 'Hydra' 6-max Seat #1 is the button
Seat 1: GreeceMeUp ($24.75 in chips) 
Seat 2: Mahu2021 ($28.22 in chips) 
Seat 3: DMüller273 ($84.52 in chips) 
Seat 4: soclose19 ($23.86 in chips) 
Seat 5: LUC1NhO ($87.44 in chips) 
Seat 6: houlichan ($25 in chips) 
Mahu2021: posts small blind $0.10
DMüller273: posts big blind $0.25
*** HOLE CARDS ***
Dealt to Mahu2021 [Kd 5s]
soclose19: folds 
LUC1NhO: raises $0.37 to $0.62
houlichan: folds 
GreeceMeUp: raises $1.63 to $2.25
Mahu2021: folds 
DMüller273: folds 
LUC1NhO: folds 
Uncalled bet ($1.63) returned to GreeceMeUp
GreeceMeUp collected $1.59 from pot
GreeceMeUp: doesn't show hand 
*** SUMMARY ***
Total pot $1.59 | Rake $0 
Seat 1: GreeceMeUp (button) collected ($1.59)
Seat 2: Mahu2021 (small blind) folded before Flop
Seat 3: DMüller273 (big blind) folded before Flop
Seat 4: soclose19 folded before Flop (didn't bet)
Seat 5: LUC1NhO folded before Flop
Seat 6: houlichan folded before Flop (didn't bet)



PokerStars Zoom Hand #255450564510:  Hold'em No Limit ($0.10/$0.25) - 2025/03/25 21:20:19 CET [2025/03/25 16:20:19 ET]
Table 'Hydra' 6-max Seat #1 is the button
Seat 1: NaomiBelfort ($28.28 in chips) 
Seat 2: kapvas ($13.99 in chips) 
Seat 3: AleJunior001 ($36.68 in chips) 
Seat 4: Mahu2021 ($28.02 in chips) 
Seat 5: extinction51 ($25 in chips) 
Seat 6: Paha leshi ($25.68 in chips) 
kapvas: posts small blind $0.10
AleJunior001: posts big blind $0.25
*** HOLE CARDS ***
Dealt to Mahu2021 [Jh 7s]
Mahu2021: folds 
extinction51: folds 
Paha leshi: folds 
NaomiBelfort: folds 
kapvas: raises $0.50 to $0.75
AleJunior001: calls $0.50
*** FLOP *** [9c Qc Kc]
kapvas: checks 
AleJunior001: bets $0.72
kapvas: calls $0.72
*** TURN *** [9c Qc Kc] [6s]
kapvas: checks 
AleJunior001: bets $2.30
kapvas: folds 
Uncalled bet ($2.30) returned to AleJunior001
AleJunior001 collected $2.81 from pot
AleJunior001: doesn't show hand 
*** SUMMARY ***
Total pot $2.94 | Rake $0.13 
Board [9c Qc Kc 6s]
Seat 1: NaomiBelfort (button) folded before Flop (didn't bet)
Seat 2: kapvas (small blind) folded on the Turn
Seat 3: AleJunior001 (big blind) collected ($2.81)
Seat 4: Mahu2021 folded before Flop (didn't bet)
Seat 5: extinction51 folded before Flop (didn't bet)
Seat 6: Paha leshi folded before Flop (didn't bet)



PokerStars Zoom Hand #255450568954:  Hold'em No Limit ($0.10/$0.25) - 2025/03/25 21:20:34 CET [2025/03/25 16:20:34 ET]
Table 'Hydra' 6-max Seat #1 is the button
Seat 1: Mahu2021 ($28.12 in chips) 
Seat 2: LUC1NhO ($25 in chips) 
Seat 3: sssehc ($56.62 in chips) 
Seat 4: jstpdon ($37.79 in chips) 
Seat 5: ShaKa_JaY ($19 in chips) 
Seat 6: extinction51 ($25 in chips) 
LUC1NhO: posts small blind $0.10
sssehc: posts big blind $0.25
*** HOLE CARDS ***
Dealt to Mahu2021 [2c Qc]
jstpdon: folds 
ShaKa_JaY has timed out
ShaKa_JaY: folds 
extinction51: folds 
Mahu2021: folds 
LUC1NhO: folds 
Uncalled bet ($0.15) returned to sssehc
sssehc collected $0.20 from pot
sssehc: doesn't show hand 
*** SUMMARY ***
Total pot $0.20 | Rake $0 
Seat 1: Mahu2021 (button) folded before Flop (didn't bet)
Seat 2: LUC1NhO (small blind) folded before Flop
Seat 3: sssehc (big blind) collected ($0.20)
Seat 4: jstpdon folded before Flop (didn't bet)
Seat 5: ShaKa_JaY folded before Flop (didn't bet)
Seat 6: extinction51 folded before Flop (didn't bet)



PokerStars Zoom Hand #255450562298:  Hold'em No Limit ($0.10/$0.25) - 2025/03/25 21:20:11 CET [2025/03/25 16:20:11 ET]
Table 'Hydra' 6-max Seat #1 is the button
Seat 1: BellaCiao45 ($69.29 in chips) 
Seat 2: totway ($41.28 in chips) 
Seat 3: marosthebest ($62.58 in chips) 
Seat 4: thorindorf ($19.23 in chips) 
Seat 5: NaomiBelfort ($28.28 in chips) 
Seat 6: Mahu2021 ($28.12 in chips) 
totway: posts small blind $0.10
marosthebest: posts big blind $0.25
*** HOLE CARDS ***
Dealt to Mahu2021 [4h Jd]
thorindorf: raises $0.50 to $0.75
NaomiBelfort: folds 
Mahu2021: folds 
BellaCiao45: folds 
totway: folds 
marosthebest: calls $0.50
*** FLOP *** [Qh 5s 2h]
marosthebest: checks 
thorindorf: bets $0.78
marosthebest: calls $0.78
*** TURN *** [Qh 5s 2h] [9s]
marosthebest: checks 
thorindorf: checks 
*** RIVER *** [Qh 5s 2h 9s] [Qs]
marosthebest: bets $1
thorindorf: calls $1
*** SHOW DOWN ***
marosthebest: shows [9d Qd] (a full house, Queens full of Nines)
thorindorf: mucks hand 
marosthebest collected $4.93 from pot
*** SUMMARY ***
Total pot $5.16 | Rake $0.23 
Board [Qh 5s 2h 9s Qs]
Seat 1: BellaCiao45 (button) folded before Flop (didn't bet)
Seat 2: totway (small blind) folded before Flop
Seat 3: marosthebest (big blind) showed [9d Qd] and won ($4.93) with a full house, Queens full of Nines
Seat 4: thorindorf mucked [9h Ah]
Seat 5: NaomiBelfort folded before Flop (didn't bet)
Seat 6: Mahu2021 folded before Flop (didn't bet)



PokerStars Zoom Hand #255450570448:  Hold'em No Limit ($0.10/$0.25) - 2025/03/25 21:20:39 CET [2025/03/25 16:20:39 ET]
Table 'Hydra' 6-max Seat #1 is the button
Seat 1: dingdongitsme ($76.38 in chips) 
Seat 2: luckalan2 ($35 in chips) 
Seat 3: BumHuntKing ($25.67 in chips) 
Seat 4: extinction51 ($25 in chips) 
Seat 5: redsy22 ($29.66 in chips) 
Seat 6: Mahu2021 ($28.12 in chips) 
luckalan2: posts small blind $0.10
BumHuntKing: posts big blind $0.25
*** HOLE CARDS ***
Dealt to Mahu2021 [4h 9d]
extinction51: folds 
redsy22: folds 
Mahu2021: folds 
dingdongitsme: folds 
luckalan2: raises $0.50 to $0.75
BumHuntKing: raises $1.50 to $2.25
luckalan2: folds 
Uncalled bet ($1.50) returned to BumHuntKing
BumHuntKing collected $1.50 from pot
BumHuntKing: doesn't show hand 
*** SUMMARY ***
Total pot $1.50 | Rake $0 
Seat 1: dingdongitsme (button) folded before Flop (didn't bet)
Seat 2: luckalan2 (small blind) folded before Flop
Seat 3: BumHuntKing (big blind) collected ($1.50)
Seat 4: extinction51 folded before Flop (didn't bet)
Seat 5: redsy22 folded before Flop (didn't bet)
Seat 6: Mahu2021 folded before Flop (didn't bet)



PokerStars Zoom Hand #255450555338:  Hold'em No Limit ($0.10/$0.25) - 2025/03/25 21:19:47 CET [2025/03/25 16:19:47 ET]
Table 'Hydra' 6-max Seat #1 is the button
Seat 1: nevir69 ($46.78 in chips) 
Seat 2: kcyxa ($16.74 in chips) 
Seat 3: xJackalope ($25.35 in chips) 
Seat 4: Mahu2021 ($28.47 in chips) 
Seat 5: anders54 ($33.08 in chips) 
Seat 6: houlichan ($46.64 in chips) 
kcyxa: posts small blind $0.10
xJackalope: posts big blind $0.25
*** HOLE CARDS ***
Dealt to Mahu2021 [Jd 9h]
Mahu2021: folds 
anders54: folds 
houlichan: raises $0.37 to $0.62
nevir69: folds 
kcyxa: calls $0.52
xJackalope: calls $0.37
*** FLOP *** [3s 5s 7s]
kcyxa: checks 
xJackalope: bets $0.45
houlichan: calls $0.45
kcyxa: calls $0.45
*** TURN *** [3s 5s 7s] [8h]
kcyxa: checks 
xJackalope: bets $2.30
houlichan: calls $2.30
kcyxa: calls $2.30
*** RIVER *** [3s 5s 7s 8h] [Qh]
kcyxa: checks 
xJackalope: bets $0.97
houlichan: folds 
kcyxa: calls $0.97
*** SHOW DOWN ***
xJackalope: shows [5c 8c] (two pair, Eights and Fives)
kcyxa: mucks hand 
xJackalope collected $11.51 from pot
*** SUMMARY ***
Total pot $12.05 | Rake $0.54 
Board [3s 5s 7s 8h Qh]
Seat 1: nevir69 (button) folded before Flop (didn't bet)
Seat 2: kcyxa (small blind) mucked [Ts Th]
Seat 3: xJackalope (big blind) showed [5c 8c] and won ($11.51) with two pair, Eights and Fives
Seat 4: Mahu2021 folded before Flop (didn't bet)
Seat 5: anders54 folded before Flop (didn't bet)
Seat 6: houlichan folded on the River



PokerStars Zoom Hand #255450573120:  Hold'em No Limit ($0.10/$0.25) - 2025/03/25 21:20:47 CET [2025/03/25 16:20:47 ET]
Table 'Hydra' 6-max Seat #1 is the button
Seat 1: kapvas ($12.52 in chips) 
Seat 2: Magz190 ($25 in chips) 
Seat 3: jstpdon ($37.79 in chips) 
Seat 4: Paha leshi ($25.43 in chips) 
Seat 5: Mahu2021 ($28.12 in chips) 
Seat 6: GuigaMan ($28 in chips) 
Magz190: posts small blind $0.10
jstpdon: posts big blind $0.25
*** HOLE CARDS ***
Dealt to Mahu2021 [6h 5h]
Paha leshi: folds 
Mahu2021: raises $0.37 to $0.62
GuigaMan: folds 
kapvas: raises $1.59 to $2.21
Magz190: folds 
jstpdon: folds 
Mahu2021: calls $1.59
*** FLOP *** [Qd 2s 7d]
Mahu2021: checks 
kapvas: bets $2
Mahu2021: folds 
Uncalled bet ($2) returned to kapvas
kapvas collected $4.56 from pot
kapvas: doesn't show hand 
*** SUMMARY ***
Total pot $4.77 | Rake $0.21 
Board [Qd 2s 7d]
Seat 1: kapvas (button) collected ($4.56)
Seat 2: Magz190 (small blind) folded before Flop
Seat 3: jstpdon (big blind) folded before Flop
Seat 4: Paha leshi folded before Flop (didn't bet)
Seat 5: Mahu2021 folded on the Flop
Seat 6: GuigaMan folded before Flop (didn't bet)



PokerStars Zoom Hand #255450571946:  Hold'em No Limit ($0.10/$0.25) - 2025/03/25 21:20:44 CET [2025/03/25 16:20:44 ET]
Table 'Hydra' 6-max Seat #1 is the button
Seat 1: soclose19 ($23.51 in chips) 
Seat 2: mrkleinfinger4 ($52.72 in chips) 
Seat 3: AleJunior001 ($59.29 in chips) 
Seat 4: shizlebid ($23.49 in chips) 
Seat 5: Mahu2021 ($28.12 in chips) 
Seat 6: Magz190 ($25 in chips) 
mrkleinfinger4: posts small blind $0.10
AleJunior001: posts big blind $0.25
*** HOLE CARDS ***
Dealt to Mahu2021 [Qc 4h]
shizlebid: calls $0.25
Mahu2021: folds 
Magz190: folds 
soclose19: folds 
mrkleinfinger4: raises $0.50 to $0.75
AleJunior001: folds 
shizlebid: calls $0.50
*** FLOP *** [5c Tc 2s]
mrkleinfinger4: checks 
shizlebid: checks 
*** TURN *** [5c Tc 2s] [6h]
mrkleinfinger4: checks 
shizlebid: checks 
*** RIVER *** [5c Tc 2s 6h] [Jh]
mrkleinfinger4: bets $1.50
shizlebid: folds 
Uncalled bet ($1.50) returned to mrkleinfinger4
mrkleinfinger4 collected $1.65 from pot
mrkleinfinger4: doesn't show hand 
*** SUMMARY ***
Total pot $1.75 | Rake $0.10 
Board [5c Tc 2s 6h Jh]
Seat 1: soclose19 (button) folded before Flop (didn't bet)
Seat 2: mrkleinfinger4 (small blind) collected ($1.65)
Seat 3: AleJunior001 (big blind) folded before Flop
Seat 4: shizlebid folded on the River
Seat 5: Mahu2021 folded before Flop (didn't bet)
Seat 6: Magz190 folded before Flop (didn't bet)



PokerStars Zoom Hand #255450580342:  Hold'em No Limit ($0.10/$0.25) - 2025/03/25 21:21:12 CET [2025/03/25 16:21:12 ET]
Table 'Hydra' 6-max Seat #1 is the button
Seat 1: planearth ($35.23 in chips) 
Seat 2: houlichan ($43.27 in chips) 
Seat 3: Mahu2021 ($25.91 in chips) 
Seat 4: sssehc ($56.62 in chips) 
Seat 5: hesus78 ($32.75 in chips) 
Seat 6: GreeceMeUp ($24.82 in chips) 
houlichan: posts small blind $0.10
Mahu2021: posts big blind $0.25
*** HOLE CARDS ***
Dealt to Mahu2021 [Kc Qh]
sssehc: folds 
hesus78: raises $0.25 to $0.50
GreeceMeUp: folds 
planearth: folds 
houlichan: folds 
Mahu2021: calls $0.25
*** FLOP *** [6c 7d Qs]
Mahu2021: bets $1.05
hesus78: calls $1.05
*** TURN *** [6c 7d Qs] [4h]
Mahu2021: bets $3.06
hesus78: calls $3.06
*** RIVER *** [6c 7d Qs 4h] [5s]
Mahu2021: bets $8.90
hesus78: calls $8.90
*** SHOW DOWN ***
Mahu2021: shows [Kc Qh] (a pair of Queens)
hesus78: shows [Qd Ac] (a pair of Queens - Ace kicker)
hesus78 collected $25.90 from pot
*** SUMMARY ***
Total pot $27.12 | Rake $1.22 
Board [6c 7d Qs 4h 5s]
Seat 1: planearth (button) folded before Flop (didn't bet)
Seat 2: houlichan (small blind) folded before Flop
Seat 3: Mahu2021 (big blind) showed [Kc Qh] and lost with a pair of Queens
Seat 4: sssehc folded before Flop (didn't bet)
Seat 5: hesus78 showed [Qd Ac] and won ($25.90) with a pair of Queens
Seat 6: GreeceMeUp folded before Flop (didn't bet)



PokerStars Zoom Hand #255450590933:  Hold'em No Limit ($0.10/$0.25) - 2025/03/25 21:21:47 CET [2025/03/25 16:21:47 ET]
Table 'Hydra' 6-max Seat #1 is the button
Seat 1: kapvas ($14.52 in chips) 
Seat 2: Mahu2021 ($12.40 in chips) 
Seat 3: LUC1NhO ($86.17 in chips) 
Seat 4: NaomiBelfort ($59.66 in chips) 
Seat 5: sssehc ($25 in chips) 
Seat 6: hesus78 ($45.14 in chips) 
Mahu2021: posts small blind $0.10
LUC1NhO: posts big blind $0.25
*** HOLE CARDS ***
Dealt to Mahu2021 [5h 2h]
NaomiBelfort: raises $0.28 to $0.53
sssehc: folds 
hesus78: folds 
kapvas: folds 
Mahu2021: folds 
LUC1NhO: folds 
Uncalled bet ($0.28) returned to NaomiBelfort
NaomiBelfort collected $0.60 from pot
NaomiBelfort: doesn't show hand 
*** SUMMARY ***
Total pot $0.60 | Rake $0 
Seat 1: kapvas (button) folded before Flop (didn't bet)
Seat 2: Mahu2021 (small blind) folded before Flop
Seat 3: LUC1NhO (big blind) folded before Flop
Seat 4: NaomiBelfort collected ($0.60)
Seat 5: sssehc folded before Flop (didn't bet)
Seat 6: hesus78 folded before Flop (didn't bet)



PokerStars Zoom Hand #255450592284:  Hold'em No Limit ($0.10/$0.25) - 2025/03/25 21:21:52 CET [2025/03/25 16:21:52 ET]
Table 'Hydra' 6-max Seat #1 is the button
Seat 1: JustSay-nh ($25 in chips) 
Seat 2: NotNuttedOnT87 ($25.35 in chips) 
Seat 3: DMüller273 ($66.94 in chips) 
Seat 4: Mahu2021 ($12.30 in chips) 
Seat 5: Paha leshi ($25.45 in chips) 
Seat 6: xJackalope ($31.90 in chips) 
NotNuttedOnT87: posts small blind $0.10
DMüller273: posts big blind $0.25
*** HOLE CARDS ***
Dealt to Mahu2021 [2c Tc]
Mahu2021: folds 
Paha leshi: folds 
xJackalope: raises $0.37 to $0.62
JustSay-nh: folds 
NotNuttedOnT87: folds 
DMüller273: folds 
Uncalled bet ($0.37) returned to xJackalope
xJackalope collected $0.60 from pot
xJackalope: doesn't show hand 
*** SUMMARY ***
Total pot $0.60 | Rake $0 
Seat 1: JustSay-nh (button) folded before Flop (didn't bet)
Seat 2: NotNuttedOnT87 (small blind) folded before Flop
Seat 3: DMüller273 (big blind) folded before Flop
Seat 4: Mahu2021 folded before Flop (didn't bet)
Seat 5: Paha leshi folded before Flop (didn't bet)
Seat 6: xJackalope collected ($0.60)



PokerStars Zoom Hand #255450593466:  Hold'em No Limit ($0.10/$0.25) - 2025/03/25 21:21:56 CET [2025/03/25 16:21:56 ET]
Table 'Hydra' 6-max Seat #1 is the button
Seat 1: Mahu2021 ($12.30 in chips) 
Seat 2: planearth ($41.86 in chips) 
Seat 3: NotNuttedOnT87 ($28.94 in chips) 
Seat 4: sssehc ($56.02 in chips) 
Seat 5: Franceyyyy ($38.53 in chips) 
Seat 6: redsy22 ($26.55 in chips) 
planearth: posts small blind $0.10
NotNuttedOnT87: posts big blind $0.25
*** HOLE CARDS ***
Dealt to Mahu2021 [6h 3h]
sssehc: folds 
Franceyyyy has timed out
Franceyyyy: folds 
redsy22: folds 
Mahu2021: folds 
planearth: folds 
Uncalled bet ($0.15) returned to NotNuttedOnT87
NotNuttedOnT87 collected $0.20 from pot
NotNuttedOnT87: doesn't show hand 
*** SUMMARY ***
Total pot $0.20 | Rake $0 
Seat 1: Mahu2021 (button) folded before Flop (didn't bet)
Seat 2: planearth (small blind) folded before Flop
Seat 3: NotNuttedOnT87 (big blind) collected ($0.20)
Seat 4: sssehc folded before Flop (didn't bet)
Seat 5: Franceyyyy folded before Flop (didn't bet)
Seat 6: redsy22 folded before Flop (didn't bet)



PokerStars Zoom Hand #255450595744:  Hold'em No Limit ($0.10/$0.25) - 2025/03/25 21:22:04 CET [2025/03/25 16:22:04 ET]
Table 'Hydra' 6-max Seat #1 is the button
Seat 1: NaomiBelfort ($60.01 in chips) 
Seat 2: anders54 ($28.19 in chips) 
Seat 3: redsy22 ($26.55 in chips) 
Seat 4: Mahu2021 ($12.30 in chips) 
Seat 5: LUC1NhO ($25.25 in chips) 
Seat 6: JustSay-nh ($25 in chips) 
anders54: posts small blind $0.10
redsy22: posts big blind $0.25
*** HOLE CARDS ***
Dealt to Mahu2021 [2h Th]
Mahu2021: folds 
LUC1NhO: folds 
JustSay-nh: folds 
NaomiBelfort: folds 
anders54: folds 
Uncalled bet ($0.15) returned to redsy22
redsy22 collected $0.20 from pot
redsy22: doesn't show hand 
*** SUMMARY ***
Total pot $0.20 | Rake $0 
Seat 1: NaomiBelfort (button) folded before Flop (didn't bet)
Seat 2: anders54 (small blind) folded before Flop
Seat 3: redsy22 (big blind) collected ($0.20)
Seat 4: Mahu2021 folded before Flop (didn't bet)
Seat 5: LUC1NhO folded before Flop (didn't bet)
Seat 6: JustSay-nh folded before Flop (didn't bet)



PokerStars Zoom Hand #255450596687:  Hold'em No Limit ($0.10/$0.25) - 2025/03/25 21:22:07 CET [2025/03/25 16:22:07 ET]
Table 'Hydra' 6-max Seat #1 is the button
Seat 1: anders54 ($28.09 in chips) 
Seat 2: VitorArj ($33.35 in chips) 
Seat 3: Mahu2021 ($12.30 in chips) 
Seat 4: Dayasael ($26.65 in chips) 
Seat 5: chirak1982 ($13.34 in chips) 
Seat 6: Shanewolf21 ($11.04 in chips) 
VitorArj: posts small blind $0.10
Mahu2021: posts big blind $0.25
*** HOLE CARDS ***
Dealt to Mahu2021 [4d 2c]
Dayasael: folds 
chirak1982: folds 
Shanewolf21: folds 
anders54: folds 
VitorArj: folds 
Uncalled bet ($0.15) returned to Mahu2021
Mahu2021 collected $0.20 from pot
Mahu2021: doesn't show hand 
*** SUMMARY ***
Total pot $0.20 | Rake $0 
Seat 1: anders54 (button) folded before Flop (didn't bet)
Seat 2: VitorArj (small blind) folded before Flop
Seat 3: Mahu2021 (big blind) collected ($0.20)
Seat 4: Dayasael folded before Flop (didn't bet)
Seat 5: chirak1982 folded before Flop (didn't bet)
Seat 6: Shanewolf21 folded before Flop (didn't bet)



PokerStars Zoom Hand #255450594644:  Hold'em No Limit ($0.10/$0.25) - 2025/03/25 21:22:00 CET [2025/03/25 16:22:00 ET]
Table 'Hydra' 6-max Seat #1 is the button
Seat 1: BumHuntKing ($25.25 in chips) 
Seat 2: extinction51 ($31.60 in chips) 
Seat 3: soclose19 ($23.16 in chips) 
Seat 4: redsy22 ($26.55 in chips) 
Seat 5: Proxi_rox ($14.03 in chips) 
Seat 6: Mahu2021 ($12.30 in chips) 
extinction51: posts small blind $0.10
soclose19: posts big blind $0.25
*** HOLE CARDS ***
Dealt to Mahu2021 [Ks 4s]
redsy22: folds 
Proxi_rox: folds 
Mahu2021: folds 
BumHuntKing: folds 
extinction51: raises $0.50 to $0.75
soclose19: raises $0.75 to $1.50
extinction51: folds 
Uncalled bet ($0.75) returned to soclose19
soclose19 collected $1.50 from pot
soclose19: doesn't show hand 
*** SUMMARY ***
Total pot $1.50 | Rake $0 
Seat 1: BumHuntKing (button) folded before Flop (didn't bet)
Seat 2: extinction51 (small blind) folded before Flop
Seat 3: soclose19 (big blind) collected ($1.50)
Seat 4: redsy22 folded before Flop (didn't bet)
Seat 5: Proxi_rox folded before Flop (didn't bet)
Seat 6: Mahu2021 folded before Flop (didn't bet)



PokerStars Zoom Hand #255450599597:  Hold'em No Limit ($0.10/$0.25) - 2025/03/25 21:22:17 CET [2025/03/25 16:22:17 ET]
Table 'Hydra' 6-max Seat #1 is the button
Seat 1: julpuj ($29.55 in chips) 
Seat 2: NaomiBelfort ($39.16 in chips) 
Seat 3: YouBetterFold11 ($33.27 in chips) 
Seat 4: JustSay-nh ($25 in chips) 
Seat 5: Mahu2021 ($12.40 in chips) 
Seat 6: chirak1982 ($12.25 in chips) 
NaomiBelfort: posts small blind $0.10
YouBetterFold11: posts big blind $0.25
*** HOLE CARDS ***
Dealt to Mahu2021 [6d 3h]
JustSay-nh: folds 
Mahu2021: folds 
chirak1982: folds 
julpuj: folds 
NaomiBelfort: folds 
Uncalled bet ($0.15) returned to YouBetterFold11
YouBetterFold11 collected $0.20 from pot
YouBetterFold11: doesn't show hand 
*** SUMMARY ***
Total pot $0.20 | Rake $0 
Seat 1: julpuj (button) folded before Flop (didn't bet)
Seat 2: NaomiBelfort (small blind) folded before Flop
Seat 3: YouBetterFold11 (big blind) collected ($0.20)
Seat 4: JustSay-nh folded before Flop (didn't bet)
Seat 5: Mahu2021 folded before Flop (didn't bet)
Seat 6: chirak1982 folded before Flop (didn't bet)



PokerStars Zoom Hand #255450604688:  Hold'em No Limit ($0.10/$0.25) - 2025/03/25 21:22:34 CET [2025/03/25 16:22:34 ET]
Table 'Hydra' 6-max Seat #1 is the button
Seat 1: TaiNoSen ($42.61 in chips) 
Seat 2: AleJunior001 ($37.91 in chips) 
Seat 3: royalbush1 ($33.63 in chips) 
Seat 4: Mahu2021 ($12.30 in chips) 
Seat 5: BumHuntKing ($25.35 in chips) 
Seat 6: xJackalope ($29.18 in chips) 
AleJunior001: posts small blind $0.10
royalbush1: posts big blind $0.25
*** HOLE CARDS ***
Dealt to Mahu2021 [8h 5d]
Mahu2021: folds 
BumHuntKing: raises $0.30 to $0.55
xJackalope: folds 
TaiNoSen: folds 
AleJunior001: folds 
royalbush1: folds 
Uncalled bet ($0.30) returned to BumHuntKing
BumHuntKing collected $0.60 from pot
BumHuntKing: doesn't show hand 
*** SUMMARY ***
Total pot $0.60 | Rake $0 
Seat 1: TaiNoSen (button) folded before Flop (didn't bet)
Seat 2: AleJunior001 (small blind) folded before Flop
Seat 3: royalbush1 (big blind) folded before Flop
Seat 4: Mahu2021 folded before Flop (didn't bet)
Seat 5: BumHuntKing collected ($0.60)
Seat 6: xJackalope folded before Flop (didn't bet)



PokerStars Zoom Hand #255450602255:  Hold'em No Limit ($0.10/$0.25) - 2025/03/25 21:22:26 CET [2025/03/25 16:22:26 ET]
Table 'Hydra' 6-max Seat #1 is the button
Seat 1: Dayasael ($26.55 in chips) 
Seat 2: seb_2502 ($6.82 in chips) 
Seat 3: fmarciooliv ($8.15 in chips) 
Seat 4: xmas123456 ($21.66 in chips) 
Seat 5: VitorArj ($33.35 in chips) 
Seat 6: Mahu2021 ($12.30 in chips) 
seb_2502: posts small blind $0.10
fmarciooliv: posts big blind $0.25
*** HOLE CARDS ***
Dealt to Mahu2021 [3d Td]
xmas123456: folds 
VitorArj: raises $0.37 to $0.62
Mahu2021: folds 
Dayasael: folds 
seb_2502: folds 
fmarciooliv: folds 
Uncalled bet ($0.37) returned to VitorArj
VitorArj collected $0.60 from pot
VitorArj: doesn't show hand 
*** SUMMARY ***
Total pot $0.60 | Rake $0 
Seat 1: Dayasael (button) folded before Flop (didn't bet)
Seat 2: seb_2502 (small blind) folded before Flop
Seat 3: fmarciooliv (big blind) folded before Flop
Seat 4: xmas123456 folded before Flop (didn't bet)
Seat 5: VitorArj collected ($0.60)
Seat 6: Mahu2021 folded before Flop (didn't bet)



PokerStars Zoom Hand #255450601317:  Hold'em No Limit ($0.10/$0.25) - 2025/03/25 21:22:23 CET [2025/03/25 16:22:23 ET]
Table 'Hydra' 6-max Seat #1 is the button
Seat 1: Diamantstier ($26.19 in chips) 
Seat 2: Mahu2021 ($12.40 in chips) 
Seat 3: pd159 ($37.03 in chips) 
Seat 4: LUC1NhO ($25.60 in chips) 
Seat 5: xmas123456 ($21.66 in chips) 
Seat 6: mrkleinfinger4 ($53.62 in chips) 
Mahu2021: posts small blind $0.10
pd159: posts big blind $0.25
*** HOLE CARDS ***
Dealt to Mahu2021 [8d As]
LUC1NhO: raises $0.37 to $0.62
xmas123456: folds 
mrkleinfinger4: folds 
Diamantstier: folds 
Mahu2021: folds 
pd159: calls $0.37
*** FLOP *** [3d 3c Ad]
pd159: checks 
LUC1NhO: bets $0.40
pd159: folds 
Uncalled bet ($0.40) returned to LUC1NhO
LUC1NhO collected $1.28 from pot
LUC1NhO: doesn't show hand 
*** SUMMARY ***
Total pot $1.34 | Rake $0.06 
Board [3d 3c Ad]
Seat 1: Diamantstier (button) folded before Flop (didn't bet)
Seat 2: Mahu2021 (small blind) folded before Flop
Seat 3: pd159 (big blind) folded on the Flop
Seat 4: LUC1NhO collected ($1.28)
Seat 5: xmas123456 folded before Flop (didn't bet)
Seat 6: mrkleinfinger4 folded before Flop (didn't bet)



PokerStars Zoom Hand #255450608290:  Hold'em No Limit ($0.10/$0.25) - 2025/03/25 21:22:46 CET [2025/03/25 16:22:46 ET]
Table 'Hydra' 6-max Seat #1 is the button
Seat 1: houlichan ($25.49 in chips) 
Seat 2: shizlebid ($22.39 in chips) 
Seat 3: Mahu2021 ($12.30 in chips) 
Seat 4: redsy22 ($28.66 in chips) 
Seat 5: NaomiBelfort ($29.99 in chips) 
Seat 6: planearth ($39.22 in chips) 
shizlebid: posts small blind $0.10
Mahu2021: posts big blind $0.25
*** HOLE CARDS ***
Dealt to Mahu2021 [Js 7d]
redsy22: folds 
NaomiBelfort: folds 
planearth: folds 
houlichan: folds 
shizlebid: folds 
Uncalled bet ($0.15) returned to Mahu2021
Mahu2021 collected $0.20 from pot
Mahu2021: doesn't show hand 
*** SUMMARY ***
Total pot $0.20 | Rake $0 
Seat 1: houlichan (button) folded before Flop (didn't bet)
Seat 2: shizlebid (small blind) folded before Flop
Seat 3: Mahu2021 (big blind) collected ($0.20)
Seat 4: redsy22 folded before Flop (didn't bet)
Seat 5: NaomiBelfort folded before Flop (didn't bet)
Seat 6: planearth folded before Flop (didn't bet)



PokerStars Zoom Hand #255450603448:  Hold'em No Limit ($0.10/$0.25) - 2025/03/25 21:22:30 CET [2025/03/25 16:22:30 ET]
Table 'Hydra' 6-max Seat #1 is the button
Seat 1: Mahu2021 ($12.30 in chips) 
Seat 2: shizlebid ($57.48 in chips) 
Seat 3: Dayasael ($26.55 in chips) 
Seat 4: marosthebest ($67.79 in chips) 
Seat 5: redsy22 ($26.55 in chips) 
Seat 6: alexandro385738 ($56.91 in chips) 
shizlebid: posts small blind $0.10
Dayasael: posts big blind $0.25
*** HOLE CARDS ***
Dealt to Mahu2021 [Qd 5s]
marosthebest: folds 
redsy22: raises $0.35 to $0.60
alexandro385738: folds 
Mahu2021: folds 
shizlebid: calls $0.50
Dayasael: folds 
*** FLOP *** [3h 3s 9d]
shizlebid: checks 
redsy22: bets $0.46
shizlebid: calls $0.46
*** TURN *** [3h 3s 9d] [Js]
shizlebid: checks 
redsy22: bets $1.70
shizlebid: calls $1.70
*** RIVER *** [3h 3s 9d Js] [Jc]
shizlebid: bets $5.51
redsy22: folds 
Uncalled bet ($5.51) returned to shizlebid
shizlebid collected $5.51 from pot
shizlebid: doesn't show hand 
*** SUMMARY ***
Total pot $5.77 | Rake $0.26 
Board [3h 3s 9d Js Jc]
Seat 1: Mahu2021 (button) folded before Flop (didn't bet)
Seat 2: shizlebid (small blind) collected ($5.51)
Seat 3: Dayasael (big blind) folded before Flop
Seat 4: marosthebest folded before Flop (didn't bet)
Seat 5: redsy22 folded on the River
Seat 6: alexandro385738 folded before Flop (didn't bet)



PokerStars Zoom Hand #255450607083:  Hold'em No Limit ($0.10/$0.25) - 2025/03/25 21:22:42 CET [2025/03/25 16:22:42 ET]
Table 'Hydra' 6-max Seat #1 is the button
Seat 1: seb_2502 ($6.72 in chips) 
Seat 2: Twink00 ($25.10 in chips) 
Seat 3: sssehc ($51.49 in chips) 
Seat 4: Mahu2021 ($12.30 in chips) 
Seat 5: shizlebid ($18.26 in chips) 
Seat 6: YouBetterFold11 ($42.38 in chips) 
Twink00: posts small blind $0.10
sssehc: posts big blind $0.25
*** HOLE CARDS ***
Dealt to Mahu2021 [Jc 3c]
Mahu2021: folds 
shizlebid: raises $0.25 to $0.50
YouBetterFold11: folds 
seb_2502: calls $0.50
Twink00: folds 
sssehc: folds 
*** FLOP *** [5d 8d 3h]
shizlebid: checks 
seb_2502: bets $0.65
shizlebid: folds 
Uncalled bet ($0.65) returned to seb_2502
seb_2502 collected $1.29 from pot
seb_2502: doesn't show hand 
*** SUMMARY ***
Total pot $1.35 | Rake $0.06 
Board [5d 8d 3h]
Seat 1: seb_2502 (button) collected ($1.29)
Seat 2: Twink00 (small blind) folded before Flop
Seat 3: sssehc (big blind) folded before Flop
Seat 4: Mahu2021 folded before Flop (didn't bet)
Seat 5: shizlebid folded on the Flop
Seat 6: YouBetterFold11 folded before Flop (didn't bet)



PokerStars Zoom Hand #255450614182:  Hold'em No Limit ($0.10/$0.25) - 2025/03/25 21:23:06 CET [2025/03/25 16:23:06 ET]
Table 'Hydra' 6-max Seat #1 is the button
Seat 1: VitorArj ($33.60 in chips) 
Seat 2: brsbrs2015 ($27.42 in chips) 
Seat 3: Mahu2021 ($12.30 in chips) 
Seat 4: JustSay-nh ($25 in chips) 
Seat 5: NaomiBelfort ($39.62 in chips) 
Seat 6: TaiNoSen ($42.26 in chips) 
brsbrs2015: posts small blind $0.10
Mahu2021: posts big blind $0.25
*** HOLE CARDS ***
Dealt to Mahu2021 [6d 9c]
JustSay-nh: folds 
NaomiBelfort: folds 
TaiNoSen: raises $0.32 to $0.57
VitorArj: folds 
brsbrs2015: folds 
Mahu2021: folds 
Uncalled bet ($0.32) returned to TaiNoSen
TaiNoSen collected $0.60 from pot
TaiNoSen: doesn't show hand 
*** SUMMARY ***
Total pot $0.60 | Rake $0 
Seat 1: VitorArj (button) folded before Flop (didn't bet)
Seat 2: brsbrs2015 (small blind) folded before Flop
Seat 3: Mahu2021 (big blind) folded before Flop
Seat 4: JustSay-nh folded before Flop (didn't bet)
Seat 5: NaomiBelfort folded before Flop (didn't bet)
Seat 6: TaiNoSen collected ($0.60)



PokerStars Zoom Hand #255450615742:  Hold'em No Limit ($0.10/$0.25) - 2025/03/25 21:23:11 CET [2025/03/25 16:23:11 ET]
Table 'Hydra' 6-max Seat #1 is the button
Seat 1: JustSay-nh ($25 in chips) 
Seat 2: Mahu2021 ($12.05 in chips) 
Seat 3: sssehc ($51.14 in chips) 
Seat 4: redsy22 ($28.56 in chips) 
Seat 5: Twink00 ($25.61 in chips) 
Seat 6: Proxi_rox ($13.33 in chips) 
Mahu2021: posts small blind $0.10
sssehc: posts big blind $0.25
*** HOLE CARDS ***
Dealt to Mahu2021 [Td 6d]
redsy22: folds 
Twink00: folds 
Proxi_rox: folds 
JustSay-nh: raises $0.30 to $0.55
Mahu2021: folds 
sssehc: folds 
Uncalled bet ($0.30) returned to JustSay-nh
JustSay-nh collected $0.60 from pot
JustSay-nh: doesn't show hand 
*** SUMMARY ***
Total pot $0.60 | Rake $0 
Seat 1: JustSay-nh (button) collected ($0.60)
Seat 2: Mahu2021 (small blind) folded before Flop
Seat 3: sssehc (big blind) folded before Flop
Seat 4: redsy22 folded before Flop (didn't bet)
Seat 5: Twink00 folded before Flop (didn't bet)
Seat 6: Proxi_rox folded before Flop (didn't bet)



PokerStars Zoom Hand #255450612385:  Hold'em No Limit ($0.10/$0.25) - 2025/03/25 21:23:00 CET [2025/03/25 16:23:00 ET]
Table 'Hydra' 6-max Seat #1 is the button
Seat 1: fmarciooliv ($7.80 in chips) 
Seat 2: Mahu2021 ($12.40 in chips) 
Seat 3: fuzl74 ($81.60 in chips) 
Seat 4: LUC1NhO ($35.09 in chips) 
Seat 5: sssehc ($51.14 in chips) 
Seat 6: NotNuttedOnT87 ($27.75 in chips) 
Mahu2021: posts small blind $0.10
fuzl74: posts big blind $0.25
*** HOLE CARDS ***
Dealt to Mahu2021 [3c 4h]
LUC1NhO: folds 
sssehc: folds 
NotNuttedOnT87: folds 
fmarciooliv: raises $0.50 to $0.75
Mahu2021: folds 
fuzl74: folds 
Uncalled bet ($0.50) returned to fmarciooliv
fmarciooliv collected $0.60 from pot
fmarciooliv: doesn't show hand 
*** SUMMARY ***
Total pot $0.60 | Rake $0 
Seat 1: fmarciooliv (button) collected ($0.60)
Seat 2: Mahu2021 (small blind) folded before Flop
Seat 3: fuzl74 (big blind) folded before Flop
Seat 4: LUC1NhO folded before Flop (didn't bet)
Seat 5: sssehc folded before Flop (didn't bet)
Seat 6: NotNuttedOnT87 folded before Flop (didn't bet)



PokerStars Zoom Hand #255450617842:  Hold'em No Limit ($0.10/$0.25) - 2025/03/25 21:23:18 CET [2025/03/25 16:23:18 ET]
Table 'Hydra' 6-max Seat #1 is the button
Seat 1: Magz190 ($23.25 in chips) 
Seat 2: Diamantstier ($28.51 in chips) 
Seat 3: kapvas ($15.17 in chips) 
Seat 4: DannyLennon ($48.49 in chips) 
Seat 5: NotNuttedOnT87 ($27.75 in chips) 
Seat 6: Mahu2021 ($11.95 in chips) 
Diamantstier: posts small blind $0.10
kapvas: posts big blind $0.25
*** HOLE CARDS ***
Dealt to Mahu2021 [3d 4h]
DannyLennon: folds 
NotNuttedOnT87: raises $0.31 to $0.56
Mahu2021: folds 
Magz190: folds 
Diamantstier: folds 
kapvas: folds 
Uncalled bet ($0.31) returned to NotNuttedOnT87
NotNuttedOnT87 collected $0.60 from pot
NotNuttedOnT87: doesn't show hand 
*** SUMMARY ***
Total pot $0.60 | Rake $0 
Seat 1: Magz190 (button) folded before Flop (didn't bet)
Seat 2: Diamantstier (small blind) folded before Flop
Seat 3: kapvas (big blind) folded before Flop
Seat 4: DannyLennon folded before Flop (didn't bet)
Seat 5: NotNuttedOnT87 collected ($0.60)
Seat 6: Mahu2021 folded before Flop (didn't bet)



PokerStars Zoom Hand #255450613124:  Hold'em No Limit ($0.10/$0.25) - 2025/03/25 21:23:02 CET [2025/03/25 16:23:02 ET]
Table 'Hydra' 6-max Seat #1 is the button
Seat 1: Twink00 ($25 in chips) 
Seat 2: nevir69 ($46.20 in chips) 
Seat 3: topax76 ($25 in chips) 
Seat 4: Mahu2021 ($12.30 in chips) 
Seat 5: kapvas ($15.27 in chips) 
Seat 6: Paha leshi ($25.50 in chips) 
nevir69: posts small blind $0.10
topax76: posts big blind $0.25
*** HOLE CARDS ***
Dealt to Mahu2021 [5c 7s]
Mahu2021: folds 
kapvas: folds 
Paha leshi: folds 
Twink00: raises $0.37 to $0.62
nevir69: folds 
topax76: calls $0.37
*** FLOP *** [Jd Ad Ah]
topax76: checks 
Twink00: bets $0.50
topax76: folds 
Uncalled bet ($0.50) returned to Twink00
Twink00 collected $1.28 from pot
Twink00: doesn't show hand 
*** SUMMARY ***
Total pot $1.34 | Rake $0.06 
Board [Jd Ad Ah]
Seat 1: Twink00 (button) collected ($1.28)
Seat 2: nevir69 (small blind) folded before Flop
Seat 3: topax76 (big blind) folded on the Flop
Seat 4: Mahu2021 folded before Flop (didn't bet)
Seat 5: kapvas folded before Flop (didn't bet)
Seat 6: Paha leshi folded before Flop (didn't bet)



PokerStars Zoom Hand #255450619005:  Hold'em No Limit ($0.10/$0.25) - 2025/03/25 21:23:22 CET [2025/03/25 16:23:22 ET]
Table 'Hydra' 6-max Seat #1 is the button
Seat 1: Mahu2021 ($11.95 in chips) 
Seat 2: sssehc ($50.89 in chips) 
Seat 3: LUC1NhO ($34.99 in chips) 
Seat 4: darrenwat544 ($31.36 in chips) 
Seat 5: planearth ($25 in chips) 
Seat 6: mrkleinfinger4 ($54.27 in chips) 
sssehc: posts small blind $0.10
LUC1NhO: posts big blind $0.25
*** HOLE CARDS ***
Dealt to Mahu2021 [3c Jd]
darrenwat544: raises $0.30 to $0.55
planearth: folds 
mrkleinfinger4: folds 
Mahu2021: folds 
sssehc: folds 
LUC1NhO: folds 
Uncalled bet ($0.30) returned to darrenwat544
darrenwat544 collected $0.60 from pot
darrenwat544: doesn't show hand 
*** SUMMARY ***
Total pot $0.60 | Rake $0 
Seat 1: Mahu2021 (button) folded before Flop (didn't bet)
Seat 2: sssehc (small blind) folded before Flop
Seat 3: LUC1NhO (big blind) folded before Flop
Seat 4: darrenwat544 collected ($0.60)
Seat 5: planearth folded before Flop (didn't bet)
Seat 6: mrkleinfinger4 folded before Flop (didn't bet)



PokerStars Zoom Hand #255450605857:  Hold'em No Limit ($0.10/$0.25) - 2025/03/25 21:22:38 CET [2025/03/25 16:22:38 ET]
Table 'Hydra' 6-max Seat #1 is the button
Seat 1: houlichan ($25 in chips) 
Seat 2: xJackalope ($29.18 in chips) 
Seat 3: JustSay-nh ($25 in chips) 
Seat 4: NaomiBelfort ($51.54 in chips) 
Seat 5: Mahu2021 ($12.30 in chips) 
Seat 6: Twink00 ($25.10 in chips) 
xJackalope: posts small blind $0.10
JustSay-nh: posts big blind $0.25
*** HOLE CARDS ***
Dealt to Mahu2021 [2d Qd]
NaomiBelfort: raises $0.28 to $0.53
Mahu2021: folds 
Twink00: folds 
houlichan: folds 
xJackalope: raises $1.72 to $2.25
JustSay-nh: folds 
NaomiBelfort: calls $1.72
*** FLOP *** [8h Qc 3h]
xJackalope: bets $1.50
NaomiBelfort: calls $1.50
*** TURN *** [8h Qc 3h] [5s]
xJackalope: checks 
NaomiBelfort: checks 
*** RIVER *** [8h Qc 3h 5s] [Kc]
xJackalope: bets $0.75
NaomiBelfort: calls $0.75
*** SHOW DOWN ***
xJackalope: shows [Qh Ad] (a pair of Queens)
NaomiBelfort: mucks hand 
xJackalope collected $8.83 from pot
*** SUMMARY ***
Total pot $9.25 | Rake $0.42 
Board [8h Qc 3h 5s Kc]
Seat 1: houlichan (button) folded before Flop (didn't bet)
Seat 2: xJackalope (small blind) showed [Qh Ad] and won ($8.83) with a pair of Queens
Seat 3: JustSay-nh (big blind) folded before Flop
Seat 4: NaomiBelfort mucked [6d 8d]
Seat 5: Mahu2021 folded before Flop (didn't bet)
Seat 6: Twink00 folded before Flop (didn't bet)



PokerStars Zoom Hand #255450621314:  Hold'em No Limit ($0.10/$0.25) - 2025/03/25 21:23:30 CET [2025/03/25 16:23:30 ET]
Table 'Hydra' 6-max Seat #1 is the button
Seat 1: Overdoxe1 ($26.03 in chips) 
Seat 2: Dayasael ($68 in chips) 
Seat 3: thorindorf ($17.95 in chips) 
Seat 4: Vks333555 ($41.06 in chips) 
Seat 5: 90210karolek ($21.12 in chips) 
Seat 6: Mahu2021 ($11.95 in chips) 
Dayasael: posts small blind $0.10
thorindorf: posts big blind $0.25
*** HOLE CARDS ***
Dealt to Mahu2021 [Qs Ah]
Vks333555: folds 
90210karolek: folds 
Mahu2021: raises $0.45 to $0.70
Overdoxe1: folds 
Dayasael: folds 
thorindorf: calls $0.45
*** FLOP *** [Td 7h Jd]
thorindorf: checks 
Mahu2021: bets $0.75
thorindorf: raises $0.75 to $1.50
Mahu2021: calls $0.75
*** TURN *** [Td 7h Jd] [4d]
thorindorf: bets $2.15
Mahu2021: folds 
Uncalled bet ($2.15) returned to thorindorf
thorindorf collected $4.30 from pot
thorindorf: doesn't show hand 
*** SUMMARY ***
Total pot $4.50 | Rake $0.20 
Board [Td 7h Jd 4d]
Seat 1: Overdoxe1 (button) folded before Flop (didn't bet)
Seat 2: Dayasael (small blind) folded before Flop
Seat 3: thorindorf (big blind) collected ($4.30)
Seat 4: Vks333555 folded before Flop (didn't bet)
Seat 5: 90210karolek folded before Flop (didn't bet)
Seat 6: Mahu2021 folded on the Turn



PokerStars Zoom Hand #255450619895:  Hold'em No Limit ($0.10/$0.25) - 2025/03/25 21:23:25 CET [2025/03/25 16:23:25 ET]
Table 'Hydra' 6-max Seat #1 is the button
Seat 1: JustSay-nh ($25 in chips) 
Seat 2: 90210karolek ($21.22 in chips) 
Seat 3: sssehc ($26.25 in chips) 
Seat 4: YouBetterFold11 ($194.78 in chips) 
Seat 5: Mahu2021 ($11.95 in chips) 
Seat 6: bcflaw ($25 in chips) 
90210karolek: posts small blind $0.10
sssehc: posts big blind $0.25
*** HOLE CARDS ***
Dealt to Mahu2021 [9s Js]
YouBetterFold11: folds 
Mahu2021: folds 
bcflaw: raises $0.31 to $0.56
JustSay-nh: raises $2.44 to $3
90210karolek: folds 
sssehc: folds 
bcflaw: raises $22 to $25 and is all-in
JustSay-nh: folds 
Uncalled bet ($22) returned to bcflaw
bcflaw collected $6.35 from pot
bcflaw: doesn't show hand 
*** SUMMARY ***
Total pot $6.35 | Rake $0 
Seat 1: JustSay-nh (button) folded before Flop
Seat 2: 90210karolek (small blind) folded before Flop
Seat 3: sssehc (big blind) folded before Flop
Seat 4: YouBetterFold11 folded before Flop (didn't bet)
Seat 5: Mahu2021 folded before Flop (didn't bet)
Seat 6: bcflaw collected ($6.35)



PokerStars Zoom Hand #255450616937:  Hold'em No Limit ($0.10/$0.25) - 2025/03/25 21:23:15 CET [2025/03/25 16:23:15 ET]
Table 'Hydra' 6-max Seat #1 is the button
Seat 1: Mahu2021 ($11.95 in chips) 
Seat 2: NaomiBelfort ($39.62 in chips) 
Seat 3: GuigaMan ($29.56 in chips) 
Seat 4: Proxi_rox ($13.33 in chips) 
Seat 5: Magz190 ($23.25 in chips) 
Seat 6: Franceyyyy ($25.25 in chips) 
NaomiBelfort: posts small blind $0.10
GuigaMan: posts big blind $0.25
*** HOLE CARDS ***
Dealt to Mahu2021 [7s 3d]
Proxi_rox: raises $0.32 to $0.57
Magz190: folds 
Franceyyyy: calls $0.57
Mahu2021: folds 
NaomiBelfort: folds 
GuigaMan: calls $0.32
*** FLOP *** [3s Jh Ad]
GuigaMan: checks 
Proxi_rox: checks 
Franceyyyy: checks 
*** TURN *** [3s Jh Ad] [Ks]
GuigaMan: checks 
Proxi_rox: bets $0.69
Franceyyyy: calls $0.69
GuigaMan: folds 
*** RIVER *** [3s Jh Ad Ks] [4h]
Proxi_rox: bets $1.22
Franceyyyy: folds 
Uncalled bet ($1.22) returned to Proxi_rox
Proxi_rox collected $3.01 from pot
Proxi_rox: doesn't show hand 
*** SUMMARY ***
Total pot $3.19 | Rake $0.18 
Board [3s Jh Ad Ks 4h]
Seat 1: Mahu2021 (button) folded before Flop (didn't bet)
Seat 2: NaomiBelfort (small blind) folded before Flop
Seat 3: GuigaMan (big blind) folded on the Turn
Seat 4: Proxi_rox collected ($3.01)
Seat 5: Magz190 folded before Flop (didn't bet)
Seat 6: Franceyyyy folded on the River



PokerStars Zoom Hand #255450630366:  Hold'em No Limit ($0.10/$0.25) - 2025/03/25 21:24:00 CET [2025/03/25 16:24:00 ET]
Table 'Hydra' 6-max Seat #1 is the button
Seat 1: GuigaMan ($43.24 in chips) 
Seat 2: xJackalope ($25 in chips) 
Seat 3: Mahu2021 ($9.75 in chips) 
Seat 4: AleJunior001 ($60.29 in chips) 
Seat 5: Achilleass ($44.23 in chips) 
Seat 6: Franceyyyy ($37.20 in chips) 
xJackalope: posts small blind $0.10
Mahu2021: posts big blind $0.25
*** HOLE CARDS ***
Dealt to Mahu2021 [8c 8s]
AleJunior001: folds 
Achilleass: folds 
Franceyyyy: raises $0.37 to $0.62
GuigaMan: folds 
xJackalope: folds 
Mahu2021: raises $9.13 to $9.75 and is all-in
Franceyyyy: folds 
Uncalled bet ($9.13) returned to Mahu2021
Mahu2021 collected $1.34 from pot
Mahu2021: doesn't show hand 
*** SUMMARY ***
Total pot $1.34 | Rake $0 
Seat 1: GuigaMan (button) folded before Flop (didn't bet)
Seat 2: xJackalope (small blind) folded before Flop
Seat 3: Mahu2021 (big blind) collected ($1.34)
Seat 4: AleJunior001 folded before Flop (didn't bet)
Seat 5: Achilleass folded before Flop (didn't bet)
Seat 6: Franceyyyy folded before Flop



PokerStars Zoom Hand #255450637524:  Hold'em No Limit ($0.10/$0.25) - 2025/03/25 21:24:24 CET [2025/03/25 16:24:24 ET]
Table 'Hydra' 6-max Seat #1 is the button
Seat 1: PabloyMontana ($18.75 in chips) 
Seat 2: fmarciooliv ($7.65 in chips) 
Seat 3: sssehc ($26.90 in chips) 
Seat 4: bwfc76 ($25.67 in chips) 
Seat 5: Mahu2021 ($10.47 in chips) 
Seat 6: thorindorf ($19.85 in chips) 
fmarciooliv: posts small blind $0.10
sssehc: posts big blind $0.25
*** HOLE CARDS ***
Dealt to Mahu2021 [5c Qs]
bwfc76: folds 
Mahu2021: folds 
thorindorf: folds 
PabloyMontana: folds 
fmarciooliv: folds 
Uncalled bet ($0.15) returned to sssehc
sssehc collected $0.20 from pot
sssehc: doesn't show hand 
*** SUMMARY ***
Total pot $0.20 | Rake $0 
Seat 1: PabloyMontana (button) folded before Flop (didn't bet)
Seat 2: fmarciooliv (small blind) folded before Flop
Seat 3: sssehc (big blind) collected ($0.20)
Seat 4: bwfc76 folded before Flop (didn't bet)
Seat 5: Mahu2021 folded before Flop (didn't bet)
Seat 6: thorindorf folded before Flop (didn't bet)



PokerStars Zoom Hand #255450639586:  Hold'em No Limit ($0.10/$0.25) - 2025/03/25 21:24:31 CET [2025/03/25 16:24:31 ET]
Table 'Hydra' 6-max Seat #1 is the button
Seat 1: GuigaMan ($25 in chips) 
Seat 2: NotNuttedOnT87 ($25.51 in chips) 
Seat 3: AleJunior001 ($28.60 in chips) 
Seat 4: DMüller273 ($69.53 in chips) 
Seat 5: houlichan ($35.11 in chips) 
Seat 6: Mahu2021 ($10.37 in chips) 
NotNuttedOnT87: posts small blind $0.10
AleJunior001: posts big blind $0.25
*** HOLE CARDS ***
Dealt to Mahu2021 [7c Jd]
DMüller273: folds 
houlichan: folds 
Mahu2021: folds 
GuigaMan: folds 
NotNuttedOnT87: folds 
Uncalled bet ($0.15) returned to AleJunior001
AleJunior001 collected $0.20 from pot
AleJunior001: doesn't show hand 
*** SUMMARY ***
Total pot $0.20 | Rake $0 
Seat 1: GuigaMan (button) folded before Flop (didn't bet)
Seat 2: NotNuttedOnT87 (small blind) folded before Flop
Seat 3: AleJunior001 (big blind) collected ($0.20)
Seat 4: DMüller273 folded before Flop (didn't bet)
Seat 5: houlichan folded before Flop (didn't bet)
Seat 6: Mahu2021 folded before Flop (didn't bet)



PokerStars Zoom Hand #255450640851:  Hold'em No Limit ($0.10/$0.25) - 2025/03/25 21:24:35 CET [2025/03/25 16:24:35 ET]
Table 'Hydra' 6-max Seat #1 is the button
Seat 1: Mahu2021 ($10.37 in chips) 
Seat 2: benyie ($25 in chips) 
Seat 3: NotNuttedOnT87 ($25.41 in chips) 
Seat 4: planearth ($25.35 in chips) 
Seat 5: Paha leshi ($24.53 in chips) 
Seat 6: seb_2502 ($13.63 in chips) 
benyie: posts small blind $0.10
NotNuttedOnT87: posts big blind $0.25
*** HOLE CARDS ***
Dealt to Mahu2021 [7s 4h]
planearth: folds 
Paha leshi: folds 
seb_2502: folds 
Mahu2021: folds 
benyie: folds 
Uncalled bet ($0.15) returned to NotNuttedOnT87
NotNuttedOnT87 collected $0.20 from pot
NotNuttedOnT87: doesn't show hand 
*** SUMMARY ***
Total pot $0.20 | Rake $0 
Seat 1: Mahu2021 (button) folded before Flop (didn't bet)
Seat 2: benyie (small blind) folded before Flop
Seat 3: NotNuttedOnT87 (big blind) collected ($0.20)
Seat 4: planearth folded before Flop (didn't bet)
Seat 5: Paha leshi folded before Flop (didn't bet)
Seat 6: seb_2502 folded before Flop (didn't bet)



PokerStars Zoom Hand #255450638480:  Hold'em No Limit ($0.10/$0.25) - 2025/03/25 21:24:27 CET [2025/03/25 16:24:27 ET]
Table 'Hydra' 6-max Seat #1 is the button
Seat 1: DannyLennon ($102.03 in chips) 
Seat 2: Mahu2021 ($10.47 in chips) 
Seat 3: soclose19 ($24.90 in chips) 
Seat 4: Franceyyyy ($36.58 in chips) 
Seat 5: DMüller273 ($69.53 in chips) 
Seat 6: ShaKa_JaY ($17.43 in chips) 
Mahu2021: posts small blind $0.10
soclose19: posts big blind $0.25
*** HOLE CARDS ***
Dealt to Mahu2021 [9d 2s]
Franceyyyy: folds 
DMüller273: folds 
ShaKa_JaY: raises $0.37 to $0.62
DannyLennon: folds 
Mahu2021: folds 
soclose19: folds 
Uncalled bet ($0.37) returned to ShaKa_JaY
ShaKa_JaY collected $0.60 from pot
ShaKa_JaY: doesn't show hand 
*** SUMMARY ***
Total pot $0.60 | Rake $0 
Seat 1: DannyLennon (button) folded before Flop (didn't bet)
Seat 2: Mahu2021 (small blind) folded before Flop
Seat 3: soclose19 (big blind) folded before Flop
Seat 4: Franceyyyy folded before Flop (didn't bet)
Seat 5: DMüller273 folded before Flop (didn't bet)
Seat 6: ShaKa_JaY collected ($0.60)



PokerStars Zoom Hand #255450644805:  Hold'em No Limit ($0.10/$0.25) - 2025/03/25 21:24:48 CET [2025/03/25 16:24:48 ET]
Table 'Hydra' 6-max Seat #1 is the button
Seat 1: Twink00 ($34.77 in chips) 
Seat 2: JustSay-nh ($25.35 in chips) 
Seat 3: 90210karolek ($21.12 in chips) 
Seat 4: Mahu2021 ($10.37 in chips) 
Seat 5: VitorArj ($28.18 in chips) 
Seat 6: fmarciooliv ($7.55 in chips) 
JustSay-nh: posts small blind $0.10
90210karolek: posts big blind $0.25
*** HOLE CARDS ***
Dealt to Mahu2021 [Kc 7c]
Mahu2021: folds 
VitorArj: folds 
fmarciooliv: folds 
Twink00: folds 
JustSay-nh: raises $0.35 to $0.60
90210karolek: folds 
Uncalled bet ($0.35) returned to JustSay-nh
JustSay-nh collected $0.50 from pot
JustSay-nh: doesn't show hand 
*** SUMMARY ***
Total pot $0.50 | Rake $0 
Seat 1: Twink00 (button) folded before Flop (didn't bet)
Seat 2: JustSay-nh (small blind) collected ($0.50)
Seat 3: 90210karolek (big blind) folded before Flop
Seat 4: Mahu2021 folded before Flop (didn't bet)
Seat 5: VitorArj folded before Flop (didn't bet)
Seat 6: fmarciooliv folded before Flop (didn't bet)



PokerStars Zoom Hand #255450645962:  Hold'em No Limit ($0.10/$0.25) - 2025/03/25 21:24:52 CET [2025/03/25 16:24:52 ET]
Table 'Hydra' 6-max Seat #1 is the button
Seat 1: hessey123 ($29.98 in chips) 
Seat 2: ruffhund1 ($31.30 in chips) 
Seat 3: Mahu2021 ($10.37 in chips) 
Seat 4: GuigaMan ($26.64 in chips) 
Seat 5: Twink00 ($34.77 in chips) 
Seat 6: DannyLennon ($102.03 in chips) 
ruffhund1: posts small blind $0.10
Mahu2021: posts big blind $0.25
*** HOLE CARDS ***
Dealt to Mahu2021 [5s 6h]
GuigaMan: folds 
Twink00: raises $0.37 to $0.62
DannyLennon: folds 
hessey123: folds 
ruffhund1: folds 
Mahu2021: calls $0.37
*** FLOP *** [4h 7h Th]
Mahu2021: checks 
Twink00: checks 
*** TURN *** [4h 7h Th] [2s]
Mahu2021: bets $1.28
Twink00: folds 
Uncalled bet ($1.28) returned to Mahu2021
Mahu2021 collected $1.28 from pot
Mahu2021: doesn't show hand 
*** SUMMARY ***
Total pot $1.34 | Rake $0.06 
Board [4h 7h Th 2s]
Seat 1: hessey123 (button) folded before Flop (didn't bet)
Seat 2: ruffhund1 (small blind) folded before Flop
Seat 3: Mahu2021 (big blind) collected ($1.28)
Seat 4: GuigaMan folded before Flop (didn't bet)
Seat 5: Twink00 folded on the Turn
Seat 6: DannyLennon folded before Flop (didn't bet)



PokerStars Zoom Hand #255450643811:  Hold'em No Limit ($0.10/$0.25) - 2025/03/25 21:24:45 CET [2025/03/25 16:24:45 ET]
Table 'Hydra' 6-max Seat #1 is the button
Seat 1: xmas123456 ($21.58 in chips) 
Seat 2: benyie ($25 in chips) 
Seat 3: Dayasael ($65.62 in chips) 
Seat 4: Mahu2021 ($10.37 in chips) 
Seat 5: seb_2502 ($13.63 in chips) 
Seat 6: Achilleass ($43.88 in chips) 
benyie: posts small blind $0.10
Dayasael: posts big blind $0.25
*** HOLE CARDS ***
Dealt to Mahu2021 [5d 7c]
Mahu2021: folds 
seb_2502: raises $0.25 to $0.50
Achilleass: calls $0.50
xmas123456: folds 
benyie: folds 
Dayasael: folds 
*** FLOP *** [4s Qd 7s]
seb_2502: bets $0.75
Achilleass: raises $1.25 to $2
seb_2502: folds 
Uncalled bet ($1.25) returned to Achilleass
Achilleass collected $2.72 from pot
Achilleass: doesn't show hand 
*** SUMMARY ***
Total pot $2.85 | Rake $0.13 
Board [4s Qd 7s]
Seat 1: xmas123456 (button) folded before Flop (didn't bet)
Seat 2: benyie (small blind) folded before Flop
Seat 3: Dayasael (big blind) folded before Flop
Seat 4: Mahu2021 folded before Flop (didn't bet)
Seat 5: seb_2502 folded on the Flop
Seat 6: Achilleass collected ($2.72)



PokerStars Zoom Hand #255450642623:  Hold'em No Limit ($0.10/$0.25) - 2025/03/25 21:24:41 CET [2025/03/25 16:24:41 ET]
Table 'Hydra' 6-max Seat #1 is the button
Seat 1: seb_2502 ($13.63 in chips) 
Seat 2: planearth ($25.35 in chips) 
Seat 3: Twink00 ($26.48 in chips) 
Seat 4: Mahu2021 ($10.37 in chips) 
Seat 5: Achilleass ($43.88 in chips) 
Seat 6: knerrad29 ($25 in chips) 
planearth: posts small blind $0.10
Twink00: posts big blind $0.25
*** HOLE CARDS ***
Dealt to Mahu2021 [Jc 6h]
Mahu2021: folds 
Achilleass: folds 
knerrad29: folds 
seb_2502: folds 
planearth: raises $0.50 to $0.75
Twink00: calls $0.50
*** FLOP *** [3s 9c 2d]
planearth: checks 
Twink00: bets $0.75
planearth: raises $1.72 to $2.47
Twink00: folds 
Uncalled bet ($1.72) returned to planearth
planearth collected $2.86 from pot
planearth: doesn't show hand 
*** SUMMARY ***
Total pot $3 | Rake $0.14 
Board [3s 9c 2d]
Seat 1: seb_2502 (button) folded before Flop (didn't bet)
Seat 2: planearth (small blind) collected ($2.86)
Seat 3: Twink00 (big blind) folded on the Flop
Seat 4: Mahu2021 folded before Flop (didn't bet)
Seat 5: Achilleass folded before Flop (didn't bet)
Seat 6: knerrad29 folded before Flop (didn't bet)



PokerStars Zoom Hand #255450654382:  Hold'em No Limit ($0.10/$0.25) - 2025/03/25 21:25:20 CET [2025/03/25 16:25:20 ET]
Table 'Hydra' 6-max Seat #1 is the button
Seat 1: glove0107 ($13.09 in chips) 
Seat 2: planearth ($27.86 in chips) 
Seat 3: iriska-QQ ($11.85 in chips) 
Seat 4: seb_2502 ($12.38 in chips) 
Seat 5: Mahu2021 ($11.03 in chips) 
Seat 6: 1Lish ($29.45 in chips) 
planearth: posts small blind $0.10
iriska-QQ: posts big blind $0.25
*** HOLE CARDS ***
Dealt to Mahu2021 [5s 5d]
seb_2502: folds 
Mahu2021: raises $0.27 to $0.52
1Lish: folds 
glove0107: calls $0.52
planearth: folds 
iriska-QQ: folds 
*** FLOP *** [6d Ts 9d]
Mahu2021: checks 
glove0107: bets $1
Mahu2021: folds 
Uncalled bet ($1) returned to glove0107
glove0107 collected $1.33 from pot
glove0107: doesn't show hand 
*** SUMMARY ***
Total pot $1.39 | Rake $0.06 
Board [6d Ts 9d]
Seat 1: glove0107 (button) collected ($1.33)
Seat 2: planearth (small blind) folded before Flop
Seat 3: iriska-QQ (big blind) folded before Flop
Seat 4: seb_2502 folded before Flop (didn't bet)
Seat 5: Mahu2021 folded on the Flop
Seat 6: 1Lish folded before Flop (didn't bet)



PokerStars Zoom Hand #255450663935:  Hold'em No Limit ($0.10/$0.25) - 2025/03/25 21:25:52 CET [2025/03/25 16:25:52 ET]
Table 'Hydra' 6-max Seat #1 is the button
Seat 1: TaiNoSen ($48.57 in chips) 
Seat 2: Mahu2021 ($10.51 in chips) 
Seat 3: VitorArj ($27.10 in chips) 
Seat 4: fmarciooliv ($6.89 in chips) 
Seat 5: LUC1NhO ($85.59 in chips) 
Seat 6: chirak1982 ($15.96 in chips) 
Mahu2021: posts small blind $0.10
VitorArj: posts big blind $0.25
*** HOLE CARDS ***
Dealt to Mahu2021 [8h 9h]
fmarciooliv: folds 
LUC1NhO: folds 
chirak1982: folds 
TaiNoSen: raises $0.37 to $0.62
Mahu2021: calls $0.52
VitorArj: calls $0.37
*** FLOP *** [6d As 2c]
Mahu2021: checks 
VitorArj: checks 
TaiNoSen: checks 
*** TURN *** [6d As 2c] [Ts]
Mahu2021: checks 
VitorArj: checks 
TaiNoSen: checks 
*** RIVER *** [6d As 2c Ts] [Js]
Mahu2021: checks 
VitorArj: bets $1.80
TaiNoSen: folds 
Mahu2021: folds 
Uncalled bet ($1.80) returned to VitorArj
VitorArj collected $1.78 from pot
VitorArj: doesn't show hand 
*** SUMMARY ***
Total pot $1.86 | Rake $0.08 
Board [6d As 2c Ts Js]
Seat 1: TaiNoSen (button) folded on the River
Seat 2: Mahu2021 (small blind) folded on the River
Seat 3: VitorArj (big blind) collected ($1.78)
Seat 4: fmarciooliv folded before Flop (didn't bet)
Seat 5: LUC1NhO folded before Flop (didn't bet)
Seat 6: chirak1982 folded before Flop (didn't bet)



PokerStars Zoom Hand #255450680744:  Hold'em No Limit ($0.10/$0.25) - 2025/03/25 21:26:49 CET [2025/03/25 16:26:49 ET]
Table 'Hydra' 6-max Seat #1 is the button
Seat 1: Mahu2021 ($9.89 in chips) 
Seat 2: JustSay-nh ($25 in chips) 
Seat 3: julpuj ($27.95 in chips) 
Seat 4: YouBetterFold11 ($195.13 in chips) 
Seat 5: Wag1Wasteman ($52.68 in chips) 
Seat 6: 1Lish ($25 in chips) 
JustSay-nh: posts small blind $0.10
julpuj: posts big blind $0.25
*** HOLE CARDS ***
Dealt to Mahu2021 [Qd Ah]
YouBetterFold11: folds 
Wag1Wasteman: folds 
1Lish: folds 
Mahu2021: raises $0.50 to $0.75
JustSay-nh: folds 
julpuj: calls $0.50
*** FLOP *** [8c Th 7d]
julpuj: checks 
Mahu2021: bets $0.75
julpuj: raises $26.45 to $27.20 and is all-in
Mahu2021: folds 
Uncalled bet ($26.45) returned to julpuj
julpuj collected $2.96 from pot
julpuj: doesn't show hand 
*** SUMMARY ***
Total pot $3.10 | Rake $0.14 
Board [8c Th 7d]
Seat 1: Mahu2021 (button) folded on the Flop
Seat 2: JustSay-nh (small blind) folded before Flop
Seat 3: julpuj (big blind) collected ($2.96)
Seat 4: YouBetterFold11 folded before Flop (didn't bet)
Seat 5: Wag1Wasteman folded before Flop (didn't bet)
Seat 6: 1Lish folded before Flop (didn't bet)



PokerStars Zoom Hand #255450692678:  Hold'em No Limit ($0.10/$0.25) - 2025/03/25 21:27:29 CET [2025/03/25 16:27:29 ET]
Table 'Hydra' 6-max Seat #1 is the button
Seat 1: houlichan ($27.50 in chips) 
Seat 2: planearth ($37.57 in chips) 
Seat 3: DannyLennon ($94.48 in chips) 
Seat 4: ruffhund1 ($33.96 in chips) 
Seat 5: Mahu2021 ($8.39 in chips) 
Seat 6: 1Lish ($25.56 in chips) 
planearth: posts small blind $0.10
DannyLennon: posts big blind $0.25
*** HOLE CARDS ***
Dealt to Mahu2021 [As 9s]
ruffhund1: folds 
Mahu2021: raises $0.40 to $0.65
1Lish: folds 
houlichan: folds 
planearth: folds 
DannyLennon: folds 
Uncalled bet ($0.40) returned to Mahu2021
Mahu2021 collected $0.60 from pot
Mahu2021: doesn't show hand 
*** SUMMARY ***
Total pot $0.60 | Rake $0 
Seat 1: houlichan (button) folded before Flop (didn't bet)
Seat 2: planearth (small blind) folded before Flop
Seat 3: DannyLennon (big blind) folded before Flop
Seat 4: ruffhund1 folded before Flop (didn't bet)
Seat 5: Mahu2021 collected ($0.60)
Seat 6: 1Lish folded before Flop (didn't bet)



PokerStars Zoom Hand #255450699906:  Hold'em No Limit ($0.10/$0.25) - 2025/03/25 21:27:53 CET [2025/03/25 16:27:53 ET]
Table 'Hydra' 6-max Seat #1 is the button
Seat 1: Muybien_030 ($31.88 in chips) 
Seat 2: chirak1982 ($15.36 in chips) 
Seat 3: Wag1Wasteman ($52.99 in chips) 
Seat 4: YouBetterFold11 ($25 in chips) 
Seat 5: TaiNoSen ($47.89 in chips) 
Seat 6: Mahu2021 ($8.74 in chips) 
chirak1982: posts small blind $0.10
Wag1Wasteman: posts big blind $0.25
*** HOLE CARDS ***
Dealt to Mahu2021 [Kh 2d]
YouBetterFold11: raises $0.35 to $0.60
TaiNoSen: folds 
Mahu2021: folds 
Muybien_030: folds 
chirak1982: folds 
Wag1Wasteman: folds 
Uncalled bet ($0.35) returned to YouBetterFold11
YouBetterFold11 collected $0.60 from pot
YouBetterFold11: doesn't show hand 
*** SUMMARY ***
Total pot $0.60 | Rake $0 
Seat 1: Muybien_030 (button) folded before Flop (didn't bet)
Seat 2: chirak1982 (small blind) folded before Flop
Seat 3: Wag1Wasteman (big blind) folded before Flop
Seat 4: YouBetterFold11 collected ($0.60)
Seat 5: TaiNoSen folded before Flop (didn't bet)
Seat 6: Mahu2021 folded before Flop (didn't bet)



PokerStars Zoom Hand #255450701033:  Hold'em No Limit ($0.10/$0.25) - 2025/03/25 21:27:57 CET [2025/03/25 16:27:57 ET]
Table 'Hydra' 6-max Seat #1 is the button
Seat 1: Twink00 ($25.55 in chips) 
Seat 2: NotNuttedOnT87 ($25 in chips) 
Seat 3: TaiNoSen ($47.89 in chips) 
Seat 4: GuigaMan ($52.28 in chips) 
Seat 5: Mahu2021 ($8.74 in chips) 
Seat 6: fmarciooliv ($8.87 in chips) 
NotNuttedOnT87: posts small blind $0.10
TaiNoSen: posts big blind $0.25
*** HOLE CARDS ***
Dealt to Mahu2021 [3h 8d]
GuigaMan: folds 
Mahu2021: folds 
fmarciooliv: folds 
Twink00: folds 
NotNuttedOnT87: folds 
Uncalled bet ($0.15) returned to TaiNoSen
TaiNoSen collected $0.20 from pot
TaiNoSen: doesn't show hand 
*** SUMMARY ***
Total pot $0.20 | Rake $0 
Seat 1: Twink00 (button) folded before Flop (didn't bet)
Seat 2: NotNuttedOnT87 (small blind) folded before Flop
Seat 3: TaiNoSen (big blind) collected ($0.20)
Seat 4: GuigaMan folded before Flop (didn't bet)
Seat 5: Mahu2021 folded before Flop (didn't bet)
Seat 6: fmarciooliv folded before Flop (didn't bet)



PokerStars Zoom Hand #255450703151:  Hold'em No Limit ($0.10/$0.25) - 2025/03/25 21:28:04 CET [2025/03/25 16:28:04 ET]
Table 'Hydra' 6-max Seat #1 is the button
Seat 1: xJackalope ($26.82 in chips) 
Seat 2: AleJunior001 ($46.39 in chips) 
Seat 3: Mahu2021 ($8.64 in chips) 
Seat 4: planearth ($41.39 in chips) 
Seat 5: anders54 ($41.36 in chips) 
Seat 6: Franceyyyy ($32.76 in chips) 
AleJunior001: posts small blind $0.10
Mahu2021: posts big blind $0.25
*** HOLE CARDS ***
Dealt to Mahu2021 [Tc 7s]
planearth: folds 
anders54: raises $0.25 to $0.50
Franceyyyy: folds 
xJackalope: folds 
AleJunior001: folds 
Mahu2021: folds 
Uncalled bet ($0.25) returned to anders54
anders54 collected $0.60 from pot
anders54: doesn't show hand 
*** SUMMARY ***
Total pot $0.60 | Rake $0 
Seat 1: xJackalope (button) folded before Flop (didn't bet)
Seat 2: AleJunior001 (small blind) folded before Flop
Seat 3: Mahu2021 (big blind) folded before Flop
Seat 4: planearth folded before Flop (didn't bet)
Seat 5: anders54 collected ($0.60)
Seat 6: Franceyyyy folded before Flop (didn't bet)



PokerStars Zoom Hand #255450707473:  Hold'em No Limit ($0.10/$0.25) - 2025/03/25 21:28:19 CET [2025/03/25 16:28:19 ET]
Table 'Hydra' 6-max Seat #1 is the button
Seat 1: Proxi_rox ($12.66 in chips) 
Seat 2: Mahu2021 ($8.39 in chips) 
Seat 3: BadAl136 ($18.71 in chips) 
Seat 4: 90210karolek ($19.32 in chips) 
Seat 5: toymaster1989 ($25 in chips) 
Seat 6: Hu55Ling ($64.34 in chips) 
Mahu2021: posts small blind $0.10
BadAl136: posts big blind $0.25
*** HOLE CARDS ***
Dealt to Mahu2021 [9c 3h]
90210karolek: folds 
toymaster1989: folds 
Hu55Ling: folds 
Proxi_rox: folds 
Mahu2021: folds 
Uncalled bet ($0.15) returned to BadAl136
BadAl136 collected $0.20 from pot
BadAl136: doesn't show hand 
*** SUMMARY ***
Total pot $0.20 | Rake $0 
Seat 1: Proxi_rox (button) folded before Flop (didn't bet)
Seat 2: Mahu2021 (small blind) folded before Flop
Seat 3: BadAl136 (big blind) collected ($0.20)
Seat 4: 90210karolek folded before Flop (didn't bet)
Seat 5: toymaster1989 folded before Flop (didn't bet)
Seat 6: Hu55Ling folded before Flop (didn't bet)



PokerStars Zoom Hand #255450708544:  Hold'em No Limit ($0.10/$0.25) - 2025/03/25 21:28:22 CET [2025/03/25 16:28:22 ET]
Table 'Hydra' 6-max Seat #1 is the button
Seat 1: alexandro385738 ($56.57 in chips) 
Seat 2: Achilleass ($44.40 in chips) 
Seat 3: AleJunior001 ($53.68 in chips) 
Seat 4: toymaster1989 ($25 in chips) 
Seat 5: thorindorf ($25.21 in chips) 
Seat 6: Mahu2021 ($8.29 in chips) 
Achilleass: posts small blind $0.10
AleJunior001: posts big blind $0.25
*** HOLE CARDS ***
Dealt to Mahu2021 [Kc 6c]
toymaster1989: folds 
thorindorf: folds 
Mahu2021: folds 
alexandro385738: folds 
Achilleass: folds 
Uncalled bet ($0.15) returned to AleJunior001
AleJunior001 collected $0.20 from pot
AleJunior001: doesn't show hand 
*** SUMMARY ***
Total pot $0.20 | Rake $0 
Seat 1: alexandro385738 (button) folded before Flop (didn't bet)
Seat 2: Achilleass (small blind) folded before Flop
Seat 3: AleJunior001 (big blind) collected ($0.20)
Seat 4: toymaster1989 folded before Flop (didn't bet)
Seat 5: thorindorf folded before Flop (didn't bet)
Seat 6: Mahu2021 folded before Flop (didn't bet)



PokerStars Zoom Hand #255450705619:  Hold'em No Limit ($0.10/$0.25) - 2025/03/25 21:28:12 CET [2025/03/25 16:28:12 ET]
Table 'Hydra' 6-max Seat #1 is the button
Seat 1: Mahu2021 ($8.39 in chips) 
Seat 2: YouBetterFold11 ($25.35 in chips) 
Seat 3: shizlebid ($29.95 in chips) 
Seat 4: JustSay-nh ($25 in chips) 
Seat 5: NotNuttedOnT87 ($25 in chips) 
Seat 6: 90210karolek ($19.32 in chips) 
YouBetterFold11: posts small blind $0.10
shizlebid: posts big blind $0.25
*** HOLE CARDS ***
Dealt to Mahu2021 [Qs 4h]
JustSay-nh: folds 
NotNuttedOnT87: folds 
90210karolek: folds 
Mahu2021: folds 
YouBetterFold11: raises $0.45 to $0.70
shizlebid: folds 
Uncalled bet ($0.45) returned to YouBetterFold11
YouBetterFold11 collected $0.50 from pot
YouBetterFold11: doesn't show hand 
*** SUMMARY ***
Total pot $0.50 | Rake $0 
Seat 1: Mahu2021 (button) folded before Flop (didn't bet)
Seat 2: YouBetterFold11 (small blind) collected ($0.50)
Seat 3: shizlebid (big blind) folded before Flop
Seat 4: JustSay-nh folded before Flop (didn't bet)
Seat 5: NotNuttedOnT87 folded before Flop (didn't bet)
Seat 6: 90210karolek folded before Flop (didn't bet)



PokerStars Zoom Hand #255450706755:  Hold'em No Limit ($0.10/$0.25) - 2025/03/25 21:28:16 CET [2025/03/25 16:28:16 ET]
Table 'Hydra' 6-max Seat #1 is the button
Seat 1: houlichan ($27.05 in chips) 
Seat 2: Dayasael ($61.06 in chips) 
Seat 3: ShaKa_JaY ($20 in chips) 
Seat 4: Mahu2021 ($8.39 in chips) 
Seat 5: AleJunior001 ($30.52 in chips) 
Seat 6: TAKEMEON29 ($48.65 in chips) 
Dayasael: posts small blind $0.10
ShaKa_JaY: posts big blind $0.25
*** HOLE CARDS ***
Dealt to Mahu2021 [4d 3h]
Mahu2021: folds 
AleJunior001: raises $0.25 to $0.50
TAKEMEON29: folds 
houlichan: folds 
Dayasael: calls $0.40
ShaKa_JaY: folds 
*** FLOP *** [2c 5c 2h]
Dayasael: checks 
AleJunior001: bets $0.39
Dayasael: folds 
Uncalled bet ($0.39) returned to AleJunior001
AleJunior001 collected $1.19 from pot
AleJunior001: doesn't show hand 
*** SUMMARY ***
Total pot $1.25 | Rake $0.06 
Board [2c 5c 2h]
Seat 1: houlichan (button) folded before Flop (didn't bet)
Seat 2: Dayasael (small blind) folded on the Flop
Seat 3: ShaKa_JaY (big blind) folded before Flop
Seat 4: Mahu2021 folded before Flop (didn't bet)
Seat 5: AleJunior001 collected ($1.19)
Seat 6: TAKEMEON29 folded before Flop (didn't bet)



PokerStars Zoom Hand #255450701771:  Hold'em No Limit ($0.10/$0.25) - 2025/03/25 21:28:00 CET [2025/03/25 16:28:00 ET]
Table 'Hydra' 6-max Seat #1 is the button
Seat 1: CarlitosENP ($59.46 in chips) 
Seat 2: Mahu2021 ($8.74 in chips) 
Seat 3: FHstyles ($12.50 in chips) 
Seat 4: BadAl136 ($18.96 in chips) 
Seat 5: soclose19 ($24.89 in chips) 
Seat 6: brsbrs2015 ($23.59 in chips) 
Mahu2021: posts small blind $0.10
FHstyles: posts big blind $0.25
*** HOLE CARDS ***
Dealt to Mahu2021 [5d Tc]
BadAl136: calls $0.25
soclose19: folds 
brsbrs2015: folds 
CarlitosENP: raises $1.05 to $1.30
Mahu2021: folds 
FHstyles: calls $1.05
BadAl136: folds 
*** FLOP *** [7d Kc Ts]
FHstyles: checks 
CarlitosENP: bets $0.93
FHstyles: calls $0.93
*** TURN *** [7d Kc Ts] [4s]
FHstyles: checks 
CarlitosENP: checks 
*** RIVER *** [7d Kc Ts 4s] [Qd]
FHstyles: checks 
CarlitosENP: checks 
*** SHOW DOWN ***
FHstyles: shows [Qc As] (a pair of Queens)
CarlitosENP: mucks hand 
FHstyles collected $4.59 from pot
*** SUMMARY ***
Total pot $4.81 | Rake $0.22 
Board [7d Kc Ts 4s Qd]
Seat 1: CarlitosENP (button) mucked [Ad Td]
Seat 2: Mahu2021 (small blind) folded before Flop
Seat 3: FHstyles (big blind) showed [Qc As] and won ($4.59) with a pair of Queens
Seat 4: BadAl136 folded before Flop
Seat 5: soclose19 folded before Flop (didn't bet)
Seat 6: brsbrs2015 folded before Flop (didn't bet)



PokerStars Zoom Hand #255450712026:  Hold'em No Limit ($0.10/$0.25) - 2025/03/25 21:28:34 CET [2025/03/25 16:28:34 ET]
Table 'Hydra' 6-max Seat #1 is the button
Seat 1: Mahu2021 ($8.04 in chips) 
Seat 2: Twink00 ($25.20 in chips) 
Seat 3: AleJunior001 ($45.79 in chips) 
Seat 4: sssehc ($25 in chips) 
Seat 5: GreeceMeUp ($98.46 in chips) 
Seat 6: planearth ($34.03 in chips) 
Twink00: posts small blind $0.10
AleJunior001: posts big blind $0.25
*** HOLE CARDS ***
Dealt to Mahu2021 [3h 2h]
sssehc: folds 
GreeceMeUp: folds 
planearth: folds 
Mahu2021: folds 
Twink00: folds 
Uncalled bet ($0.15) returned to AleJunior001
AleJunior001 collected $0.20 from pot
AleJunior001: doesn't show hand 
*** SUMMARY ***
Total pot $0.20 | Rake $0 
Seat 1: Mahu2021 (button) folded before Flop (didn't bet)
Seat 2: Twink00 (small blind) folded before Flop
Seat 3: AleJunior001 (big blind) collected ($0.20)
Seat 4: sssehc folded before Flop (didn't bet)
Seat 5: GreeceMeUp folded before Flop (didn't bet)
Seat 6: planearth folded before Flop (didn't bet)



PokerStars Zoom Hand #255450713307:  Hold'em No Limit ($0.10/$0.25) - 2025/03/25 21:28:38 CET [2025/03/25 16:28:38 ET]
Table 'Hydra' 6-max Seat #1 is the button
Seat 1: JustSay-nh ($31.44 in chips) 
Seat 2: Overdoxe1 ($19.91 in chips) 
Seat 3: fmarciooliv ($9.12 in chips) 
Seat 4: bcflaw ($40.61 in chips) 
Seat 5: Mahu2021 ($8.04 in chips) 
Seat 6: Paha leshi ($21.76 in chips) 
Overdoxe1: posts small blind $0.10
fmarciooliv: posts big blind $0.25
*** HOLE CARDS ***
Dealt to Mahu2021 [Td 7h]
bcflaw: folds 
Mahu2021: folds 
Paha leshi: folds 
JustSay-nh: raises $0.30 to $0.55
Overdoxe1: folds 
fmarciooliv: calls $0.30
*** FLOP *** [2d 5h Ac]
fmarciooliv: checks 
JustSay-nh: bets $0.40
fmarciooliv: folds 
Uncalled bet ($0.40) returned to JustSay-nh
JustSay-nh collected $1.15 from pot
JustSay-nh: doesn't show hand 
*** SUMMARY ***
Total pot $1.20 | Rake $0.05 
Board [2d 5h Ac]
Seat 1: JustSay-nh (button) collected ($1.15)
Seat 2: Overdoxe1 (small blind) folded before Flop
Seat 3: fmarciooliv (big blind) folded on the Flop
Seat 4: bcflaw folded before Flop (didn't bet)
Seat 5: Mahu2021 folded before Flop (didn't bet)
Seat 6: Paha leshi folded before Flop (didn't bet)



PokerStars Zoom Hand #255450709836:  Hold'em No Limit ($0.10/$0.25) - 2025/03/25 21:28:26 CET [2025/03/25 16:28:26 ET]
Table 'Hydra' 6-max Seat #1 is the button
Seat 1: Achilleass ($44.30 in chips) 
Seat 2: NotNuttedOnT87 ($25 in chips) 
Seat 3: Mahu2021 ($8.29 in chips) 
Seat 4: 1Lish ($26.13 in chips) 
Seat 5: alexandro385738 ($56.57 in chips) 
Seat 6: toymaster1989 ($25.54 in chips) 
NotNuttedOnT87: posts small blind $0.10
Mahu2021: posts big blind $0.25
*** HOLE CARDS ***
Dealt to Mahu2021 [4s 8c]
1Lish: folds 
alexandro385738: folds 
toymaster1989: folds 
Achilleass: raises $0.37 to $0.62
NotNuttedOnT87: raises $2.25 to $2.87
Mahu2021: folds 
Achilleass: calls $2.25
*** FLOP *** [Jh Js 7h]
NotNuttedOnT87: bets $1.89
Achilleass: folds 
Uncalled bet ($1.89) returned to NotNuttedOnT87
NotNuttedOnT87 collected $5.72 from pot
NotNuttedOnT87: doesn't show hand 
*** SUMMARY ***
Total pot $5.99 | Rake $0.27 
Board [Jh Js 7h]
Seat 1: Achilleass (button) folded on the Flop
Seat 2: NotNuttedOnT87 (small blind) collected ($5.72)
Seat 3: Mahu2021 (big blind) folded before Flop
Seat 4: 1Lish folded before Flop (didn't bet)
Seat 5: alexandro385738 folded before Flop (didn't bet)
Seat 6: toymaster1989 folded before Flop (didn't bet)



PokerStars Zoom Hand #255450718422:  Hold'em No Limit ($0.10/$0.25) - 2025/03/25 21:28:55 CET [2025/03/25 16:28:55 ET]
Table 'Hydra' 6-max Seat #1 is the button
Seat 1: fuzl74 ($63.46 in chips) 
Seat 2: anders54 ($41.36 in chips) 
Seat 3: GreeceMeUp ($98.46 in chips) 
Seat 4: LUC1NhO ($27.66 in chips) 
Seat 5: Mahu2021 ($7.94 in chips) 
Seat 6: houlichan ($37.53 in chips) 
anders54: posts small blind $0.10
GreeceMeUp: posts big blind $0.25
*** HOLE CARDS ***
Dealt to Mahu2021 [6s Kc]
LUC1NhO: folds 
Mahu2021: folds 
houlichan: folds 
fuzl74: folds 
anders54: folds 
Uncalled bet ($0.15) returned to GreeceMeUp
GreeceMeUp collected $0.20 from pot
GreeceMeUp: doesn't show hand 
*** SUMMARY ***
Total pot $0.20 | Rake $0 
Seat 1: fuzl74 (button) folded before Flop (didn't bet)
Seat 2: anders54 (small blind) folded before Flop
Seat 3: GreeceMeUp (big blind) collected ($0.20)
Seat 4: LUC1NhO folded before Flop (didn't bet)
Seat 5: Mahu2021 folded before Flop (didn't bet)
Seat 6: houlichan folded before Flop (didn't bet)



PokerStars Zoom Hand #255450719539:  Hold'em No Limit ($0.10/$0.25) - 2025/03/25 21:28:59 CET [2025/03/25 16:28:59 ET]
Table 'Hydra' 6-max Seat #1 is the button
Seat 1: AleJunior001 ($30.96 in chips) 
Seat 2: NotNuttedOnT87 ($27.91 in chips) 
Seat 3: Mahu2021 ($7.94 in chips) 
Seat 4: Dayasael ($25 in chips) 
Seat 5: houlichan ($37.53 in chips) 
Seat 6: anders54 ($41.26 in chips) 
NotNuttedOnT87: posts small blind $0.10
Mahu2021: posts big blind $0.25
*** HOLE CARDS ***
Dealt to Mahu2021 [2c Kd]
Dayasael: folds 
houlichan: folds 
anders54: folds 
AleJunior001: folds 
NotNuttedOnT87: folds 
Uncalled bet ($0.15) returned to Mahu2021
Mahu2021 collected $0.20 from pot
Mahu2021: doesn't show hand 
*** SUMMARY ***
Total pot $0.20 | Rake $0 
Seat 1: AleJunior001 (button) folded before Flop (didn't bet)
Seat 2: NotNuttedOnT87 (small blind) folded before Flop
Seat 3: Mahu2021 (big blind) collected ($0.20)
Seat 4: Dayasael folded before Flop (didn't bet)
Seat 5: houlichan folded before Flop (didn't bet)
Seat 6: anders54 folded before Flop (didn't bet)



PokerStars Zoom Hand #255450715668:  Hold'em No Limit ($0.10/$0.25) - 2025/03/25 21:28:45 CET [2025/03/25 16:28:45 ET]
Table 'Hydra' 6-max Seat #1 is the button
Seat 1: GuigaMan ($25 in chips) 
Seat 2: bcflaw ($40.61 in chips) 
Seat 3: alexandro385738 ($56.57 in chips) 
Seat 4: planearth ($41.29 in chips) 
Seat 5: LUC1NhO ($25 in chips) 
Seat 6: Mahu2021 ($8.04 in chips) 
bcflaw: posts small blind $0.10
alexandro385738: posts big blind $0.25
*** HOLE CARDS ***
Dealt to Mahu2021 [Td 4s]
planearth: folds 
LUC1NhO: folds 
Mahu2021: folds 
GuigaMan: folds 
bcflaw: raises $0.50 to $0.75
alexandro385738: calls $0.50
*** FLOP *** [Jh 5s 2d]
bcflaw: bets $0.39
alexandro385738: calls $0.39
*** TURN *** [Jh 5s 2d] [Qh]
bcflaw: checks 
alexandro385738: bets $2.18
bcflaw: folds 
Uncalled bet ($2.18) returned to alexandro385738
alexandro385738 collected $2.18 from pot
alexandro385738: doesn't show hand 
*** SUMMARY ***
Total pot $2.28 | Rake $0.10 
Board [Jh 5s 2d Qh]
Seat 1: GuigaMan (button) folded before Flop (didn't bet)
Seat 2: bcflaw (small blind) folded on the Turn
Seat 3: alexandro385738 (big blind) collected ($2.18)
Seat 4: planearth folded before Flop (didn't bet)
Seat 5: LUC1NhO folded before Flop (didn't bet)
Seat 6: Mahu2021 folded before Flop (didn't bet)



PokerStars Zoom Hand #255450714468:  Hold'em No Limit ($0.10/$0.25) - 2025/03/25 21:28:42 CET [2025/03/25 16:28:42 ET]
Table 'Hydra' 6-max Seat #1 is the button
Seat 1: GuigaMan ($25.70 in chips) 
Seat 2: AleJunior001 ($53.78 in chips) 
Seat 3: pd159 ($42.50 in chips) 
Seat 4: Mahu2021 ($8.04 in chips) 
Seat 5: knerrad29 ($25 in chips) 
Seat 6: Dayasael ($60.56 in chips) 
AleJunior001: posts small blind $0.10
pd159: posts big blind $0.25
*** HOLE CARDS ***
Dealt to Mahu2021 [9h Jd]
Mahu2021: folds 
knerrad29: folds 
Dayasael: folds 
GuigaMan: raises $0.31 to $0.56
AleJunior001: folds 
pd159: calls $0.31
*** FLOP *** [6c 8h 4d]
pd159: checks 
GuigaMan: checks 
*** TURN *** [6c 8h 4d] [5h]
pd159: bets $0.39
GuigaMan: folds 
Uncalled bet ($0.39) returned to pd159
pd159 collected $1.17 from pot
pd159: doesn't show hand 
*** SUMMARY ***
Total pot $1.22 | Rake $0.05 
Board [6c 8h 4d 5h]
Seat 1: GuigaMan (button) folded on the Turn
Seat 2: AleJunior001 (small blind) folded before Flop
Seat 3: pd159 (big blind) collected ($1.17)
Seat 4: Mahu2021 folded before Flop (didn't bet)
Seat 5: knerrad29 folded before Flop (didn't bet)
Seat 6: Dayasael folded before Flop (didn't bet)



PokerStars Zoom Hand #255450717529:  Hold'em No Limit ($0.10/$0.25) - 2025/03/25 21:28:52 CET [2025/03/25 16:28:52 ET]
Table 'Hydra' 6-max Seat #1 is the button
Seat 1: nerd90481 ($25 in chips) 
Seat 2: Mahu2021 ($8.04 in chips) 
Seat 3: brsbrs2015 ($23.84 in chips) 
Seat 4: 90210karolek ($18.97 in chips) 
Seat 5: planearth ($41.29 in chips) 
Seat 6: Dayasael ($25 in chips) 
Mahu2021: posts small blind $0.10
brsbrs2015: posts big blind $0.25
*** HOLE CARDS ***
Dealt to Mahu2021 [4h 5c]
90210karolek: raises $0.50 to $0.75
planearth: folds 
Dayasael: folds 
nerd90481: folds 
Mahu2021: folds 
brsbrs2015: calls $0.50
*** FLOP *** [Ah 7d Qs]
brsbrs2015: checks 
90210karolek: bets $0.77
brsbrs2015: calls $0.77
*** TURN *** [Ah 7d Qs] [Tc]
brsbrs2015: checks 
90210karolek: checks 
*** RIVER *** [Ah 7d Qs Tc] [Qd]
brsbrs2015: checks 
90210karolek: bets $1.50
brsbrs2015: calls $1.50
*** SHOW DOWN ***
90210karolek: shows [Jh As] (two pair, Aces and Queens)
brsbrs2015: mucks hand 
90210karolek collected $5.86 from pot
*** SUMMARY ***
Total pot $6.14 | Rake $0.28 
Board [Ah 7d Qs Tc Qd]
Seat 1: nerd90481 (button) folded before Flop (didn't bet)
Seat 2: Mahu2021 (small blind) folded before Flop
Seat 3: brsbrs2015 (big blind) mucked [Td Jd]
Seat 4: 90210karolek showed [Jh As] and won ($5.86) with two pair, Aces and Queens
Seat 5: planearth folded before Flop (didn't bet)
Seat 6: Dayasael folded before Flop (didn't bet)



PokerStars Zoom Hand #255450722736:  Hold'em No Limit ($0.10/$0.25) - 2025/03/25 21:29:09 CET [2025/03/25 16:29:09 ET]
Table 'Hydra' 6-max Seat #1 is the button
Seat 1: Mahu2021 ($8.04 in chips) 
Seat 2: ruffhund1 ($33.84 in chips) 
Seat 3: NePoPeN ($29.66 in chips) 
Seat 4: Achilleass ($41.43 in chips) 
Seat 5: Magz190 ($23.56 in chips) 
Seat 6: BumHuntKing ($26.70 in chips) 
ruffhund1: posts small blind $0.10
NePoPeN: posts big blind $0.25
*** HOLE CARDS ***
Dealt to Mahu2021 [As Kd]
Achilleass: folds 
Magz190: raises $0.25 to $0.50
BumHuntKing: folds 
Mahu2021: raises $2.25 to $2.75
ruffhund1: raises $31.09 to $33.84 and is all-in
NePoPeN: folds 
Magz190: folds 
Mahu2021: calls $5.29 and is all-in
Uncalled bet ($25.80) returned to ruffhund1
*** FLOP *** [Td 7s 9c]
*** TURN *** [Td 7s 9c] [5d]
*** RIVER *** [Td 7s 9c 5d] [3s]
*** SHOW DOWN ***
ruffhund1: shows [Ah Ks] (high card Ace)
Mahu2021: shows [As Kd] (high card Ace)
ruffhund1 collected $8.04 from pot
Mahu2021 collected $8.03 from pot
*** SUMMARY ***
Total pot $16.83 | Rake $0.76 
Board [Td 7s 9c 5d 3s]
Seat 1: Mahu2021 (button) showed [As Kd] and won ($8.03) with high card Ace
Seat 2: ruffhund1 (small blind) showed [Ah Ks] and won ($8.04) with high card Ace
Seat 3: NePoPeN (big blind) folded before Flop
Seat 4: Achilleass folded before Flop (didn't bet)
Seat 5: Magz190 folded before Flop
Seat 6: BumHuntKing folded before Flop (didn't bet)



PokerStars Zoom Hand #255450735447:  Hold'em No Limit ($0.10/$0.25) - 2025/03/25 21:29:52 CET [2025/03/25 16:29:52 ET]
Table 'Hydra' 6-max Seat #1 is the button
Seat 1: planearth ($40.57 in chips) 
Seat 2: Hu55Ling ($65.68 in chips) 
Seat 3: JustSay-nh ($25 in chips) 
Seat 4: Dayasael ($25 in chips) 
Seat 5: anders54 ($43.90 in chips) 
Seat 6: Mahu2021 ($8.03 in chips) 
Hu55Ling: posts small blind $0.10
JustSay-nh: posts big blind $0.25
*** HOLE CARDS ***
Dealt to Mahu2021 [Js 9c]
Dayasael: folds 
anders54: folds 
Mahu2021: folds 
planearth: folds 
Hu55Ling: folds 
Uncalled bet ($0.15) returned to JustSay-nh
JustSay-nh collected $0.20 from pot
JustSay-nh: doesn't show hand 
*** SUMMARY ***
Total pot $0.20 | Rake $0 
Seat 1: planearth (button) folded before Flop (didn't bet)
Seat 2: Hu55Ling (small blind) folded before Flop
Seat 3: JustSay-nh (big blind) collected ($0.20)
Seat 4: Dayasael folded before Flop (didn't bet)
Seat 5: anders54 folded before Flop (didn't bet)
Seat 6: Mahu2021 folded before Flop (didn't bet)



PokerStars Zoom Hand #255450742121:  Hold'em No Limit ($0.10/$0.25) - 2025/03/25 21:30:14 CET [2025/03/25 16:30:14 ET]
Table 'Hydra' 6-max Seat #1 is the button
Seat 1: Mahu2021 ($7.68 in chips) 
Seat 2: thorindorf ($21.65 in chips) 
Seat 3: FHstyles ($11.43 in chips) 
Seat 4: planearth ($33.08 in chips) 
Seat 5: NotNuttedOnT87 ($25 in chips) 
Seat 6: marosthebest ($38.54 in chips) 
thorindorf: posts small blind $0.10
FHstyles: posts big blind $0.25
*** HOLE CARDS ***
Dealt to Mahu2021 [Jd 7d]
planearth: folds 
NotNuttedOnT87: folds 
marosthebest: folds 
Mahu2021: folds 
thorindorf: folds 
Uncalled bet ($0.15) returned to FHstyles
FHstyles collected $0.20 from pot
FHstyles: doesn't show hand 
*** SUMMARY ***
Total pot $0.20 | Rake $0 
Seat 1: Mahu2021 (button) folded before Flop (didn't bet)
Seat 2: thorindorf (small blind) folded before Flop
Seat 3: FHstyles (big blind) collected ($0.20)
Seat 4: planearth folded before Flop (didn't bet)
Seat 5: NotNuttedOnT87 folded before Flop (didn't bet)
Seat 6: marosthebest folded before Flop (didn't bet)



PokerStars Zoom Hand #255450733958:  Hold'em No Limit ($0.10/$0.25) - 2025/03/25 21:29:47 CET [2025/03/25 16:29:47 ET]
Table 'Hydra' 6-max Seat #1 is the button
Seat 1: ruffhund1 ($33.84 in chips) 
Seat 2: sssehc ($25 in chips) 
Seat 3: Cardemonix ($11.88 in chips) 
Seat 4: Mahu2021 ($8.03 in chips) 
Seat 5: Overdoxe1 ($19.46 in chips) 
Seat 6: royalbush1 ($23.93 in chips) 
sssehc: posts small blind $0.10
Cardemonix: posts big blind $0.25
*** HOLE CARDS ***
Dealt to Mahu2021 [5s 6h]
Mahu2021: folds 
Overdoxe1: folds 
royalbush1: calls $0.25
ruffhund1: folds 
sssehc: folds 
Cardemonix: raises $0.50 to $0.75
royalbush1: calls $0.50
*** FLOP *** [8s Qc Tc]
Cardemonix: bets $0.77
royalbush1: calls $0.77
*** TURN *** [8s Qc Tc] [2h]
Cardemonix: bets $1.50
royalbush1: calls $1.50
*** RIVER *** [8s Qc Tc 2h] [3c]
Cardemonix: checks 
royalbush1: bets $9
Cardemonix: folds 
Uncalled bet ($9) returned to royalbush1
royalbush1 collected $5.86 from pot
royalbush1: doesn't show hand 
*** SUMMARY ***
Total pot $6.14 | Rake $0.28 
Board [8s Qc Tc 2h 3c]
Seat 1: ruffhund1 (button) folded before Flop (didn't bet)
Seat 2: sssehc (small blind) folded before Flop
Seat 3: Cardemonix (big blind) folded on the River
Seat 4: Mahu2021 folded before Flop (didn't bet)
Seat 5: Overdoxe1 folded before Flop (didn't bet)
Seat 6: royalbush1 collected ($5.86)



PokerStars Zoom Hand #255450738421:  Hold'em No Limit ($0.10/$0.25) - 2025/03/25 21:30:01 CET [2025/03/25 16:30:01 ET]
Table 'Hydra' 6-max Seat #1 is the button
Seat 1: xJackalope ($25 in chips) 
Seat 2: marosthebest ($29.39 in chips) 
Seat 3: Mahu2021 ($8.03 in chips) 
Seat 4: NePoPeN ($29.26 in chips) 
Seat 5: NotNuttedOnT87 ($27.50 in chips) 
Seat 6: GuigaMan ($27.57 in chips) 
marosthebest: posts small blind $0.10
Mahu2021: posts big blind $0.25
*** HOLE CARDS ***
Dealt to Mahu2021 [4d 7h]
NePoPeN: raises $0.50 to $0.75
NotNuttedOnT87: folds 
GuigaMan: folds 
xJackalope: raises $1.50 to $2.25
marosthebest: folds 
Mahu2021: folds 
NePoPeN: calls $1.50
*** FLOP *** [6h 3d 5s]
NePoPeN: checks 
xJackalope: bets $2.50
NePoPeN: folds 
Uncalled bet ($2.50) returned to xJackalope
xJackalope collected $4.63 from pot
xJackalope: doesn't show hand 
*** SUMMARY ***
Total pot $4.85 | Rake $0.22 
Board [6h 3d 5s]
Seat 1: xJackalope (button) collected ($4.63)
Seat 2: marosthebest (small blind) folded before Flop
Seat 3: Mahu2021 (big blind) folded before Flop
Seat 4: NePoPeN folded on the Flop
Seat 5: NotNuttedOnT87 folded before Flop (didn't bet)
Seat 6: GuigaMan folded before Flop (didn't bet)



PokerStars Zoom Hand #255450740954:  Hold'em No Limit ($0.10/$0.25) - 2025/03/25 21:30:10 CET [2025/03/25 16:30:10 ET]
Table 'Hydra' 6-max Seat #1 is the button
Seat 1: lowsy1976 ($26.58 in chips) 
Seat 2: Mahu2021 ($7.78 in chips) 
Seat 3: AleJunior001 ($45.44 in chips) 
Seat 4: LUC1NhO ($27.06 in chips) 
Seat 5: knerrad29 ($25.97 in chips) 
Seat 6: kapvas ($25.10 in chips) 
Mahu2021: posts small blind $0.10
AleJunior001: posts big blind $0.25
*** HOLE CARDS ***
Dealt to Mahu2021 [5h 9h]
LUC1NhO: folds 
knerrad29: folds 
kapvas: folds 
lowsy1976: raises $0.25 to $0.50
Mahu2021: folds 
AleJunior001: calls $0.25
*** FLOP *** [Ac Jc 7s]
AleJunior001: checks 
lowsy1976: bets $0.75
AleJunior001: raises $1.28 to $2.03
lowsy1976: folds 
Uncalled bet ($1.28) returned to AleJunior001
AleJunior001 collected $2.48 from pot
AleJunior001: doesn't show hand 
*** SUMMARY ***
Total pot $2.60 | Rake $0.12 
Board [Ac Jc 7s]
Seat 1: lowsy1976 (button) folded on the Flop
Seat 2: Mahu2021 (small blind) folded before Flop
Seat 3: AleJunior001 (big blind) collected ($2.48)
Seat 4: LUC1NhO folded before Flop (didn't bet)
Seat 5: knerrad29 folded before Flop (didn't bet)
Seat 6: kapvas folded before Flop (didn't bet)



PokerStars Zoom Hand #255450737042:  Hold'em No Limit ($0.10/$0.25) - 2025/03/25 21:29:57 CET [2025/03/25 16:29:57 ET]
Table 'Hydra' 6-max Seat #1 is the button
Seat 1: Overdoxe1 ($19.46 in chips) 
Seat 2: shizlebid ($29.10 in chips) 
Seat 3: chueko148 ($12.50 in chips) 
Seat 4: Mahu2021 ($8.03 in chips) 
Seat 5: benyie ($25 in chips) 
Seat 6: VitorArj ($30.10 in chips) 
shizlebid: posts small blind $0.10
chueko148: posts big blind $0.25
*** HOLE CARDS ***
Dealt to Mahu2021 [6h Jh]
Mahu2021: folds 
benyie: folds 
VitorArj: folds 
Overdoxe1: raises $0.30 to $0.55
shizlebid: folds 
chueko148: raises $2.20 to $2.75
Overdoxe1: calls $2.20
*** FLOP *** [Ah 4c Jc]
chueko148: bets $9.75 and is all-in
Overdoxe1: calls $9.75
*** TURN *** [Ah 4c Jc] [Ac]
*** RIVER *** [Ah 4c Jc Ac] [3s]
*** SHOW DOWN ***
chueko148: shows [Kh Ad] (three of a kind, Aces)
Overdoxe1: shows [4h 4s] (a full house, Fours full of Aces)
Overdoxe1 cashed out the hand for $22.66 | Cash Out Fee $0.46
*** SUMMARY ***
Total pot $25.10 | Rake $1.13 
Board [Ah 4c Jc Ac 3s]
Seat 1: Overdoxe1 (button) showed [4h 4s] and won ($23.97) with a full house, Fours full of Aces (pot not awarded as player cashed out)
Seat 2: shizlebid (small blind) folded before Flop
Seat 3: chueko148 (big blind) showed [Kh Ad] and lost with three of a kind, Aces
Seat 4: Mahu2021 folded before Flop (didn't bet)
Seat 5: benyie folded before Flop (didn't bet)
Seat 6: VitorArj folded before Flop (didn't bet)



PokerStars Zoom Hand #255450744542:  Hold'em No Limit ($0.10/$0.25) - 2025/03/25 21:30:22 CET [2025/03/25 16:30:22 ET]
Table 'Hydra' 6-max Seat #1 is the button
Seat 1: Twink00 ($28.72 in chips) 
Seat 2: wasq001 ($39.14 in chips) 
Seat 3: marosthebest ($38.54 in chips) 
Seat 4: LUC1NhO ($25.66 in chips) 
Seat 5: planearth ($40.47 in chips) 
Seat 6: Mahu2021 ($7.68 in chips) 
wasq001: posts small blind $0.10
marosthebest: posts big blind $0.25
*** HOLE CARDS ***
Dealt to Mahu2021 [4d 4h]
LUC1NhO: folds 
planearth: folds 
Mahu2021: raises $0.42 to $0.67
Twink00: folds 
wasq001: folds 
marosthebest: calls $0.42
*** FLOP *** [7s Ah 6c]
marosthebest: checks 
Mahu2021: bets $1.38
marosthebest: folds 
Uncalled bet ($1.38) returned to Mahu2021
Mahu2021 collected $1.38 from pot
Mahu2021: doesn't show hand 
*** SUMMARY ***
Total pot $1.44 | Rake $0.06 
Board [7s Ah 6c]
Seat 1: Twink00 (button) folded before Flop (didn't bet)
Seat 2: wasq001 (small blind) folded before Flop
Seat 3: marosthebest (big blind) folded on the Flop
Seat 4: LUC1NhO folded before Flop (didn't bet)
Seat 5: planearth folded before Flop (didn't bet)
Seat 6: Mahu2021 collected ($1.38)



PokerStars Zoom Hand #255450743352:  Hold'em No Limit ($0.10/$0.25) - 2025/03/25 21:30:18 CET [2025/03/25 16:30:18 ET]
Table 'Hydra' 6-max Seat #1 is the button
Seat 1: marosthebest ($38.54 in chips) 
Seat 2: fuzl74 ($66.32 in chips) 
Seat 3: 1Lish ($25 in chips) 
Seat 4: ruffhund1 ($33.84 in chips) 
Seat 5: Mahu2021 ($7.68 in chips) 
Seat 6: NotNuttedOnT87 ($25 in chips) 
fuzl74: posts small blind $0.10
1Lish: posts big blind $0.25
*** HOLE CARDS ***
Dealt to Mahu2021 [Ah 6s]
ruffhund1: folds 
Mahu2021: folds 
NotNuttedOnT87: raises $0.31 to $0.56
marosthebest: folds 
fuzl74: calls $0.46
1Lish: calls $0.31
*** FLOP *** [Ac 6d Qc]
fuzl74: checks 
1Lish: checks 
NotNuttedOnT87: bets $0.53
fuzl74: calls $0.53
1Lish: folds 
*** TURN *** [Ac 6d Qc] [Ad]
fuzl74: bets $1.31
NotNuttedOnT87: calls $1.31
*** RIVER *** [Ac 6d Qc Ad] [Kh]
fuzl74: checks 
NotNuttedOnT87: bets $8.40
fuzl74: folds 
Uncalled bet ($8.40) returned to NotNuttedOnT87
NotNuttedOnT87 collected $5.12 from pot
NotNuttedOnT87: doesn't show hand 
*** SUMMARY ***
Total pot $5.36 | Rake $0.24 
Board [Ac 6d Qc Ad Kh]
Seat 1: marosthebest (button) folded before Flop (didn't bet)
Seat 2: fuzl74 (small blind) folded on the River
Seat 3: 1Lish (big blind) folded on the Flop
Seat 4: ruffhund1 folded before Flop (didn't bet)
Seat 5: Mahu2021 folded before Flop (didn't bet)
Seat 6: NotNuttedOnT87 collected ($5.12)



PokerStars Zoom Hand #255450756350:  Hold'em No Limit ($0.10/$0.25) - 2025/03/25 21:31:01 CET [2025/03/25 16:31:01 ET]
Table 'Hydra' 6-max Seat #1 is the button
Seat 1: shizlebid ($30.48 in chips) 
Seat 2: pd159 ($44.72 in chips) 
Seat 3: Mahu2021 ($8.39 in chips) 
Seat 4: Hu55Ling ($64.48 in chips) 
Seat 5: xJackalope ($26.45 in chips) 
Seat 6: AleJunior001 ($33.92 in chips) 
pd159: posts small blind $0.10
Mahu2021: posts big blind $0.25
*** HOLE CARDS ***
Dealt to Mahu2021 [6d 5d]
Hu55Ling: folds 
xJackalope: folds 
AleJunior001: folds 
shizlebid: folds 
pd159: raises $0.50 to $0.75
Mahu2021: calls $0.50
*** FLOP *** [8s Qh 7h]
pd159: bets $0.47
Mahu2021: calls $0.47
*** TURN *** [8s Qh 7h] [Ad]
pd159: bets $3.10
Mahu2021: folds 
Uncalled bet ($3.10) returned to pd159
pd159 collected $2.33 from pot
pd159: doesn't show hand 
*** SUMMARY ***
Total pot $2.44 | Rake $0.11 
Board [8s Qh 7h Ad]
Seat 1: shizlebid (button) folded before Flop (didn't bet)
Seat 2: pd159 (small blind) collected ($2.33)
Seat 3: Mahu2021 (big blind) folded on the Turn
Seat 4: Hu55Ling folded before Flop (didn't bet)
Seat 5: xJackalope folded before Flop (didn't bet)
Seat 6: AleJunior001 folded before Flop (didn't bet)



PokerStars Zoom Hand #255450767476:  Hold'em No Limit ($0.10/$0.25) - 2025/03/25 21:31:38 CET [2025/03/25 16:31:38 ET]
Table 'Hydra' 6-max Seat #1 is the button
Seat 1: BellaCiao45 ($70.37 in chips) 
Seat 2: 1Lish ($25 in chips) 
Seat 3: HeabuxTo ($25 in chips) 
Seat 4: topax76 ($25.37 in chips) 
Seat 5: Mahu2021 ($7.17 in chips) 
Seat 6: Saffa08 ($86.77 in chips) 
1Lish: posts small blind $0.10
HeabuxTo: posts big blind $0.25
*** HOLE CARDS ***
Dealt to Mahu2021 [Jh Jc]
topax76: folds 
Mahu2021: raises $0.35 to $0.60
Saffa08: folds 
BellaCiao45: folds 
1Lish: folds 
HeabuxTo: folds 
Uncalled bet ($0.35) returned to Mahu2021
Mahu2021 collected $0.60 from pot
Mahu2021: doesn't show hand 
*** SUMMARY ***
Total pot $0.60 | Rake $0 
Seat 1: BellaCiao45 (button) folded before Flop (didn't bet)
Seat 2: 1Lish (small blind) folded before Flop
Seat 3: HeabuxTo (big blind) folded before Flop
Seat 4: topax76 folded before Flop (didn't bet)
Seat 5: Mahu2021 collected ($0.60)
Seat 6: Saffa08 folded before Flop (didn't bet)



PokerStars Zoom Hand #255450773527:  Hold'em No Limit ($0.10/$0.25) - 2025/03/25 21:31:58 CET [2025/03/25 16:31:58 ET]
Table 'Hydra' 6-max Seat #1 is the button
Seat 1: Mahu2021 ($7.42 in chips) 
Seat 2: runomi7 ($13.58 in chips) 
Seat 3: Twink00 ($25.56 in chips) 
Seat 4: YouBetterFold11 ($25.52 in chips) 
Seat 5: toymaster1989 ($25 in chips) 
Seat 6: planearth ($33.08 in chips) 
runomi7: posts small blind $0.10
Twink00: posts big blind $0.25
*** HOLE CARDS ***
Dealt to Mahu2021 [3h Js]
YouBetterFold11: folds 
toymaster1989: folds 
planearth: folds 
Mahu2021: folds 
runomi7: folds 
Uncalled bet ($0.15) returned to Twink00
Twink00 collected $0.20 from pot
Twink00: doesn't show hand 
*** SUMMARY ***
Total pot $0.20 | Rake $0 
Seat 1: Mahu2021 (button) folded before Flop (didn't bet)
Seat 2: runomi7 (small blind) folded before Flop
Seat 3: Twink00 (big blind) collected ($0.20)
Seat 4: YouBetterFold11 folded before Flop (didn't bet)
Seat 5: toymaster1989 folded before Flop (didn't bet)
Seat 6: planearth folded before Flop (didn't bet)



PokerStars Zoom Hand #255450772352:  Hold'em No Limit ($0.10/$0.25) - 2025/03/25 21:31:54 CET [2025/03/25 16:31:54 ET]
Table 'Hydra' 6-max Seat #1 is the button
Seat 1: chirak1982 ($11.80 in chips) 
Seat 2: Mahu2021 ($7.52 in chips) 
Seat 3: GuigaMan ($27.11 in chips) 
Seat 4: toymaster1989 ($25 in chips) 
Seat 5: soclose19 ($18.95 in chips) 
Seat 6: nerd90481 ($24.65 in chips) 
Mahu2021: posts small blind $0.10
GuigaMan: posts big blind $0.25
*** HOLE CARDS ***
Dealt to Mahu2021 [4c 3c]
toymaster1989: folds 
soclose19: folds 
nerd90481: folds 
chirak1982: raises $0.35 to $0.60
Mahu2021: folds 
GuigaMan: folds 
Uncalled bet ($0.35) returned to chirak1982
chirak1982 collected $0.60 from pot
chirak1982: doesn't show hand 
*** SUMMARY ***
Total pot $0.60 | Rake $0 
Seat 1: chirak1982 (button) collected ($0.60)
Seat 2: Mahu2021 (small blind) folded before Flop
Seat 3: GuigaMan (big blind) folded before Flop
Seat 4: toymaster1989 folded before Flop (didn't bet)
Seat 5: soclose19 folded before Flop (didn't bet)
Seat 6: nerd90481 folded before Flop (didn't bet)



PokerStars Zoom Hand #255450774422:  Hold'em No Limit ($0.10/$0.25) - 2025/03/25 21:32:01 CET [2025/03/25 16:32:01 ET]
Table 'Hydra' 6-max Seat #1 is the button
Seat 1: Paha leshi ($50.76 in chips) 
Seat 2: luckman117 ($11.65 in chips) 
Seat 3: knerrad29 ($25.35 in chips) 
Seat 4: Mahu2021 ($7.42 in chips) 
Seat 5: LUC1NhO ($25 in chips) 
Seat 6: wasq001 ($39.04 in chips) 
luckman117: posts small blind $0.10
knerrad29: posts big blind $0.25
*** HOLE CARDS ***
Dealt to Mahu2021 [Kh 4d]
Mahu2021: folds 
LUC1NhO: folds 
wasq001: folds 
Paha leshi: folds 
luckman117: raises $0.45 to $0.70
knerrad29: folds 
Uncalled bet ($0.45) returned to luckman117
luckman117 collected $0.50 from pot
luckman117: doesn't show hand 
*** SUMMARY ***
Total pot $0.50 | Rake $0 
Seat 1: Paha leshi (button) folded before Flop (didn't bet)
Seat 2: luckman117 (small blind) collected ($0.50)
Seat 3: knerrad29 (big blind) folded before Flop
Seat 4: Mahu2021 folded before Flop (didn't bet)
Seat 5: LUC1NhO folded before Flop (didn't bet)
Seat 6: wasq001 folded before Flop (didn't bet)



PokerStars Zoom Hand #255450775497:  Hold'em No Limit ($0.10/$0.25) - 2025/03/25 21:32:05 CET [2025/03/25 16:32:05 ET]
Table 'Hydra' 6-max Seat #1 is the button
Seat 1: marosthebest ($71.82 in chips) 
Seat 2: LUC1NhO ($28.44 in chips) 
Seat 3: GreeceMeUp ($58.68 in chips) 
Seat 4: 90210karolek ($23.24 in chips) 
Seat 5: VitorArj ($29.48 in chips) 
Seat 6: Mahu2021 ($7.42 in chips) 
LUC1NhO: posts small blind $0.10
GreeceMeUp: posts big blind $0.25
*** HOLE CARDS ***
Dealt to Mahu2021 [Qh 6c]
90210karolek: folds 
VitorArj: folds 
Mahu2021: folds 
marosthebest: folds 
LUC1NhO: folds 
Uncalled bet ($0.15) returned to GreeceMeUp
GreeceMeUp collected $0.20 from pot
GreeceMeUp: doesn't show hand 
*** SUMMARY ***
Total pot $0.20 | Rake $0 
Seat 1: marosthebest (button) folded before Flop (didn't bet)
Seat 2: LUC1NhO (small blind) folded before Flop
Seat 3: GreeceMeUp (big blind) collected ($0.20)
Seat 4: 90210karolek folded before Flop (didn't bet)
Seat 5: VitorArj folded before Flop (didn't bet)
Seat 6: Mahu2021 folded before Flop (didn't bet)



PokerStars Zoom Hand #255450776764:  Hold'em No Limit ($0.10/$0.25) - 2025/03/25 21:32:09 CET [2025/03/25 16:32:09 ET]
Table 'Hydra' 6-max Seat #1 is the button
Seat 1: toymaster1989 ($25 in chips) 
Seat 2: marosthebest ($71.82 in chips) 
Seat 3: Mahu2021 ($7.42 in chips) 
Seat 4: JustSay-nh ($28.12 in chips) 
Seat 5: l'm Sound ($25.93 in chips) 
Seat 6: bcflaw ($25.25 in chips) 
marosthebest: posts small blind $0.10
Mahu2021: posts big blind $0.25
*** HOLE CARDS ***
Dealt to Mahu2021 [4c Td]
JustSay-nh: folds 
l'm Sound: folds 
bcflaw: raises $0.31 to $0.56
toymaster1989: folds 
marosthebest: raises $1.69 to $2.25
Mahu2021: folds 
bcflaw: folds 
Uncalled bet ($1.69) returned to marosthebest
marosthebest collected $1.37 from pot
marosthebest: doesn't show hand 
*** SUMMARY ***
Total pot $1.37 | Rake $0 
Seat 1: toymaster1989 (button) folded before Flop (didn't bet)
Seat 2: marosthebest (small blind) collected ($1.37)
Seat 3: Mahu2021 (big blind) folded before Flop
Seat 4: JustSay-nh folded before Flop (didn't bet)
Seat 5: l'm Sound folded before Flop (didn't bet)
Seat 6: bcflaw folded before Flop



PokerStars Zoom Hand #255450779832:  Hold'em No Limit ($0.10/$0.25) - 2025/03/25 21:32:19 CET [2025/03/25 16:32:19 ET]
Table 'Hydra' 6-max Seat #1 is the button
Seat 1: xJackalope ($25.25 in chips) 
Seat 2: Mahu2021 ($7.17 in chips) 
Seat 3: fmarciooliv ($9.88 in chips) 
Seat 4: Overdoxe1 ($34.29 in chips) 
Seat 5: DerFalter1 ($35.90 in chips) 
Seat 6: NotNuttedOnT87 ($27.91 in chips) 
Mahu2021: posts small blind $0.10
fmarciooliv: posts big blind $0.25
*** HOLE CARDS ***
Dealt to Mahu2021 [Kh Ac]
Overdoxe1: folds 
DerFalter1: folds 
NotNuttedOnT87: folds 
xJackalope: folds 
Mahu2021: raises $0.50 to $0.75
fmarciooliv: folds 
Uncalled bet ($0.50) returned to Mahu2021
Mahu2021 collected $0.50 from pot
Mahu2021: doesn't show hand 
*** SUMMARY ***
Total pot $0.50 | Rake $0 
Seat 1: xJackalope (button) folded before Flop (didn't bet)
Seat 2: Mahu2021 (small blind) collected ($0.50)
Seat 3: fmarciooliv (big blind) folded before Flop
Seat 4: Overdoxe1 folded before Flop (didn't bet)
Seat 5: DerFalter1 folded before Flop (didn't bet)
Seat 6: NotNuttedOnT87 folded before Flop (didn't bet)



PokerStars Zoom Hand #255450787084:  Hold'em No Limit ($0.10/$0.25) - 2025/03/25 21:32:43 CET [2025/03/25 16:32:43 ET]
Table 'Hydra' 6-max Seat #1 is the button
Seat 1: Mahu2021 ($7.42 in chips) 
Seat 2: bcflaw ($27.23 in chips) 
Seat 3: sssehc ($25.81 in chips) 
Seat 4: julpuj ($29.93 in chips) 
Seat 5: 1Lish ($25.10 in chips) 
Seat 6: topax76 ($24.30 in chips) 
bcflaw: posts small blind $0.10
sssehc: posts big blind $0.25
*** HOLE CARDS ***
Dealt to Mahu2021 [2c Ac]
julpuj: folds 
1Lish: raises $0.37 to $0.62
topax76: folds 
Mahu2021: calls $0.62
bcflaw: folds 
sssehc: raises $3.88 to $4.50
1Lish: folds 
Mahu2021: folds 
Uncalled bet ($3.88) returned to sssehc
sssehc collected $1.96 from pot
sssehc: doesn't show hand 
*** SUMMARY ***
Total pot $1.96 | Rake $0 
Seat 1: Mahu2021 (button) folded before Flop
Seat 2: bcflaw (small blind) folded before Flop
Seat 3: sssehc (big blind) collected ($1.96)
Seat 4: julpuj folded before Flop (didn't bet)
Seat 5: 1Lish folded before Flop
Seat 6: topax76 folded before Flop (didn't bet)



PokerStars Zoom Hand #255450785882:  Hold'em No Limit ($0.10/$0.25) - 2025/03/25 21:32:39 CET [2025/03/25 16:32:39 ET]
Table 'Hydra' 6-max Seat #1 is the button
Seat 1: planearth ($32.83 in chips) 
Seat 2: fmarciooliv ($9.63 in chips) 
Seat 3: Dayasael ($61.56 in chips) 
Seat 4: Mahu2021 ($7.42 in chips) 
Seat 5: DannyLennon ($92.32 in chips) 
Seat 6: nevir69 ($25.64 in chips) 
fmarciooliv: posts small blind $0.10
Dayasael: posts big blind $0.25
*** HOLE CARDS ***
Dealt to Mahu2021 [5d 8d]
Mahu2021: folds 
DannyLennon: folds 
nevir69: folds 
planearth: raises $0.35 to $0.60
fmarciooliv: folds 
Dayasael: calls $0.35
*** FLOP *** [7s Jd 9d]
Dayasael: checks 
planearth: bets $0.41
Dayasael: folds 
Uncalled bet ($0.41) returned to planearth
planearth collected $1.24 from pot
planearth: doesn't show hand 
*** SUMMARY ***
Total pot $1.30 | Rake $0.06 
Board [7s Jd 9d]
Seat 1: planearth (button) collected ($1.24)
Seat 2: fmarciooliv (small blind) folded before Flop
Seat 3: Dayasael (big blind) folded on the Flop
Seat 4: Mahu2021 folded before Flop (didn't bet)
Seat 5: DannyLennon folded before Flop (didn't bet)
Seat 6: nevir69 folded before Flop (didn't bet)



PokerStars Zoom Hand #255450784939:  Hold'em No Limit ($0.10/$0.25) - 2025/03/25 21:32:36 CET [2025/03/25 16:32:36 ET]
Table 'Hydra' 6-max Seat #1 is the button
Seat 1: BumHuntKing ($25 in chips) 
Seat 2: YouBetterFold11 ($25.27 in chips) 
Seat 3: fuzl74 ($66.96 in chips) 
Seat 4: knerrad29 ($25 in chips) 
Seat 5: Mahu2021 ($7.42 in chips) 
Seat 6: LUC1NhO ($34.34 in chips) 
YouBetterFold11: posts small blind $0.10
fuzl74: posts big blind $0.25
*** HOLE CARDS ***
Dealt to Mahu2021 [9h 7c]
knerrad29: folds 
Mahu2021: folds 
LUC1NhO: raises $0.37 to $0.62
BumHuntKing: folds 
YouBetterFold11: folds 
fuzl74: calls $0.37
*** FLOP *** [Ac Qd Ah]
fuzl74: checks 
LUC1NhO: checks 
*** TURN *** [Ac Qd Ah] [Ts]
fuzl74: checks 
LUC1NhO: checks 
*** RIVER *** [Ac Qd Ah Ts] [3s]
fuzl74: checks 
LUC1NhO: checks 
*** SHOW DOWN ***
fuzl74: shows [Td 4d] (two pair, Aces and Tens)
LUC1NhO: mucks hand 
fuzl74 collected $1.28 from pot
*** SUMMARY ***
Total pot $1.34 | Rake $0.06 
Board [Ac Qd Ah Ts 3s]
Seat 1: BumHuntKing (button) folded before Flop (didn't bet)
Seat 2: YouBetterFold11 (small blind) folded before Flop
Seat 3: fuzl74 (big blind) showed [Td 4d] and won ($1.28) with two pair, Aces and Tens
Seat 4: knerrad29 folded before Flop (didn't bet)
Seat 5: Mahu2021 folded before Flop (didn't bet)
Seat 6: LUC1NhO mucked [7s 7d]



PokerStars Zoom Hand #255450800021:  Hold'em No Limit ($0.10/$0.25) - 2025/03/25 21:33:26 CET [2025/03/25 16:33:26 ET]
Table 'Hydra' 6-max Seat #1 is the button
Seat 1: redsy22 ($51.08 in chips) 
Seat 2: NotNuttedOnT87 ($26.21 in chips) 
Seat 3: gmansilva ($25.70 in chips) 
Seat 4: Mahu2021 ($6.45 in chips) 
Seat 5: AleJunior001 ($52.26 in chips) 
Seat 6: CarlitosENP ($58.77 in chips) 
NotNuttedOnT87: posts small blind $0.10
gmansilva: posts big blind $0.25
*** HOLE CARDS ***
Dealt to Mahu2021 [As Qc]
Mahu2021: raises $0.45 to $0.70
AleJunior001: folds 
CarlitosENP: folds 
redsy22: folds 
NotNuttedOnT87: folds 
gmansilva: folds 
Uncalled bet ($0.45) returned to Mahu2021
Mahu2021 collected $0.60 from pot
Mahu2021: doesn't show hand 
*** SUMMARY ***
Total pot $0.60 | Rake $0 
Seat 1: redsy22 (button) folded before Flop (didn't bet)
Seat 2: NotNuttedOnT87 (small blind) folded before Flop
Seat 3: gmansilva (big blind) folded before Flop
Seat 4: Mahu2021 collected ($0.60)
Seat 5: AleJunior001 folded before Flop (didn't bet)
Seat 6: CarlitosENP folded before Flop (didn't bet)



PokerStars Zoom Hand #255450799184:  Hold'em No Limit ($0.10/$0.25) - 2025/03/25 21:33:23 CET [2025/03/25 16:33:23 ET]
Table 'Hydra' 6-max Seat #1 is the button
Seat 1: GuigaMan ($27.70 in chips) 
Seat 2: Mahu2021 ($6.55 in chips) 
Seat 3: bcflaw ($25 in chips) 
Seat 4: shizlebid ($12.16 in chips) 
Seat 5: gmansilva ($25.70 in chips) 
Seat 6: 90210karolek ($22.89 in chips) 
Mahu2021: posts small blind $0.10
bcflaw: posts big blind $0.25
*** HOLE CARDS ***
Dealt to Mahu2021 [9c Js]
shizlebid: raises $0.50 to $0.75
gmansilva: folds 
90210karolek: folds 
GuigaMan: folds 
Mahu2021: folds 
bcflaw: calls $0.50
*** FLOP *** [8h Kh 2d]
bcflaw: checks 
shizlebid: bets $11.41 and is all-in
bcflaw: folds 
Uncalled bet ($11.41) returned to shizlebid
shizlebid collected $1.53 from pot
shizlebid: doesn't show hand 
*** SUMMARY ***
Total pot $1.60 | Rake $0.07 
Board [8h Kh 2d]
Seat 1: GuigaMan (button) folded before Flop (didn't bet)
Seat 2: Mahu2021 (small blind) folded before Flop
Seat 3: bcflaw (big blind) folded on the Flop
Seat 4: shizlebid collected ($1.53)
Seat 5: gmansilva folded before Flop (didn't bet)
Seat 6: 90210karolek folded before Flop (didn't bet)



PokerStars Zoom Hand #255450808307:  Hold'em No Limit ($0.10/$0.25) - 2025/03/25 21:33:53 CET [2025/03/25 16:33:53 ET]
Table 'Hydra' 6-max Seat #1 is the button
Seat 1: Mahu2021 ($6.80 in chips) 
Seat 2: LUC1NhO ($37.77 in chips) 
Seat 3: shizlebid ($12.94 in chips) 
Seat 4: GuigaMan ($25.10 in chips) 
Seat 5: 1Lish ($27.51 in chips) 
Seat 6: DannyLennon ($108.10 in chips) 
LUC1NhO: posts small blind $0.10
shizlebid: posts big blind $0.25
*** HOLE CARDS ***
Dealt to Mahu2021 [6c Ac]
GuigaMan: folds 
1Lish: folds 
DannyLennon: folds 
Mahu2021: raises $0.50 to $0.75
LUC1NhO: folds 
shizlebid: calls $0.50
*** FLOP *** [4s 8h Ts]
shizlebid: checks 
Mahu2021: checks 
*** TURN *** [4s 8h Ts] [5c]
shizlebid: bets $1.53
Mahu2021: folds 
Uncalled bet ($1.53) returned to shizlebid
shizlebid collected $1.53 from pot
shizlebid: doesn't show hand 
*** SUMMARY ***
Total pot $1.60 | Rake $0.07 
Board [4s 8h Ts 5c]
Seat 1: Mahu2021 (button) folded on the Turn
Seat 2: LUC1NhO (small blind) folded before Flop
Seat 3: shizlebid (big blind) collected ($1.53)
Seat 4: GuigaMan folded before Flop (didn't bet)
Seat 5: 1Lish folded before Flop (didn't bet)
Seat 6: DannyLennon folded before Flop (didn't bet)



PokerStars Zoom Hand #255450798088:  Hold'em No Limit ($0.10/$0.25) - 2025/03/25 21:33:19 CET [2025/03/25 16:33:19 ET]
Table 'Hydra' 6-max Seat #1 is the button
Seat 1: luckman117 ($11.90 in chips) 
Seat 2: planearth ($25.10 in chips) 
Seat 3: sssehc ($25.95 in chips) 
Seat 4: thorindorf ($20.95 in chips) 
Seat 5: 90210karolek ($22.89 in chips) 
Seat 6: Mahu2021 ($6.55 in chips) 
planearth: posts small blind $0.10
sssehc: posts big blind $0.25
*** HOLE CARDS ***
Dealt to Mahu2021 [7s 4s]
thorindorf: folds 
90210karolek: folds 
Mahu2021: folds 
luckman117: folds 
planearth: raises $0.50 to $0.75
sssehc: raises $1.80 to $2.55
planearth: raises $2.95 to $5.50
sssehc: calls $2.95
*** FLOP *** [Jc Jh 4h]
planearth: bets $2.75
sssehc: raises $4.25 to $7
planearth: calls $4.25
*** TURN *** [Jc Jh 4h] [4d]
planearth: checks 
sssehc: bets $13.45 and is all-in
planearth: calls $12.60 and is all-in
Uncalled bet ($0.85) returned to sssehc
*** FIRST RIVER *** [Jc Jh 4h 4d] [6c]
*** SECOND RIVER *** [Jc Jh 4h 4d] [Kc]
*** FIRST SHOW DOWN ***
planearth: shows [Js Jd] (four of a kind, Jacks)
sssehc: shows [As Ah] (two pair, Aces and Jacks)
planearth collected $24.10 from pot
*** SECOND SHOW DOWN ***
planearth: shows [Js Jd] (four of a kind, Jacks)
sssehc: shows [As Ah] (two pair, Aces and Jacks)
planearth collected $24.10 from pot
*** SUMMARY ***
Total pot $50.20 | Rake $2 
Hand was run twice
FIRST Board [Jc Jh 4h 4d 6c]
SECOND Board [Jc Jh 4h 4d Kc]
Seat 1: luckman117 (button) folded before Flop (didn't bet)
Seat 2: planearth (small blind) showed [Js Jd] and won ($24.10) with four of a kind, Jacks, and won ($24.10) with four of a kind, Jacks
Seat 3: sssehc (big blind) showed [As Ah] and lost with two pair, Aces and Jacks, and lost with two pair, Aces and Jacks
Seat 4: thorindorf folded before Flop (didn't bet)
Seat 5: 90210karolek folded before Flop (didn't bet)
Seat 6: Mahu2021 folded before Flop (didn't bet)



PokerStars Zoom Hand #255450793995:  Hold'em No Limit ($0.10/$0.25) - 2025/03/25 21:33:06 CET [2025/03/25 16:33:06 ET]
Table 'Hydra' 6-max Seat #1 is the button
Seat 1: ruffhund1 ($35.72 in chips) 
Seat 2: houlichan ($39.14 in chips) 
Seat 3: Mahu2021 ($6.80 in chips) 
Seat 4: hesus78 ($63.74 in chips) 
Seat 5: BumHuntKing ($29.91 in chips) 
Seat 6: soclose19 ($24.13 in chips) 
houlichan: posts small blind $0.10
Mahu2021: posts big blind $0.25
*** HOLE CARDS ***
Dealt to Mahu2021 [2s 6h]
hesus78: folds 
BumHuntKing: folds 
soclose19: raises $0.40 to $0.65
ruffhund1: calls $0.65
houlichan: raises $2.85 to $3.50
Mahu2021: folds 
soclose19: folds 
ruffhund1: calls $2.85
*** FLOP *** [7h 5h 6s]
houlichan: checks 
ruffhund1: bets $3.77
houlichan: calls $3.77
*** TURN *** [7h 5h 6s] [8c]
houlichan: checks 
ruffhund1: bets $8.10
houlichan: folds 
Uncalled bet ($8.10) returned to ruffhund1
ruffhund1 collected $14.75 from pot
ruffhund1: doesn't show hand 
*** SUMMARY ***
Total pot $15.44 | Rake $0.69 
Board [7h 5h 6s 8c]
Seat 1: ruffhund1 (button) collected ($14.75)
Seat 2: houlichan (small blind) folded on the Turn
Seat 3: Mahu2021 (big blind) folded before Flop
Seat 4: hesus78 folded before Flop (didn't bet)
Seat 5: BumHuntKing folded before Flop (didn't bet)
Seat 6: soclose19 folded before Flop



PokerStars Zoom Hand #255450818529:  Hold'em No Limit ($0.10/$0.25) - 2025/03/25 21:34:27 CET [2025/03/25 16:34:27 ET]
Table 'Hydra' 6-max Seat #1 is the button
Seat 1: BellaCiao45 ($71.71 in chips) 
Seat 2: Thecrab666 ($11.49 in chips) 
Seat 3: anders54 ($26.24 in chips) 
Seat 4: Mahu2021 ($6.05 in chips) 
Seat 5: 1Lish ($25 in chips) 
Seat 6: Overdoxe1 ($32.12 in chips) 
Thecrab666: posts small blind $0.10
anders54: posts big blind $0.25
*** HOLE CARDS ***
Dealt to Mahu2021 [9c Ac]
Mahu2021: raises $0.30 to $0.55
1Lish: folds 
Overdoxe1: folds 
BellaCiao45: folds 
Thecrab666: folds 
anders54: calls $0.30
*** FLOP *** [Ah 7s Jh]
anders54: checks 
Mahu2021: bets $1.15
anders54: folds 
Uncalled bet ($1.15) returned to Mahu2021
Mahu2021 collected $1.15 from pot
Mahu2021: doesn't show hand 
*** SUMMARY ***
Total pot $1.20 | Rake $0.05 
Board [Ah 7s Jh]
Seat 1: BellaCiao45 (button) folded before Flop (didn't bet)
Seat 2: Thecrab666 (small blind) folded before Flop
Seat 3: anders54 (big blind) folded on the Flop
Seat 4: Mahu2021 collected ($1.15)
Seat 5: 1Lish folded before Flop (didn't bet)
Seat 6: Overdoxe1 folded before Flop (didn't bet)



PokerStars Zoom Hand #255450828265:  Hold'em No Limit ($0.10/$0.25) - 2025/03/25 21:34:59 CET [2025/03/25 16:34:59 ET]
Table 'Hydra' 6-max Seat #1 is the button
Seat 1: jjseho ($25.10 in chips) 
Seat 2: benyie ($35.18 in chips) 
Seat 3: BadAl136 ($19.67 in chips) 
Seat 4: marosthebest ($40.01 in chips) 
Seat 5: Mahu2021 ($6.65 in chips) 
Seat 6: nerd90481 ($20.29 in chips) 
benyie: posts small blind $0.10
BadAl136: posts big blind $0.25
*** HOLE CARDS ***
Dealt to Mahu2021 [8c 2s]
marosthebest: folds 
Mahu2021: folds 
nerd90481: folds 
jjseho: folds 
benyie: folds 
Uncalled bet ($0.15) returned to BadAl136
BadAl136 collected $0.20 from pot
BadAl136: doesn't show hand 
*** SUMMARY ***
Total pot $0.20 | Rake $0 
Seat 1: jjseho (button) folded before Flop (didn't bet)
Seat 2: benyie (small blind) folded before Flop
Seat 3: BadAl136 (big blind) collected ($0.20)
Seat 4: marosthebest folded before Flop (didn't bet)
Seat 5: Mahu2021 folded before Flop (didn't bet)
Seat 6: nerd90481 folded before Flop (didn't bet)



PokerStars Zoom Hand #255450832823:  Hold'em No Limit ($0.10/$0.25) - 2025/03/25 21:35:14 CET [2025/03/25 16:35:14 ET]
Table 'Hydra' 6-max Seat #1 is the button
Seat 1: Mahu2021 ($6.40 in chips) 
Seat 2: anders54 ($40.43 in chips) 
Seat 3: Franceyyyy ($32.55 in chips) 
Seat 4: ruffhund1 ($43.10 in chips) 
Seat 5: Proxi_rox ($20.88 in chips) 
Seat 6: wasq001 ($40.70 in chips) 
anders54: posts small blind $0.10
Franceyyyy: posts big blind $0.25
*** HOLE CARDS ***
Dealt to Mahu2021 [2h Tc]
ruffhund1: folds 
Proxi_rox: folds 
wasq001: folds 
Mahu2021: folds 
anders54: raises $0.50 to $0.75
Franceyyyy: folds 
Uncalled bet ($0.50) returned to anders54
anders54 collected $0.50 from pot
anders54: doesn't show hand 
*** SUMMARY ***
Total pot $0.50 | Rake $0 
Seat 1: Mahu2021 (button) folded before Flop (didn't bet)
Seat 2: anders54 (small blind) collected ($0.50)
Seat 3: Franceyyyy (big blind) folded before Flop
Seat 4: ruffhund1 folded before Flop (didn't bet)
Seat 5: Proxi_rox folded before Flop (didn't bet)
Seat 6: wasq001 folded before Flop (didn't bet)



PokerStars Zoom Hand #255450835286:  Hold'em No Limit ($0.10/$0.25) - 2025/03/25 21:35:22 CET [2025/03/25 16:35:22 ET]
Table 'Hydra' 6-max Seat #1 is the button
Seat 1: mativan ($28.38 in chips) 
Seat 2: toymaster1989 ($25.35 in chips) 
Seat 3: sssehc ($29.02 in chips) 
Seat 4: brsbrs2015 ($16.62 in chips) 
Seat 5: royalbush1 ($15.55 in chips) 
Seat 6: Mahu2021 ($6.30 in chips) 
toymaster1989: posts small blind $0.10
sssehc: posts big blind $0.25
*** HOLE CARDS ***
Dealt to Mahu2021 [Tc 7h]
brsbrs2015: folds 
royalbush1: folds 
Mahu2021: folds 
mativan: raises $0.60 to $0.85
toymaster1989: folds 
sssehc: folds 
Uncalled bet ($0.60) returned to mativan
mativan collected $0.60 from pot
mativan: doesn't show hand 
*** SUMMARY ***
Total pot $0.60 | Rake $0 
Seat 1: mativan (button) collected ($0.60)
Seat 2: toymaster1989 (small blind) folded before Flop
Seat 3: sssehc (big blind) folded before Flop
Seat 4: brsbrs2015 folded before Flop (didn't bet)
Seat 5: royalbush1 folded before Flop (didn't bet)
Seat 6: Mahu2021 folded before Flop (didn't bet)



PokerStars Zoom Hand #255450829781:  Hold'em No Limit ($0.10/$0.25) - 2025/03/25 21:35:04 CET [2025/03/25 16:35:04 ET]
Table 'Hydra' 6-max Seat #1 is the button
Seat 1: GuigaMan ($25 in chips) 
Seat 2: VitorArj ($28.44 in chips) 
Seat 3: Franceyyyy ($37.97 in chips) 
Seat 4: DannyLennon ($26.26 in chips) 
Seat 5: sssehc ($27.60 in chips) 
Seat 6: Mahu2021 ($6.65 in chips) 
VitorArj: posts small blind $0.10
Franceyyyy: posts big blind $0.25
*** HOLE CARDS ***
Dealt to Mahu2021 [Th Jc]
DannyLennon: raises $0.25 to $0.50
sssehc: folds 
Mahu2021: folds 
GuigaMan: folds 
VitorArj: folds 
Franceyyyy: calls $0.25
*** FLOP *** [3s Tc 4d]
Franceyyyy: checks 
DannyLennon: checks 
*** TURN *** [3s Tc 4d] [Js]
Franceyyyy: checks 
DannyLennon: bets $0.74
Franceyyyy: calls $0.74
*** RIVER *** [3s Tc 4d Js] [8d]
Franceyyyy: checks 
DannyLennon: bets $1.72
Franceyyyy: folds 
Uncalled bet ($1.72) returned to DannyLennon
DannyLennon collected $2.46 from pot
DannyLennon: doesn't show hand 
*** SUMMARY ***
Total pot $2.58 | Rake $0.12 
Board [3s Tc 4d Js 8d]
Seat 1: GuigaMan (button) folded before Flop (didn't bet)
Seat 2: VitorArj (small blind) folded before Flop
Seat 3: Franceyyyy (big blind) folded on the River
Seat 4: DannyLennon collected ($2.46)
Seat 5: sssehc folded before Flop (didn't bet)
Seat 6: Mahu2021 folded before Flop (didn't bet)



PokerStars Zoom Hand #255450837702:  Hold'em No Limit ($0.10/$0.25) - 2025/03/25 21:35:31 CET [2025/03/25 16:35:31 ET]
Table 'Hydra' 6-max Seat #1 is the button
Seat 1: sssehc ($26.51 in chips) 
Seat 2: marosthebest ($40.36 in chips) 
Seat 3: brsbrs2015 ($16.62 in chips) 
Seat 4: TaiNoSen ($48.09 in chips) 
Seat 5: Mahu2021 ($6.30 in chips) 
Seat 6: redsy22 ($25 in chips) 
marosthebest: posts small blind $0.10
brsbrs2015: posts big blind $0.25
*** HOLE CARDS ***
Dealt to Mahu2021 [4s 9c]
TaiNoSen: folds 
Mahu2021: folds 
redsy22: raises $0.35 to $0.60
sssehc: folds 
marosthebest: folds 
brsbrs2015: folds 
Uncalled bet ($0.35) returned to redsy22
redsy22 collected $0.60 from pot
redsy22: doesn't show hand 
*** SUMMARY ***
Total pot $0.60 | Rake $0 
Seat 1: sssehc (button) folded before Flop (didn't bet)
Seat 2: marosthebest (small blind) folded before Flop
Seat 3: brsbrs2015 (big blind) folded before Flop
Seat 4: TaiNoSen folded before Flop (didn't bet)
Seat 5: Mahu2021 folded before Flop (didn't bet)
Seat 6: redsy22 collected ($0.60)



PokerStars Zoom Hand #255450836358:  Hold'em No Limit ($0.10/$0.25) - 2025/03/25 21:35:26 CET [2025/03/25 16:35:26 ET]
Table 'Hydra' 6-max Seat #1 is the button
Seat 1: alexandro385738 ($58.72 in chips) 
Seat 2: thorindorf ($19.60 in chips) 
Seat 3: AleJunior001 ($49.99 in chips) 
Seat 4: Mahu2021 ($6.30 in chips) 
Seat 5: sssehc ($25 in chips) 
Seat 6: HeabuxTo ($25 in chips) 
thorindorf: posts small blind $0.10
AleJunior001: posts big blind $0.25
*** HOLE CARDS ***
Dealt to Mahu2021 [6d 8s]
Mahu2021: folds 
sssehc: folds 
HeabuxTo: folds 
alexandro385738 has timed out
alexandro385738: folds 
thorindorf: folds 
Uncalled bet ($0.15) returned to AleJunior001
AleJunior001 collected $0.20 from pot
AleJunior001: doesn't show hand 
*** SUMMARY ***
Total pot $0.20 | Rake $0 
Seat 1: alexandro385738 (button) folded before Flop (didn't bet)
Seat 2: thorindorf (small blind) folded before Flop
Seat 3: AleJunior001 (big blind) collected ($0.20)
Seat 4: Mahu2021 folded before Flop (didn't bet)
Seat 5: sssehc folded before Flop (didn't bet)
Seat 6: HeabuxTo folded before Flop (didn't bet)



PokerStars Zoom Hand #255450831516:  Hold'em No Limit ($0.10/$0.25) - 2025/03/25 21:35:10 CET [2025/03/25 16:35:10 ET]
Table 'Hydra' 6-max Seat #1 is the button
Seat 1: NotNuttedOnT87 ($25 in chips) 
Seat 2: DerFalter1 ($38.87 in chips) 
Seat 3: Mahu2021 ($6.65 in chips) 
Seat 4: xJackalope ($25.81 in chips) 
Seat 5: fmarciooliv ($8.83 in chips) 
Seat 6: sssehc ($29.02 in chips) 
DerFalter1: posts small blind $0.10
Mahu2021: posts big blind $0.25
*** HOLE CARDS ***
Dealt to Mahu2021 [4s 6h]
xJackalope: raises $0.27 to $0.52
fmarciooliv: raises $0.48 to $1
sssehc: folds 
NotNuttedOnT87: folds 
DerFalter1: calls $0.90
Mahu2021: folds 
xJackalope: folds 
*** FLOP *** [9s Kd 8d]
DerFalter1: checks 
fmarciooliv: bets $1.75
DerFalter1: calls $1.75
*** TURN *** [9s Kd 8d] [2s]
DerFalter1: checks 
fmarciooliv: bets $3
DerFalter1: raises $8.39 to $11.39
fmarciooliv: calls $3.08 and is all-in
Uncalled bet ($5.31) returned to DerFalter1
*** RIVER *** [9s Kd 8d 2s] [4c]
*** SHOW DOWN ***
DerFalter1: shows [Ts Js] (high card King)
fmarciooliv: shows [Kh Kc] (three of a kind, Kings)
fmarciooliv cashed out the hand for $12.14 | Cash Out Fee $0.25
*** SUMMARY ***
Total pot $18.43 | Rake $0.83 
Board [9s Kd 8d 2s 4c]
Seat 1: NotNuttedOnT87 (button) folded before Flop (didn't bet)
Seat 2: DerFalter1 (small blind) showed [Ts Js] and lost with high card King
Seat 3: Mahu2021 (big blind) folded before Flop
Seat 4: xJackalope folded before Flop
Seat 5: fmarciooliv showed [Kh Kc] and won ($17.60) with three of a kind, Kings (pot not awarded as player cashed out)
Seat 6: sssehc folded before Flop (didn't bet)



PokerStars Zoom Hand #255450834029:  Hold'em No Limit ($0.10/$0.25) - 2025/03/25 21:35:18 CET [2025/03/25 16:35:18 ET]
Table 'Hydra' 6-max Seat #1 is the button
Seat 1: sssehc ($25 in chips) 
Seat 2: Mahu2021 ($6.40 in chips) 
Seat 3: benyie ($25 in chips) 
Seat 4: marosthebest ($75.52 in chips) 
Seat 5: Paha leshi ($49.69 in chips) 
Seat 6: YouBetterFold11 ($39.63 in chips) 
Mahu2021: posts small blind $0.10
benyie: posts big blind $0.25
*** HOLE CARDS ***
Dealt to Mahu2021 [7d 3d]
marosthebest: folds 
Paha leshi: raises $0.35 to $0.60
YouBetterFold11: raises $1.27 to $1.87
sssehc: folds 
Mahu2021: folds 
benyie: folds 
Paha leshi: folds 
Uncalled bet ($1.27) returned to YouBetterFold11
YouBetterFold11 collected $1.55 from pot
YouBetterFold11: doesn't show hand 
*** SUMMARY ***
Total pot $1.55 | Rake $0 
Seat 1: sssehc (button) folded before Flop (didn't bet)
Seat 2: Mahu2021 (small blind) folded before Flop
Seat 3: benyie (big blind) folded before Flop
Seat 4: marosthebest folded before Flop (didn't bet)
Seat 5: Paha leshi folded before Flop
Seat 6: YouBetterFold11 collected ($1.55)



PokerStars Zoom Hand #255450838745:  Hold'em No Limit ($0.10/$0.25) - 2025/03/25 21:35:34 CET [2025/03/25 16:35:34 ET]
Table 'Hydra' 6-max Seat #1 is the button
Seat 1: knerrad29 ($37.82 in chips) 
Seat 2: Mahu2021 ($6.30 in chips) 
Seat 3: GuigaMan ($54.41 in chips) 
Seat 4: bcflaw ($25.35 in chips) 
Seat 5: DannyLennon ($27.48 in chips) 
Seat 6: thorindorf ($19.50 in chips) 
Mahu2021: posts small blind $0.10
GuigaMan: posts big blind $0.25
*** HOLE CARDS ***
Dealt to Mahu2021 [Kh Th]
bcflaw: folds 
DannyLennon: folds 
thorindorf: raises $0.50 to $0.75
knerrad29: folds 
Mahu2021: calls $0.65
GuigaMan: raises $3 to $3.75
thorindorf: raises $15.75 to $19.50 and is all-in
Mahu2021: folds 
GuigaMan: folds 
Uncalled bet ($15.75) returned to thorindorf
thorindorf collected $8.25 from pot
thorindorf: doesn't show hand 
*** SUMMARY ***
Total pot $8.25 | Rake $0 
Seat 1: knerrad29 (button) folded before Flop (didn't bet)
Seat 2: Mahu2021 (small blind) folded before Flop
Seat 3: GuigaMan (big blind) folded before Flop
Seat 4: bcflaw folded before Flop (didn't bet)
Seat 5: DannyLennon folded before Flop (didn't bet)
Seat 6: thorindorf collected ($8.25)



PokerStars Zoom Hand #255450845788:  Hold'em No Limit ($0.10/$0.25) - 2025/03/25 21:35:57 CET [2025/03/25 16:35:57 ET]
Table 'Hydra' 6-max Seat #1 is the button
Seat 1: AleJunior001 ($57.71 in chips) 
Seat 2: knerrad29 ($37.82 in chips) 
Seat 3: Mahu2021 ($5.55 in chips) 
Seat 4: YouBetterFold11 ($40.58 in chips) 
Seat 5: benyie ($25 in chips) 
Seat 6: LUC1NhO ($29.33 in chips) 
knerrad29: posts small blind $0.10
Mahu2021: posts big blind $0.25
*** HOLE CARDS ***
Dealt to Mahu2021 [3d 4s]
YouBetterFold11: raises $0.35 to $0.60
benyie: calls $0.60
LUC1NhO: folds 
AleJunior001: raises $2.02 to $2.62
knerrad29: folds 
Mahu2021: folds 
YouBetterFold11: folds 
benyie: folds 
Uncalled bet ($2.02) returned to AleJunior001
AleJunior001 collected $2.15 from pot
AleJunior001: doesn't show hand 
*** SUMMARY ***
Total pot $2.15 | Rake $0 
Seat 1: AleJunior001 (button) collected ($2.15)
Seat 2: knerrad29 (small blind) folded before Flop
Seat 3: Mahu2021 (big blind) folded before Flop
Seat 4: YouBetterFold11 folded before Flop
Seat 5: benyie folded before Flop
Seat 6: LUC1NhO folded before Flop (didn't bet)



PokerStars Zoom Hand #255450851295:  Hold'em No Limit ($0.10/$0.25) - 2025/03/25 21:36:16 CET [2025/03/25 16:36:16 ET]
Table 'Hydra' 6-max Seat #1 is the button
Seat 1: chirak1982 ($12.29 in chips) 
Seat 2: VitorArj ($29.06 in chips) 
Seat 3: thorindorf ($24 in chips) 
Seat 4: redsy22 ($25 in chips) 
Seat 5: Mahu2021 ($5.30 in chips) 
Seat 6: Sincere_DS ($25 in chips) 
VitorArj: posts small blind $0.10
thorindorf: posts big blind $0.25
*** HOLE CARDS ***
Dealt to Mahu2021 [9h 9c]
redsy22: folds 
Mahu2021: raises $0.25 to $0.50
Sincere_DS: raises $1 to $1.50
chirak1982: folds 
VitorArj: folds 
thorindorf: folds 
Mahu2021: raises $3.80 to $5.30 and is all-in
Sincere_DS: calls $3.80
Sincere_DS has timed out
*** FLOP *** [7d Jh 5h]
*** TURN *** [7d Jh 5h] [Qh]
*** RIVER *** [7d Jh 5h Qh] [2s]
*** SHOW DOWN ***
Mahu2021: shows [9h 9c] (a pair of Nines)
Sincere_DS: shows [Qc Ah] (a pair of Queens)
Sincere_DS collected $10.46 from pot
*** SUMMARY ***
Total pot $10.95 | Rake $0.49 
Board [7d Jh 5h Qh 2s]
Seat 1: chirak1982 (button) folded before Flop (didn't bet)
Seat 2: VitorArj (small blind) folded before Flop
Seat 3: thorindorf (big blind) folded before Flop
Seat 4: redsy22 folded before Flop (didn't bet)
Seat 5: Mahu2021 showed [9h 9c] and lost with a pair of Nines
Seat 6: Sincere_DS showed [Qc Ah] and won ($10.46) with a pair of Queens



