PokerStars Zoom Hand #255815455633:  Hold'em No Limit ($0.05/$0.10) - 2025/04/20 18:23:56 CET [2025/04/20 12:23:56 ET]
Table 'Aludra' 6-max Seat #1 is the button
Seat 1: Guten3213 ($10.13 in chips) 
Seat 2: TooManyZoooz ($11.45 in chips) 
Seat 3: Mahu2021 ($10 in chips) 
Seat 4: THMN30 ($21.67 in chips) 
Seat 5: Kettensaege ($6.54 in chips) 
Seat 6: SmartBubble ($11.61 in chips) 
TooManyZoooz: posts small blind $0.05
Mahu2021: posts big blind $0.10
*** HOLE CARDS ***
Dealt to Mahu2021 [5c 9s]
THMN30: folds 
Kettensaege: folds 
SmartBubble: raises $0.20 to $0.30
Guten3213: folds 
TooManyZoooz: folds 
Mahu2021: folds 
Uncalled bet ($0.20) returned to SmartBubble
SmartBubble collected $0.25 from pot
SmartBubble: doesn't show hand 
*** SUMMARY ***
Total pot $0.25 | Rake $0 
Seat 1: Guten3213 (button) folded before Flop (didn't bet)
Seat 2: TooManyZoooz (small blind) folded before Flop
Seat 3: Mahu2021 (big blind) folded before Flop
Seat 4: THMN30 folded before Flop (didn't bet)
Seat 5: Kettensaege folded before Flop (didn't bet)
Seat 6: SmartBubble collected ($0.25)



PokerStars Zoom Hand #255815457693:  Hold'em No Limit ($0.05/$0.10) - 2025/04/20 18:24:05 CET [2025/04/20 12:24:05 ET]
Table 'Aludra' 6-max Seat #1 is the button
Seat 1: ivanpashov ($8.59 in chips) 
Seat 2: Mahu2021 ($9.90 in chips) 
Seat 3: JSDTRP-03 ($14.42 in chips) 
Seat 4: NJWMX ($10 in chips) 
Seat 5: Baratrum777 ($10.27 in chips) 
Seat 6: aleksandersalu ($24.44 in chips) 
Mahu2021: posts small blind $0.05
JSDTRP-03: posts big blind $0.10
*** HOLE CARDS ***
Dealt to Mahu2021 [8c 9s]
NJWMX: raises $0.15 to $0.25
Baratrum777: folds 
aleksandersalu: folds 
ivanpashov: folds 
Mahu2021: folds 
JSDTRP-03: folds 
Uncalled bet ($0.15) returned to NJWMX
NJWMX collected $0.25 from pot
NJWMX: doesn't show hand 
*** SUMMARY ***
Total pot $0.25 | Rake $0 
Seat 1: ivanpashov (button) folded before Flop (didn't bet)
Seat 2: Mahu2021 (small blind) folded before Flop
Seat 3: JSDTRP-03 (big blind) folded before Flop
Seat 4: NJWMX collected ($0.25)
Seat 5: Baratrum777 folded before Flop (didn't bet)
Seat 6: aleksandersalu folded before Flop (didn't bet)



PokerStars Zoom Hand #255815458587:  Hold'em No Limit ($0.05/$0.10) - 2025/04/20 18:24:08 CET [2025/04/20 12:24:08 ET]
Table 'Aludra' 6-max Seat #1 is the button
Seat 1: Mahu2021 ($9.85 in chips) 
Seat 2: SmartBubble ($11.76 in chips) 
Seat 3: teebeutel16 ($4.13 in chips) 
Seat 4: xristosk96 ($10.35 in chips) 
Seat 5: jksgoodgz ($12.68 in chips) 
Seat 6: Vadim91_blr ($37.43 in chips) 
SmartBubble: posts small blind $0.05
teebeutel16: posts big blind $0.10
*** HOLE CARDS ***
Dealt to Mahu2021 [9d 9c]
xristosk96: folds 
jksgoodgz: raises $0.10 to $0.20
Vadim91_blr: folds 
Mahu2021: calls $0.20
SmartBubble: raises $0.80 to $1
teebeutel16: folds 
jksgoodgz: folds 
Mahu2021: calls $0.80
*** FLOP *** [7d 6h Ad]
SmartBubble: checks 
Mahu2021: bets $0.90
SmartBubble: folds 
Uncalled bet ($0.90) returned to Mahu2021
Mahu2021 collected $2.20 from pot
Mahu2021: doesn't show hand 
*** SUMMARY ***
Total pot $2.30 | Rake $0.10 
Board [7d 6h Ad]
Seat 1: Mahu2021 (button) collected ($2.20)
Seat 2: SmartBubble (small blind) folded on the Flop
Seat 3: teebeutel16 (big blind) folded before Flop
Seat 4: xristosk96 folded before Flop (didn't bet)
Seat 5: jksgoodgz folded before Flop
Seat 6: Vadim91_blr folded before Flop (didn't bet)



PokerStars Zoom Hand #255815466983:  Hold'em No Limit ($0.05/$0.10) - 2025/04/20 18:24:45 CET [2025/04/20 12:24:45 ET]
Table 'Aludra' 6-max Seat #1 is the button
Seat 1: SPAC Guru ($5.44 in chips) 
Seat 2: Baratrum777 ($13.19 in chips) 
Seat 3: go1025! ($13.10 in chips) 
Seat 4: ivanpashov ($8.63 in chips) 
Seat 5: Mahu2021 ($11.05 in chips) 
Seat 6: Efo951 ($9.76 in chips) 
Baratrum777: posts small blind $0.05
go1025!: posts big blind $0.10
*** HOLE CARDS ***
Dealt to Mahu2021 [5d 9h]
ivanpashov: folds 
Mahu2021: folds 
Efo951: folds 
SPAC Guru: folds 
Baratrum777: folds 
Uncalled bet ($0.05) returned to go1025!
go1025! collected $0.10 from pot
go1025!: doesn't show hand 
*** SUMMARY ***
Total pot $0.10 | Rake $0 
Seat 1: SPAC Guru (button) folded before Flop (didn't bet)
Seat 2: Baratrum777 (small blind) folded before Flop
Seat 3: go1025! (big blind) collected ($0.10)
Seat 4: ivanpashov folded before Flop (didn't bet)
Seat 5: Mahu2021 folded before Flop (didn't bet)
Seat 6: Efo951 folded before Flop (didn't bet)



PokerStars Zoom Hand #255815465841:  Hold'em No Limit ($0.05/$0.10) - 2025/04/20 18:24:40 CET [2025/04/20 12:24:40 ET]
Table 'Aludra' 6-max Seat #1 is the button
Seat 1: THMN30 ($21.52 in chips) 
Seat 2: teebeutel16 ($4.08 in chips) 
Seat 3: clqu ($9.80 in chips) 
Seat 4: go1025! ($13.10 in chips) 
Seat 5: looser00091 ($25.62 in chips) 
Seat 6: Mahu2021 ($11.05 in chips) 
teebeutel16: posts small blind $0.05
clqu: posts big blind $0.10
*** HOLE CARDS ***
Dealt to Mahu2021 [5s 3d]
go1025!: folds 
looser00091: raises $0.15 to $0.25
Mahu2021: folds 
THMN30: raises $0.50 to $0.75
teebeutel16: folds 
clqu: folds 
looser00091: folds 
Uncalled bet ($0.50) returned to THMN30
THMN30 collected $0.65 from pot
THMN30: doesn't show hand 
*** SUMMARY ***
Total pot $0.65 | Rake $0 
Seat 1: THMN30 (button) collected ($0.65)
Seat 2: teebeutel16 (small blind) folded before Flop
Seat 3: clqu (big blind) folded before Flop
Seat 4: go1025! folded before Flop (didn't bet)
Seat 5: looser00091 folded before Flop
Seat 6: Mahu2021 folded before Flop (didn't bet)



PokerStars Zoom Hand #255815471151:  Hold'em No Limit ($0.05/$0.10) - 2025/04/20 18:25:03 CET [2025/04/20 12:25:03 ET]
Table 'Aludra' 6-max Seat #1 is the button
Seat 1: AlMihalich ($4.70 in chips) 
Seat 2: Mahu2021 ($10.95 in chips) 
Seat 3: MrFibstar ($9 in chips) 
Seat 4: strashilisht ($16.27 in chips) 
Seat 5: Smdpair77 ($12.59 in chips) 
Seat 6: openymir ($10.36 in chips) 
Mahu2021: posts small blind $0.05
MrFibstar: posts big blind $0.10
*** HOLE CARDS ***
Dealt to Mahu2021 [8d Jc]
strashilisht: folds 
Smdpair77: folds 
openymir: folds 
AlMihalich: folds 
Mahu2021: folds 
Uncalled bet ($0.05) returned to MrFibstar
MrFibstar collected $0.10 from pot
MrFibstar: doesn't show hand 
*** SUMMARY ***
Total pot $0.10 | Rake $0 
Seat 1: AlMihalich (button) folded before Flop (didn't bet)
Seat 2: Mahu2021 (small blind) folded before Flop
Seat 3: MrFibstar (big blind) collected ($0.10)
Seat 4: strashilisht folded before Flop (didn't bet)
Seat 5: Smdpair77 folded before Flop (didn't bet)
Seat 6: openymir folded before Flop (didn't bet)



PokerStars Zoom Hand #255815472515:  Hold'em No Limit ($0.05/$0.10) - 2025/04/20 18:25:09 CET [2025/04/20 12:25:09 ET]
Table 'Aludra' 6-max Seat #1 is the button
Seat 1: Vadim91_blr ($24.48 in chips) 
Seat 2: xristosk96 ($27.22 in chips) 
Seat 3: mbatsoto ($18.26 in chips) 
Seat 4: NJWMX ($10 in chips) 
Seat 5: Baratrum777 ($10.12 in chips) 
Seat 6: Mahu2021 ($10.90 in chips) 
xristosk96: posts small blind $0.05
mbatsoto: posts big blind $0.10
*** HOLE CARDS ***
Dealt to Mahu2021 [4c Jh]
NJWMX: folds 
Baratrum777: folds 
Mahu2021: folds 
Vadim91_blr: raises $0.10 to $0.20
xristosk96: folds 
mbatsoto: folds 
Uncalled bet ($0.10) returned to Vadim91_blr
Vadim91_blr collected $0.25 from pot
Vadim91_blr: doesn't show hand 
*** SUMMARY ***
Total pot $0.25 | Rake $0 
Seat 1: Vadim91_blr (button) collected ($0.25)
Seat 2: xristosk96 (small blind) folded before Flop
Seat 3: mbatsoto (big blind) folded before Flop
Seat 4: NJWMX folded before Flop (didn't bet)
Seat 5: Baratrum777 folded before Flop (didn't bet)
Seat 6: Mahu2021 folded before Flop (didn't bet)



PokerStars Zoom Hand #255815467781:  Hold'em No Limit ($0.05/$0.10) - 2025/04/20 18:24:48 CET [2025/04/20 12:24:48 ET]
Table 'Aludra' 6-max Seat #1 is the button
Seat 1: Baratrum777 ($10.12 in chips) 
Seat 2: beas7m0de ($14.47 in chips) 
Seat 3: Mahu2021 ($11.05 in chips) 
Seat 4: xristosk96 ($10.77 in chips) 
Seat 5: AkkuRat11 ($9.34 in chips) 
Seat 6: 4CL0V3R ($11.16 in chips) 
beas7m0de: posts small blind $0.05
Mahu2021: posts big blind $0.10
*** HOLE CARDS ***
Dealt to Mahu2021 [6h Kc]
xristosk96: folds 
AkkuRat11: calls $0.10
4CL0V3R: raises $0.30 to $0.40
Baratrum777: folds 
beas7m0de: folds 
Mahu2021: folds 
AkkuRat11: calls $0.30
*** FLOP *** [Kh 7h 9d]
AkkuRat11: checks 
4CL0V3R: bets $0.46
AkkuRat11: folds 
Uncalled bet ($0.46) returned to 4CL0V3R
4CL0V3R collected $0.91 from pot
4CL0V3R: doesn't show hand 
*** SUMMARY ***
Total pot $0.95 | Rake $0.04 
Board [Kh 7h 9d]
Seat 1: Baratrum777 (button) folded before Flop (didn't bet)
Seat 2: beas7m0de (small blind) folded before Flop
Seat 3: Mahu2021 (big blind) folded before Flop
Seat 4: xristosk96 folded before Flop (didn't bet)
Seat 5: AkkuRat11 folded on the Flop
Seat 6: 4CL0V3R collected ($0.91)



PokerStars Zoom Hand #255815471677:  Hold'em No Limit ($0.05/$0.10) - 2025/04/20 18:25:05 CET [2025/04/20 12:25:05 ET]
Table 'Aludra' 6-max Seat #1 is the button
Seat 1: Mahu2021 ($10.90 in chips) 
Seat 2: teebeutel16 ($4.03 in chips) 
Seat 3: beas7m0de ($14.42 in chips) 
Seat 4: WolcharaAP ($12.28 in chips) 
Seat 5: TimeWarp2006 ($10.55 in chips) 
Seat 6: Baratrum777 ($10.12 in chips) 
teebeutel16: posts small blind $0.05
beas7m0de: posts big blind $0.10
*** HOLE CARDS ***
Dealt to Mahu2021 [3c Jh]
WolcharaAP: raises $0.30 to $0.40
TimeWarp2006: calls $0.40
Baratrum777: folds 
Mahu2021: folds 
teebeutel16: folds 
beas7m0de: folds 
*** FLOP *** [Kc Qc Qs]
WolcharaAP: bets $0.46
TimeWarp2006: folds 
Uncalled bet ($0.46) returned to WolcharaAP
WolcharaAP collected $0.91 from pot
WolcharaAP: doesn't show hand 
*** SUMMARY ***
Total pot $0.95 | Rake $0.04 
Board [Kc Qc Qs]
Seat 1: Mahu2021 (button) folded before Flop (didn't bet)
Seat 2: teebeutel16 (small blind) folded before Flop
Seat 3: beas7m0de (big blind) folded before Flop
Seat 4: WolcharaAP collected ($0.91)
Seat 5: TimeWarp2006 folded on the Flop
Seat 6: Baratrum777 folded before Flop (didn't bet)



PokerStars Zoom Hand #255815474112:  Hold'em No Limit ($0.05/$0.10) - 2025/04/20 18:25:15 CET [2025/04/20 12:25:15 ET]
Table 'Aludra' 6-max Seat #1 is the button
Seat 1: AlexanderSweden ($4.80 in chips) 
Seat 2: Kettensaege ($6.46 in chips) 
Seat 3: teebeutel16 ($3.98 in chips) 
Seat 4: Mahu2021 ($10.90 in chips) 
Seat 5: Smdpair77 ($12.59 in chips) 
Seat 6: JSDTRP-03 ($13.97 in chips) 
Kettensaege: posts small blind $0.05
teebeutel16: posts big blind $0.10
*** HOLE CARDS ***
Dealt to Mahu2021 [3s 7c]
Mahu2021: folds 
Smdpair77: raises $0.20 to $0.30
JSDTRP-03: folds 
AlexanderSweden: folds 
Kettensaege: calls $0.25
teebeutel16: calls $0.20
*** FLOP *** [Ac Kc 5s]
Kettensaege: checks 
teebeutel16: checks 
Smdpair77: bets $0.65
Kettensaege: folds 
teebeutel16: folds 
Uncalled bet ($0.65) returned to Smdpair77
Smdpair77 collected $0.86 from pot
Smdpair77: doesn't show hand 
*** SUMMARY ***
Total pot $0.90 | Rake $0.04 
Board [Ac Kc 5s]
Seat 1: AlexanderSweden (button) folded before Flop (didn't bet)
Seat 2: Kettensaege (small blind) folded on the Flop
Seat 3: teebeutel16 (big blind) folded on the Flop
Seat 4: Mahu2021 folded before Flop (didn't bet)
Seat 5: Smdpair77 collected ($0.86)
Seat 6: JSDTRP-03 folded before Flop (didn't bet)



PokerStars Zoom Hand #255815474958:  Hold'em No Limit ($0.05/$0.10) - 2025/04/20 18:25:19 CET [2025/04/20 12:25:19 ET]
Table 'Aludra' 6-max Seat #1 is the button
Seat 1: Baratrum777 ($10 in chips) 
Seat 2: beas7m0de ($13.31 in chips) 
Seat 3: w4lrusk4ne ($10.83 in chips) 
Seat 4: Mahu2021 ($10.90 in chips) 
Seat 5: THMN30 ($14.76 in chips) 
Seat 6: Tranqville ($10.69 in chips) 
beas7m0de: posts small blind $0.05
w4lrusk4ne: posts big blind $0.10
*** HOLE CARDS ***
Dealt to Mahu2021 [Ad Ts]
Mahu2021: raises $0.10 to $0.20
THMN30: raises $0.40 to $0.60
Tranqville: folds 
Baratrum777: folds 
beas7m0de: folds 
w4lrusk4ne: folds 
Mahu2021: calls $0.40
*** FLOP *** [7h 6d 7d]
Mahu2021: checks 
THMN30: bets $0.43
Mahu2021: folds 
Uncalled bet ($0.43) returned to THMN30
THMN30 collected $1.29 from pot
THMN30: doesn't show hand 
*** SUMMARY ***
Total pot $1.35 | Rake $0.06 
Board [7h 6d 7d]
Seat 1: Baratrum777 (button) folded before Flop (didn't bet)
Seat 2: beas7m0de (small blind) folded before Flop
Seat 3: w4lrusk4ne (big blind) folded before Flop
Seat 4: Mahu2021 folded on the Flop
Seat 5: THMN30 collected ($1.29)
Seat 6: Tranqville folded before Flop (didn't bet)



PokerStars Zoom Hand #255815473486:  Hold'em No Limit ($0.05/$0.10) - 2025/04/20 18:25:13 CET [2025/04/20 12:25:13 ET]
Table 'Aludra' 6-max Seat #1 is the button
Seat 1: NJWMX ($10 in chips) 
Seat 2: loui399 ($9.90 in chips) 
Seat 3: FluidState23 ($22.71 in chips) 
Seat 4: Guten3213 ($11.11 in chips) 
Seat 5: Mahu2021 ($10.90 in chips) 
Seat 6: clqu ($9.65 in chips) 
loui399: posts small blind $0.05
FluidState23: posts big blind $0.10
*** HOLE CARDS ***
Dealt to Mahu2021 [8h Jc]
Guten3213: folds 
Mahu2021: folds 
clqu: folds 
NJWMX: raises $0.15 to $0.25
loui399: calls $0.20
FluidState23: calls $0.15
*** FLOP *** [8s Kh 4c]
loui399: checks 
FluidState23: checks 
NJWMX: bets $0.22
loui399: folds 
FluidState23: raises $0.63 to $0.85
NJWMX: folds 
Uncalled bet ($0.63) returned to FluidState23
FluidState23 collected $1.14 from pot
FluidState23: doesn't show hand 
*** SUMMARY ***
Total pot $1.19 | Rake $0.05 
Board [8s Kh 4c]
Seat 1: NJWMX (button) folded on the Flop
Seat 2: loui399 (small blind) folded on the Flop
Seat 3: FluidState23 (big blind) collected ($1.14)
Seat 4: Guten3213 folded before Flop (didn't bet)
Seat 5: Mahu2021 folded before Flop (didn't bet)
Seat 6: clqu folded before Flop (didn't bet)



PokerStars Zoom Hand #255815482328:  Hold'em No Limit ($0.05/$0.10) - 2025/04/20 18:25:50 CET [2025/04/20 12:25:50 ET]
Table 'Aludra' 6-max Seat #1 is the button
Seat 1: xristosk96 ($10.77 in chips) 
Seat 2: Jimzz94 ($10 in chips) 
Seat 3: Mahu2021 ($10.30 in chips) 
Seat 4: beas7m0de ($13.26 in chips) 
Seat 5: loui399 ($9.65 in chips) 
Seat 6: jksgoodgz ($16.50 in chips) 
Jimzz94: posts small blind $0.05
Mahu2021: posts big blind $0.10
*** HOLE CARDS ***
Dealt to Mahu2021 [As Qs]
beas7m0de: raises $0.15 to $0.25
loui399: folds 
jksgoodgz: folds 
xristosk96: folds 
Jimzz94: folds 
Mahu2021: raises $0.85 to $1.10
beas7m0de: folds 
Uncalled bet ($0.85) returned to Mahu2021
Mahu2021 collected $0.55 from pot
Mahu2021: doesn't show hand 
*** SUMMARY ***
Total pot $0.55 | Rake $0 
Seat 1: xristosk96 (button) folded before Flop (didn't bet)
Seat 2: Jimzz94 (small blind) folded before Flop
Seat 3: Mahu2021 (big blind) collected ($0.55)
Seat 4: beas7m0de folded before Flop
Seat 5: loui399 folded before Flop (didn't bet)
Seat 6: jksgoodgz folded before Flop (didn't bet)



PokerStars Zoom Hand #255815488139:  Hold'em No Limit ($0.05/$0.10) - 2025/04/20 18:26:15 CET [2025/04/20 12:26:15 ET]
Table 'Aludra' 6-max Seat #1 is the button
Seat 1: 4CL0V3R ($12.21 in chips) 
Seat 2: Mahu2021 ($10.60 in chips) 
Seat 3: El Pirate Dave ($7.09 in chips) 
Seat 4: jksgoodgz ($13.47 in chips) 
Seat 5: RedTerror161 ($9.16 in chips) 
Seat 6: TooManyZoooz ($10.69 in chips) 
Mahu2021: posts small blind $0.05
El Pirate Dave: posts big blind $0.10
*** HOLE CARDS ***
Dealt to Mahu2021 [Qd Jd]
jksgoodgz: folds 
El Pirate Dave is disconnected 
RedTerror161: folds 
TooManyZoooz: folds 
4CL0V3R: folds 
Mahu2021: raises $0.20 to $0.30
El Pirate Dave has timed out while disconnected
El Pirate Dave: folds 
Uncalled bet ($0.20) returned to Mahu2021
Mahu2021 collected $0.20 from pot
Mahu2021: doesn't show hand 
*** SUMMARY ***
Total pot $0.20 | Rake $0 
Seat 1: 4CL0V3R (button) folded before Flop (didn't bet)
Seat 2: Mahu2021 (small blind) collected ($0.20)
Seat 3: El Pirate Dave (big blind) folded before Flop
Seat 4: jksgoodgz folded before Flop (didn't bet)
Seat 5: RedTerror161 folded before Flop (didn't bet)
Seat 6: TooManyZoooz folded before Flop (didn't bet)



PokerStars Zoom Hand #255815495537:  Hold'em No Limit ($0.05/$0.10) - 2025/04/20 18:26:47 CET [2025/04/20 12:26:47 ET]
Table 'Aludra' 6-max Seat #1 is the button
Seat 1: Mahu2021 ($10.70 in chips) 
Seat 2: Guten3213 ($11.11 in chips) 
Seat 3: RedTerror161 ($9.16 in chips) 
Seat 4: FluidState23 ($13.01 in chips) 
Seat 5: w4lrusk4ne ($11.19 in chips) 
Seat 6: beas7m0de ($13.87 in chips) 
Guten3213: posts small blind $0.05
RedTerror161: posts big blind $0.10
*** HOLE CARDS ***
Dealt to Mahu2021 [Kc 5c]
FluidState23: raises $0.15 to $0.25
w4lrusk4ne: folds 
beas7m0de: folds 
Mahu2021: folds 
Guten3213: folds 
RedTerror161: folds 
Uncalled bet ($0.15) returned to FluidState23
FluidState23 collected $0.25 from pot
FluidState23: doesn't show hand 
*** SUMMARY ***
Total pot $0.25 | Rake $0 
Seat 1: Mahu2021 (button) folded before Flop (didn't bet)
Seat 2: Guten3213 (small blind) folded before Flop
Seat 3: RedTerror161 (big blind) folded before Flop
Seat 4: FluidState23 collected ($0.25)
Seat 5: w4lrusk4ne folded before Flop (didn't bet)
Seat 6: beas7m0de folded before Flop (didn't bet)



PokerStars Zoom Hand #255815496849:  Hold'em No Limit ($0.05/$0.10) - 2025/04/20 18:26:52 CET [2025/04/20 12:26:52 ET]
Table 'Aludra' 6-max Seat #1 is the button
Seat 1: MrFibstar ($7.92 in chips) 
Seat 2: THMN30 ($15.63 in chips) 
Seat 3: jksgoodgz ($16.35 in chips) 
Seat 4: Mahu2021 ($10.70 in chips) 
Seat 5: Vadim91_blr ($14.92 in chips) 
Seat 6: ssonof ($42.39 in chips) 
THMN30: posts small blind $0.05
jksgoodgz: posts big blind $0.10
*** HOLE CARDS ***
Dealt to Mahu2021 [6h Ks]
Mahu2021: folds 
Vadim91_blr: folds 
ssonof: calls $0.10
MrFibstar: raises $0.20 to $0.30
THMN30: folds 
jksgoodgz: folds 
ssonof: calls $0.20
*** FLOP *** [Kc 4h 2s]
ssonof: checks 
MrFibstar: checks 
*** TURN *** [Kc 4h 2s] [9c]
ssonof: checks 
MrFibstar: checks 
*** RIVER *** [Kc 4h 2s 9c] [Ts]
ssonof: checks 
MrFibstar: checks 
*** SHOW DOWN ***
ssonof: shows [8h As] (high card Ace)
MrFibstar: shows [3h 3c] (a pair of Threes)
MrFibstar collected $0.72 from pot
*** SUMMARY ***
Total pot $0.75 | Rake $0.03 
Board [Kc 4h 2s 9c Ts]
Seat 1: MrFibstar (button) showed [3h 3c] and won ($0.72) with a pair of Threes
Seat 2: THMN30 (small blind) folded before Flop
Seat 3: jksgoodgz (big blind) folded before Flop
Seat 4: Mahu2021 folded before Flop (didn't bet)
Seat 5: Vadim91_blr folded before Flop (didn't bet)
Seat 6: ssonof showed [8h As] and lost with high card Ace



PokerStars Zoom Hand #255815497507:  Hold'em No Limit ($0.05/$0.10) - 2025/04/20 18:26:55 CET [2025/04/20 12:26:55 ET]
Table 'Aludra' 6-max Seat #1 is the button
Seat 1: w4lrusk4ne ($11.19 in chips) 
Seat 2: RedTerror161 ($9.06 in chips) 
Seat 3: mk4298 ($10 in chips) 
Seat 4: looser00091 ($31.15 in chips) 
Seat 5: Mahu2021 ($10.70 in chips) 
Seat 6: beas7m0de ($12.27 in chips) 
RedTerror161: posts small blind $0.05
mk4298: posts big blind $0.10
*** HOLE CARDS ***
Dealt to Mahu2021 [4d 8s]
looser00091: folds 
Mahu2021: folds 
beas7m0de: raises $0.15 to $0.25
w4lrusk4ne: folds 
RedTerror161: folds 
mk4298: folds 
Uncalled bet ($0.15) returned to beas7m0de
beas7m0de collected $0.25 from pot
beas7m0de: doesn't show hand 
*** SUMMARY ***
Total pot $0.25 | Rake $0 
Seat 1: w4lrusk4ne (button) folded before Flop (didn't bet)
Seat 2: RedTerror161 (small blind) folded before Flop
Seat 3: mk4298 (big blind) folded before Flop
Seat 4: looser00091 folded before Flop (didn't bet)
Seat 5: Mahu2021 folded before Flop (didn't bet)
Seat 6: beas7m0de collected ($0.25)



PokerStars Zoom Hand #255815498283:  Hold'em No Limit ($0.05/$0.10) - 2025/04/20 18:26:58 CET [2025/04/20 12:26:58 ET]
Table 'Aludra' 6-max Seat #1 is the button
Seat 1: kar4tune ($15.27 in chips) 
Seat 2: AlMihalich ($4.35 in chips) 
Seat 3: afwing16 ($10 in chips) 
Seat 4: w4lrusk4ne ($10 in chips) 
Seat 5: FluidState23 ($23.33 in chips) 
Seat 6: Mahu2021 ($10.70 in chips) 
AlMihalich: posts small blind $0.05
afwing16: posts big blind $0.10
*** HOLE CARDS ***
Dealt to Mahu2021 [Qh Qc]
w4lrusk4ne: folds 
FluidState23: folds 
Mahu2021: raises $0.20 to $0.30
kar4tune: folds 
AlMihalich: folds 
afwing16: folds 
Uncalled bet ($0.20) returned to Mahu2021
Mahu2021 collected $0.25 from pot
Mahu2021: doesn't show hand 
*** SUMMARY ***
Total pot $0.25 | Rake $0 
Seat 1: kar4tune (button) folded before Flop (didn't bet)
Seat 2: AlMihalich (small blind) folded before Flop
Seat 3: afwing16 (big blind) folded before Flop
Seat 4: w4lrusk4ne folded before Flop (didn't bet)
Seat 5: FluidState23 folded before Flop (didn't bet)
Seat 6: Mahu2021 collected ($0.25)



PokerStars Zoom Hand #255815505022:  Hold'em No Limit ($0.05/$0.10) - 2025/04/20 18:27:27 CET [2025/04/20 12:27:27 ET]
Table 'Aludra' 6-max Seat #1 is the button
Seat 1: mk4298 ($10 in chips) 
Seat 2: Mahu2021 ($10.85 in chips) 
Seat 3: Jimzz94 ($10 in chips) 
Seat 4: DwayneShaw ($5.89 in chips) 
Seat 5: stakaman1962 ($16.96 in chips) 
Seat 6: UNKNOWN_x_13 ($4.65 in chips) 
Mahu2021: posts small blind $0.05
Jimzz94: posts big blind $0.10
*** HOLE CARDS ***
Dealt to Mahu2021 [5c 3c]
DwayneShaw: folds 
stakaman1962: folds 
UNKNOWN_x_13: folds 
mk4298: folds 
Mahu2021: raises $0.20 to $0.30
Jimzz94: folds 
Uncalled bet ($0.20) returned to Mahu2021
Mahu2021 collected $0.20 from pot
Mahu2021: doesn't show hand 
*** SUMMARY ***
Total pot $0.20 | Rake $0 
Seat 1: mk4298 (button) folded before Flop (didn't bet)
Seat 2: Mahu2021 (small blind) collected ($0.20)
Seat 3: Jimzz94 (big blind) folded before Flop
Seat 4: DwayneShaw folded before Flop (didn't bet)
Seat 5: stakaman1962 folded before Flop (didn't bet)
Seat 6: UNKNOWN_x_13 folded before Flop (didn't bet)



PokerStars Zoom Hand #255815507840:  Hold'em No Limit ($0.05/$0.10) - 2025/04/20 18:27:39 CET [2025/04/20 12:27:39 ET]
Table 'Aludra' 6-max Seat #1 is the button
Seat 1: Jimzz94 ($10 in chips) 
Seat 2: clqu ($9.60 in chips) 
Seat 3: MrFibstar ($8.49 in chips) 
Seat 4: THMN30 ($21.44 in chips) 
Seat 5: callingisfun ($25.37 in chips) 
Seat 6: Mahu2021 ($10.95 in chips) 
clqu: posts small blind $0.05
MrFibstar: posts big blind $0.10
*** HOLE CARDS ***
Dealt to Mahu2021 [Ac Qd]
THMN30: folds 
callingisfun: folds 
Mahu2021: raises $0.20 to $0.30
Jimzz94: calls $0.30
clqu: folds 
MrFibstar: folds 
*** FLOP *** [2s 4s Th]
Mahu2021: checks 
Jimzz94: checks 
*** TURN *** [2s 4s Th] [Ah]
Mahu2021: bets $0.30
Jimzz94: raises $0.70 to $1
Mahu2021: raises $1.10 to $2.10
Jimzz94: folds 
Uncalled bet ($1.10) returned to Mahu2021
Mahu2021 collected $2.63 from pot
Mahu2021: doesn't show hand 
*** SUMMARY ***
Total pot $2.75 | Rake $0.12 
Board [2s 4s Th Ah]
Seat 1: Jimzz94 (button) folded on the Turn
Seat 2: clqu (small blind) folded before Flop
Seat 3: MrFibstar (big blind) folded before Flop
Seat 4: THMN30 folded before Flop (didn't bet)
Seat 5: callingisfun folded before Flop (didn't bet)
Seat 6: Mahu2021 collected ($2.63)



PokerStars Zoom Hand #255815514617:  Hold'em No Limit ($0.05/$0.10) - 2025/04/20 18:28:08 CET [2025/04/20 12:28:08 ET]
Table 'Aludra' 6-max Seat #1 is the button
Seat 1: loui399 ($11.70 in chips) 
Seat 2: jksgoodgz ($12.83 in chips) 
Seat 3: Mahu2021 ($12.28 in chips) 
Seat 4: RedTerror161 ($8.86 in chips) 
Seat 5: JSDTRP-03 ($13.32 in chips) 
Seat 6: callingisfun ($39.70 in chips) 
jksgoodgz: posts small blind $0.05
Mahu2021: posts big blind $0.10
*** HOLE CARDS ***
Dealt to Mahu2021 [4d 5c]
RedTerror161: folds 
JSDTRP-03: folds 
callingisfun: raises $0.16 to $0.26
loui399: folds 
jksgoodgz: folds 
Mahu2021: calls $0.16
*** FLOP *** [Qc 7d 8s]
Mahu2021: checks 
callingisfun: bets $0.30
Mahu2021: calls $0.30
*** TURN *** [Qc 7d 8s] [Jd]
Mahu2021: checks 
callingisfun: bets $0.82
Mahu2021: folds 
Uncalled bet ($0.82) returned to callingisfun
callingisfun collected $1.12 from pot
callingisfun: doesn't show hand 
*** SUMMARY ***
Total pot $1.17 | Rake $0.05 
Board [Qc 7d 8s Jd]
Seat 1: loui399 (button) folded before Flop (didn't bet)
Seat 2: jksgoodgz (small blind) folded before Flop
Seat 3: Mahu2021 (big blind) folded on the Turn
Seat 4: RedTerror161 folded before Flop (didn't bet)
Seat 5: JSDTRP-03 folded before Flop (didn't bet)
Seat 6: callingisfun collected ($1.12)



PokerStars Zoom Hand #255815522708:  Hold'em No Limit ($0.05/$0.10) - 2025/04/20 18:28:43 CET [2025/04/20 12:28:43 ET]
Table 'Aludra' 6-max Seat #1 is the button
Seat 1: Jimzz94 ($10 in chips) 
Seat 2: Chicano96 ($10 in chips) 
Seat 3: afwing16 ($10 in chips) 
Seat 4: greu1943 ($13.52 in chips) 
Seat 5: Mahu2021 ($11.72 in chips) 
Seat 6: Vadim91_blr ($42.69 in chips) 
Chicano96: posts small blind $0.05
afwing16: posts big blind $0.10
*** HOLE CARDS ***
Dealt to Mahu2021 [Ac As]
greu1943: raises $0.25 to $0.35
Mahu2021: raises $11.37 to $11.72 and is all-in
Vadim91_blr: folds 
Jimzz94: folds 
Chicano96: folds 
afwing16: folds 
greu1943: folds 
Uncalled bet ($11.37) returned to Mahu2021
Mahu2021 collected $0.85 from pot
Mahu2021: doesn't show hand 
*** SUMMARY ***
Total pot $0.85 | Rake $0 
Seat 1: Jimzz94 (button) folded before Flop (didn't bet)
Seat 2: Chicano96 (small blind) folded before Flop
Seat 3: afwing16 (big blind) folded before Flop
Seat 4: greu1943 folded before Flop
Seat 5: Mahu2021 collected ($0.85)
Seat 6: Vadim91_blr folded before Flop (didn't bet)



PokerStars Zoom Hand #255815521571:  Hold'em No Limit ($0.05/$0.10) - 2025/04/20 18:28:38 CET [2025/04/20 12:28:38 ET]
Table 'Aludra' 6-max Seat #1 is the button
Seat 1: Mahu2021 ($11.72 in chips) 
Seat 2: Kettensaege ($8.91 in chips) 
Seat 3: JSDTRP-03 ($13.22 in chips) 
Seat 4: openymir ($15.25 in chips) 
Seat 5: Vadim91_blr ($11.35 in chips) 
Seat 6: aleksandersalu ($24.49 in chips) 
Kettensaege: posts small blind $0.05
JSDTRP-03: posts big blind $0.10
*** HOLE CARDS ***
Dealt to Mahu2021 [Qd 6s]
openymir: folds 
Vadim91_blr: folds 
aleksandersalu: folds 
Mahu2021: folds 
Kettensaege: raises $0.10 to $0.20
JSDTRP-03: calls $0.10
*** FLOP *** [Ts Kc 7s]
Kettensaege: bets $0.19
JSDTRP-03: calls $0.19
*** TURN *** [Ts Kc 7s] [9s]
Kettensaege: bets $0.37
JSDTRP-03: folds 
Uncalled bet ($0.37) returned to Kettensaege
Kettensaege collected $0.73 from pot
Kettensaege: doesn't show hand 
*** SUMMARY ***
Total pot $0.78 | Rake $0.05 
Board [Ts Kc 7s 9s]
Seat 1: Mahu2021 (button) folded before Flop (didn't bet)
Seat 2: Kettensaege (small blind) collected ($0.73)
Seat 3: JSDTRP-03 (big blind) folded on the Turn
Seat 4: openymir folded before Flop (didn't bet)
Seat 5: Vadim91_blr folded before Flop (didn't bet)
Seat 6: aleksandersalu folded before Flop (didn't bet)



PokerStars Zoom Hand #255815529623:  Hold'em No Limit ($0.05/$0.10) - 2025/04/20 18:29:13 CET [2025/04/20 12:29:13 ET]
Table 'Aludra' 6-max Seat #1 is the button
Seat 1: jksgoodgz ($16.05 in chips) 
Seat 2: S4YA30 ($4.20 in chips) 
Seat 3: beas7m0de ($13.67 in chips) 
Seat 4: Mahu2021 ($12.22 in chips) 
Seat 5: FluidState23 ($16.37 in chips) 
Seat 6: looser00091 ($31.05 in chips) 
S4YA30: posts small blind $0.05
beas7m0de: posts big blind $0.10
*** HOLE CARDS ***
Dealt to Mahu2021 [9c Tc]
Mahu2021: raises $0.10 to $0.20
FluidState23: folds 
looser00091: folds 
jksgoodgz: folds 
S4YA30: folds 
beas7m0de: folds 
Uncalled bet ($0.10) returned to Mahu2021
Mahu2021 collected $0.25 from pot
Mahu2021: doesn't show hand 
*** SUMMARY ***
Total pot $0.25 | Rake $0 
Seat 1: jksgoodgz (button) folded before Flop (didn't bet)
Seat 2: S4YA30 (small blind) folded before Flop
Seat 3: beas7m0de (big blind) folded before Flop
Seat 4: Mahu2021 collected ($0.25)
Seat 5: FluidState23 folded before Flop (didn't bet)
Seat 6: looser00091 folded before Flop (didn't bet)



PokerStars Zoom Hand #255815534663:  Hold'em No Limit ($0.05/$0.10) - 2025/04/20 18:29:35 CET [2025/04/20 12:29:35 ET]
Table 'Aludra' 6-max Seat #1 is the button
Seat 1: ssonof ($39.67 in chips) 
Seat 2: THMN30 ($10 in chips) 
Seat 3: Mahu2021 ($12.37 in chips) 
Seat 4: 4CL0V3R ($14.07 in chips) 
Seat 5: Kettensaege ($9.15 in chips) 
Seat 6: yigga6 ($16.45 in chips) 
THMN30: posts small blind $0.05
Mahu2021: posts big blind $0.10
*** HOLE CARDS ***
Dealt to Mahu2021 [Kd Tc]
4CL0V3R: folds 
Kettensaege: folds 
yigga6: folds 
ssonof: folds 
THMN30: folds 
Uncalled bet ($0.05) returned to Mahu2021
Mahu2021 collected $0.10 from pot
Mahu2021: doesn't show hand 
*** SUMMARY ***
Total pot $0.10 | Rake $0 
Seat 1: ssonof (button) folded before Flop (didn't bet)
Seat 2: THMN30 (small blind) folded before Flop
Seat 3: Mahu2021 (big blind) collected ($0.10)
Seat 4: 4CL0V3R folded before Flop (didn't bet)
Seat 5: Kettensaege folded before Flop (didn't bet)
Seat 6: yigga6 folded before Flop (didn't bet)



