PokerStars Zoom Hand #255443459790:  Hold'em No Limit ($0.05/$0.10) - 2025/03/25 10:08:41 CET [2025/03/25 5:08:41 ET]
Table 'Aludra' 6-max Seat #1 is the button
Seat 1: deejaydmc ($12.36 in chips) 
Seat 2: gualtersales ($8.63 in chips) 
Seat 3: Mahu2021 ($10 in chips) 
Seat 4: HENRYPREMIUM ($14.62 in chips) 
Seat 5: kingsman5454 ($10 in chips) 
Seat 6: Lim 2589 ($18.58 in chips) 
gualtersales: posts small blind $0.05
Mahu2021: posts big blind $0.10
*** HOLE CARDS ***
Dealt to Mahu2021 [2c 3c]
HENRYPREMIUM: folds 
kingsman5454: raises $0.10 to $0.20
Lim 2589: folds 
deejaydmc: folds 
gualtersales: raises $0.40 to $0.60
Mahu2021: folds 
kingsman5454: calls $0.40
*** FLOP *** [8d 4s Jd]
gualtersales: bets $0.62
kingsman5454: folds 
Uncalled bet ($0.62) returned to gualtersales
gualtersales collected $1.24 from pot
gualtersales: doesn't show hand 
*** SUMMARY ***
Total pot $1.30 | Rake $0.06 
Board [8d 4s Jd]
Seat 1: deejaydmc (button) folded before Flop (didn't bet)
Seat 2: gualtersales (small blind) collected ($1.24)
Seat 3: Mahu2021 (big blind) folded before Flop
Seat 4: HENRYPREMIUM folded before Flop (didn't bet)
Seat 5: kingsman5454 folded on the Flop
Seat 6: Lim 2589 folded before Flop (didn't bet)



PokerStars Zoom Hand #255443462723:  Hold'em No Limit ($0.05/$0.10) - 2025/03/25 10:09:15 CET [2025/03/25 5:09:15 ET]
Table 'Aludra' 6-max Seat #1 is the button
Seat 1: Losimas(LT) ($10 in chips) 
Seat 2: Lim 2589 ($10.15 in chips) 
Seat 3: thorindorf ($13.97 in chips) 
Seat 4: Mahu2021 ($9.85 in chips) 
Seat 5: iraklis1978 ($4.39 in chips) 
Seat 6: HENRYPREMIUM ($14.47 in chips) 
Lim 2589: posts small blind $0.05
thorindorf: posts big blind $0.10
*** HOLE CARDS ***
Dealt to Mahu2021 [Jh 6d]
Mahu2021: folds 
iraklis1978: folds 
HENRYPREMIUM: folds 
Losimas(LT): folds 
Lim 2589: folds 
Uncalled bet ($0.05) returned to thorindorf
thorindorf collected $0.10 from pot
thorindorf: doesn't show hand 
*** SUMMARY ***
Total pot $0.10 | Rake $0 
Seat 1: Losimas(LT) (button) folded before Flop (didn't bet)
Seat 2: Lim 2589 (small blind) folded before Flop
Seat 3: thorindorf (big blind) collected ($0.10)
Seat 4: Mahu2021 folded before Flop (didn't bet)
Seat 5: iraklis1978 folded before Flop (didn't bet)
Seat 6: HENRYPREMIUM folded before Flop (didn't bet)



PokerStars Zoom Hand #255443461737:  Hold'em No Limit ($0.05/$0.10) - 2025/03/25 10:09:03 CET [2025/03/25 5:09:03 ET]
Table 'Aludra' 6-max Seat #1 is the button
Seat 1: HARIT81 ($7.91 in chips) 
Seat 2: Gattini37 ($11.43 in chips) 
Seat 3: beanblight ($11.75 in chips) 
Seat 4: ArtStyleH ($21.93 in chips) 
Seat 5: Podyto ($15.42 in chips) 
Seat 6: Mahu2021 ($9.85 in chips) 
Gattini37: posts small blind $0.05
beanblight: posts big blind $0.10
*** HOLE CARDS ***
Dealt to Mahu2021 [Kh 2d]
ArtStyleH: folds 
Podyto: raises $0.20 to $0.30
Mahu2021: folds 
HARIT81: folds 
Gattini37: folds 
beanblight: calls $0.20
*** FLOP *** [7c Kc Qd]
beanblight: checks 
Podyto: checks 
*** TURN *** [7c Kc Qd] [2h]
beanblight: bets $0.28
Podyto: calls $0.28
*** RIVER *** [7c Kc Qd 2h] [Ac]
beanblight: checks 
Podyto: bets $0.99
beanblight: calls $0.99
*** SHOW DOWN ***
Podyto: shows [Ts Tc] (a pair of Tens)
beanblight: shows [As 8h] (a pair of Aces)
beanblight collected $3.05 from pot
*** SUMMARY ***
Total pot $3.19 | Rake $0.14 
Board [7c Kc Qd 2h Ac]
Seat 1: HARIT81 (button) folded before Flop (didn't bet)
Seat 2: Gattini37 (small blind) folded before Flop
Seat 3: beanblight (big blind) showed [As 8h] and won ($3.05) with a pair of Aces
Seat 4: ArtStyleH folded before Flop (didn't bet)
Seat 5: Podyto showed [Ts Tc] and lost with a pair of Tens
Seat 6: Mahu2021 folded before Flop (didn't bet)



PokerStars Zoom Hand #255443462059:  Hold'em No Limit ($0.05/$0.10) - 2025/03/25 10:09:07 CET [2025/03/25 5:09:07 ET]
Table 'Aludra' 6-max Seat #1 is the button
Seat 1: Mahu2021 ($9.85 in chips) 
Seat 2: Jerman93 ($10.33 in chips) 
Seat 3: marciofjunior59 ($5.93 in chips) 
Seat 4: Gattini37 ($11.38 in chips) 
Seat 5: HARIT81 ($7.91 in chips) 
Seat 6: Cosimo1870 ($12.80 in chips) 
Jerman93: posts small blind $0.05
marciofjunior59: posts big blind $0.10
*** HOLE CARDS ***
Dealt to Mahu2021 [2d As]
Gattini37: folds 
HARIT81: raises $0.20 to $0.30
Cosimo1870: folds 
Mahu2021: folds 
Jerman93: folds 
marciofjunior59: raises $0.65 to $0.95
HARIT81: folds 
Uncalled bet ($0.65) returned to marciofjunior59
marciofjunior59 collected $0.65 from pot
marciofjunior59: doesn't show hand 
*** SUMMARY ***
Total pot $0.65 | Rake $0 
Seat 1: Mahu2021 (button) folded before Flop (didn't bet)
Seat 2: Jerman93 (small blind) folded before Flop
Seat 3: marciofjunior59 (big blind) collected ($0.65)
Seat 4: Gattini37 folded before Flop (didn't bet)
Seat 5: HARIT81 folded before Flop
Seat 6: Cosimo1870 folded before Flop (didn't bet)



PokerStars Zoom Hand #255443463069:  Hold'em No Limit ($0.05/$0.10) - 2025/03/25 10:09:19 CET [2025/03/25 5:09:19 ET]
Table 'Aludra' 6-max Seat #1 is the button
Seat 1: Mahu2021 ($9.85 in chips) 
Seat 2: Losimas(LT) ($10 in chips) 
Seat 3: mononcGold ($2.86 in chips) 
Seat 4: acebob999 ($9.55 in chips) 
Seat 5: gualtersales ($9.27 in chips) 
Seat 6: SimoDa39 ($22.99 in chips) 
Losimas(LT): posts small blind $0.05
mononcGold: posts big blind $0.10
*** HOLE CARDS ***
Dealt to Mahu2021 [3c 7h]
acebob999: folds 
gualtersales: folds 
SimoDa39: raises $0.15 to $0.25
Mahu2021: folds 
Losimas(LT): folds 
mononcGold: folds 
Uncalled bet ($0.15) returned to SimoDa39
SimoDa39 collected $0.25 from pot
SimoDa39: doesn't show hand 
*** SUMMARY ***
Total pot $0.25 | Rake $0 
Seat 1: Mahu2021 (button) folded before Flop (didn't bet)
Seat 2: Losimas(LT) (small blind) folded before Flop
Seat 3: mononcGold (big blind) folded before Flop
Seat 4: acebob999 folded before Flop (didn't bet)
Seat 5: gualtersales folded before Flop (didn't bet)
Seat 6: SimoDa39 collected ($0.25)



PokerStars Zoom Hand #255443460870:  Hold'em No Limit ($0.05/$0.10) - 2025/03/25 10:08:54 CET [2025/03/25 5:08:54 ET]
Table 'Aludra' 6-max Seat #1 is the button
Seat 1: Losimas(LT) ($10.10 in chips) 
Seat 2: Mahu2021 ($9.90 in chips) 
Seat 3: Lim 2589 ($18.58 in chips) 
Seat 4: deejaydmc ($14.35 in chips) 
Seat 5: SimoDa39 ($15.53 in chips) 
Seat 6: ArtStyleH ($21.93 in chips) 
Mahu2021: posts small blind $0.05
Lim 2589: posts big blind $0.10
*** HOLE CARDS ***
Dealt to Mahu2021 [Jh 5c]
deejaydmc: raises $0.15 to $0.25
SimoDa39: folds 
ArtStyleH: folds 
Losimas(LT): calls $0.25
Mahu2021: folds 
Lim 2589: calls $0.15
*** FLOP *** [Td 9s Qc]
Lim 2589: checks 
deejaydmc: checks 
Losimas(LT): bets $0.25
Lim 2589: folds 
deejaydmc: calls $0.25
*** TURN *** [Td 9s Qc] [Kh]
deejaydmc: checks 
Losimas(LT): bets $0.50
deejaydmc: folds 
Uncalled bet ($0.50) returned to Losimas(LT)
Losimas(LT) collected $1.24 from pot
Losimas(LT): doesn't show hand 
*** SUMMARY ***
Total pot $1.30 | Rake $0.06 
Board [Td 9s Qc Kh]
Seat 1: Losimas(LT) (button) collected ($1.24)
Seat 2: Mahu2021 (small blind) folded before Flop
Seat 3: Lim 2589 (big blind) folded on the Flop
Seat 4: deejaydmc folded on the Turn
Seat 5: SimoDa39 folded before Flop (didn't bet)
Seat 6: ArtStyleH folded before Flop (didn't bet)



PokerStars Zoom Hand #255443463636:  Hold'em No Limit ($0.05/$0.10) - 2025/03/25 10:09:26 CET [2025/03/25 5:09:26 ET]
Table 'Aludra' 6-max Seat #1 is the button
Seat 1: azielsilvagv ($8.89 in chips) 
Seat 2: iraklis1978 ($4.39 in chips) 
Seat 3: Mahu2021 ($9.85 in chips) 
Seat 4: Lim 2589 ($11.28 in chips) 
Seat 5: thorindorf ($14.02 in chips) 
Seat 6: Gattini37 ($11.38 in chips) 
iraklis1978: posts small blind $0.05
Mahu2021: posts big blind $0.10
*** HOLE CARDS ***
Dealt to Mahu2021 [Th Qd]
Lim 2589: folds 
thorindorf: folds 
Gattini37: folds 
azielsilvagv: folds 
iraklis1978: folds 
Uncalled bet ($0.05) returned to Mahu2021
Mahu2021 collected $0.10 from pot
Mahu2021: doesn't show hand 
*** SUMMARY ***
Total pot $0.10 | Rake $0 
Seat 1: azielsilvagv (button) folded before Flop (didn't bet)
Seat 2: iraklis1978 (small blind) folded before Flop
Seat 3: Mahu2021 (big blind) collected ($0.10)
Seat 4: Lim 2589 folded before Flop (didn't bet)
Seat 5: thorindorf folded before Flop (didn't bet)
Seat 6: Gattini37 folded before Flop (didn't bet)



PokerStars Zoom Hand #255443464250:  Hold'em No Limit ($0.05/$0.10) - 2025/03/25 10:09:34 CET [2025/03/25 5:09:34 ET]
Table 'Aludra' 6-max Seat #1 is the button
Seat 1: Riper3 ($25.58 in chips) 
Seat 2: SimoDa39 ($15.58 in chips) 
Seat 3: Losimas(LT) ($10 in chips) 
Seat 4: HENRYPREMIUM ($14.47 in chips) 
Seat 5: Podyto ($13.85 in chips) 
Seat 6: Mahu2021 ($9.90 in chips) 
SimoDa39: posts small blind $0.05
Losimas(LT): posts big blind $0.10
*** HOLE CARDS ***
Dealt to Mahu2021 [6s 9s]
HENRYPREMIUM: folds 
Podyto: raises $0.20 to $0.30
Mahu2021: folds 
Riper3: folds 
SimoDa39: folds 
Losimas(LT): folds 
Uncalled bet ($0.20) returned to Podyto
Podyto collected $0.25 from pot
Podyto: doesn't show hand 
*** SUMMARY ***
Total pot $0.25 | Rake $0 
Seat 1: Riper3 (button) folded before Flop (didn't bet)
Seat 2: SimoDa39 (small blind) folded before Flop
Seat 3: Losimas(LT) (big blind) folded before Flop
Seat 4: HENRYPREMIUM folded before Flop (didn't bet)
Seat 5: Podyto collected ($0.25)
Seat 6: Mahu2021 folded before Flop (didn't bet)



PokerStars Zoom Hand #255443465266:  Hold'em No Limit ($0.05/$0.10) - 2025/03/25 10:09:46 CET [2025/03/25 5:09:46 ET]
Table 'Aludra' 6-max Seat #1 is the button
Seat 1: mononcGold ($2.71 in chips) 
Seat 2: Podyto ($14 in chips) 
Seat 3: zzz7zzz7zzz ($6.39 in chips) 
Seat 4: Losimas(LT) ($10 in chips) 
Seat 5: Mahu2021 ($9.85 in chips) 
Seat 6: SimoDa39 ($15.53 in chips) 
Podyto: posts small blind $0.05
zzz7zzz7zzz: posts big blind $0.10
*** HOLE CARDS ***
Dealt to Mahu2021 [4h 9d]
Losimas(LT): folds 
Mahu2021: folds 
SimoDa39: folds 
mononcGold: folds 
Podyto: folds 
Uncalled bet ($0.05) returned to zzz7zzz7zzz
zzz7zzz7zzz collected $0.10 from pot
zzz7zzz7zzz: doesn't show hand 
*** SUMMARY ***
Total pot $0.10 | Rake $0 
Seat 1: mononcGold (button) folded before Flop (didn't bet)
Seat 2: Podyto (small blind) folded before Flop
Seat 3: zzz7zzz7zzz (big blind) collected ($0.10)
Seat 4: Losimas(LT) folded before Flop (didn't bet)
Seat 5: Mahu2021 folded before Flop (didn't bet)
Seat 6: SimoDa39 folded before Flop (didn't bet)



PokerStars Zoom Hand #255443465523:  Hold'em No Limit ($0.05/$0.10) - 2025/03/25 10:09:49 CET [2025/03/25 5:09:49 ET]
Table 'Aludra' 6-max Seat #1 is the button
Seat 1: Losimas(LT) ($10 in chips) 
Seat 2: Lim 2589 ($11.18 in chips) 
Seat 3: thorindorf ($13.97 in chips) 
Seat 4: Mahu2021 ($9.85 in chips) 
Seat 5: mononcGold ($2.71 in chips) 
Seat 6: deejaydmc ($14.20 in chips) 
Lim 2589: posts small blind $0.05
thorindorf: posts big blind $0.10
*** HOLE CARDS ***
Dealt to Mahu2021 [5d 3c]
Mahu2021: folds 
mononcGold: folds 
deejaydmc: raises $0.15 to $0.25
Losimas(LT): folds 
Lim 2589: folds 
thorindorf: folds 
Uncalled bet ($0.15) returned to deejaydmc
deejaydmc collected $0.25 from pot
deejaydmc: doesn't show hand 
*** SUMMARY ***
Total pot $0.25 | Rake $0 
Seat 1: Losimas(LT) (button) folded before Flop (didn't bet)
Seat 2: Lim 2589 (small blind) folded before Flop
Seat 3: thorindorf (big blind) folded before Flop
Seat 4: Mahu2021 folded before Flop (didn't bet)
Seat 5: mononcGold folded before Flop (didn't bet)
Seat 6: deejaydmc collected ($0.25)



PokerStars Zoom Hand #255443464567:  Hold'em No Limit ($0.05/$0.10) - 2025/03/25 10:09:38 CET [2025/03/25 5:09:38 ET]
Table 'Aludra' 6-max Seat #1 is the button
Seat 1: thorindorf ($13.97 in chips) 
Seat 2: Mahu2021 ($9.90 in chips) 
Seat 3: Reddington567 ($17.94 in chips) 
Seat 4: Cosimo1870 ($12.94 in chips) 
Seat 5: beanblight ($13.23 in chips) 
Seat 6: HENRYPREMIUM ($14.47 in chips) 
Mahu2021: posts small blind $0.05
Reddington567: posts big blind $0.10
*** HOLE CARDS ***
Dealt to Mahu2021 [8d 2h]
Cosimo1870 is disconnected 
Cosimo1870 has timed out while disconnected
Cosimo1870: folds 
beanblight: raises $0.15 to $0.25
HENRYPREMIUM: folds 
thorindorf: folds 
Mahu2021: folds 
Reddington567: folds 
Uncalled bet ($0.15) returned to beanblight
beanblight collected $0.25 from pot
beanblight: doesn't show hand 
*** SUMMARY ***
Total pot $0.25 | Rake $0 
Seat 1: thorindorf (button) folded before Flop (didn't bet)
Seat 2: Mahu2021 (small blind) folded before Flop
Seat 3: Reddington567 (big blind) folded before Flop
Seat 4: Cosimo1870 folded before Flop (didn't bet)
Seat 5: beanblight collected ($0.25)
Seat 6: HENRYPREMIUM folded before Flop (didn't bet)



PokerStars Zoom Hand #255443464917:  Hold'em No Limit ($0.05/$0.10) - 2025/03/25 10:09:42 CET [2025/03/25 5:09:42 ET]
Table 'Aludra' 6-max Seat #1 is the button
Seat 1: Podyto ($20.01 in chips) 
Seat 2: Losimas(LT) ($10.84 in chips) 
Seat 3: HARIT81 ($6.28 in chips) 
Seat 4: Riper3 ($25.58 in chips) 
Seat 5: Mahu2021 ($9.85 in chips) 
Seat 6: ArtStyleH ($21.68 in chips) 
Losimas(LT): posts small blind $0.05
HARIT81: posts big blind $0.10
*** HOLE CARDS ***
Dealt to Mahu2021 [Qh 7d]
Riper3: folds 
Mahu2021: folds 
ArtStyleH: raises $0.15 to $0.25
Podyto: calls $0.25
Losimas(LT): folds 
HARIT81: folds 
*** FLOP *** [3d Qd 3s]
ArtStyleH: checks 
Podyto: checks 
*** TURN *** [3d Qd 3s] [2c]
ArtStyleH: checks 
Podyto: checks 
*** RIVER *** [3d Qd 3s 2c] [Js]
ArtStyleH: checks 
Podyto: checks 
*** SHOW DOWN ***
ArtStyleH: shows [Ad 8s] (a pair of Threes)
Podyto: shows [4s 4d] (two pair, Fours and Threes)
Podyto collected $0.62 from pot
*** SUMMARY ***
Total pot $0.65 | Rake $0.03 
Board [3d Qd 3s 2c Js]
Seat 1: Podyto (button) showed [4s 4d] and won ($0.62) with two pair, Fours and Threes
Seat 2: Losimas(LT) (small blind) folded before Flop
Seat 3: HARIT81 (big blind) folded before Flop
Seat 4: Riper3 folded before Flop (didn't bet)
Seat 5: Mahu2021 folded before Flop (didn't bet)
Seat 6: ArtStyleH showed [Ad 8s] and lost with a pair of Threes



PokerStars Zoom Hand #255443465760:  Hold'em No Limit ($0.05/$0.10) - 2025/03/25 10:09:52 CET [2025/03/25 5:09:52 ET]
Table 'Aludra' 6-max Seat #1 is the button
Seat 1: Mahu2021 ($9.85 in chips) 
Seat 2: HARIT81 ($6.18 in chips) 
Seat 3: toddot661 ($12.91 in chips) 
Seat 4: azielsilvagv ($8.89 in chips) 
Seat 5: Marwanezzx ($7.91 in chips) 
Seat 6: Gattini37 ($11.38 in chips) 
HARIT81: posts small blind $0.05
toddot661: posts big blind $0.10
*** HOLE CARDS ***
Dealt to Mahu2021 [Kd Jd]
azielsilvagv: calls $0.10
Marwanezzx: folds 
Gattini37: calls $0.10
Mahu2021: calls $0.10
HARIT81: folds 
toddot661: checks 
*** FLOP *** [7s As 6d]
toddot661: checks 
azielsilvagv: checks 
Gattini37: checks 
Mahu2021: checks 
*** TURN *** [7s As 6d] [Qh]
toddot661: checks 
azielsilvagv: checks 
Gattini37: bets $0.28
Mahu2021: folds 
toddot661: calls $0.28
azielsilvagv: calls $0.28
*** RIVER *** [7s As 6d Qh] [8s]
toddot661: checks 
azielsilvagv: checks 
Gattini37: bets $0.81
toddot661: folds 
azielsilvagv: calls $0.81
*** SHOW DOWN ***
Gattini37: shows [Ah Th] (a pair of Aces)
azielsilvagv: shows [Ad Ts] (a pair of Aces)
azielsilvagv collected $1.39 from pot
Gattini37 collected $1.39 from pot
*** SUMMARY ***
Total pot $2.91 | Rake $0.13 
Board [7s As 6d Qh 8s]
Seat 1: Mahu2021 (button) folded on the Turn
Seat 2: HARIT81 (small blind) folded before Flop
Seat 3: toddot661 (big blind) folded on the River
Seat 4: azielsilvagv showed [Ad Ts] and won ($1.39) with a pair of Aces
Seat 5: Marwanezzx folded before Flop (didn't bet)
Seat 6: Gattini37 showed [Ah Th] and won ($1.39) with a pair of Aces



PokerStars Zoom Hand #255443469537:  Hold'em No Limit ($0.05/$0.10) - 2025/03/25 10:10:37 CET [2025/03/25 5:10:37 ET]
Table 'Aludra' 6-max Seat #1 is the button
Seat 1: Layor 13 ($13.87 in chips) 
Seat 2: HARIT81 ($6.71 in chips) 
Seat 3: Mahu2021 ($9.75 in chips) 
Seat 4: MikeeeyAH ($10 in chips) 
Seat 5: Jerman93 ($11.94 in chips) 
Seat 6: Lim 2589 ($10.54 in chips) 
HARIT81: posts small blind $0.05
Mahu2021: posts big blind $0.10
*** HOLE CARDS ***
Dealt to Mahu2021 [Ah Kc]
MikeeeyAH: raises $0.10 to $0.20
Jerman93: folds 
Lim 2589: folds 
Layor 13: calls $0.20
HARIT81: folds 
Mahu2021: raises $0.90 to $1.10
MikeeeyAH: folds 
Layor 13: calls $0.90
*** FLOP *** [3s 9d Tc]
Mahu2021: bets $0.90
Layor 13: calls $0.90
*** TURN *** [3s 9d Tc] [4h]
Mahu2021: checks 
Layor 13: checks 
*** RIVER *** [3s 9d Tc 4h] [6d]
Mahu2021: checks 
Layor 13: checks 
*** SHOW DOWN ***
Mahu2021: shows [Ah Kc] (high card Ace)
Layor 13: shows [9c Ac] (a pair of Nines)
Layor 13 collected $4.06 from pot
*** SUMMARY ***
Total pot $4.25 | Rake $0.19 
Board [3s 9d Tc 4h 6d]
Seat 1: Layor 13 (button) showed [9c Ac] and won ($4.06) with a pair of Nines
Seat 2: HARIT81 (small blind) folded before Flop
Seat 3: Mahu2021 (big blind) showed [Ah Kc] and lost with high card Ace
Seat 4: MikeeeyAH folded before Flop
Seat 5: Jerman93 folded before Flop (didn't bet)
Seat 6: Lim 2589 folded before Flop (didn't bet)



PokerStars Zoom Hand #255443472826:  Hold'em No Limit ($0.05/$0.10) - 2025/03/25 10:11:17 CET [2025/03/25 5:11:17 ET]
Table 'Aludra' 6-max Seat #1 is the button
Seat 1: Reddington567 ($17.95 in chips) 
Seat 2: Podyto ($20.58 in chips) 
Seat 3: thorindorf ($13.74 in chips) 
Seat 4: Lim 2589 ($10.64 in chips) 
Seat 5: HARIT81 ($4.63 in chips) 
Seat 6: Mahu2021 ($7.70 in chips) 
Podyto: posts small blind $0.05
thorindorf: posts big blind $0.10
*** HOLE CARDS ***
Dealt to Mahu2021 [Th 9s]
Lim 2589: folds 
HARIT81: raises $0.20 to $0.30
Mahu2021: folds 
Reddington567: folds 
Podyto: folds 
thorindorf: folds 
Uncalled bet ($0.20) returned to HARIT81
HARIT81 collected $0.25 from pot
HARIT81: doesn't show hand 
*** SUMMARY ***
Total pot $0.25 | Rake $0 
Seat 1: Reddington567 (button) folded before Flop (didn't bet)
Seat 2: Podyto (small blind) folded before Flop
Seat 3: thorindorf (big blind) folded before Flop
Seat 4: Lim 2589 folded before Flop (didn't bet)
Seat 5: HARIT81 collected ($0.25)
Seat 6: Mahu2021 folded before Flop (didn't bet)



PokerStars Zoom Hand #255443473158:  Hold'em No Limit ($0.05/$0.10) - 2025/03/25 10:11:21 CET [2025/03/25 5:11:21 ET]
Table 'Aludra' 6-max Seat #1 is the button
Seat 1: MikeeeyAH ($9.45 in chips) 
Seat 2: Gattini37 ($11.48 in chips) 
Seat 3: Reddington567 ($17.95 in chips) 
Seat 4: acebob999 ($10.06 in chips) 
Seat 5: Mahu2021 ($7.70 in chips) 
Seat 6: SimoDa39 ($16.25 in chips) 
Gattini37: posts small blind $0.05
Reddington567: posts big blind $0.10
*** HOLE CARDS ***
Dealt to Mahu2021 [Js 8h]
acebob999: folds 
Mahu2021: folds 
SimoDa39: folds 
MikeeeyAH: raises $0.10 to $0.20
Gattini37: folds 
Reddington567: folds 
Uncalled bet ($0.10) returned to MikeeeyAH
MikeeeyAH collected $0.25 from pot
MikeeeyAH: doesn't show hand 
*** SUMMARY ***
Total pot $0.25 | Rake $0 
Seat 1: MikeeeyAH (button) collected ($0.25)
Seat 2: Gattini37 (small blind) folded before Flop
Seat 3: Reddington567 (big blind) folded before Flop
Seat 4: acebob999 folded before Flop (didn't bet)
Seat 5: Mahu2021 folded before Flop (didn't bet)
Seat 6: SimoDa39 folded before Flop (didn't bet)



PokerStars Zoom Hand #255443473821:  Hold'em No Limit ($0.05/$0.10) - 2025/03/25 10:11:30 CET [2025/03/25 5:11:30 ET]
Table 'Aludra' 6-max Seat #1 is the button
Seat 1: Podyto ($14.65 in chips) 
Seat 2: HARIT81 ($4.78 in chips) 
Seat 3: SimoDa39 ($15.38 in chips) 
Seat 4: Mahu2021 ($7.70 in chips) 
Seat 5: leika karo ($14.99 in chips) 
Seat 6: ppbbrat ($15.26 in chips) 
HARIT81: posts small blind $0.05
SimoDa39: posts big blind $0.10
*** HOLE CARDS ***
Dealt to Mahu2021 [Kd 7c]
Mahu2021: folds 
leika karo: folds 
ppbbrat: folds 
Podyto: folds 
HARIT81: folds 
Uncalled bet ($0.05) returned to SimoDa39
SimoDa39 collected $0.10 from pot
SimoDa39: doesn't show hand 
*** SUMMARY ***
Total pot $0.10 | Rake $0 
Seat 1: Podyto (button) folded before Flop (didn't bet)
Seat 2: HARIT81 (small blind) folded before Flop
Seat 3: SimoDa39 (big blind) collected ($0.10)
Seat 4: Mahu2021 folded before Flop (didn't bet)
Seat 5: leika karo folded before Flop (didn't bet)
Seat 6: ppbbrat folded before Flop (didn't bet)



PokerStars Zoom Hand #255443472503:  Hold'em No Limit ($0.05/$0.10) - 2025/03/25 10:11:13 CET [2025/03/25 5:11:13 ET]
Table 'Aludra' 6-max Seat #1 is the button
Seat 1: deejaydmc ($14.77 in chips) 
Seat 2: Mahu2021 ($7.75 in chips) 
Seat 3: Losimas(LT) ($11.33 in chips) 
Seat 4: Layor 13 ($15.93 in chips) 
Seat 5: Podyto ($20.58 in chips) 
Seat 6: gualtersales ($9.12 in chips) 
Mahu2021: posts small blind $0.05
Losimas(LT): posts big blind $0.10
*** HOLE CARDS ***
Dealt to Mahu2021 [4s 7s]
Layor 13: folds 
Podyto: folds 
gualtersales: raises $0.10 to $0.20
deejaydmc: raises $0.55 to $0.75
Mahu2021: folds 
Losimas(LT): calls $0.65
gualtersales: folds 
*** FLOP *** [9d 7c 6d]
Losimas(LT): checks 
deejaydmc: checks 
*** TURN *** [9d 7c 6d] [Th]
Losimas(LT): checks 
deejaydmc: bets $1.09
Losimas(LT): folds 
Uncalled bet ($1.09) returned to deejaydmc
deejaydmc collected $1.67 from pot
deejaydmc: doesn't show hand 
*** SUMMARY ***
Total pot $1.75 | Rake $0.08 
Board [9d 7c 6d Th]
Seat 1: deejaydmc (button) collected ($1.67)
Seat 2: Mahu2021 (small blind) folded before Flop
Seat 3: Losimas(LT) (big blind) folded on the Turn
Seat 4: Layor 13 folded before Flop (didn't bet)
Seat 5: Podyto folded before Flop (didn't bet)
Seat 6: gualtersales folded before Flop



PokerStars Zoom Hand #255443474140:  Hold'em No Limit ($0.05/$0.10) - 2025/03/25 10:11:34 CET [2025/03/25 5:11:34 ET]
Table 'Aludra' 6-max Seat #1 is the button
Seat 1: Lim 2589 ($10.78 in chips) 
Seat 2: Losimas(LT) ($10.50 in chips) 
Seat 3: Mahu2021 ($7.70 in chips) 
Seat 4: SimoDa39 ($30.95 in chips) 
Seat 5: Gattini37 ($11.43 in chips) 
Seat 6: Reddington567 ($17.85 in chips) 
Losimas(LT): posts small blind $0.05
Mahu2021: posts big blind $0.10
*** HOLE CARDS ***
Dealt to Mahu2021 [3c 4s]
SimoDa39: folds 
Gattini37: raises $0.25 to $0.35
Reddington567: folds 
Lim 2589: folds 
Losimas(LT): folds 
Mahu2021: folds 
Uncalled bet ($0.25) returned to Gattini37
Gattini37 collected $0.25 from pot
Gattini37: doesn't show hand 
*** SUMMARY ***
Total pot $0.25 | Rake $0 
Seat 1: Lim 2589 (button) folded before Flop (didn't bet)
Seat 2: Losimas(LT) (small blind) folded before Flop
Seat 3: Mahu2021 (big blind) folded before Flop
Seat 4: SimoDa39 folded before Flop (didn't bet)
Seat 5: Gattini37 collected ($0.25)
Seat 6: Reddington567 folded before Flop (didn't bet)



PokerStars Zoom Hand #255443475253:  Hold'em No Limit ($0.05/$0.10) - 2025/03/25 10:11:47 CET [2025/03/25 5:11:47 ET]
Table 'Aludra' 6-max Seat #1 is the button
Seat 1: Mahu2021 ($7.55 in chips) 
Seat 2: Losimas(LT) ($10 in chips) 
Seat 3: A_Rommel ($14.15 in chips) 
Seat 4: Podyto ($20.76 in chips) 
Seat 5: kingsman5454 ($10.91 in chips) 
Seat 6: mononcGold ($3.02 in chips) 
Losimas(LT): posts small blind $0.05
A_Rommel: posts big blind $0.10
*** HOLE CARDS ***
Dealt to Mahu2021 [Th 7s]
Podyto: folds 
kingsman5454: raises $0.10 to $0.20
mononcGold: folds 
Mahu2021: folds 
Losimas(LT): folds 
A_Rommel: folds 
Uncalled bet ($0.10) returned to kingsman5454
kingsman5454 collected $0.25 from pot
kingsman5454: doesn't show hand 
*** SUMMARY ***
Total pot $0.25 | Rake $0 
Seat 1: Mahu2021 (button) folded before Flop (didn't bet)
Seat 2: Losimas(LT) (small blind) folded before Flop
Seat 3: A_Rommel (big blind) folded before Flop
Seat 4: Podyto folded before Flop (didn't bet)
Seat 5: kingsman5454 collected ($0.25)
Seat 6: mononcGold folded before Flop (didn't bet)



PokerStars Zoom Hand #255443476878:  Hold'em No Limit ($0.05/$0.10) - 2025/03/25 10:12:06 CET [2025/03/25 5:12:06 ET]
Table 'Aludra' 6-max Seat #1 is the button
Seat 1: Reddington567 ($11.08 in chips) 
Seat 2: A_Rommel ($12.40 in chips) 
Seat 3: kingsman5454 ($11.06 in chips) 
Seat 4: beanblight ($12.96 in chips) 
Seat 5: garyh9916 ($9.12 in chips) 
Seat 6: Mahu2021 ($7.55 in chips) 
A_Rommel: posts small blind $0.05
kingsman5454: posts big blind $0.10
*** HOLE CARDS ***
Dealt to Mahu2021 [4d 8s]
beanblight: raises $0.15 to $0.25
garyh9916: folds 
Mahu2021: folds 
Reddington567: folds 
A_Rommel: folds 
kingsman5454: folds 
Uncalled bet ($0.15) returned to beanblight
beanblight collected $0.25 from pot
beanblight: doesn't show hand 
*** SUMMARY ***
Total pot $0.25 | Rake $0 
Seat 1: Reddington567 (button) folded before Flop (didn't bet)
Seat 2: A_Rommel (small blind) folded before Flop
Seat 3: kingsman5454 (big blind) folded before Flop
Seat 4: beanblight collected ($0.25)
Seat 5: garyh9916 folded before Flop (didn't bet)
Seat 6: Mahu2021 folded before Flop (didn't bet)



PokerStars Zoom Hand #255443477450:  Hold'em No Limit ($0.05/$0.10) - 2025/03/25 10:12:13 CET [2025/03/25 5:12:13 ET]
Table 'Aludra' 6-max Seat #1 is the button
Seat 1: Lim 2589 ($18.35 in chips) 
Seat 2: Mahu2021 ($7.55 in chips) 
Seat 3: A_Rommel ($12.35 in chips) 
Seat 4: garyh9916 ($9.12 in chips) 
Seat 5: MikeeeyAH ($9.83 in chips) 
Seat 6: HARIT81 ($4.23 in chips) 
Mahu2021: posts small blind $0.05
A_Rommel: posts big blind $0.10
*** HOLE CARDS ***
Dealt to Mahu2021 [Jd Kc]
garyh9916: raises $0.10 to $0.20
MikeeeyAH: folds 
HARIT81: folds 
Lim 2589: folds 
Mahu2021: calls $0.15
A_Rommel: folds 
*** FLOP *** [Ts 9h 2d]
Mahu2021: checks 
garyh9916: bets $0.10
Mahu2021: calls $0.10
*** TURN *** [Ts 9h 2d] [4h]
Mahu2021: checks 
garyh9916: checks 
*** RIVER *** [Ts 9h 2d 4h] [2h]
Mahu2021: bets $0.67
garyh9916: folds 
Uncalled bet ($0.67) returned to Mahu2021
Mahu2021 collected $0.67 from pot
Mahu2021: doesn't show hand 
*** SUMMARY ***
Total pot $0.70 | Rake $0.03 
Board [Ts 9h 2d 4h 2h]
Seat 1: Lim 2589 (button) folded before Flop (didn't bet)
Seat 2: Mahu2021 (small blind) collected ($0.67)
Seat 3: A_Rommel (big blind) folded before Flop
Seat 4: garyh9916 folded on the River
Seat 5: MikeeeyAH folded before Flop (didn't bet)
Seat 6: HARIT81 folded before Flop (didn't bet)



PokerStars Zoom Hand #255443474890:  Hold'em No Limit ($0.05/$0.10) - 2025/03/25 10:11:43 CET [2025/03/25 5:11:43 ET]
Table 'Aludra' 6-max Seat #1 is the button
Seat 1: leika karo ($14.99 in chips) 
Seat 2: Mahu2021 ($7.60 in chips) 
Seat 3: Lim 2589 ($10.64 in chips) 
Seat 4: SimoDa39 ($15.43 in chips) 
Seat 5: A_Rommel ($14.15 in chips) 
Seat 6: Podyto ($20.76 in chips) 
Mahu2021: posts small blind $0.05
Lim 2589: posts big blind $0.10
*** HOLE CARDS ***
Dealt to Mahu2021 [8h 6h]
SimoDa39: raises $0.12 to $0.22
A_Rommel: folds 
Podyto: folds 
leika karo: calls $0.22
Mahu2021: folds 
Lim 2589: folds 
*** FLOP *** [4d Qd 6s]
SimoDa39: checks 
leika karo: bets $0.56
SimoDa39: calls $0.56
*** TURN *** [4d Qd 6s] [3c]
SimoDa39: checks 
leika karo: bets $0.82
SimoDa39: calls $0.82
*** RIVER *** [4d Qd 6s 3c] [9h]
SimoDa39: checks 
leika karo: bets $3.20
SimoDa39: calls $3.20
*** SHOW DOWN ***
leika karo: shows [As Ac] (a pair of Aces)
SimoDa39: mucks hand 
leika karo collected $9.31 from pot
*** SUMMARY ***
Total pot $9.75 | Rake $0.44 
Board [4d Qd 6s 3c 9h]
Seat 1: leika karo (button) showed [As Ac] and won ($9.31) with a pair of Aces
Seat 2: Mahu2021 (small blind) folded before Flop
Seat 3: Lim 2589 (big blind) folded before Flop
Seat 4: SimoDa39 mucked [Qc Kh]
Seat 5: A_Rommel folded before Flop (didn't bet)
Seat 6: Podyto folded before Flop (didn't bet)



PokerStars Zoom Hand #255443475866:  Hold'em No Limit ($0.05/$0.10) - 2025/03/25 10:11:54 CET [2025/03/25 5:11:54 ET]
Table 'Aludra' 6-max Seat #1 is the button
Seat 1: Marwanezzx ($10.45 in chips) 
Seat 2: beanblight ($13.01 in chips) 
Seat 3: deejaydmc ($15.69 in chips) 
Seat 4: A_Rommel ($12.40 in chips) 
Seat 5: SimoDa39 ($30.95 in chips) 
Seat 6: Mahu2021 ($7.55 in chips) 
beanblight: posts small blind $0.05
deejaydmc: posts big blind $0.10
*** HOLE CARDS ***
Dealt to Mahu2021 [Jh 9d]
A_Rommel: folds 
SimoDa39: raises $0.15 to $0.25
Mahu2021: folds 
Marwanezzx: calls $0.25
beanblight: folds 
deejaydmc: calls $0.15
*** FLOP *** [2d 4s 3d]
deejaydmc: checks 
SimoDa39: checks 
Marwanezzx: checks 
*** TURN *** [2d 4s 3d] [5c]
deejaydmc: bets $0.49
SimoDa39: folds 
Marwanezzx: raises $0.49 to $0.98
deejaydmc: calls $0.49
*** RIVER *** [2d 4s 3d 5c] [Kh]
deejaydmc: bets $1.72
Marwanezzx: raises $1.72 to $3.44
deejaydmc: calls $1.72
*** SHOW DOWN ***
Marwanezzx: shows [3s As] (a straight, Ace to Five)
deejaydmc: shows [Jd 6d] (a straight, Deuce to Six)
deejaydmc collected $9.21 from pot
*** SUMMARY ***
Total pot $9.64 | Rake $0.43 
Board [2d 4s 3d 5c Kh]
Seat 1: Marwanezzx (button) showed [3s As] and lost with a straight, Ace to Five
Seat 2: beanblight (small blind) folded before Flop
Seat 3: deejaydmc (big blind) showed [Jd 6d] and won ($9.21) with a straight, Deuce to Six
Seat 4: A_Rommel folded before Flop (didn't bet)
Seat 5: SimoDa39 folded on the Turn
Seat 6: Mahu2021 folded before Flop (didn't bet)



PokerStars Zoom Hand #255443476513:  Hold'em No Limit ($0.05/$0.10) - 2025/03/25 10:12:02 CET [2025/03/25 5:12:02 ET]
Table 'Aludra' 6-max Seat #1 is the button
Seat 1: A_Rommel ($14 in chips) 
Seat 2: toddot661 ($12.02 in chips) 
Seat 3: alanindublin ($10.28 in chips) 
Seat 4: Mahu2021 ($7.55 in chips) 
Seat 5: crashoverrun ($7.72 in chips) 
Seat 6: Riper3 ($26.55 in chips) 
toddot661: posts small blind $0.05
alanindublin: posts big blind $0.10
*** HOLE CARDS ***
Dealt to Mahu2021 [Tc Kd]
Mahu2021: folds 
crashoverrun: folds 
Riper3: raises $0.14 to $0.24
A_Rommel: folds 
toddot661: folds 
alanindublin: raises $0.86 to $1.10
Riper3: calls $0.86
*** FLOP *** [4s 3s 9c]
alanindublin: bets $0.71
Riper3: folds 
Uncalled bet ($0.71) returned to alanindublin
alanindublin collected $2.15 from pot
alanindublin: doesn't show hand 
*** SUMMARY ***
Total pot $2.25 | Rake $0.10 
Board [4s 3s 9c]
Seat 1: A_Rommel (button) folded before Flop (didn't bet)
Seat 2: toddot661 (small blind) folded before Flop
Seat 3: alanindublin (big blind) collected ($2.15)
Seat 4: Mahu2021 folded before Flop (didn't bet)
Seat 5: crashoverrun folded before Flop (didn't bet)
Seat 6: Riper3 folded on the Flop



PokerStars Zoom Hand #255443480237:  Hold'em No Limit ($0.05/$0.10) - 2025/03/25 10:12:46 CET [2025/03/25 5:12:46 ET]
Table 'Aludra' 6-max Seat #1 is the button
Seat 1: Mahu2021 ($7.82 in chips) 
Seat 2: SimoDa39 ($10.63 in chips) 
Seat 3: mononcGold ($2.67 in chips) 
Seat 4: A_Rommel ($13.80 in chips) 
Seat 5: Reddington567 ($27.75 in chips) 
Seat 6: Lim 2589 ($10.38 in chips) 
SimoDa39: posts small blind $0.05
mononcGold: posts big blind $0.10
*** HOLE CARDS ***
Dealt to Mahu2021 [Qd 8c]
A_Rommel: raises $0.10 to $0.20
Reddington567: folds 
Lim 2589: folds 
Mahu2021: raises $0.90 to $1.10
SimoDa39: folds 
mononcGold: raises $1.57 to $2.67 and is all-in
A_Rommel: raises $11.13 to $13.80 and is all-in
Mahu2021: folds 
Uncalled bet ($11.13) returned to A_Rommel
*** FLOP *** [Th 2d 2s]
*** TURN *** [Th 2d 2s] [Ah]
*** RIVER *** [Th 2d 2s Ah] [Qs]
*** SHOW DOWN ***
mononcGold: shows [Js Jc] (two pair, Jacks and Deuces)
A_Rommel: shows [As Kd] (two pair, Aces and Deuces)
A_Rommel collected $6.20 from pot
mononcGold cashed out the hand for $3.46 | Cash Out Fee $0.07
*** SUMMARY ***
Total pot $6.49 | Rake $0.29 
Board [Th 2d 2s Ah Qs]
Seat 1: Mahu2021 (button) folded before Flop
Seat 2: SimoDa39 (small blind) folded before Flop
Seat 3: mononcGold (big blind) showed [Js Jc] and lost with two pair, Jacks and Deuces (cashed out).
Seat 4: A_Rommel showed [As Kd] and won ($6.20) with two pair, Aces and Deuces
Seat 5: Reddington567 folded before Flop (didn't bet)
Seat 6: Lim 2589 folded before Flop (didn't bet)



PokerStars Zoom Hand #255443482083:  Hold'em No Limit ($0.05/$0.10) - 2025/03/25 10:13:08 CET [2025/03/25 5:13:08 ET]
Table 'Aludra' 6-max Seat #1 is the button
Seat 1: Lim 2589 ($10.39 in chips) 
Seat 2: Lentwood ($9.90 in chips) 
Seat 3: Reddington567 ($11.03 in chips) 
Seat 4: Losimas(LT) ($10.52 in chips) 
Seat 5: Mahu2021 ($6.72 in chips) 
Seat 6: ArtStyleH ($22.51 in chips) 
Lentwood: posts small blind $0.05
Reddington567: posts big blind $0.10
*** HOLE CARDS ***
Dealt to Mahu2021 [Ad Qs]
Losimas(LT): folds 
Mahu2021: raises $0.12 to $0.22
ArtStyleH: folds 
Lim 2589: folds 
Lentwood: folds 
Reddington567: folds 
Uncalled bet ($0.12) returned to Mahu2021
Mahu2021 collected $0.25 from pot
Mahu2021: doesn't show hand 
*** SUMMARY ***
Total pot $0.25 | Rake $0 
Seat 1: Lim 2589 (button) folded before Flop (didn't bet)
Seat 2: Lentwood (small blind) folded before Flop
Seat 3: Reddington567 (big blind) folded before Flop
Seat 4: Losimas(LT) folded before Flop (didn't bet)
Seat 5: Mahu2021 collected ($0.25)
Seat 6: ArtStyleH folded before Flop (didn't bet)



PokerStars Zoom Hand #255443479249:  Hold'em No Limit ($0.05/$0.10) - 2025/03/25 10:12:34 CET [2025/03/25 5:12:34 ET]
Table 'Aludra' 6-max Seat #1 is the button
Seat 1: jamasterg ($14.21 in chips) 
Seat 2: betforvalu ($6.79 in chips) 
Seat 3: Mahu2021 ($7.92 in chips) 
Seat 4: Losimas(LT) ($10 in chips) 
Seat 5: ArtStyleH ($22.51 in chips) 
Seat 6: Reddington567 ($11.03 in chips) 
betforvalu: posts small blind $0.05
Mahu2021: posts big blind $0.10
*** HOLE CARDS ***
Dealt to Mahu2021 [3s Qs]
Losimas(LT): raises $0.10 to $0.20
ArtStyleH: folds 
Reddington567: folds 
jamasterg: folds 
betforvalu: calls $0.15
Mahu2021: folds 
*** FLOP *** [2s 9d 4d]
betforvalu: checks 
Losimas(LT): bets $0.16
betforvalu: calls $0.16
*** TURN *** [2s 9d 4d] [Ks]
betforvalu: checks 
Losimas(LT): bets $0.50
betforvalu: calls $0.50
*** RIVER *** [2s 9d 4d Ks] [Kh]
betforvalu: checks 
Losimas(LT): bets $1.31
betforvalu: raises $4.62 to $5.93 and is all-in
Losimas(LT): calls $4.62
*** SHOW DOWN ***
betforvalu: shows [Tc Jc] (a pair of Kings)
Losimas(LT): shows [Kd As] (three of a kind, Kings)
Losimas(LT) collected $13.06 from pot
*** SUMMARY ***
Total pot $13.68 | Rake $0.62 
Board [2s 9d 4d Ks Kh]
Seat 1: jamasterg (button) folded before Flop (didn't bet)
Seat 2: betforvalu (small blind) showed [Tc Jc] and lost with a pair of Kings
Seat 3: Mahu2021 (big blind) folded before Flop
Seat 4: Losimas(LT) showed [Kd As] and won ($13.06) with three of a kind, Kings
Seat 5: ArtStyleH folded before Flop (didn't bet)
Seat 6: Reddington567 folded before Flop (didn't bet)



PokerStars Zoom Hand #255443483099:  Hold'em No Limit ($0.05/$0.10) - 2025/03/25 10:13:20 CET [2025/03/25 5:13:20 ET]
Table 'Aludra' 6-max Seat #1 is the button
Seat 1: beanblight ($11.94 in chips) 
Seat 2: Christianjtrfc ($10.45 in chips) 
Seat 3: SimoDa39 ($16.46 in chips) 
Seat 4: Mahu2021 ($6.87 in chips) 
Seat 5: toddot661 ($11.62 in chips) 
Seat 6: Riper3 ($25.77 in chips) 
Christianjtrfc: posts small blind $0.05
SimoDa39: posts big blind $0.10
*** HOLE CARDS ***
Dealt to Mahu2021 [Js 8d]
Mahu2021: folds 
toddot661: folds 
Riper3: folds 
beanblight: folds 
Christianjtrfc: raises $0.20 to $0.30
SimoDa39: folds 
Uncalled bet ($0.20) returned to Christianjtrfc
Christianjtrfc collected $0.20 from pot
Christianjtrfc: doesn't show hand 
*** SUMMARY ***
Total pot $0.20 | Rake $0 
Seat 1: beanblight (button) folded before Flop (didn't bet)
Seat 2: Christianjtrfc (small blind) collected ($0.20)
Seat 3: SimoDa39 (big blind) folded before Flop
Seat 4: Mahu2021 folded before Flop (didn't bet)
Seat 5: toddot661 folded before Flop (didn't bet)
Seat 6: Riper3 folded before Flop (didn't bet)



PokerStars Zoom Hand #255443483381:  Hold'em No Limit ($0.05/$0.10) - 2025/03/25 10:13:24 CET [2025/03/25 5:13:24 ET]
Table 'Aludra' 6-max Seat #1 is the button
Seat 1: deejaydmc ($8.68 in chips) 
Seat 2: Riper3 ($25.77 in chips) 
Seat 3: Mahu2021 ($6.87 in chips) 
Seat 4: Lim 2589 ($10 in chips) 
Seat 5: A_Rommel ($12.10 in chips) 
Seat 6: leika karo ($19.93 in chips) 
Riper3: posts small blind $0.05
Mahu2021: posts big blind $0.10
*** HOLE CARDS ***
Dealt to Mahu2021 [7d 6h]
Lim 2589: folds 
A_Rommel: folds 
leika karo: folds 
deejaydmc: folds 
Riper3: raises $0.14 to $0.24
Mahu2021: calls $0.14
*** FLOP *** [Qs 7s Kd]
Riper3: bets $0.14
Mahu2021: raises $0.96 to $1.10
Riper3: folds 
Uncalled bet ($0.96) returned to Mahu2021
Mahu2021 collected $0.73 from pot
Mahu2021: doesn't show hand 
*** SUMMARY ***
Total pot $0.76 | Rake $0.03 
Board [Qs 7s Kd]
Seat 1: deejaydmc (button) folded before Flop (didn't bet)
Seat 2: Riper3 (small blind) folded on the Flop
Seat 3: Mahu2021 (big blind) collected ($0.73)
Seat 4: Lim 2589 folded before Flop (didn't bet)
Seat 5: A_Rommel folded before Flop (didn't bet)
Seat 6: leika karo folded before Flop (didn't bet)



PokerStars Zoom Hand #255443485292:  Hold'em No Limit ($0.05/$0.10) - 2025/03/25 10:13:47 CET [2025/03/25 5:13:47 ET]
Table 'Aludra' 6-max Seat #1 is the button
Seat 1: Riper3 ($25.39 in chips) 
Seat 2: SimoDa39 ($10.63 in chips) 
Seat 3: Lim 2589 ($10.34 in chips) 
Seat 4: kingsman5454 ($11.21 in chips) 
Seat 5: Mahu2021 ($7.22 in chips) 
Seat 6: afwing16 ($10 in chips) 
SimoDa39: posts small blind $0.05
Lim 2589: posts big blind $0.10
*** HOLE CARDS ***
Dealt to Mahu2021 [5h 3c]
kingsman5454: folds 
Mahu2021: folds 
afwing16: folds 
Riper3: folds 
SimoDa39: folds 
Uncalled bet ($0.05) returned to Lim 2589
Lim 2589 collected $0.10 from pot
Lim 2589: doesn't show hand 
*** SUMMARY ***
Total pot $0.10 | Rake $0 
Seat 1: Riper3 (button) folded before Flop (didn't bet)
Seat 2: SimoDa39 (small blind) folded before Flop
Seat 3: Lim 2589 (big blind) collected ($0.10)
Seat 4: kingsman5454 folded before Flop (didn't bet)
Seat 5: Mahu2021 folded before Flop (didn't bet)
Seat 6: afwing16 folded before Flop (didn't bet)



PokerStars Zoom Hand #255443486618:  Hold'em No Limit ($0.05/$0.10) - 2025/03/25 10:14:03 CET [2025/03/25 5:14:03 ET]
Table 'Aludra' 6-max Seat #1 is the button
Seat 1: iraklis1978 ($4.02 in chips) 
Seat 2: Podyto ($13.66 in chips) 
Seat 3: kingsman5454 ($10 in chips) 
Seat 4: Lim 2589 ($10.39 in chips) 
Seat 5: Christianjtrfc ($10 in chips) 
Seat 6: Mahu2021 ($7.17 in chips) 
Podyto: posts small blind $0.05
kingsman5454: posts big blind $0.10
*** HOLE CARDS ***
Dealt to Mahu2021 [3c Ts]
Lim 2589: folds 
Christianjtrfc: folds 
Mahu2021: folds 
iraklis1978: folds 
Podyto: folds 
Uncalled bet ($0.05) returned to kingsman5454
kingsman5454 collected $0.10 from pot
kingsman5454: doesn't show hand 
*** SUMMARY ***
Total pot $0.10 | Rake $0 
Seat 1: iraklis1978 (button) folded before Flop (didn't bet)
Seat 2: Podyto (small blind) folded before Flop
Seat 3: kingsman5454 (big blind) collected ($0.10)
Seat 4: Lim 2589 folded before Flop (didn't bet)
Seat 5: Christianjtrfc folded before Flop (didn't bet)
Seat 6: Mahu2021 folded before Flop (didn't bet)



PokerStars Zoom Hand #255443485712:  Hold'em No Limit ($0.05/$0.10) - 2025/03/25 10:13:52 CET [2025/03/25 5:13:52 ET]
Table 'Aludra' 6-max Seat #1 is the button
Seat 1: Mahu2021 ($7.22 in chips) 
Seat 2: kingsman5454 ($11.21 in chips) 
Seat 3: MikeeeyAH ($10.53 in chips) 
Seat 4: Losimas(LT) ($10.57 in chips) 
Seat 5: afwing16 ($10 in chips) 
Seat 6: jamasterg ($15.58 in chips) 
kingsman5454: posts small blind $0.05
MikeeeyAH: posts big blind $0.10
*** HOLE CARDS ***
Dealt to Mahu2021 [3d 6s]
Losimas(LT): folds 
afwing16: folds 
jamasterg: folds 
Mahu2021: folds 
kingsman5454: folds 
Uncalled bet ($0.05) returned to MikeeeyAH
MikeeeyAH collected $0.10 from pot
MikeeeyAH: doesn't show hand 
*** SUMMARY ***
Total pot $0.10 | Rake $0 
Seat 1: Mahu2021 (button) folded before Flop (didn't bet)
Seat 2: kingsman5454 (small blind) folded before Flop
Seat 3: MikeeeyAH (big blind) collected ($0.10)
Seat 4: Losimas(LT) folded before Flop (didn't bet)
Seat 5: afwing16 folded before Flop (didn't bet)
Seat 6: jamasterg folded before Flop (didn't bet)



PokerStars Zoom Hand #255443487353:  Hold'em No Limit ($0.05/$0.10) - 2025/03/25 10:14:12 CET [2025/03/25 5:14:12 ET]
Table 'Aludra' 6-max Seat #1 is the button
Seat 1: deejaydmc ($20.45 in chips) 
Seat 2: ArtStyleH ($23.16 in chips) 
Seat 3: Lim 2589 ($17.95 in chips) 
Seat 4: Christianjtrfc ($10 in chips) 
Seat 5: Mahu2021 ($7.17 in chips) 
Seat 6: kingsman5454 ($10.05 in chips) 
ArtStyleH: posts small blind $0.05
Lim 2589: posts big blind $0.10
*** HOLE CARDS ***
Dealt to Mahu2021 [Th Ad]
Christianjtrfc: folds 
Mahu2021: raises $0.14 to $0.24
kingsman5454: folds 
deejaydmc: folds 
ArtStyleH: folds 
Lim 2589: folds 
Uncalled bet ($0.14) returned to Mahu2021
Mahu2021 collected $0.25 from pot
Mahu2021: doesn't show hand 
*** SUMMARY ***
Total pot $0.25 | Rake $0 
Seat 1: deejaydmc (button) folded before Flop (didn't bet)
Seat 2: ArtStyleH (small blind) folded before Flop
Seat 3: Lim 2589 (big blind) folded before Flop
Seat 4: Christianjtrfc folded before Flop (didn't bet)
Seat 5: Mahu2021 collected ($0.25)
Seat 6: kingsman5454 folded before Flop (didn't bet)



PokerStars Zoom Hand #255443486212:  Hold'em No Limit ($0.05/$0.10) - 2025/03/25 10:13:58 CET [2025/03/25 5:13:58 ET]
Table 'Aludra' 6-max Seat #1 is the button
Seat 1: Lim 2589 ($10.39 in chips) 
Seat 2: Mahu2021 ($7.22 in chips) 
Seat 3: Losimas(LT) ($10 in chips) 
Seat 4: Riper3 ($25.39 in chips) 
Seat 5: betforvalu ($9.90 in chips) 
Seat 6: ArtStyleH ($11.44 in chips) 
Mahu2021: posts small blind $0.05
Losimas(LT): posts big blind $0.10
*** HOLE CARDS ***
Dealt to Mahu2021 [9s 7d]
Riper3: raises $0.14 to $0.24
betforvalu: calls $0.24
ArtStyleH: folds 
Lim 2589: folds 
Mahu2021: folds 
Losimas(LT): calls $0.14
*** FLOP *** [Qc 2d Th]
Losimas(LT): checks 
Riper3: bets $0.22
betforvalu: calls $0.22
Losimas(LT): calls $0.22
*** TURN *** [Qc 2d Th] [3h]
Losimas(LT): checks 
Riper3: checks 
betforvalu: checks 
*** RIVER *** [Qc 2d Th 3h] [3d]
Losimas(LT): checks 
Riper3: checks 
betforvalu: bets $0.89
Losimas(LT): folds 
Riper3: folds 
Uncalled bet ($0.89) returned to betforvalu
betforvalu collected $1.37 from pot
betforvalu: doesn't show hand 
*** SUMMARY ***
Total pot $1.43 | Rake $0.06 
Board [Qc 2d Th 3h 3d]
Seat 1: Lim 2589 (button) folded before Flop (didn't bet)
Seat 2: Mahu2021 (small blind) folded before Flop
Seat 3: Losimas(LT) (big blind) folded on the River
Seat 4: Riper3 folded on the River
Seat 5: betforvalu collected ($1.37)
Seat 6: ArtStyleH folded before Flop (didn't bet)



PokerStars Zoom Hand #255443489214:  Hold'em No Limit ($0.05/$0.10) - 2025/03/25 10:14:34 CET [2025/03/25 5:14:34 ET]
Table 'Aludra' 6-max Seat #1 is the button
Seat 1: Mahu2021 ($7.32 in chips) 
Seat 2: beanblight ($12.17 in chips) 
Seat 3: alanindublin ($10.88 in chips) 
Seat 4: Podyto ($14.01 in chips) 
Seat 5: ArtStyleH ($11.54 in chips) 
Seat 6: Lim 2589 ($10.34 in chips) 
beanblight: posts small blind $0.05
alanindublin: posts big blind $0.10
*** HOLE CARDS ***
Dealt to Mahu2021 [Qh 8h]
Podyto: raises $0.20 to $0.30
ArtStyleH: raises $0.60 to $0.90
Lim 2589: folds 
Mahu2021: folds 
beanblight: folds 
alanindublin: raises $1.30 to $2.20
Podyto: folds 
ArtStyleH: folds 
Uncalled bet ($1.30) returned to alanindublin
alanindublin collected $2.15 from pot
alanindublin: doesn't show hand 
*** SUMMARY ***
Total pot $2.15 | Rake $0 
Seat 1: Mahu2021 (button) folded before Flop (didn't bet)
Seat 2: beanblight (small blind) folded before Flop
Seat 3: alanindublin (big blind) collected ($2.15)
Seat 4: Podyto folded before Flop
Seat 5: ArtStyleH folded before Flop
Seat 6: Lim 2589 folded before Flop (didn't bet)



PokerStars Zoom Hand #255443490361:  Hold'em No Limit ($0.05/$0.10) - 2025/03/25 10:14:48 CET [2025/03/25 5:14:48 ET]
Table 'Aludra' 6-max Seat #1 is the button
Seat 1: kingsman5454 ($10.35 in chips) 
Seat 2: Losimas(LT) ($10 in chips) 
Seat 3: Mahu2021 ($7.27 in chips) 
Seat 4: Christianjtrfc ($10.30 in chips) 
Seat 5: Lim 2589 ($17.85 in chips) 
Seat 6: Reddington567 ($20.58 in chips) 
Losimas(LT): posts small blind $0.05
Mahu2021: posts big blind $0.10
*** HOLE CARDS ***
Dealt to Mahu2021 [6s 4d]
Christianjtrfc: folds 
Lim 2589: folds 
Reddington567: raises $0.14 to $0.24
kingsman5454: folds 
Losimas(LT): raises $0.76 to $1
Mahu2021: folds 
Reddington567: folds 
Uncalled bet ($0.76) returned to Losimas(LT)
Losimas(LT) collected $0.58 from pot
Losimas(LT): doesn't show hand 
*** SUMMARY ***
Total pot $0.58 | Rake $0 
Seat 1: kingsman5454 (button) folded before Flop (didn't bet)
Seat 2: Losimas(LT) (small blind) collected ($0.58)
Seat 3: Mahu2021 (big blind) folded before Flop
Seat 4: Christianjtrfc folded before Flop (didn't bet)
Seat 5: Lim 2589 folded before Flop (didn't bet)
Seat 6: Reddington567 folded before Flop



PokerStars Zoom Hand #255443491342:  Hold'em No Limit ($0.05/$0.10) - 2025/03/25 10:14:59 CET [2025/03/25 5:14:59 ET]
Table 'Aludra' 6-max Seat #1 is the button
Seat 1: beanblight ($12.12 in chips) 
Seat 2: afwing16 ($11.31 in chips) 
Seat 3: ArtStyleH ($10.64 in chips) 
Seat 4: kingsman5454 ($10.35 in chips) 
Seat 5: Mahu2021 ($7.17 in chips) 
Seat 6: leika karo ($19 in chips) 
afwing16: posts small blind $0.05
ArtStyleH: posts big blind $0.10
*** HOLE CARDS ***
Dealt to Mahu2021 [Ks 5s]
kingsman5454: folds 
Mahu2021: folds 
leika karo: raises $0.10 to $0.20
beanblight: folds 
afwing16: folds 
ArtStyleH: folds 
Uncalled bet ($0.10) returned to leika karo
leika karo collected $0.25 from pot
leika karo: doesn't show hand 
*** SUMMARY ***
Total pot $0.25 | Rake $0 
Seat 1: beanblight (button) folded before Flop (didn't bet)
Seat 2: afwing16 (small blind) folded before Flop
Seat 3: ArtStyleH (big blind) folded before Flop
Seat 4: kingsman5454 folded before Flop (didn't bet)
Seat 5: Mahu2021 folded before Flop (didn't bet)
Seat 6: leika karo collected ($0.25)



PokerStars Zoom Hand #255443491676:  Hold'em No Limit ($0.05/$0.10) - 2025/03/25 10:15:03 CET [2025/03/25 5:15:03 ET]
Table 'Aludra' 6-max Seat #1 is the button
Seat 1: betforvalu ($10.81 in chips) 
Seat 2: Losimas(LT) ($10 in chips) 
Seat 3: beanblight ($12.12 in chips) 
Seat 4: SimoDa39 ($32.21 in chips) 
Seat 5: kingsman5454 ($10.35 in chips) 
Seat 6: Mahu2021 ($7.17 in chips) 
Losimas(LT): posts small blind $0.05
beanblight: posts big blind $0.10
*** HOLE CARDS ***
Dealt to Mahu2021 [4s 5d]
SimoDa39: folds 
kingsman5454: raises $0.10 to $0.20
Mahu2021: folds 
betforvalu: folds 
Losimas(LT): folds 
beanblight: folds 
Uncalled bet ($0.10) returned to kingsman5454
kingsman5454 collected $0.25 from pot
kingsman5454: doesn't show hand 
*** SUMMARY ***
Total pot $0.25 | Rake $0 
Seat 1: betforvalu (button) folded before Flop (didn't bet)
Seat 2: Losimas(LT) (small blind) folded before Flop
Seat 3: beanblight (big blind) folded before Flop
Seat 4: SimoDa39 folded before Flop (didn't bet)
Seat 5: kingsman5454 collected ($0.25)
Seat 6: Mahu2021 folded before Flop (didn't bet)



PokerStars Zoom Hand #255443489849:  Hold'em No Limit ($0.05/$0.10) - 2025/03/25 10:14:42 CET [2025/03/25 5:14:42 ET]
Table 'Aludra' 6-max Seat #1 is the button
Seat 1: Reddington567 ($28.06 in chips) 
Seat 2: Mahu2021 ($7.32 in chips) 
Seat 3: Riper3 ($24.93 in chips) 
Seat 4: deejaydmc ($8.76 in chips) 
Seat 5: beanblight ($12.12 in chips) 
Seat 6: thorindorf ($0.90 in chips) 
Mahu2021: posts small blind $0.05
Riper3: posts big blind $0.10
*** HOLE CARDS ***
Dealt to Mahu2021 [6h 9s]
deejaydmc: raises $0.15 to $0.25
beanblight: folds 
thorindorf: calls $0.25
Reddington567: folds 
Mahu2021: folds 
Riper3: calls $0.15
*** FLOP *** [8s Jc 6s]
Riper3: checks 
deejaydmc: bets $0.25
thorindorf: calls $0.25
Riper3: folds 
*** TURN *** [8s Jc 6s] [9d]
deejaydmc: checks 
thorindorf: bets $0.40 and is all-in
deejaydmc: calls $0.40
*** RIVER *** [8s Jc 6s 9d] [Ad]
*** SHOW DOWN ***
deejaydmc: shows [Tc Qs] (a straight, Eight to Queen)
thorindorf: shows [Qc Qd] (a pair of Queens)
deejaydmc collected $2.01 from pot
*** SUMMARY ***
Total pot $2.10 | Rake $0.09 
Board [8s Jc 6s 9d Ad]
Seat 1: Reddington567 (button) folded before Flop (didn't bet)
Seat 2: Mahu2021 (small blind) folded before Flop
Seat 3: Riper3 (big blind) folded on the Flop
Seat 4: deejaydmc showed [Tc Qs] and won ($2.01) with a straight, Eight to Queen
Seat 5: beanblight folded before Flop (didn't bet)
Seat 6: thorindorf showed [Qc Qd] and lost with a pair of Queens



PokerStars Zoom Hand #255443492909:  Hold'em No Limit ($0.05/$0.10) - 2025/03/25 10:15:18 CET [2025/03/25 5:15:18 ET]
Table 'Aludra' 6-max Seat #1 is the button
Seat 1: kingsman5454 ($10.71 in chips) 
Seat 2: zzz7zzz7zzz ($6.06 in chips) 
Seat 3: Mahu2021 ($7.17 in chips) 
Seat 4: gualtersales ($9.13 in chips) 
Seat 5: deejaydmc ($9.87 in chips) 
Seat 6: Gattini37 ($11.96 in chips) 
zzz7zzz7zzz: posts small blind $0.05
Mahu2021: posts big blind $0.10
*** HOLE CARDS ***
Dealt to Mahu2021 [5d Js]
gualtersales: raises $0.10 to $0.20
deejaydmc: folds 
Gattini37: folds 
kingsman5454: folds 
zzz7zzz7zzz: folds 
Mahu2021: folds 
Uncalled bet ($0.10) returned to gualtersales
gualtersales collected $0.25 from pot
gualtersales: doesn't show hand 
*** SUMMARY ***
Total pot $0.25 | Rake $0 
Seat 1: kingsman5454 (button) folded before Flop (didn't bet)
Seat 2: zzz7zzz7zzz (small blind) folded before Flop
Seat 3: Mahu2021 (big blind) folded before Flop
Seat 4: gualtersales collected ($0.25)
Seat 5: deejaydmc folded before Flop (didn't bet)
Seat 6: Gattini37 folded before Flop (didn't bet)



PokerStars Zoom Hand #255443493520:  Hold'em No Limit ($0.05/$0.10) - 2025/03/25 10:15:25 CET [2025/03/25 5:15:25 ET]
Table 'Aludra' 6-max Seat #1 is the button
Seat 1: Mahu2021 ($7.07 in chips) 
Seat 2: A_Rommel ($12.60 in chips) 
Seat 3: Gattini37 ($11.96 in chips) 
Seat 4: beanblight ($11.97 in chips) 
Seat 5: betforvalu ($10.71 in chips) 
Seat 6: deejaydmc ($9.87 in chips) 
A_Rommel: posts small blind $0.05
Gattini37: posts big blind $0.10
*** HOLE CARDS ***
Dealt to Mahu2021 [Qd Ah]
beanblight: folds 
betforvalu: folds 
deejaydmc: raises $0.15 to $0.25
Mahu2021: raises $0.85 to $1.10
A_Rommel: folds 
Gattini37: folds 
deejaydmc: folds 
Uncalled bet ($0.85) returned to Mahu2021
Mahu2021 collected $0.65 from pot
Mahu2021: doesn't show hand 
*** SUMMARY ***
Total pot $0.65 | Rake $0 
Seat 1: Mahu2021 (button) collected ($0.65)
Seat 2: A_Rommel (small blind) folded before Flop
Seat 3: Gattini37 (big blind) folded before Flop
Seat 4: beanblight folded before Flop (didn't bet)
Seat 5: betforvalu folded before Flop (didn't bet)
Seat 6: deejaydmc folded before Flop



PokerStars Zoom Hand #255443496407:  Hold'em No Limit ($0.05/$0.10) - 2025/03/25 10:15:59 CET [2025/03/25 5:15:59 ET]
Table 'Aludra' 6-max Seat #1 is the button
Seat 1: kingsman5454 ($10.81 in chips) 
Seat 2: deejaydmc ($18.10 in chips) 
Seat 3: alanindublin ($11.40 in chips) 
Seat 4: Christianjtrfc ($11.11 in chips) 
Seat 5: crashoverrun ($5.99 in chips) 
Seat 6: Mahu2021 ($7.47 in chips) 
deejaydmc: posts small blind $0.05
alanindublin: posts big blind $0.10
*** HOLE CARDS ***
Dealt to Mahu2021 [5s 6d]
Christianjtrfc: folds 
crashoverrun: folds 
Mahu2021: folds 
kingsman5454: folds 
deejaydmc: folds 
Uncalled bet ($0.05) returned to alanindublin
alanindublin collected $0.10 from pot
alanindublin: doesn't show hand 
*** SUMMARY ***
Total pot $0.10 | Rake $0 
Seat 1: kingsman5454 (button) folded before Flop (didn't bet)
Seat 2: deejaydmc (small blind) folded before Flop
Seat 3: alanindublin (big blind) collected ($0.10)
Seat 4: Christianjtrfc folded before Flop (didn't bet)
Seat 5: crashoverrun folded before Flop (didn't bet)
Seat 6: Mahu2021 folded before Flop (didn't bet)



PokerStars Zoom Hand #255443496847:  Hold'em No Limit ($0.05/$0.10) - 2025/03/25 10:16:04 CET [2025/03/25 5:16:04 ET]
Table 'Aludra' 6-max Seat #1 is the button
Seat 1: Gattini37 ($11.81 in chips) 
Seat 2: MTI65 ($6.92 in chips) 
Seat 3: kingsman5454 ($10.81 in chips) 
Seat 4: MikeeeyAH ($11.82 in chips) 
Seat 5: Mahu2021 ($7.47 in chips) 
Seat 6: betforvalu ($11.26 in chips) 
MTI65: posts small blind $0.05
kingsman5454: posts big blind $0.10
*** HOLE CARDS ***
Dealt to Mahu2021 [Jd 7d]
MikeeeyAH: folds 
Mahu2021: folds 
betforvalu: folds 
Gattini37: folds 
MTI65: folds 
Uncalled bet ($0.05) returned to kingsman5454
kingsman5454 collected $0.10 from pot
kingsman5454: doesn't show hand 
*** SUMMARY ***
Total pot $0.10 | Rake $0 
Seat 1: Gattini37 (button) folded before Flop (didn't bet)
Seat 2: MTI65 (small blind) folded before Flop
Seat 3: kingsman5454 (big blind) collected ($0.10)
Seat 4: MikeeeyAH folded before Flop (didn't bet)
Seat 5: Mahu2021 folded before Flop (didn't bet)
Seat 6: betforvalu folded before Flop (didn't bet)



PokerStars Zoom Hand #255443492096:  Hold'em No Limit ($0.05/$0.10) - 2025/03/25 10:15:08 CET [2025/03/25 5:15:08 ET]
Table 'Aludra' 6-max Seat #1 is the button
Seat 1: ArtStyleH ($10.54 in chips) 
Seat 2: Reddington567 ($20.34 in chips) 
Seat 3: SimoDa39 ($32.21 in chips) 
Seat 4: Mahu2021 ($7.17 in chips) 
Seat 5: Losimas(LT) ($10 in chips) 
Seat 6: gualtersales ($9.13 in chips) 
Reddington567: posts small blind $0.05
SimoDa39: posts big blind $0.10
*** HOLE CARDS ***
Dealt to Mahu2021 [Jd Qh]
Mahu2021: folds 
Losimas(LT): folds 
gualtersales: folds 
ArtStyleH: raises $0.15 to $0.25
Reddington567: raises $0.60 to $0.85
SimoDa39: folds 
ArtStyleH: calls $0.60
*** FLOP *** [6c 4c Ad]
Reddington567: bets $0.71
ArtStyleH: calls $0.71
*** TURN *** [6c 4c Ad] [8d]
Reddington567: checks 
ArtStyleH: bets $1.06
Reddington567: raises $2.13 to $3.19
ArtStyleH: folds 
Uncalled bet ($2.13) returned to Reddington567
Reddington567 collected $5.10 from pot
Reddington567: doesn't show hand 
*** SUMMARY ***
Total pot $5.34 | Rake $0.24 
Board [6c 4c Ad 8d]
Seat 1: ArtStyleH (button) folded on the Turn
Seat 2: Reddington567 (small blind) collected ($5.10)
Seat 3: SimoDa39 (big blind) folded before Flop
Seat 4: Mahu2021 folded before Flop (didn't bet)
Seat 5: Losimas(LT) folded before Flop (didn't bet)
Seat 6: gualtersales folded before Flop (didn't bet)



PokerStars Zoom Hand #255443497174:  Hold'em No Limit ($0.05/$0.10) - 2025/03/25 10:16:08 CET [2025/03/25 5:16:08 ET]
Table 'Aludra' 6-max Seat #1 is the button
Seat 1: Lentwood ($12.58 in chips) 
Seat 2: Mahu2021 ($7.47 in chips) 
Seat 3: deejaydmc ($9.57 in chips) 
Seat 4: betforvalu ($11.26 in chips) 
Seat 5: Reddington567 ($29.20 in chips) 
Seat 6: SimoDa39 ($15.89 in chips) 
Mahu2021: posts small blind $0.05
deejaydmc: posts big blind $0.10
*** HOLE CARDS ***
Dealt to Mahu2021 [5h 6h]
betforvalu: raises $0.20 to $0.30
Reddington567: folds 
SimoDa39: folds 
Lentwood: folds 
Mahu2021: calls $0.25
deejaydmc: calls $0.20
*** FLOP *** [8h 3s 7s]
Mahu2021: bets $0.30
deejaydmc: calls $0.30
betforvalu: folds 
*** TURN *** [8h 3s 7s] [8d]
Mahu2021: bets $0.30
deejaydmc: calls $0.30
*** RIVER *** [8h 3s 7s 8d] [3h]
Mahu2021: checks 
deejaydmc: checks 
*** SHOW DOWN ***
Mahu2021: shows [5h 6h] (two pair, Eights and Threes)
deejaydmc: shows [4d As] (two pair, Eights and Threes - Ace kicker)
deejaydmc collected $2.01 from pot
*** SUMMARY ***
Total pot $2.10 | Rake $0.09 
Board [8h 3s 7s 8d 3h]
Seat 1: Lentwood (button) folded before Flop (didn't bet)
Seat 2: Mahu2021 (small blind) showed [5h 6h] and lost with two pair, Eights and Threes
Seat 3: deejaydmc (big blind) showed [4d As] and won ($2.01) with two pair, Eights and Threes
Seat 4: betforvalu folded on the Flop
Seat 5: Reddington567 folded before Flop (didn't bet)
Seat 6: SimoDa39 folded before Flop (didn't bet)



PokerStars Zoom Hand #255443500830:  Hold'em No Limit ($0.05/$0.10) - 2025/03/25 10:16:50 CET [2025/03/25 5:16:50 ET]
Table 'Aludra' 6-max Seat #1 is the button
Seat 1: Lentwood ($12.48 in chips) 
Seat 2: Podyto ($10 in chips) 
Seat 3: A_Rommel ($17.35 in chips) 
Seat 4: Mahu2021 ($6.57 in chips) 
Seat 5: marciofjunior59 ($6.15 in chips) 
Seat 6: Christianjtrfc ($10 in chips) 
Podyto: posts small blind $0.05
A_Rommel: posts big blind $0.10
*** HOLE CARDS ***
Dealt to Mahu2021 [3c 5c]
Mahu2021: folds 
marciofjunior59: folds 
Christianjtrfc: raises $0.15 to $0.25
Lentwood: folds 
Podyto: folds 
A_Rommel: folds 
Uncalled bet ($0.15) returned to Christianjtrfc
Christianjtrfc collected $0.25 from pot
Christianjtrfc: doesn't show hand 
*** SUMMARY ***
Total pot $0.25 | Rake $0 
Seat 1: Lentwood (button) folded before Flop (didn't bet)
Seat 2: Podyto (small blind) folded before Flop
Seat 3: A_Rommel (big blind) folded before Flop
Seat 4: Mahu2021 folded before Flop (didn't bet)
Seat 5: marciofjunior59 folded before Flop (didn't bet)
Seat 6: Christianjtrfc collected ($0.25)



PokerStars Zoom Hand #255443501315:  Hold'em No Limit ($0.05/$0.10) - 2025/03/25 10:16:56 CET [2025/03/25 5:16:56 ET]
Table 'Aludra' 6-max Seat #1 is the button
Seat 1: Mahu2021 ($6.57 in chips) 
Seat 2: thorindorf ($10.86 in chips) 
Seat 3: Riper3 ($24.09 in chips) 
Seat 4: SimoDa39 ($15.84 in chips) 
Seat 5: beanblight ($13.49 in chips) 
Seat 6: Podyto ($9.95 in chips) 
thorindorf: posts small blind $0.05
Riper3: posts big blind $0.10
*** HOLE CARDS ***
Dealt to Mahu2021 [5h 7d]
SimoDa39: folds 
beanblight: raises $0.15 to $0.25
Podyto: folds 
Mahu2021: folds 
thorindorf: folds 
Riper3: raises $0.50 to $0.75
beanblight: calls $0.50
*** FLOP *** [4d 8s 3s]
Riper3: bets $0.44
beanblight: raises $1.06 to $1.50
Riper3: folds 
Uncalled bet ($1.06) returned to beanblight
beanblight collected $2.32 from pot
beanblight: doesn't show hand 
*** SUMMARY ***
Total pot $2.43 | Rake $0.11 
Board [4d 8s 3s]
Seat 1: Mahu2021 (button) folded before Flop (didn't bet)
Seat 2: thorindorf (small blind) folded before Flop
Seat 3: Riper3 (big blind) folded on the Flop
Seat 4: SimoDa39 folded before Flop (didn't bet)
Seat 5: beanblight collected ($2.32)
Seat 6: Podyto folded before Flop (didn't bet)



PokerStars Zoom Hand #255443502264:  Hold'em No Limit ($0.05/$0.10) - 2025/03/25 10:17:06 CET [2025/03/25 5:17:06 ET]
Table 'Aludra' 6-max Seat #1 is the button
Seat 1: A_Rommel ($17.25 in chips) 
Seat 2: ArtStyleH ($22.39 in chips) 
Seat 3: Mahu2021 ($6.52 in chips) 
Seat 4: Gattini37 ($11.66 in chips) 
Seat 5: Losimas(LT) ($10 in chips) 
Seat 6: toddot661 ($11.33 in chips) 
ArtStyleH: posts small blind $0.05
Mahu2021: posts big blind $0.10
*** HOLE CARDS ***
Dealt to Mahu2021 [Td Ts]
Gattini37: folds 
Losimas(LT): raises $0.15 to $0.25
toddot661: folds 
A_Rommel: folds 
ArtStyleH: folds 
Mahu2021: raises $0.85 to $1.10
Losimas(LT): folds 
Uncalled bet ($0.85) returned to Mahu2021
Mahu2021 collected $0.55 from pot
Mahu2021: doesn't show hand 
*** SUMMARY ***
Total pot $0.55 | Rake $0 
Seat 1: A_Rommel (button) folded before Flop (didn't bet)
Seat 2: ArtStyleH (small blind) folded before Flop
Seat 3: Mahu2021 (big blind) collected ($0.55)
Seat 4: Gattini37 folded before Flop (didn't bet)
Seat 5: Losimas(LT) folded before Flop
Seat 6: toddot661 folded before Flop (didn't bet)



PokerStars Zoom Hand #255443504928:  Hold'em No Limit ($0.05/$0.10) - 2025/03/25 10:17:37 CET [2025/03/25 5:17:37 ET]
Table 'Aludra' 6-max Seat #1 is the button
Seat 1: BluffsLord ($10.66 in chips) 
Seat 2: Losimas(LT) ($10 in chips) 
Seat 3: beanblight ($14.62 in chips) 
Seat 4: MTI65 ($7.02 in chips) 
Seat 5: gualtersales ($8.37 in chips) 
Seat 6: Mahu2021 ($6.82 in chips) 
Losimas(LT): posts small blind $0.05
beanblight: posts big blind $0.10
*** HOLE CARDS ***
Dealt to Mahu2021 [Kh 4h]
MTI65: folds 
gualtersales: folds 
Mahu2021: folds 
BluffsLord: folds 
Losimas(LT): folds 
Uncalled bet ($0.05) returned to beanblight
beanblight collected $0.10 from pot
beanblight: doesn't show hand 
*** SUMMARY ***
Total pot $0.10 | Rake $0 
Seat 1: BluffsLord (button) folded before Flop (didn't bet)
Seat 2: Losimas(LT) (small blind) folded before Flop
Seat 3: beanblight (big blind) collected ($0.10)
Seat 4: MTI65 folded before Flop (didn't bet)
Seat 5: gualtersales folded before Flop (didn't bet)
Seat 6: Mahu2021 folded before Flop (didn't bet)



PokerStars Zoom Hand #255443501726:  Hold'em No Limit ($0.05/$0.10) - 2025/03/25 10:17:00 CET [2025/03/25 5:17:00 ET]
Table 'Aludra' 6-max Seat #1 is the button
Seat 1: Gattini37 ($11.66 in chips) 
Seat 2: Mahu2021 ($6.57 in chips) 
Seat 3: SimoDa39 ($15.84 in chips) 
Seat 4: jamasterg ($16.54 in chips) 
Seat 5: nDoelAidFme ($10 in chips) 
Seat 6: Reddington567 ($23.37 in chips) 
Mahu2021: posts small blind $0.05
SimoDa39: posts big blind $0.10
*** HOLE CARDS ***
Dealt to Mahu2021 [2c Qh]
jamasterg: raises $0.20 to $0.30
nDoelAidFme: folds 
Reddington567: calls $0.30
Gattini37: folds 
Mahu2021: folds 
SimoDa39: raises $1.25 to $1.55
jamasterg: folds 
Reddington567: calls $1.25
*** FLOP *** [7d 7s Kh]
SimoDa39: bets $1.09
Reddington567: folds 
Uncalled bet ($1.09) returned to SimoDa39
SimoDa39 collected $3.29 from pot
SimoDa39: doesn't show hand 
*** SUMMARY ***
Total pot $3.45 | Rake $0.16 
Board [7d 7s Kh]
Seat 1: Gattini37 (button) folded before Flop (didn't bet)
Seat 2: Mahu2021 (small blind) folded before Flop
Seat 3: SimoDa39 (big blind) collected ($3.29)
Seat 4: jamasterg folded before Flop
Seat 5: nDoelAidFme folded before Flop (didn't bet)
Seat 6: Reddington567 folded on the Flop



PokerStars Zoom Hand #255443505958:  Hold'em No Limit ($0.05/$0.10) - 2025/03/25 10:17:49 CET [2025/03/25 5:17:49 ET]
Table 'Aludra' 6-max Seat #1 is the button
Seat 1: Mahu2021 ($6.82 in chips) 
Seat 2: gualtersales ($8.37 in chips) 
Seat 3: toddot661 ($11.23 in chips) 
Seat 4: thorindorf ($10.05 in chips) 
Seat 5: Christianjtrfc ($11.20 in chips) 
Seat 6: 00O-2Z ($10 in chips) 
gualtersales: posts small blind $0.05
toddot661: posts big blind $0.10
*** HOLE CARDS ***
Dealt to Mahu2021 [Jc 9s]
thorindorf: raises $0.20 to $0.30
Christianjtrfc: folds 
00O-2Z: folds 
Mahu2021: folds 
gualtersales: folds 
toddot661: folds 
Uncalled bet ($0.20) returned to thorindorf
thorindorf collected $0.25 from pot
thorindorf: doesn't show hand 
*** SUMMARY ***
Total pot $0.25 | Rake $0 
Seat 1: Mahu2021 (button) folded before Flop (didn't bet)
Seat 2: gualtersales (small blind) folded before Flop
Seat 3: toddot661 (big blind) folded before Flop
Seat 4: thorindorf collected ($0.25)
Seat 5: Christianjtrfc folded before Flop (didn't bet)
Seat 6: 00O-2Z folded before Flop (didn't bet)



PokerStars Zoom Hand #255443507398:  Hold'em No Limit ($0.05/$0.10) - 2025/03/25 10:18:06 CET [2025/03/25 5:18:06 ET]
Table 'Aludra' 6-max Seat #1 is the button
Seat 1: SimoDa39 ($17.58 in chips) 
Seat 2: Christianjtrfc ($11.01 in chips) 
Seat 3: Reddington567 ($21.82 in chips) 
Seat 4: Mahu2021 ($6.72 in chips) 
Seat 5: toddot661 ($11.08 in chips) 
Seat 6: MikeeeyAH ($11.58 in chips) 
Christianjtrfc: posts small blind $0.05
Reddington567: posts big blind $0.10
*** HOLE CARDS ***
Dealt to Mahu2021 [Qs 7c]
Mahu2021: folds 
toddot661: folds 
MikeeeyAH: folds 
SimoDa39: folds 
Christianjtrfc: folds 
Uncalled bet ($0.05) returned to Reddington567
Reddington567 collected $0.10 from pot
Reddington567: doesn't show hand 
*** SUMMARY ***
Total pot $0.10 | Rake $0 
Seat 1: SimoDa39 (button) folded before Flop (didn't bet)
Seat 2: Christianjtrfc (small blind) folded before Flop
Seat 3: Reddington567 (big blind) collected ($0.10)
Seat 4: Mahu2021 folded before Flop (didn't bet)
Seat 5: toddot661 folded before Flop (didn't bet)
Seat 6: MikeeeyAH folded before Flop (didn't bet)



PokerStars Zoom Hand #255443507781:  Hold'em No Limit ($0.05/$0.10) - 2025/03/25 10:18:10 CET [2025/03/25 5:18:10 ET]
Table 'Aludra' 6-max Seat #1 is the button
Seat 1: Riper3 ($26.08 in chips) 
Seat 2: Mahu2021 ($6.72 in chips) 
Seat 3: SimoDa39 ($31.71 in chips) 
Seat 4: acebob999 ($9.81 in chips) 
Seat 5: Reddington567 ($10.67 in chips) 
Seat 6: toddot661 ($11.08 in chips) 
Mahu2021: posts small blind $0.05
SimoDa39: posts big blind $0.10
*** HOLE CARDS ***
Dealt to Mahu2021 [Qh 3s]
acebob999: folds 
Reddington567: folds 
toddot661: folds 
Riper3: folds 
Mahu2021: folds 
Uncalled bet ($0.05) returned to SimoDa39
SimoDa39 collected $0.10 from pot
SimoDa39: doesn't show hand 
*** SUMMARY ***
Total pot $0.10 | Rake $0 
Seat 1: Riper3 (button) folded before Flop (didn't bet)
Seat 2: Mahu2021 (small blind) folded before Flop
Seat 3: SimoDa39 (big blind) collected ($0.10)
Seat 4: acebob999 folded before Flop (didn't bet)
Seat 5: Reddington567 folded before Flop (didn't bet)
Seat 6: toddot661 folded before Flop (didn't bet)



PokerStars Zoom Hand #255443505618:  Hold'em No Limit ($0.05/$0.10) - 2025/03/25 10:17:45 CET [2025/03/25 5:17:45 ET]
Table 'Aludra' 6-max Seat #1 is the button
Seat 1: crashoverrun ($6.57 in chips) 
Seat 2: Reddington567 ($10.72 in chips) 
Seat 3: SimoDa39 ($10 in chips) 
Seat 4: Mahu2021 ($6.82 in chips) 
Seat 5: thorindorf ($10.05 in chips) 
Seat 6: beanblight ($14.67 in chips) 
Reddington567: posts small blind $0.05
SimoDa39: posts big blind $0.10
*** HOLE CARDS ***
Dealt to Mahu2021 [8h Qs]
Mahu2021: folds 
thorindorf: folds 
beanblight: folds 
crashoverrun: raises $0.15 to $0.25
Reddington567: folds 
SimoDa39: calls $0.15
*** FLOP *** [3s 7s 6c]
SimoDa39: checks 
crashoverrun: checks 
*** TURN *** [3s 7s 6c] [8s]
SimoDa39: checks 
crashoverrun: checks 
*** RIVER *** [3s 7s 6c 8s] [Kd]
SimoDa39: checks 
crashoverrun: checks 
*** SHOW DOWN ***
SimoDa39: shows [Th Ad] (high card Ace)
crashoverrun: shows [Td Ac] (high card Ace)
SimoDa39 collected $0.27 from pot
crashoverrun collected $0.26 from pot
*** SUMMARY ***
Total pot $0.55 | Rake $0.02 
Board [3s 7s 6c 8s Kd]
Seat 1: crashoverrun (button) showed [Td Ac] and won ($0.26) with high card Ace
Seat 2: Reddington567 (small blind) folded before Flop
Seat 3: SimoDa39 (big blind) showed [Th Ad] and won ($0.27) with high card Ace
Seat 4: Mahu2021 folded before Flop (didn't bet)
Seat 5: thorindorf folded before Flop (didn't bet)
Seat 6: beanblight folded before Flop (didn't bet)



PokerStars Zoom Hand #255443506307:  Hold'em No Limit ($0.05/$0.10) - 2025/03/25 10:17:54 CET [2025/03/25 5:17:54 ET]
Table 'Aludra' 6-max Seat #1 is the button
Seat 1: BluffsLord ($10 in chips) 
Seat 2: Gattini37 ($11.79 in chips) 
Seat 3: Mahu2021 ($6.82 in chips) 
Seat 4: Christianjtrfc ($11.20 in chips) 
Seat 5: Reddington567 ($21.82 in chips) 
Seat 6: beanblight ($14.67 in chips) 
Gattini37: posts small blind $0.05
Mahu2021: posts big blind $0.10
*** HOLE CARDS ***
Dealt to Mahu2021 [3s 6s]
Christianjtrfc: folds 
Reddington567: folds 
beanblight: raises $0.15 to $0.25
BluffsLord: raises $0.55 to $0.80
Gattini37: folds 
Mahu2021: folds 
beanblight: raises $1.05 to $1.85
BluffsLord: calls $1.05
*** FLOP *** [5c 3d 7d]
beanblight: bets $1.66
BluffsLord: folds 
Uncalled bet ($1.66) returned to beanblight
beanblight collected $3.68 from pot
beanblight: doesn't show hand 
*** SUMMARY ***
Total pot $3.85 | Rake $0.17 
Board [5c 3d 7d]
Seat 1: BluffsLord (button) folded on the Flop
Seat 2: Gattini37 (small blind) folded before Flop
Seat 3: Mahu2021 (big blind) folded before Flop
Seat 4: Christianjtrfc folded before Flop (didn't bet)
Seat 5: Reddington567 folded before Flop (didn't bet)
Seat 6: beanblight collected ($3.68)



PokerStars Zoom Hand #255443505331:  Hold'em No Limit ($0.05/$0.10) - 2025/03/25 10:17:42 CET [2025/03/25 5:17:42 ET]
Table 'Aludra' 6-max Seat #1 is the button
Seat 1: betforvalu ($11.80 in chips) 
Seat 2: zzz7zzz7zzz ($4.72 in chips) 
Seat 3: MTI65 ($7.02 in chips) 
Seat 4: Losimas(LT) ($10 in chips) 
Seat 5: Mahu2021 ($6.82 in chips) 
Seat 6: ArtStyleH ($9.40 in chips) 
zzz7zzz7zzz: posts small blind $0.05
MTI65: posts big blind $0.10
*** HOLE CARDS ***
Dealt to Mahu2021 [5c Qs]
Losimas(LT): raises $0.15 to $0.25
Mahu2021: folds 
ArtStyleH: folds 
betforvalu: folds 
zzz7zzz7zzz: folds 
MTI65: calls $0.15
*** FLOP *** [As Ts 5d]
MTI65: checks 
Losimas(LT): checks 
*** TURN *** [As Ts 5d] [6h]
MTI65: checks 
Losimas(LT): checks 
*** RIVER *** [As Ts 5d 6h] [7c]
MTI65: checks 
Losimas(LT): checks 
*** SHOW DOWN ***
MTI65: shows [Qc Jh] (high card Ace)
Losimas(LT): shows [3c 3h] (a pair of Threes)
Losimas(LT) collected $0.53 from pot
*** SUMMARY ***
Total pot $0.55 | Rake $0.02 
Board [As Ts 5d 6h 7c]
Seat 1: betforvalu (button) folded before Flop (didn't bet)
Seat 2: zzz7zzz7zzz (small blind) folded before Flop
Seat 3: MTI65 (big blind) showed [Qc Jh] and lost with high card Ace
Seat 4: Losimas(LT) showed [3c 3h] and won ($0.53) with a pair of Threes
Seat 5: Mahu2021 folded before Flop (didn't bet)
Seat 6: ArtStyleH folded before Flop (didn't bet)



PokerStars Zoom Hand #255443508419:  Hold'em No Limit ($0.05/$0.10) - 2025/03/25 10:18:18 CET [2025/03/25 5:18:18 ET]
Table 'Aludra' 6-max Seat #1 is the button
Seat 1: Losimas(LT) ($10 in chips) 
Seat 2: Reddington567 ($21.87 in chips) 
Seat 3: SimoDa39 ($17.58 in chips) 
Seat 4: gualtersales ($8.22 in chips) 
Seat 5: Mahu2021 ($6.67 in chips) 
Seat 6: squig7 ($7.17 in chips) 
Reddington567: posts small blind $0.05
SimoDa39: posts big blind $0.10
*** HOLE CARDS ***
Dealt to Mahu2021 [As 4s]
gualtersales: folds 
Mahu2021: raises $0.13 to $0.23
squig7: calls $0.23
Losimas(LT): folds 
Reddington567: folds 
SimoDa39: calls $0.13
*** FLOP *** [Js 7h Ad]
SimoDa39: checks 
Mahu2021: bets $0.30
squig7: calls $0.30
SimoDa39: folds 
*** TURN *** [Js 7h Ad] [9d]
Mahu2021: bets $0.30
squig7: calls $0.30
*** RIVER *** [Js 7h Ad 9d] [3c]
Mahu2021: bets $0.30
squig7: calls $0.30
*** SHOW DOWN ***
Mahu2021: shows [As 4s] (a pair of Aces)
squig7: shows [5d Ah] (a pair of Aces)
Mahu2021 collected $1.22 from pot
squig7 collected $1.21 from pot
*** SUMMARY ***
Total pot $2.54 | Rake $0.11 
Board [Js 7h Ad 9d 3c]
Seat 1: Losimas(LT) (button) folded before Flop (didn't bet)
Seat 2: Reddington567 (small blind) folded before Flop
Seat 3: SimoDa39 (big blind) folded on the Flop
Seat 4: gualtersales folded before Flop (didn't bet)
Seat 5: Mahu2021 showed [As 4s] and won ($1.22) with a pair of Aces
Seat 6: squig7 showed [5d Ah] and won ($1.21) with a pair of Aces



PokerStars Zoom Hand #255443510873:  Hold'em No Limit ($0.05/$0.10) - 2025/03/25 10:18:46 CET [2025/03/25 5:18:46 ET]
Table 'Aludra' 6-max Seat #1 is the button
Seat 1: Layor 13 ($12.30 in chips) 
Seat 2: squig7 ($7.25 in chips) 
Seat 3: Lentwood ($12.83 in chips) 
Seat 4: Mahu2021 ($6.76 in chips) 
Seat 5: zzz7zzz7zzz ($4.42 in chips) 
Seat 6: Losimas(LT) ($10.52 in chips) 
squig7: posts small blind $0.05
Lentwood: posts big blind $0.10
*** HOLE CARDS ***
Dealt to Mahu2021 [5s 9h]
Mahu2021: folds 
zzz7zzz7zzz: folds 
Losimas(LT): raises $0.15 to $0.25
Layor 13: folds 
squig7: folds 
Lentwood: folds 
Uncalled bet ($0.15) returned to Losimas(LT)
Losimas(LT) collected $0.25 from pot
Losimas(LT): doesn't show hand 
*** SUMMARY ***
Total pot $0.25 | Rake $0 
Seat 1: Layor 13 (button) folded before Flop (didn't bet)
Seat 2: squig7 (small blind) folded before Flop
Seat 3: Lentwood (big blind) folded before Flop
Seat 4: Mahu2021 folded before Flop (didn't bet)
Seat 5: zzz7zzz7zzz folded before Flop (didn't bet)
Seat 6: Losimas(LT) collected ($0.25)



PokerStars Zoom Hand #255443511502:  Hold'em No Limit ($0.05/$0.10) - 2025/03/25 10:18:53 CET [2025/03/25 5:18:53 ET]
Table 'Aludra' 6-max Seat #1 is the button
Seat 1: Mahu2021 ($6.76 in chips) 
Seat 2: acebob999 ($10.74 in chips) 
Seat 3: alanindublin ($21.44 in chips) 
Seat 4: Christianjtrfc ($10.15 in chips) 
Seat 5: kingsman5454 ($14.02 in chips) 
Seat 6: BluffsLord ($10.86 in chips) 
acebob999: posts small blind $0.05
alanindublin: posts big blind $0.10
*** HOLE CARDS ***
Dealt to Mahu2021 [Kc 5s]
Christianjtrfc: folds 
kingsman5454: folds 
BluffsLord: raises $0.15 to $0.25
Mahu2021: folds 
acebob999: folds 
alanindublin: folds 
Uncalled bet ($0.15) returned to BluffsLord
BluffsLord collected $0.25 from pot
BluffsLord: doesn't show hand 
*** SUMMARY ***
Total pot $0.25 | Rake $0 
Seat 1: Mahu2021 (button) folded before Flop (didn't bet)
Seat 2: acebob999 (small blind) folded before Flop
Seat 3: alanindublin (big blind) folded before Flop
Seat 4: Christianjtrfc folded before Flop (didn't bet)
Seat 5: kingsman5454 folded before Flop (didn't bet)
Seat 6: BluffsLord collected ($0.25)



PokerStars Zoom Hand #255443511919:  Hold'em No Limit ($0.05/$0.10) - 2025/03/25 10:18:58 CET [2025/03/25 5:18:58 ET]
Table 'Aludra' 6-max Seat #1 is the button
Seat 1: kingsman5454 ($14.02 in chips) 
Seat 2: Losimas(LT) ($10 in chips) 
Seat 3: Mahu2021 ($6.76 in chips) 
Seat 4: acebob999 ($10.69 in chips) 
Seat 5: Riper3 ($26.43 in chips) 
Seat 6: 00O-2Z ($10 in chips) 
Losimas(LT): posts small blind $0.05
Mahu2021: posts big blind $0.10
*** HOLE CARDS ***
Dealt to Mahu2021 [Ts 6d]
acebob999: folds 
Riper3: folds 
00O-2Z: folds 
kingsman5454: folds 
Losimas(LT): folds 
Uncalled bet ($0.05) returned to Mahu2021
Mahu2021 collected $0.10 from pot
Mahu2021: doesn't show hand 
*** SUMMARY ***
Total pot $0.10 | Rake $0 
Seat 1: kingsman5454 (button) folded before Flop (didn't bet)
Seat 2: Losimas(LT) (small blind) folded before Flop
Seat 3: Mahu2021 (big blind) collected ($0.10)
Seat 4: acebob999 folded before Flop (didn't bet)
Seat 5: Riper3 folded before Flop (didn't bet)
Seat 6: 00O-2Z folded before Flop (didn't bet)



PokerStars Zoom Hand #255443508076:  Hold'em No Limit ($0.05/$0.10) - 2025/03/25 10:18:14 CET [2025/03/25 5:18:14 ET]
Table 'Aludra' 6-max Seat #1 is the button
Seat 1: Podyto ($9.55 in chips) 
Seat 2: MikeeeyAH ($11.58 in chips) 
Seat 3: Riper3 ($26.08 in chips) 
Seat 4: gualtersales ($8.22 in chips) 
Seat 5: nDoelAidFme ($10 in chips) 
Seat 6: Mahu2021 ($6.67 in chips) 
MikeeeyAH: posts small blind $0.05
Riper3: posts big blind $0.10
*** HOLE CARDS ***
Dealt to Mahu2021 [Jd 5c]
gualtersales: folds 
nDoelAidFme: raises $0.12 to $0.22
Mahu2021: folds 
Podyto: folds 
MikeeeyAH: calls $0.17
Riper3: folds 
*** FLOP *** [6d 9h Ac]
MikeeeyAH: checks 
nDoelAidFme: bets $0.39
MikeeeyAH: calls $0.39
*** TURN *** [6d 9h Ac] [5d]
MikeeeyAH: checks 
nDoelAidFme: bets $0.95
MikeeeyAH: folds 
Uncalled bet ($0.95) returned to nDoelAidFme
nDoelAidFme collected $1.26 from pot
nDoelAidFme: doesn't show hand 
*** SUMMARY ***
Total pot $1.32 | Rake $0.06 
Board [6d 9h Ac 5d]
Seat 1: Podyto (button) folded before Flop (didn't bet)
Seat 2: MikeeeyAH (small blind) folded on the Turn
Seat 3: Riper3 (big blind) folded before Flop
Seat 4: gualtersales folded before Flop (didn't bet)
Seat 5: nDoelAidFme collected ($1.26)
Seat 6: Mahu2021 folded before Flop (didn't bet)



PokerStars Zoom Hand #255443513551:  Hold'em No Limit ($0.05/$0.10) - 2025/03/25 10:19:17 CET [2025/03/25 5:19:17 ET]
Table 'Aludra' 6-max Seat #1 is the button
Seat 1: Mahu2021 ($6.76 in chips) 
Seat 2: Reddington567 ($27.85 in chips) 
Seat 3: nDoelAidFme ($10 in chips) 
Seat 4: kingsman5454 ($14.02 in chips) 
Seat 5: Losimas(LT) ($10 in chips) 
Seat 6: beanblight ($16.21 in chips) 
Reddington567: posts small blind $0.05
nDoelAidFme: posts big blind $0.10
*** HOLE CARDS ***
Dealt to Mahu2021 [Ah 3h]
kingsman5454: folds 
Losimas(LT): folds 
beanblight: raises $0.15 to $0.25
Mahu2021: calls $0.25
Reddington567: folds 
nDoelAidFme: calls $0.15
*** FLOP *** [5c Ks Td]
nDoelAidFme: checks 
beanblight: checks 
Mahu2021: checks 
*** TURN *** [5c Ks Td] [8d]
nDoelAidFme: checks 
beanblight: checks 
Mahu2021: checks 
*** RIVER *** [5c Ks Td 8d] [2c]
nDoelAidFme: checks 
beanblight: checks 
Mahu2021: checks 
*** SHOW DOWN ***
nDoelAidFme: shows [Qh 8h] (a pair of Eights)
beanblight: mucks hand 
Mahu2021: mucks hand 
nDoelAidFme collected $0.76 from pot
*** SUMMARY ***
Total pot $0.80 | Rake $0.04 
Board [5c Ks Td 8d 2c]
Seat 1: Mahu2021 (button) mucked [Ah 3h]
Seat 2: Reddington567 (small blind) folded before Flop
Seat 3: nDoelAidFme (big blind) showed [Qh 8h] and won ($0.76) with a pair of Eights
Seat 4: kingsman5454 folded before Flop (didn't bet)
Seat 5: Losimas(LT) folded before Flop (didn't bet)
Seat 6: beanblight mucked [7c 7h]



PokerStars Zoom Hand #255443512937:  Hold'em No Limit ($0.05/$0.10) - 2025/03/25 10:19:10 CET [2025/03/25 5:19:10 ET]
Table 'Aludra' 6-max Seat #1 is the button
Seat 1: Losimas(LT) ($10 in chips) 
Seat 2: Mahu2021 ($6.81 in chips) 
Seat 3: BluffsLord ($11.01 in chips) 
Seat 4: Gattini37 ($10.73 in chips) 
Seat 5: Reddington567 ($27.85 in chips) 
Seat 6: Riper3 ($26.38 in chips) 
Mahu2021: posts small blind $0.05
BluffsLord: posts big blind $0.10
*** HOLE CARDS ***
Dealt to Mahu2021 [Ts Kc]
Gattini37: folds 
Reddington567: folds 
Riper3: raises $0.14 to $0.24
Losimas(LT): folds 
Mahu2021: folds 
BluffsLord: calls $0.14
*** FLOP *** [9s 5h 7d]
BluffsLord: checks 
Riper3: checks 
*** TURN *** [9s 5h 7d] [Ah]
BluffsLord: bets $0.33
Riper3: calls $0.33
*** RIVER *** [9s 5h 7d Ah] [9h]
BluffsLord: bets $0.57
Riper3: calls $0.57
*** SHOW DOWN ***
BluffsLord: shows [Ad 9d] (a full house, Nines full of Aces)
Riper3: mucks hand 
BluffsLord collected $2.23 from pot
*** SUMMARY ***
Total pot $2.33 | Rake $0.10 
Board [9s 5h 7d Ah 9h]
Seat 1: Losimas(LT) (button) folded before Flop (didn't bet)
Seat 2: Mahu2021 (small blind) folded before Flop
Seat 3: BluffsLord (big blind) showed [Ad 9d] and won ($2.23) with a full house, Nines full of Aces
Seat 4: Gattini37 folded before Flop (didn't bet)
Seat 5: Reddington567 folded before Flop (didn't bet)
Seat 6: Riper3 mucked [As 3h]



PokerStars Zoom Hand #255443517549:  Hold'em No Limit ($0.05/$0.10) - 2025/03/25 10:20:03 CET [2025/03/25 5:20:03 ET]
Table 'Aludra' 6-max Seat #1 is the button
Seat 1: Riper3 ($25.24 in chips) 
Seat 2: SimoDa39 ($10.60 in chips) 
Seat 3: beanblight ($15.91 in chips) 
Seat 4: Losimas(LT) ($10 in chips) 
Seat 5: Mahu2021 ($6.51 in chips) 
Seat 6: BluffsLord ($10.28 in chips) 
SimoDa39: posts small blind $0.05
beanblight: posts big blind $0.10
*** HOLE CARDS ***
Dealt to Mahu2021 [Qd Th]
Losimas(LT): folds 
Mahu2021: raises $0.14 to $0.24
BluffsLord: folds 
Riper3: folds 
SimoDa39: folds 
beanblight: folds 
Uncalled bet ($0.14) returned to Mahu2021
Mahu2021 collected $0.25 from pot
Mahu2021: doesn't show hand 
*** SUMMARY ***
Total pot $0.25 | Rake $0 
Seat 1: Riper3 (button) folded before Flop (didn't bet)
Seat 2: SimoDa39 (small blind) folded before Flop
Seat 3: beanblight (big blind) folded before Flop
Seat 4: Losimas(LT) folded before Flop (didn't bet)
Seat 5: Mahu2021 collected ($0.25)
Seat 6: BluffsLord folded before Flop (didn't bet)



PokerStars Zoom Hand #255443517141:  Hold'em No Limit ($0.05/$0.10) - 2025/03/25 10:19:58 CET [2025/03/25 5:19:58 ET]
Table 'Aludra' 6-max Seat #1 is the button
Seat 1: crashoverrun ($8.27 in chips) 
Seat 2: beanblight ($15.96 in chips) 
Seat 3: MikeeeyAH ($11.12 in chips) 
Seat 4: Christianjtrfc ($21.08 in chips) 
Seat 5: Gattini37 ($10.58 in chips) 
Seat 6: Mahu2021 ($6.51 in chips) 
beanblight: posts small blind $0.05
MikeeeyAH: posts big blind $0.10
*** HOLE CARDS ***
Dealt to Mahu2021 [Ac 5d]
Christianjtrfc: folds 
Gattini37: folds 
Mahu2021: folds 
crashoverrun: folds 
beanblight: folds 
Uncalled bet ($0.05) returned to MikeeeyAH
MikeeeyAH collected $0.10 from pot
MikeeeyAH: doesn't show hand 
*** SUMMARY ***
Total pot $0.10 | Rake $0 
Seat 1: crashoverrun (button) folded before Flop (didn't bet)
Seat 2: beanblight (small blind) folded before Flop
Seat 3: MikeeeyAH (big blind) collected ($0.10)
Seat 4: Christianjtrfc folded before Flop (didn't bet)
Seat 5: Gattini37 folded before Flop (didn't bet)
Seat 6: Mahu2021 folded before Flop (didn't bet)



PokerStars Zoom Hand #255443519158:  Hold'em No Limit ($0.05/$0.10) - 2025/03/25 10:20:21 CET [2025/03/25 5:20:21 ET]
Table 'Aludra' 6-max Seat #1 is the button
Seat 1: MikeeeyAH ($11.17 in chips) 
Seat 2: gualtersales ($7.87 in chips) 
Seat 3: Mahu2021 ($6.66 in chips) 
Seat 4: Layor 13 ($12.48 in chips) 
Seat 5: Losimas(LT) ($10.15 in chips) 
Seat 6: A_Rommel ($10 in chips) 
gualtersales: posts small blind $0.05
Mahu2021: posts big blind $0.10
*** HOLE CARDS ***
Dealt to Mahu2021 [Kh 7h]
Layor 13: folds 
Losimas(LT): folds 
A_Rommel: folds 
MikeeeyAH: folds 
gualtersales: raises $0.10 to $0.20
Mahu2021: calls $0.10
*** FLOP *** [Jc As Js]
gualtersales: bets $0.19
Mahu2021: folds 
Uncalled bet ($0.19) returned to gualtersales
gualtersales collected $0.38 from pot
gualtersales: doesn't show hand 
*** SUMMARY ***
Total pot $0.40 | Rake $0.02 
Board [Jc As Js]
Seat 1: MikeeeyAH (button) folded before Flop (didn't bet)
Seat 2: gualtersales (small blind) collected ($0.38)
Seat 3: Mahu2021 (big blind) folded on the Flop
Seat 4: Layor 13 folded before Flop (didn't bet)
Seat 5: Losimas(LT) folded before Flop (didn't bet)
Seat 6: A_Rommel folded before Flop (didn't bet)



PokerStars Zoom Hand #255443518455:  Hold'em No Limit ($0.05/$0.10) - 2025/03/25 10:20:13 CET [2025/03/25 5:20:13 ET]
Table 'Aludra' 6-max Seat #1 is the button
Seat 1: eriktnt ($10 in chips) 
Seat 2: Christianjtrfc ($10 in chips) 
Seat 3: kingsman5454 ($10 in chips) 
Seat 4: Reddington567 ($10.52 in chips) 
Seat 5: BluffsLord ($10.28 in chips) 
Seat 6: Mahu2021 ($6.66 in chips) 
Christianjtrfc: posts small blind $0.05
kingsman5454: posts big blind $0.10
*** HOLE CARDS ***
Dealt to Mahu2021 [9s 4c]
Reddington567: raises $0.14 to $0.24
BluffsLord: folds 
Mahu2021: folds 
eriktnt: folds 
Christianjtrfc: raises $0.94 to $1.18
kingsman5454: folds 
Reddington567: calls $0.94
*** FLOP *** [9c 8d 9d]
Christianjtrfc: bets $0.78
Reddington567: folds 
Uncalled bet ($0.78) returned to Christianjtrfc
Christianjtrfc collected $2.35 from pot
Christianjtrfc: doesn't show hand 
*** SUMMARY ***
Total pot $2.46 | Rake $0.11 
Board [9c 8d 9d]
Seat 1: eriktnt (button) folded before Flop (didn't bet)
Seat 2: Christianjtrfc (small blind) collected ($2.35)
Seat 3: kingsman5454 (big blind) folded before Flop
Seat 4: Reddington567 folded on the Flop
Seat 5: BluffsLord folded before Flop (didn't bet)
Seat 6: Mahu2021 folded before Flop (didn't bet)



PokerStars Zoom Hand #255443521016:  Hold'em No Limit ($0.05/$0.10) - 2025/03/25 10:20:42 CET [2025/03/25 5:20:42 ET]
Table 'Aludra' 6-max Seat #1 is the button
Seat 1: gualtersales ($8.05 in chips) 
Seat 2: Mahu2021 ($6.46 in chips) 
Seat 3: A_Rommel ($10 in chips) 
Seat 4: SimoDa39 ($16.30 in chips) 
Seat 5: nDoelAidFme ($12.41 in chips) 
Seat 6: alanindublin ($21.99 in chips) 
Mahu2021: posts small blind $0.05
A_Rommel: posts big blind $0.10
*** HOLE CARDS ***
Dealt to Mahu2021 [9d Kh]
SimoDa39: raises $0.12 to $0.22
nDoelAidFme: folds 
alanindublin: folds 
gualtersales: folds 
Mahu2021: folds 
A_Rommel: folds 
Uncalled bet ($0.12) returned to SimoDa39
SimoDa39 collected $0.25 from pot
SimoDa39: doesn't show hand 
*** SUMMARY ***
Total pot $0.25 | Rake $0 
Seat 1: gualtersales (button) folded before Flop (didn't bet)
Seat 2: Mahu2021 (small blind) folded before Flop
Seat 3: A_Rommel (big blind) folded before Flop
Seat 4: SimoDa39 collected ($0.25)
Seat 5: nDoelAidFme folded before Flop (didn't bet)
Seat 6: alanindublin folded before Flop (didn't bet)



PokerStars Zoom Hand #255443521544:  Hold'em No Limit ($0.05/$0.10) - 2025/03/25 10:20:48 CET [2025/03/25 5:20:48 ET]
Table 'Aludra' 6-max Seat #1 is the button
Seat 1: Mahu2021 ($6.41 in chips) 
Seat 2: MTI65 ($8.65 in chips) 
Seat 3: Lentwood ($13.94 in chips) 
Seat 4: Reddington567 ($21.82 in chips) 
Seat 5: ArtStyleH ($10.96 in chips) 
Seat 6: gualtersales ($8.05 in chips) 
MTI65: posts small blind $0.05
Lentwood: posts big blind $0.10
*** HOLE CARDS ***
Dealt to Mahu2021 [7d 8c]
Reddington567: folds 
ArtStyleH: folds 
gualtersales: folds 
Mahu2021: folds 
MTI65: folds 
Uncalled bet ($0.05) returned to Lentwood
Lentwood collected $0.10 from pot
Lentwood: doesn't show hand 
*** SUMMARY ***
Total pot $0.10 | Rake $0 
Seat 1: Mahu2021 (button) folded before Flop (didn't bet)
Seat 2: MTI65 (small blind) folded before Flop
Seat 3: Lentwood (big blind) collected ($0.10)
Seat 4: Reddington567 folded before Flop (didn't bet)
Seat 5: ArtStyleH folded before Flop (didn't bet)
Seat 6: gualtersales folded before Flop (didn't bet)



PokerStars Zoom Hand #255443521916:  Hold'em No Limit ($0.05/$0.10) - 2025/03/25 10:20:52 CET [2025/03/25 5:20:52 ET]
Table 'Aludra' 6-max Seat #1 is the button
Seat 1: jamasterg ($14.64 in chips) 
Seat 2: nDoelAidFme ($12.41 in chips) 
Seat 3: kingsman5454 ($10 in chips) 
Seat 4: eriktnt ($10 in chips) 
Seat 5: Mahu2021 ($6.41 in chips) 
Seat 6: A_Rommel ($18.58 in chips) 
nDoelAidFme: posts small blind $0.05
kingsman5454: posts big blind $0.10
*** HOLE CARDS ***
Dealt to Mahu2021 [6s 7h]
eriktnt: folds 
Mahu2021: folds 
A_Rommel: raises $0.10 to $0.20
jamasterg: folds 
nDoelAidFme: folds 
kingsman5454: folds 
Uncalled bet ($0.10) returned to A_Rommel
A_Rommel collected $0.25 from pot
A_Rommel: doesn't show hand 
*** SUMMARY ***
Total pot $0.25 | Rake $0 
Seat 1: jamasterg (button) folded before Flop (didn't bet)
Seat 2: nDoelAidFme (small blind) folded before Flop
Seat 3: kingsman5454 (big blind) folded before Flop
Seat 4: eriktnt folded before Flop (didn't bet)
Seat 5: Mahu2021 folded before Flop (didn't bet)
Seat 6: A_Rommel collected ($0.25)



PokerStars Zoom Hand #255443522425:  Hold'em No Limit ($0.05/$0.10) - 2025/03/25 10:20:58 CET [2025/03/25 5:20:58 ET]
Table 'Aludra' 6-max Seat #1 is the button
Seat 1: zzz7zzz7zzz ($4.65 in chips) 
Seat 2: A_Rommel ($10 in chips) 
Seat 3: eriktnt ($10 in chips) 
Seat 4: Mahu2021 ($6.41 in chips) 
Seat 5: Riper3 ($25.46 in chips) 
Seat 6: Losimas(LT) ($10.20 in chips) 
A_Rommel: posts small blind $0.05
eriktnt: posts big blind $0.10
*** HOLE CARDS ***
Dealt to Mahu2021 [4d 7s]
Mahu2021: folds 
Riper3: raises $0.14 to $0.24
Losimas(LT): folds 
zzz7zzz7zzz: folds 
A_Rommel: folds 
eriktnt: calls $0.14
*** FLOP *** [2c As Kd]
eriktnt: checks 
Riper3: bets $0.15
eriktnt: folds 
Uncalled bet ($0.15) returned to Riper3
Riper3 collected $0.51 from pot
Riper3: doesn't show hand 
*** SUMMARY ***
Total pot $0.53 | Rake $0.02 
Board [2c As Kd]
Seat 1: zzz7zzz7zzz (button) folded before Flop (didn't bet)
Seat 2: A_Rommel (small blind) folded before Flop
Seat 3: eriktnt (big blind) folded on the Flop
Seat 4: Mahu2021 folded before Flop (didn't bet)
Seat 5: Riper3 collected ($0.51)
Seat 6: Losimas(LT) folded before Flop (didn't bet)



PokerStars Zoom Hand #255443522736:  Hold'em No Limit ($0.05/$0.10) - 2025/03/25 10:21:02 CET [2025/03/25 5:21:02 ET]
Table 'Aludra' 6-max Seat #1 is the button
Seat 1: Reddington567 ($10 in chips) 
Seat 2: eriktnt ($10 in chips) 
Seat 3: Mahu2021 ($6.41 in chips) 
Seat 4: gualtersales ($7.95 in chips) 
Seat 5: MTI65 ($8.60 in chips) 
Seat 6: Losimas(LT) ($10 in chips) 
eriktnt: posts small blind $0.05
Mahu2021: posts big blind $0.10
*** HOLE CARDS ***
Dealt to Mahu2021 [Ts Tc]
gualtersales: folds 
MTI65: folds 
Losimas(LT): folds 
Reddington567: folds 
eriktnt: raises $0.20 to $0.30
Mahu2021: raises $0.80 to $1.10
eriktnt: calls $0.80
*** FLOP *** [Jh Td 7h]
eriktnt: checks 
Mahu2021: bets $0.90
eriktnt: folds 
Uncalled bet ($0.90) returned to Mahu2021
Mahu2021 collected $2.10 from pot
Mahu2021: doesn't show hand 
*** SUMMARY ***
Total pot $2.20 | Rake $0.10 
Board [Jh Td 7h]
Seat 1: Reddington567 (button) folded before Flop (didn't bet)
Seat 2: eriktnt (small blind) folded on the Flop
Seat 3: Mahu2021 (big blind) collected ($2.10)
Seat 4: gualtersales folded before Flop (didn't bet)
Seat 5: MTI65 folded before Flop (didn't bet)
Seat 6: Losimas(LT) folded before Flop (didn't bet)



PokerStars Zoom Hand #255443525573:  Hold'em No Limit ($0.05/$0.10) - 2025/03/25 10:21:34 CET [2025/03/25 5:21:34 ET]
Table 'Aludra' 6-max Seat #1 is the button
Seat 1: eriktnt ($10 in chips) 
Seat 2: Mahu2021 ($7.41 in chips) 
Seat 3: A_Rommel ($10 in chips) 
Seat 4: nDoelAidFme ($12.36 in chips) 
Seat 5: kingsman5454 ($10.15 in chips) 
Seat 6: 00O-2Z ($10 in chips) 
Mahu2021: posts small blind $0.05
A_Rommel: posts big blind $0.10
*** HOLE CARDS ***
Dealt to Mahu2021 [Qh 4c]
nDoelAidFme: folds 
kingsman5454: folds 
00O-2Z: folds 
eriktnt: folds 
Mahu2021: folds 
Uncalled bet ($0.05) returned to A_Rommel
A_Rommel collected $0.10 from pot
A_Rommel: doesn't show hand 
*** SUMMARY ***
Total pot $0.10 | Rake $0 
Seat 1: eriktnt (button) folded before Flop (didn't bet)
Seat 2: Mahu2021 (small blind) folded before Flop
Seat 3: A_Rommel (big blind) collected ($0.10)
Seat 4: nDoelAidFme folded before Flop (didn't bet)
Seat 5: kingsman5454 folded before Flop (didn't bet)
Seat 6: 00O-2Z folded before Flop (didn't bet)



PokerStars Zoom Hand #255443526370:  Hold'em No Limit ($0.05/$0.10) - 2025/03/25 10:21:43 CET [2025/03/25 5:21:43 ET]
Table 'Aludra' 6-max Seat #1 is the button
Seat 1: alanindublin ($23.41 in chips) 
Seat 2: ArtStyleH ($10 in chips) 
Seat 3: eriktnt ($10 in chips) 
Seat 4: MTI65 ($7.97 in chips) 
Seat 5: gualtersales ($8.81 in chips) 
Seat 6: Mahu2021 ($7.36 in chips) 
ArtStyleH: posts small blind $0.05
eriktnt: posts big blind $0.10
*** HOLE CARDS ***
Dealt to Mahu2021 [Js 4d]
MTI65: folds 
gualtersales: folds 
Mahu2021: folds 
alanindublin: folds 
ArtStyleH: folds 
Uncalled bet ($0.05) returned to eriktnt
eriktnt collected $0.10 from pot
eriktnt: doesn't show hand 
*** SUMMARY ***
Total pot $0.10 | Rake $0 
Seat 1: alanindublin (button) folded before Flop (didn't bet)
Seat 2: ArtStyleH (small blind) folded before Flop
Seat 3: eriktnt (big blind) collected ($0.10)
Seat 4: MTI65 folded before Flop (didn't bet)
Seat 5: gualtersales folded before Flop (didn't bet)
Seat 6: Mahu2021 folded before Flop (didn't bet)



PokerStars Zoom Hand #255443526029:  Hold'em No Limit ($0.05/$0.10) - 2025/03/25 10:21:39 CET [2025/03/25 5:21:39 ET]
Table 'Aludra' 6-max Seat #1 is the button
Seat 1: kingsman5454 ($10.15 in chips) 
Seat 2: alanindublin ($23.46 in chips) 
Seat 3: Losimas(LT) ($10 in chips) 
Seat 4: Mahu2021 ($7.36 in chips) 
Seat 5: ArtStyleH ($10 in chips) 
Seat 6: marciofjunior59 ($7.24 in chips) 
alanindublin: posts small blind $0.05
Losimas(LT): posts big blind $0.10
*** HOLE CARDS ***
Dealt to Mahu2021 [6h 9c]
Mahu2021: folds 
ArtStyleH: folds 
marciofjunior59: folds 
kingsman5454: folds 
alanindublin: folds 
Uncalled bet ($0.05) returned to Losimas(LT)
Losimas(LT) collected $0.10 from pot
Losimas(LT): doesn't show hand 
*** SUMMARY ***
Total pot $0.10 | Rake $0 
Seat 1: kingsman5454 (button) folded before Flop (didn't bet)
Seat 2: alanindublin (small blind) folded before Flop
Seat 3: Losimas(LT) (big blind) collected ($0.10)
Seat 4: Mahu2021 folded before Flop (didn't bet)
Seat 5: ArtStyleH folded before Flop (didn't bet)
Seat 6: marciofjunior59 folded before Flop (didn't bet)



PokerStars Zoom Hand #255443526966:  Hold'em No Limit ($0.05/$0.10) - 2025/03/25 10:21:50 CET [2025/03/25 5:21:50 ET]
Table 'Aludra' 6-max Seat #1 is the button
Seat 1: nDoelAidFme ($10 in chips) 
Seat 2: 00O-2Z ($10 in chips) 
Seat 3: Layor 13 ($12.04 in chips) 
Seat 4: SimoDa39 ($16.05 in chips) 
Seat 5: Mahu2021 ($7.36 in chips) 
Seat 6: BluffsLord ($10.53 in chips) 
00O-2Z: posts small blind $0.05
Layor 13: posts big blind $0.10
*** HOLE CARDS ***
Dealt to Mahu2021 [3s 3h]
SimoDa39: folds 
Mahu2021: raises $0.14 to $0.24
BluffsLord: folds 
nDoelAidFme: folds 
00O-2Z: calls $0.19
Layor 13: calls $0.14
*** FLOP *** [7d 8d 6h]
00O-2Z: checks 
Layor 13: checks 
Mahu2021: bets $0.69
00O-2Z: calls $0.69
Layor 13: folds 
*** TURN *** [7d 8d 6h] [6c]
00O-2Z: checks 
Mahu2021: bets $0.90
00O-2Z: calls $0.90
*** RIVER *** [7d 8d 6h 6c] [Ac]
00O-2Z: checks 
Mahu2021: checks 
*** SHOW DOWN ***
00O-2Z: shows [Jd Jh] (two pair, Jacks and Sixes)
Mahu2021: mucks hand 
00O-2Z collected $3.72 from pot
*** SUMMARY ***
Total pot $3.90 | Rake $0.18 
Board [7d 8d 6h 6c Ac]
Seat 1: nDoelAidFme (button) folded before Flop (didn't bet)
Seat 2: 00O-2Z (small blind) showed [Jd Jh] and won ($3.72) with two pair, Jacks and Sixes
Seat 3: Layor 13 (big blind) folded on the Flop
Seat 4: SimoDa39 folded before Flop (didn't bet)
Seat 5: Mahu2021 mucked [3s 3h]
Seat 6: BluffsLord folded before Flop (didn't bet)



PokerStars Zoom Hand #255443531381:  Hold'em No Limit ($0.05/$0.10) - 2025/03/25 10:22:39 CET [2025/03/25 5:22:39 ET]
Table 'Aludra' 6-max Seat #1 is the button
Seat 1: Mahu2021 ($5.53 in chips) 
Seat 2: marciofjunior59 ($7.37 in chips) 
Seat 3: zzz7zzz7zzz ($4.30 in chips) 
Seat 4: BluffsLord ($11.88 in chips) 
Seat 5: MTI65 ($8.12 in chips) 
Seat 6: MikeeeyAH ($11.72 in chips) 
marciofjunior59: posts small blind $0.05
zzz7zzz7zzz: posts big blind $0.10
*** HOLE CARDS ***
Dealt to Mahu2021 [4h 7d]
BluffsLord: folds 
MTI65: raises $0.20 to $0.30
MikeeeyAH: folds 
Mahu2021: folds 
marciofjunior59: folds 
zzz7zzz7zzz: folds 
Uncalled bet ($0.20) returned to MTI65
MTI65 collected $0.25 from pot
MTI65: doesn't show hand 
*** SUMMARY ***
Total pot $0.25 | Rake $0 
Seat 1: Mahu2021 (button) folded before Flop (didn't bet)
Seat 2: marciofjunior59 (small blind) folded before Flop
Seat 3: zzz7zzz7zzz (big blind) folded before Flop
Seat 4: BluffsLord folded before Flop (didn't bet)
Seat 5: MTI65 collected ($0.25)
Seat 6: MikeeeyAH folded before Flop (didn't bet)



PokerStars Zoom Hand #255443532173:  Hold'em No Limit ($0.05/$0.10) - 2025/03/25 10:22:49 CET [2025/03/25 5:22:49 ET]
Table 'Aludra' 6-max Seat #1 is the button
Seat 1: squig7 ($10.84 in chips) 
Seat 2: kingsman5454 ($10 in chips) 
Seat 3: Mahu2021 ($5.53 in chips) 
Seat 4: SimoDa39 ($15.85 in chips) 
Seat 5: Reddington567 ($10.10 in chips) 
Seat 6: Christianjtrfc ($20.93 in chips) 
kingsman5454: posts small blind $0.05
Mahu2021: posts big blind $0.10
*** HOLE CARDS ***
Dealt to Mahu2021 [9s 8c]
SimoDa39: folds 
Reddington567: raises $0.14 to $0.24
Christianjtrfc: folds 
squig7: folds 
kingsman5454: folds 
Mahu2021: folds 
Uncalled bet ($0.14) returned to Reddington567
Reddington567 collected $0.25 from pot
Reddington567: doesn't show hand 
*** SUMMARY ***
Total pot $0.25 | Rake $0 
Seat 1: squig7 (button) folded before Flop (didn't bet)
Seat 2: kingsman5454 (small blind) folded before Flop
Seat 3: Mahu2021 (big blind) folded before Flop
Seat 4: SimoDa39 folded before Flop (didn't bet)
Seat 5: Reddington567 collected ($0.25)
Seat 6: Christianjtrfc folded before Flop (didn't bet)



PokerStars Zoom Hand #255443533113:  Hold'em No Limit ($0.05/$0.10) - 2025/03/25 10:22:59 CET [2025/03/25 5:22:59 ET]
Table 'Aludra' 6-max Seat #1 is the button
Seat 1: MTI65 ($8.27 in chips) 
Seat 2: Christianjtrfc ($10.58 in chips) 
Seat 3: nDoelAidFme ($12.36 in chips) 
Seat 4: eriktnt ($10 in chips) 
Seat 5: Mahu2021 ($5.43 in chips) 
Seat 6: squig7 ($10.84 in chips) 
Christianjtrfc: posts small blind $0.05
nDoelAidFme: posts big blind $0.10
*** HOLE CARDS ***
Dealt to Mahu2021 [5s 2h]
eriktnt: folds 
Mahu2021: folds 
squig7: folds 
MTI65: folds 
Christianjtrfc: folds 
Uncalled bet ($0.05) returned to nDoelAidFme
nDoelAidFme collected $0.10 from pot
nDoelAidFme: doesn't show hand 
*** SUMMARY ***
Total pot $0.10 | Rake $0 
Seat 1: MTI65 (button) folded before Flop (didn't bet)
Seat 2: Christianjtrfc (small blind) folded before Flop
Seat 3: nDoelAidFme (big blind) collected ($0.10)
Seat 4: eriktnt folded before Flop (didn't bet)
Seat 5: Mahu2021 folded before Flop (didn't bet)
Seat 6: squig7 folded before Flop (didn't bet)



PokerStars Zoom Hand #255443533800:  Hold'em No Limit ($0.05/$0.10) - 2025/03/25 10:23:07 CET [2025/03/25 5:23:07 ET]
Table 'Aludra' 6-max Seat #1 is the button
Seat 1: Riper3 ($25.19 in chips) 
Seat 2: Reddington567 ($20.35 in chips) 
Seat 3: gualtersales ($8.76 in chips) 
Seat 4: betforvalu ($11 in chips) 
Seat 5: beanblight ($14.98 in chips) 
Seat 6: Mahu2021 ($5.38 in chips) 
Reddington567: posts small blind $0.05
gualtersales: posts big blind $0.10
*** HOLE CARDS ***
Dealt to Mahu2021 [9h 2h]
betforvalu: folds 
beanblight: folds 
Mahu2021: folds 
Riper3: folds 
Reddington567: raises $0.14 to $0.24
gualtersales: folds 
Uncalled bet ($0.14) returned to Reddington567
Reddington567 collected $0.20 from pot
Reddington567: doesn't show hand 
*** SUMMARY ***
Total pot $0.20 | Rake $0 
Seat 1: Riper3 (button) folded before Flop (didn't bet)
Seat 2: Reddington567 (small blind) collected ($0.20)
Seat 3: gualtersales (big blind) folded before Flop
Seat 4: betforvalu folded before Flop (didn't bet)
Seat 5: beanblight folded before Flop (didn't bet)
Seat 6: Mahu2021 folded before Flop (didn't bet)



PokerStars Zoom Hand #255443533382:  Hold'em No Limit ($0.05/$0.10) - 2025/03/25 10:23:02 CET [2025/03/25 5:23:02 ET]
Table 'Aludra' 6-max Seat #1 is the button
Seat 1: Losimas(LT) ($10 in chips) 
Seat 2: Mahu2021 ($5.43 in chips) 
Seat 3: SimoDa39 ($15.80 in chips) 
Seat 4: Lentwood ($9.14 in chips) 
Seat 5: eriktnt ($10 in chips) 
Seat 6: beanblight ($14.98 in chips) 
Mahu2021: posts small blind $0.05
SimoDa39: posts big blind $0.10
*** HOLE CARDS ***
Dealt to Mahu2021 [Tc 3h]
Lentwood: raises $0.15 to $0.25
eriktnt: folds 
beanblight: folds 
Losimas(LT): folds 
Mahu2021: folds 
SimoDa39: raises $0.85 to $1.10
Lentwood: folds 
Uncalled bet ($0.85) returned to SimoDa39
SimoDa39 collected $0.55 from pot
SimoDa39: doesn't show hand 
*** SUMMARY ***
Total pot $0.55 | Rake $0 
Seat 1: Losimas(LT) (button) folded before Flop (didn't bet)
Seat 2: Mahu2021 (small blind) folded before Flop
Seat 3: SimoDa39 (big blind) collected ($0.55)
Seat 4: Lentwood folded before Flop
Seat 5: eriktnt folded before Flop (didn't bet)
Seat 6: beanblight folded before Flop (didn't bet)



PokerStars Zoom Hand #255443534788:  Hold'em No Limit ($0.05/$0.10) - 2025/03/25 10:23:18 CET [2025/03/25 5:23:18 ET]
Table 'Aludra' 6-max Seat #1 is the button
Seat 1: Nicola_S5058 ($10 in chips) 
Seat 2: Reddington567 ($10.25 in chips) 
Seat 3: Mahu2021 ($5.38 in chips) 
Seat 4: Losimas(LT) ($10 in chips) 
Seat 5: MTI65 ($8.22 in chips) 
Seat 6: gualtersales ($8.66 in chips) 
Reddington567: posts small blind $0.05
Mahu2021: posts big blind $0.10
*** HOLE CARDS ***
Dealt to Mahu2021 [5c 6s]
Losimas(LT): folds 
MTI65: folds 
gualtersales: folds 
Nicola_S5058: folds 
Reddington567: folds 
Uncalled bet ($0.05) returned to Mahu2021
Mahu2021 collected $0.10 from pot
Mahu2021: doesn't show hand 
*** SUMMARY ***
Total pot $0.10 | Rake $0 
Seat 1: Nicola_S5058 (button) folded before Flop (didn't bet)
Seat 2: Reddington567 (small blind) folded before Flop
Seat 3: Mahu2021 (big blind) collected ($0.10)
Seat 4: Losimas(LT) folded before Flop (didn't bet)
Seat 5: MTI65 folded before Flop (didn't bet)
Seat 6: gualtersales folded before Flop (didn't bet)



PokerStars Zoom Hand #255443534499:  Hold'em No Limit ($0.05/$0.10) - 2025/03/25 10:23:14 CET [2025/03/25 5:23:14 ET]
Table 'Aludra' 6-max Seat #1 is the button
Seat 1: A_Rommel ($18.46 in chips) 
Seat 2: beanblight ($14.98 in chips) 
Seat 3: Losimas(LT) ($10.83 in chips) 
Seat 4: Mahu2021 ($5.38 in chips) 
Seat 5: zzz7zzz7zzz ($4.20 in chips) 
Seat 6: nDoelAidFme ($12.41 in chips) 
beanblight: posts small blind $0.05
Losimas(LT): posts big blind $0.10
*** HOLE CARDS ***
Dealt to Mahu2021 [7d 9d]
Mahu2021: folds 
zzz7zzz7zzz: folds 
nDoelAidFme: folds 
A_Rommel: folds 
beanblight: folds 
Uncalled bet ($0.05) returned to Losimas(LT)
Losimas(LT) collected $0.10 from pot
Losimas(LT): doesn't show hand 
*** SUMMARY ***
Total pot $0.10 | Rake $0 
Seat 1: A_Rommel (button) folded before Flop (didn't bet)
Seat 2: beanblight (small blind) folded before Flop
Seat 3: Losimas(LT) (big blind) collected ($0.10)
Seat 4: Mahu2021 folded before Flop (didn't bet)
Seat 5: zzz7zzz7zzz folded before Flop (didn't bet)
Seat 6: nDoelAidFme folded before Flop (didn't bet)



PokerStars Zoom Hand #255443534139:  Hold'em No Limit ($0.05/$0.10) - 2025/03/25 10:23:11 CET [2025/03/25 5:23:11 ET]
Table 'Aludra' 6-max Seat #1 is the button
Seat 1: Mahu2021 ($5.38 in chips) 
Seat 2: MTI65 ($8.27 in chips) 
Seat 3: toddot661 ($19.62 in chips) 
Seat 4: beanblight ($14.98 in chips) 
Seat 5: Losimas(LT) ($10 in chips) 
Seat 6: leika karo ($22.54 in chips) 
MTI65: posts small blind $0.05
toddot661: posts big blind $0.10
*** HOLE CARDS ***
Dealt to Mahu2021 [As 9d]
beanblight: folds 
Losimas(LT): folds 
leika karo: raises $0.10 to $0.20
Mahu2021: folds 
MTI65: folds 
toddot661: calls $0.10
*** FLOP *** [2h 4h Td]
toddot661: checks 
leika karo: checks 
*** TURN *** [2h 4h Td] [8d]
toddot661: checks 
leika karo: checks 
*** RIVER *** [2h 4h Td 8d] [Ah]
toddot661: checks 
leika karo: bets $0.43
toddot661: folds 
Uncalled bet ($0.43) returned to leika karo
leika karo collected $0.43 from pot
leika karo: doesn't show hand 
*** SUMMARY ***
Total pot $0.45 | Rake $0.02 
Board [2h 4h Td 8d Ah]
Seat 1: Mahu2021 (button) folded before Flop (didn't bet)
Seat 2: MTI65 (small blind) folded before Flop
Seat 3: toddot661 (big blind) folded on the River
Seat 4: beanblight folded before Flop (didn't bet)
Seat 5: Losimas(LT) folded before Flop (didn't bet)
Seat 6: leika karo collected ($0.43)



PokerStars Zoom Hand #255443535569:  Hold'em No Limit ($0.05/$0.10) - 2025/03/25 10:23:27 CET [2025/03/25 5:23:27 ET]
Table 'Aludra' 6-max Seat #1 is the button
Seat 1: Christianjtrfc ($20.78 in chips) 
Seat 2: Mahu2021 ($5.43 in chips) 
Seat 3: Lentwood ($8.89 in chips) 
Seat 4: 00O-2Z ($11.89 in chips) 
Seat 5: Reddington567 ($21.82 in chips) 
Seat 6: Gattini37 ($11.45 in chips) 
Mahu2021: posts small blind $0.05
Lentwood: posts big blind $0.10
*** HOLE CARDS ***
Dealt to Mahu2021 [7d Ac]
00O-2Z: folds 
Reddington567: raises $0.14 to $0.24
Gattini37: folds 
Christianjtrfc: folds 
Mahu2021: folds 
Lentwood: folds 
Uncalled bet ($0.14) returned to Reddington567
Reddington567 collected $0.25 from pot
Reddington567: doesn't show hand 
*** SUMMARY ***
Total pot $0.25 | Rake $0 
Seat 1: Christianjtrfc (button) folded before Flop (didn't bet)
Seat 2: Mahu2021 (small blind) folded before Flop
Seat 3: Lentwood (big blind) folded before Flop
Seat 4: 00O-2Z folded before Flop (didn't bet)
Seat 5: Reddington567 collected ($0.25)
Seat 6: Gattini37 folded before Flop (didn't bet)



PokerStars Zoom Hand #255443535945:  Hold'em No Limit ($0.05/$0.10) - 2025/03/25 10:23:31 CET [2025/03/25 5:23:31 ET]
Table 'Aludra' 6-max Seat #1 is the button
Seat 1: Mahu2021 ($5.38 in chips) 
Seat 2: ArtStyleH ($10 in chips) 
Seat 3: 00O-2Z ($11.89 in chips) 
Seat 4: A_Rommel ($18.46 in chips) 
Seat 5: SimoDa39 ($10.10 in chips) 
Seat 6: eriktnt ($10.05 in chips) 
ArtStyleH: posts small blind $0.05
00O-2Z: posts big blind $0.10
*** HOLE CARDS ***
Dealt to Mahu2021 [3s 8d]
A_Rommel: folds 
SimoDa39: folds 
eriktnt: raises $0.12 to $0.22
Mahu2021: folds 
ArtStyleH: folds 
00O-2Z: folds 
Uncalled bet ($0.12) returned to eriktnt
eriktnt collected $0.25 from pot
eriktnt: doesn't show hand 
*** SUMMARY ***
Total pot $0.25 | Rake $0 
Seat 1: Mahu2021 (button) folded before Flop (didn't bet)
Seat 2: ArtStyleH (small blind) folded before Flop
Seat 3: 00O-2Z (big blind) folded before Flop
Seat 4: A_Rommel folded before Flop (didn't bet)
Seat 5: SimoDa39 folded before Flop (didn't bet)
Seat 6: eriktnt collected ($0.25)



PokerStars Zoom Hand #255443536279:  Hold'em No Limit ($0.05/$0.10) - 2025/03/25 10:23:34 CET [2025/03/25 5:23:34 ET]
Table 'Aludra' 6-max Seat #1 is the button
Seat 1: ArtStyleH ($10 in chips) 
Seat 2: Losimas(LT) ($10.88 in chips) 
Seat 3: acebob999 ($9.97 in chips) 
Seat 4: Riper3 ($25.09 in chips) 
Seat 5: zzz7zzz7zzz ($4.10 in chips) 
Seat 6: Mahu2021 ($5.38 in chips) 
Losimas(LT): posts small blind $0.05
acebob999: posts big blind $0.10
*** HOLE CARDS ***
Dealt to Mahu2021 [3c Ks]
Riper3: folds 
zzz7zzz7zzz: folds 
Mahu2021: folds 
ArtStyleH: folds 
Losimas(LT): folds 
Uncalled bet ($0.05) returned to acebob999
acebob999 collected $0.10 from pot
acebob999: doesn't show hand 
*** SUMMARY ***
Total pot $0.10 | Rake $0 
Seat 1: ArtStyleH (button) folded before Flop (didn't bet)
Seat 2: Losimas(LT) (small blind) folded before Flop
Seat 3: acebob999 (big blind) collected ($0.10)
Seat 4: Riper3 folded before Flop (didn't bet)
Seat 5: zzz7zzz7zzz folded before Flop (didn't bet)
Seat 6: Mahu2021 folded before Flop (didn't bet)



PokerStars Zoom Hand #255443531819:  Hold'em No Limit ($0.05/$0.10) - 2025/03/25 10:22:44 CET [2025/03/25 5:22:44 ET]
Table 'Aludra' 6-max Seat #1 is the button
Seat 1: marciofjunior59 ($7.32 in chips) 
Seat 2: BluffsLord ($11.88 in chips) 
Seat 3: jamasterg ($14.59 in chips) 
Seat 4: MikeeeyAH ($11.72 in chips) 
Seat 5: Christianjtrfc ($20.93 in chips) 
Seat 6: Mahu2021 ($5.53 in chips) 
BluffsLord: posts small blind $0.05
jamasterg: posts big blind $0.10
*** HOLE CARDS ***
Dealt to Mahu2021 [7c 4s]
MikeeeyAH: raises $0.10 to $0.20
Christianjtrfc: folds 
Mahu2021: folds 
marciofjunior59: calls $0.20
BluffsLord: calls $0.15
jamasterg: calls $0.10
*** FLOP *** [3c 5d Ks]
BluffsLord: checks 
jamasterg: checks 
MikeeeyAH: checks 
marciofjunior59: checks 
*** TURN *** [3c 5d Ks] [Kc]
BluffsLord: bets $0.57
jamasterg: folds 
MikeeeyAH: calls $0.57
marciofjunior59: folds 
*** RIVER *** [3c 5d Ks Kc] [Jc]
BluffsLord: checks 
MikeeeyAH: bets $0.90
BluffsLord: folds 
Uncalled bet ($0.90) returned to MikeeeyAH
MikeeeyAH collected $1.85 from pot
MikeeeyAH: doesn't show hand 
*** SUMMARY ***
Total pot $1.94 | Rake $0.09 
Board [3c 5d Ks Kc Jc]
Seat 1: marciofjunior59 (button) folded on the Turn
Seat 2: BluffsLord (small blind) folded on the River
Seat 3: jamasterg (big blind) folded on the Turn
Seat 4: MikeeeyAH collected ($1.85)
Seat 5: Christianjtrfc folded before Flop (didn't bet)
Seat 6: Mahu2021 folded before Flop (didn't bet)



PokerStars Zoom Hand #255443537199:  Hold'em No Limit ($0.05/$0.10) - 2025/03/25 10:23:45 CET [2025/03/25 5:23:45 ET]
Table 'Aludra' 6-max Seat #1 is the button
Seat 1: eriktnt ($10.20 in chips) 
Seat 2: Losimas(LT) ($10 in chips) 
Seat 3: SimoDa39 ($10.10 in chips) 
Seat 4: Mahu2021 ($5.38 in chips) 
Seat 5: gualtersales ($8.76 in chips) 
Seat 6: ArtStyleH ($10 in chips) 
Losimas(LT): posts small blind $0.05
SimoDa39: posts big blind $0.10
*** HOLE CARDS ***
Dealt to Mahu2021 [Qs As]
Mahu2021: raises $0.14 to $0.24
gualtersales: folds 
ArtStyleH: folds 
eriktnt: folds 
Losimas(LT): folds 
SimoDa39: folds 
Uncalled bet ($0.14) returned to Mahu2021
Mahu2021 collected $0.25 from pot
Mahu2021: doesn't show hand 
*** SUMMARY ***
Total pot $0.25 | Rake $0 
Seat 1: eriktnt (button) folded before Flop (didn't bet)
Seat 2: Losimas(LT) (small blind) folded before Flop
Seat 3: SimoDa39 (big blind) folded before Flop
Seat 4: Mahu2021 collected ($0.25)
Seat 5: gualtersales folded before Flop (didn't bet)
Seat 6: ArtStyleH folded before Flop (didn't bet)



PokerStars Zoom Hand #255443538268:  Hold'em No Limit ($0.05/$0.10) - 2025/03/25 10:23:57 CET [2025/03/25 5:23:57 ET]
Table 'Aludra' 6-max Seat #1 is the button
Seat 1: A_Rommel ($18.36 in chips) 
Seat 2: SimoDa39 ($16.10 in chips) 
Seat 3: Mahu2021 ($5.53 in chips) 
Seat 4: eriktnt ($10.20 in chips) 
Seat 5: BluffsLord ($10.28 in chips) 
Seat 6: nDoelAidFme ($10.05 in chips) 
SimoDa39: posts small blind $0.05
Mahu2021: posts big blind $0.10
*** HOLE CARDS ***
Dealt to Mahu2021 [7s 5h]
eriktnt: folds 
BluffsLord: folds 
nDoelAidFme: raises $0.14 to $0.24
A_Rommel: folds 
SimoDa39: folds 
Mahu2021: folds 
Uncalled bet ($0.14) returned to nDoelAidFme
nDoelAidFme collected $0.25 from pot
nDoelAidFme: doesn't show hand 
*** SUMMARY ***
Total pot $0.25 | Rake $0 
Seat 1: A_Rommel (button) folded before Flop (didn't bet)
Seat 2: SimoDa39 (small blind) folded before Flop
Seat 3: Mahu2021 (big blind) folded before Flop
Seat 4: eriktnt folded before Flop (didn't bet)
Seat 5: BluffsLord folded before Flop (didn't bet)
Seat 6: nDoelAidFme collected ($0.25)



PokerStars Zoom Hand #255443539453:  Hold'em No Limit ($0.05/$0.10) - 2025/03/25 10:24:10 CET [2025/03/25 5:24:10 ET]
Table 'Aludra' 6-max Seat #1 is the button
Seat 1: zorro1355 ($4.24 in chips) 
Seat 2: A_Rommel ($18.36 in chips) 
Seat 3: Riper3 ($25.87 in chips) 
Seat 4: Podyto ($7.59 in chips) 
Seat 5: Mahu2021 ($5.43 in chips) 
Seat 6: eriktnt ($10 in chips) 
A_Rommel: posts small blind $0.05
Riper3: posts big blind $0.10
*** HOLE CARDS ***
Dealt to Mahu2021 [9h 8c]
Podyto: folds 
Mahu2021: folds 
eriktnt: raises $0.15 to $0.25
zorro1355: folds 
A_Rommel: folds 
Riper3: folds 
Uncalled bet ($0.15) returned to eriktnt
eriktnt collected $0.25 from pot
eriktnt: doesn't show hand 
*** SUMMARY ***
Total pot $0.25 | Rake $0 
Seat 1: zorro1355 (button) folded before Flop (didn't bet)
Seat 2: A_Rommel (small blind) folded before Flop
Seat 3: Riper3 (big blind) folded before Flop
Seat 4: Podyto folded before Flop (didn't bet)
Seat 5: Mahu2021 folded before Flop (didn't bet)
Seat 6: eriktnt collected ($0.25)



PokerStars Zoom Hand #255443536866:  Hold'em No Limit ($0.05/$0.10) - 2025/03/25 10:23:41 CET [2025/03/25 5:23:41 ET]
Table 'Aludra' 6-max Seat #1 is the button
Seat 1: Christianjtrfc ($10.86 in chips) 
Seat 2: Reddington567 ($21.97 in chips) 
Seat 3: A_Rommel ($18.46 in chips) 
Seat 4: jamasterg ($14.54 in chips) 
Seat 5: Mahu2021 ($5.38 in chips) 
Seat 6: marciofjunior59 ($7.12 in chips) 
Reddington567: posts small blind $0.05
A_Rommel: posts big blind $0.10
*** HOLE CARDS ***
Dealt to Mahu2021 [6s 7d]
jamasterg: folds 
Mahu2021: folds 
marciofjunior59: raises $0.20 to $0.30
Christianjtrfc: calls $0.30
Reddington567: folds 
A_Rommel: folds 
*** FLOP *** [4s 4d 5d]
marciofjunior59: checks 
Christianjtrfc: checks 
*** TURN *** [4s 4d 5d] [Qh]
marciofjunior59: bets $0.20
Christianjtrfc: calls $0.20
*** RIVER *** [4s 4d 5d Qh] [6d]
marciofjunior59: bets $0.55
Christianjtrfc: folds 
Uncalled bet ($0.55) returned to marciofjunior59
marciofjunior59 collected $1.10 from pot
marciofjunior59: doesn't show hand 
*** SUMMARY ***
Total pot $1.15 | Rake $0.05 
Board [4s 4d 5d Qh 6d]
Seat 1: Christianjtrfc (button) folded on the River
Seat 2: Reddington567 (small blind) folded before Flop
Seat 3: A_Rommel (big blind) folded before Flop
Seat 4: jamasterg folded before Flop (didn't bet)
Seat 5: Mahu2021 folded before Flop (didn't bet)
Seat 6: marciofjunior59 collected ($1.10)



PokerStars Zoom Hand #255443540492:  Hold'em No Limit ($0.05/$0.10) - 2025/03/25 10:24:22 CET [2025/03/25 5:24:22 ET]
Table 'Aludra' 6-max Seat #1 is the button
Seat 1: Mahu2021 ($5.38 in chips) 
Seat 2: Nicola_S5058 ($10.80 in chips) 
Seat 3: kingsman5454 ($10.51 in chips) 
Seat 4: nDoelAidFme ($12.26 in chips) 
Seat 5: eriktnt ($10 in chips) 
Seat 6: SimoDa39 ($16.10 in chips) 
Nicola_S5058: posts small blind $0.05
kingsman5454: posts big blind $0.10
*** HOLE CARDS ***
Dealt to Mahu2021 [9c Ad]
nDoelAidFme: folds 
eriktnt: folds 
SimoDa39: folds 
Mahu2021: raises $0.20 to $0.30
Nicola_S5058: folds 
kingsman5454: folds 
Uncalled bet ($0.20) returned to Mahu2021
Mahu2021 collected $0.25 from pot
Mahu2021: doesn't show hand 
*** SUMMARY ***
Total pot $0.25 | Rake $0 
Seat 1: Mahu2021 (button) collected ($0.25)
Seat 2: Nicola_S5058 (small blind) folded before Flop
Seat 3: kingsman5454 (big blind) folded before Flop
Seat 4: nDoelAidFme folded before Flop (didn't bet)
Seat 5: eriktnt folded before Flop (didn't bet)
Seat 6: SimoDa39 folded before Flop (didn't bet)



PokerStars Zoom Hand #255443539914:  Hold'em No Limit ($0.05/$0.10) - 2025/03/25 10:24:15 CET [2025/03/25 5:24:15 ET]
Table 'Aludra' 6-max Seat #1 is the button
Seat 1: BluffsLord ($10.23 in chips) 
Seat 2: betforvalu ($15.16 in chips) 
Seat 3: TingTongD ($10 in chips) 
Seat 4: MTI65 ($8.22 in chips) 
Seat 5: nDoelAidFme ($13.07 in chips) 
Seat 6: Mahu2021 ($5.43 in chips) 
betforvalu: posts small blind $0.05
TingTongD: posts big blind $0.10
*** HOLE CARDS ***
Dealt to Mahu2021 [9s 5c]
MTI65: folds 
nDoelAidFme: folds 
Mahu2021: folds 
BluffsLord: folds 
betforvalu: raises $0.10 to $0.20
TingTongD: calls $0.10
*** FLOP *** [Qs Th Ks]
betforvalu: checks 
TingTongD: checks 
*** TURN *** [Qs Th Ks] [Js]
betforvalu: checks 
TingTongD: bets $0.19
betforvalu: calls $0.19
*** RIVER *** [Qs Th Ks Js] [Ah]
betforvalu: checks 
TingTongD: bets $1.45
betforvalu: calls $1.45
*** SHOW DOWN ***
TingTongD: shows [6h 8d] (a straight, Ten to Ace)
betforvalu: shows [Ad 7d] (a straight, Ten to Ace)
betforvalu collected $1.76 from pot
TingTongD collected $1.75 from pot
*** SUMMARY ***
Total pot $3.68 | Rake $0.17 
Board [Qs Th Ks Js Ah]
Seat 1: BluffsLord (button) folded before Flop (didn't bet)
Seat 2: betforvalu (small blind) showed [Ad 7d] and won ($1.76) with a straight, Ten to Ace
Seat 3: TingTongD (big blind) showed [6h 8d] and won ($1.75) with a straight, Ten to Ace
Seat 4: MTI65 folded before Flop (didn't bet)
Seat 5: nDoelAidFme folded before Flop (didn't bet)
Seat 6: Mahu2021 folded before Flop (didn't bet)



PokerStars Zoom Hand #255443542718:  Hold'em No Limit ($0.05/$0.10) - 2025/03/25 10:24:47 CET [2025/03/25 5:24:47 ET]
Table 'Aludra' 6-max Seat #1 is the button
Seat 1: alanindublin ($32.86 in chips) 
Seat 2: ArtStyleH ($10 in chips) 
Seat 3: Mahu2021 ($5.53 in chips) 
Seat 4: nDoelAidFme ($10 in chips) 
Seat 5: Reddington567 ($17.65 in chips) 
Seat 6: jamasterg ($14.92 in chips) 
ArtStyleH: posts small blind $0.05
Mahu2021: posts big blind $0.10
*** HOLE CARDS ***
Dealt to Mahu2021 [8d Qs]
nDoelAidFme: folds 
Reddington567: folds 
jamasterg: folds 
alanindublin: folds 
ArtStyleH: raises $0.20 to $0.30
Mahu2021: folds 
Uncalled bet ($0.20) returned to ArtStyleH
ArtStyleH collected $0.20 from pot
ArtStyleH: doesn't show hand 
*** SUMMARY ***
Total pot $0.20 | Rake $0 
Seat 1: alanindublin (button) folded before Flop (didn't bet)
Seat 2: ArtStyleH (small blind) collected ($0.20)
Seat 3: Mahu2021 (big blind) folded before Flop
Seat 4: nDoelAidFme folded before Flop (didn't bet)
Seat 5: Reddington567 folded before Flop (didn't bet)
Seat 6: jamasterg folded before Flop (didn't bet)



PokerStars Zoom Hand #255443541409:  Hold'em No Limit ($0.05/$0.10) - 2025/03/25 10:24:32 CET [2025/03/25 5:24:32 ET]
Table 'Aludra' 6-max Seat #1 is the button
Seat 1: Christianjtrfc ($10 in chips) 
Seat 2: Reddington567 ($21.82 in chips) 
Seat 3: eriktnt ($10 in chips) 
Seat 4: Mahu2021 ($5.53 in chips) 
Seat 5: Nicola_S5058 ($10.75 in chips) 
Seat 6: nDoelAidFme ($10 in chips) 
Reddington567: posts small blind $0.05
eriktnt: posts big blind $0.10
*** HOLE CARDS ***
Dealt to Mahu2021 [Kd Js]
Mahu2021: folds 
Nicola_S5058: calls $0.10
nDoelAidFme: folds 
Christianjtrfc: folds 
Reddington567: folds 
eriktnt: checks 
*** FLOP *** [Jd 9d 7d]
eriktnt: checks 
Nicola_S5058: checks 
*** TURN *** [Jd 9d 7d] [4h]
eriktnt: checks 
Nicola_S5058: checks 
*** RIVER *** [Jd 9d 7d 4h] [Qs]
eriktnt: checks 
Nicola_S5058: checks 
*** SHOW DOWN ***
eriktnt: shows [8d 6c] (high card Queen)
Nicola_S5058: shows [Qh Ac] (a pair of Queens)
Nicola_S5058 collected $0.24 from pot
*** SUMMARY ***
Total pot $0.25 | Rake $0.01 
Board [Jd 9d 7d 4h Qs]
Seat 1: Christianjtrfc (button) folded before Flop (didn't bet)
Seat 2: Reddington567 (small blind) folded before Flop
Seat 3: eriktnt (big blind) showed [8d 6c] and lost with high card Queen
Seat 4: Mahu2021 folded before Flop (didn't bet)
Seat 5: Nicola_S5058 showed [Qh Ac] and won ($0.24) with a pair of Queens
Seat 6: nDoelAidFme folded before Flop (didn't bet)



PokerStars Zoom Hand #255443542251:  Hold'em No Limit ($0.05/$0.10) - 2025/03/25 10:24:42 CET [2025/03/25 5:24:42 ET]
Table 'Aludra' 6-max Seat #1 is the button
Seat 1: Christianjtrfc ($20.21 in chips) 
Seat 2: MTI65 ($8.12 in chips) 
Seat 3: 00O-2Z ($11.52 in chips) 
Seat 4: Mahu2021 ($5.53 in chips) 
Seat 5: MikeeeyAH ($12.65 in chips) 
Seat 6: Tiltshove ($10.27 in chips) 
MTI65: posts small blind $0.05
00O-2Z: posts big blind $0.10
*** HOLE CARDS ***
Dealt to Mahu2021 [As 4d]
Mahu2021: folds 
MikeeeyAH: folds 
Tiltshove: folds 
Christianjtrfc: raises $0.15 to $0.25
MTI65: calls $0.20
00O-2Z: folds 
*** FLOP *** [2s 7d 6c]
MTI65: checks 
Christianjtrfc: checks 
*** TURN *** [2s 7d 6c] [8s]
MTI65: checks 
Christianjtrfc: checks 
*** RIVER *** [2s 7d 6c 8s] [Qh]
MTI65: checks 
Christianjtrfc: checks 
*** SHOW DOWN ***
MTI65: shows [Jh Ah] (high card Ace)
Christianjtrfc: mucks hand 
MTI65 collected $0.57 from pot
*** SUMMARY ***
Total pot $0.60 | Rake $0.03 
Board [2s 7d 6c 8s Qh]
Seat 1: Christianjtrfc (button) mucked [9c Kh]
Seat 2: MTI65 (small blind) showed [Jh Ah] and won ($0.57) with high card Ace
Seat 3: 00O-2Z (big blind) folded before Flop
Seat 4: Mahu2021 folded before Flop (didn't bet)
Seat 5: MikeeeyAH folded before Flop (didn't bet)
Seat 6: Tiltshove folded before Flop (didn't bet)



PokerStars Zoom Hand #255443541765:  Hold'em No Limit ($0.05/$0.10) - 2025/03/25 10:24:36 CET [2025/03/25 5:24:36 ET]
Table 'Aludra' 6-max Seat #1 is the button
Seat 1: MikeeeyAH ($12.65 in chips) 
Seat 2: nDoelAidFme ($12.31 in chips) 
Seat 3: eriktnt ($10.15 in chips) 
Seat 4: Christianjtrfc ($20.21 in chips) 
Seat 5: Mahu2021 ($5.53 in chips) 
Seat 6: SimoDa39 ($33.97 in chips) 
nDoelAidFme: posts small blind $0.05
eriktnt: posts big blind $0.10
*** HOLE CARDS ***
Dealt to Mahu2021 [2c Jd]
Christianjtrfc: folds 
Mahu2021: folds 
SimoDa39: raises $0.15 to $0.25
MikeeeyAH: folds 
nDoelAidFme: raises $0.85 to $1.10
eriktnt: folds 
SimoDa39: raises $1.25 to $2.35
nDoelAidFme: folds 
Uncalled bet ($1.25) returned to SimoDa39
SimoDa39 collected $2.30 from pot
SimoDa39: doesn't show hand 
*** SUMMARY ***
Total pot $2.30 | Rake $0 
Seat 1: MikeeeyAH (button) folded before Flop (didn't bet)
Seat 2: nDoelAidFme (small blind) folded before Flop
Seat 3: eriktnt (big blind) folded before Flop
Seat 4: Christianjtrfc folded before Flop (didn't bet)
Seat 5: Mahu2021 folded before Flop (didn't bet)
Seat 6: SimoDa39 collected ($2.30)



PokerStars Zoom Hand #255443543776:  Hold'em No Limit ($0.05/$0.10) - 2025/03/25 10:24:59 CET [2025/03/25 5:24:59 ET]
Table 'Aludra' 6-max Seat #1 is the button
Seat 1: betforvalu ($15.08 in chips) 
Seat 2: Mahu2021 ($5.43 in chips) 
Seat 3: marciofjunior59 ($8.41 in chips) 
Seat 4: ArtStyleH ($10 in chips) 
Seat 5: nDoelAidFme ($10 in chips) 
Seat 6: Tiltshove ($10 in chips) 
Mahu2021: posts small blind $0.05
marciofjunior59: posts big blind $0.10
*** HOLE CARDS ***
Dealt to Mahu2021 [7c As]
ArtStyleH: raises $0.10 to $0.20
nDoelAidFme: raises $0.45 to $0.65
Tiltshove: folds 
betforvalu: folds 
Mahu2021: folds 
marciofjunior59: folds 
ArtStyleH: folds 
Uncalled bet ($0.45) returned to nDoelAidFme
nDoelAidFme collected $0.55 from pot
nDoelAidFme: doesn't show hand 
*** SUMMARY ***
Total pot $0.55 | Rake $0 
Seat 1: betforvalu (button) folded before Flop (didn't bet)
Seat 2: Mahu2021 (small blind) folded before Flop
Seat 3: marciofjunior59 (big blind) folded before Flop
Seat 4: ArtStyleH folded before Flop
Seat 5: nDoelAidFme collected ($0.55)
Seat 6: Tiltshove folded before Flop (didn't bet)



PokerStars Zoom Hand #255443544323:  Hold'em No Limit ($0.05/$0.10) - 2025/03/25 10:25:05 CET [2025/03/25 5:25:05 ET]
Table 'Aludra' 6-max Seat #1 is the button
Seat 1: Lentwood ($7.55 in chips) 
Seat 2: eriktnt ($10 in chips) 
Seat 3: ArtStyleH ($10.10 in chips) 
Seat 4: Mahu2021 ($5.38 in chips) 
Seat 5: toddot661 ($18.67 in chips) 
Seat 6: thorindorf ($11.01 in chips) 
eriktnt: posts small blind $0.05
ArtStyleH: posts big blind $0.10
*** HOLE CARDS ***
Dealt to Mahu2021 [Kd 2d]
Mahu2021: folds 
toddot661: raises $0.17 to $0.27
thorindorf: folds 
Lentwood: raises $0.43 to $0.70
eriktnt: folds 
ArtStyleH: raises $9.40 to $10.10 and is all-in
toddot661: folds 
Lentwood: folds 
Uncalled bet ($9.40) returned to ArtStyleH
ArtStyleH collected $1.72 from pot
ArtStyleH: doesn't show hand 
*** SUMMARY ***
Total pot $1.72 | Rake $0 
Seat 1: Lentwood (button) folded before Flop
Seat 2: eriktnt (small blind) folded before Flop
Seat 3: ArtStyleH (big blind) collected ($1.72)
Seat 4: Mahu2021 folded before Flop (didn't bet)
Seat 5: toddot661 folded before Flop
Seat 6: thorindorf folded before Flop (didn't bet)



PokerStars Zoom Hand #255443540212:  Hold'em No Limit ($0.05/$0.10) - 2025/03/25 10:24:19 CET [2025/03/25 5:24:19 ET]
Table 'Aludra' 6-max Seat #1 is the button
Seat 1: Reddington567 ($17.75 in chips) 
Seat 2: Mahu2021 ($5.43 in chips) 
Seat 3: BluffsLord ($10.23 in chips) 
Seat 4: zzz7zzz7zzz ($4.05 in chips) 
Seat 5: squig7 ($7.06 in chips) 
Seat 6: zorro1355 ($4.24 in chips) 
Mahu2021: posts small blind $0.05
BluffsLord: posts big blind $0.10
*** HOLE CARDS ***
Dealt to Mahu2021 [5s 7h]
zzz7zzz7zzz: raises $0.10 to $0.20
squig7: calls $0.20
zorro1355: calls $0.20
Reddington567: folds 
Mahu2021: folds 
BluffsLord: folds 
*** FLOP *** [2c Qh Kc]
zzz7zzz7zzz: checks 
squig7: bets $0.72
zorro1355: calls $0.72
zzz7zzz7zzz: calls $0.72
*** TURN *** [2c Qh Kc] [6s]
zzz7zzz7zzz: checks 
squig7: checks 
zorro1355: bets $1.99
zzz7zzz7zzz: raises $1.14 to $3.13 and is all-in
squig7: folds 
zorro1355: calls $1.14
*** RIVER *** [2c Qh Kc 6s] [3h]
*** SHOW DOWN ***
zzz7zzz7zzz: shows [Jh Kh] (a pair of Kings)
zorro1355: shows [Ac 4d] (high card Ace)
zzz7zzz7zzz collected $8.76 from pot
*** SUMMARY ***
Total pot $9.17 | Rake $0.41 
Board [2c Qh Kc 6s 3h]
Seat 1: Reddington567 (button) folded before Flop (didn't bet)
Seat 2: Mahu2021 (small blind) folded before Flop
Seat 3: BluffsLord (big blind) folded before Flop
Seat 4: zzz7zzz7zzz showed [Jh Kh] and won ($8.76) with a pair of Kings
Seat 5: squig7 folded on the Turn
Seat 6: zorro1355 showed [Ac 4d] and lost with high card Ace



PokerStars Zoom Hand #255443545006:  Hold'em No Limit ($0.05/$0.10) - 2025/03/25 10:25:13 CET [2025/03/25 5:25:13 ET]
Table 'Aludra' 6-max Seat #1 is the button
Seat 1: Christianjtrfc ($10.26 in chips) 
Seat 2: kingsman5454 ($10.26 in chips) 
Seat 3: Shakawka ($10 in chips) 
Seat 4: eriktnt ($10 in chips) 
Seat 5: jamasterg ($14.92 in chips) 
Seat 6: Mahu2021 ($5.38 in chips) 
kingsman5454: posts small blind $0.05
Shakawka: posts big blind $0.10
*** HOLE CARDS ***
Dealt to Mahu2021 [4c 6d]
eriktnt: folds 
jamasterg: folds 
Mahu2021: folds 
Christianjtrfc: raises $0.15 to $0.25
kingsman5454: folds 
Shakawka: raises $1.05 to $1.30
Christianjtrfc: folds 
Uncalled bet ($1.05) returned to Shakawka
Shakawka collected $0.55 from pot
Shakawka: doesn't show hand 
*** SUMMARY ***
Total pot $0.55 | Rake $0 
Seat 1: Christianjtrfc (button) folded before Flop
Seat 2: kingsman5454 (small blind) folded before Flop
Seat 3: Shakawka (big blind) collected ($0.55)
Seat 4: eriktnt folded before Flop (didn't bet)
Seat 5: jamasterg folded before Flop (didn't bet)
Seat 6: Mahu2021 folded before Flop (didn't bet)



PokerStars Zoom Hand #255443547033:  Hold'em No Limit ($0.05/$0.10) - 2025/03/25 10:25:36 CET [2025/03/25 5:25:36 ET]
Table 'Aludra' 6-max Seat #1 is the button
Seat 1: Shakawka ($10 in chips) 
Seat 2: Mahu2021 ($5.28 in chips) 
Seat 3: Gattini37 ($11.60 in chips) 
Seat 4: Christianjtrfc ($10 in chips) 
Seat 5: ArtStyleH ($11.27 in chips) 
Seat 6: Tiltshove ($10.05 in chips) 
Mahu2021: posts small blind $0.05
Gattini37: posts big blind $0.10
*** HOLE CARDS ***
Dealt to Mahu2021 [6h 5d]
Christianjtrfc: folds 
ArtStyleH: folds 
Tiltshove: folds 
Shakawka: folds 
Mahu2021: folds 
Uncalled bet ($0.05) returned to Gattini37
Gattini37 collected $0.10 from pot
Gattini37: doesn't show hand 
*** SUMMARY ***
Total pot $0.10 | Rake $0 
Seat 1: Shakawka (button) folded before Flop (didn't bet)
Seat 2: Mahu2021 (small blind) folded before Flop
Seat 3: Gattini37 (big blind) collected ($0.10)
Seat 4: Christianjtrfc folded before Flop (didn't bet)
Seat 5: ArtStyleH folded before Flop (didn't bet)
Seat 6: Tiltshove folded before Flop (didn't bet)



PokerStars Zoom Hand #255443544657:  Hold'em No Limit ($0.05/$0.10) - 2025/03/25 10:25:09 CET [2025/03/25 5:25:09 ET]
Table 'Aludra' 6-max Seat #1 is the button
Seat 1: Mahu2021 ($5.38 in chips) 
Seat 2: Riper3 ($25.82 in chips) 
Seat 3: Nicola_S5058 ($10.89 in chips) 
Seat 4: Gattini37 ($11.45 in chips) 
Seat 5: Reddington567 ($11.43 in chips) 
Seat 6: thorindorf ($11.01 in chips) 
Riper3: posts small blind $0.05
Nicola_S5058: posts big blind $0.10
*** HOLE CARDS ***
Dealt to Mahu2021 [5h 9h]
Gattini37: folds 
Reddington567: raises $0.14 to $0.24
thorindorf: calls $0.24
Mahu2021: folds 
Riper3: folds 
Nicola_S5058: folds 
*** FLOP *** [9d 3h Th]
Reddington567: checks 
thorindorf: checks 
*** TURN *** [9d 3h Th] [Qc]
Reddington567: bets $0.46
thorindorf: calls $0.46
*** RIVER *** [9d 3h Th Qc] [2s]
Reddington567: bets $1.22
thorindorf: folds 
Uncalled bet ($1.22) returned to Reddington567
Reddington567 collected $1.48 from pot
Reddington567: doesn't show hand 
*** SUMMARY ***
Total pot $1.55 | Rake $0.07 
Board [9d 3h Th Qc 2s]
Seat 1: Mahu2021 (button) folded before Flop (didn't bet)
Seat 2: Riper3 (small blind) folded before Flop
Seat 3: Nicola_S5058 (big blind) folded before Flop
Seat 4: Gattini37 folded before Flop (didn't bet)
Seat 5: Reddington567 collected ($1.48)
Seat 6: thorindorf folded on the River



PokerStars Zoom Hand #255443545489:  Hold'em No Limit ($0.05/$0.10) - 2025/03/25 10:25:18 CET [2025/03/25 5:25:18 ET]
Table 'Aludra' 6-max Seat #1 is the button
Seat 1: MTI65 ($8.44 in chips) 
Seat 2: Nicola_S5058 ($10.79 in chips) 
Seat 3: kingsman5454 ($10 in chips) 
Seat 4: Mahu2021 ($5.38 in chips) 
Seat 5: eriktnt ($10.50 in chips) 
Seat 6: Podyto ($10 in chips) 
Nicola_S5058: posts small blind $0.05
kingsman5454: posts big blind $0.10
*** HOLE CARDS ***
Dealt to Mahu2021 [Jh Qc]
Mahu2021: folds 
eriktnt: folds 
Podyto: folds 
MTI65: folds 
Nicola_S5058: calls $0.05
kingsman5454: raises $0.40 to $0.50
Nicola_S5058: calls $0.40
*** FLOP *** [8h 4c Tc]
Nicola_S5058: checks 
kingsman5454: checks 
*** TURN *** [8h 4c Tc] [Th]
Nicola_S5058: checks 
kingsman5454: bets $0.32
Nicola_S5058: folds 
Uncalled bet ($0.32) returned to kingsman5454
kingsman5454 collected $0.96 from pot
kingsman5454: doesn't show hand 
*** SUMMARY ***
Total pot $1 | Rake $0.04 
Board [8h 4c Tc Th]
Seat 1: MTI65 (button) folded before Flop (didn't bet)
Seat 2: Nicola_S5058 (small blind) folded on the Turn
Seat 3: kingsman5454 (big blind) collected ($0.96)
Seat 4: Mahu2021 folded before Flop (didn't bet)
Seat 5: eriktnt folded before Flop (didn't bet)
Seat 6: Podyto folded before Flop (didn't bet)



PokerStars Zoom Hand #255443548897:  Hold'em No Limit ($0.05/$0.10) - 2025/03/25 10:25:57 CET [2025/03/25 5:25:57 ET]
Table 'Aludra' 6-max Seat #1 is the button
Seat 1: beanblight ($23.22 in chips) 
Seat 2: 00O-2Z ($14.48 in chips) 
Seat 3: Tiltshove ($10.22 in chips) 
Seat 4: nDoelAidFme ($13.29 in chips) 
Seat 5: Mahu2021 ($5.23 in chips) 
Seat 6: azielsilvagv ($8.94 in chips) 
00O-2Z: posts small blind $0.05
Tiltshove: posts big blind $0.10
*** HOLE CARDS ***
Dealt to Mahu2021 [4s 7s]
nDoelAidFme: folds 
Mahu2021: folds 
azielsilvagv: folds 
beanblight: folds 
00O-2Z: folds 
Uncalled bet ($0.05) returned to Tiltshove
Tiltshove collected $0.10 from pot
Tiltshove: doesn't show hand 
*** SUMMARY ***
Total pot $0.10 | Rake $0 
Seat 1: beanblight (button) folded before Flop (didn't bet)
Seat 2: 00O-2Z (small blind) folded before Flop
Seat 3: Tiltshove (big blind) collected ($0.10)
Seat 4: nDoelAidFme folded before Flop (didn't bet)
Seat 5: Mahu2021 folded before Flop (didn't bet)
Seat 6: azielsilvagv folded before Flop (didn't bet)



PokerStars Zoom Hand #255443547580:  Hold'em No Limit ($0.05/$0.10) - 2025/03/25 10:25:42 CET [2025/03/25 5:25:42 ET]
Table 'Aludra' 6-max Seat #1 is the button
Seat 1: Mahu2021 ($5.23 in chips) 
Seat 2: Tiltshove ($10.05 in chips) 
Seat 3: squig7 ($6.14 in chips) 
Seat 4: ArtStyleH ($11.27 in chips) 
Seat 5: gualtersales ($8.90 in chips) 
Seat 6: Shakawka ($10 in chips) 
Tiltshove: posts small blind $0.05
squig7: posts big blind $0.10
*** HOLE CARDS ***
Dealt to Mahu2021 [2h 5c]
ArtStyleH: raises $0.10 to $0.20
gualtersales: calls $0.20
Shakawka: folds 
Mahu2021: folds 
Tiltshove: calls $0.15
squig7: folds 
*** FLOP *** [3s 5s As]
Tiltshove: checks 
ArtStyleH: checks 
gualtersales: checks 
*** TURN *** [3s 5s As] [5h]
Tiltshove: checks 
ArtStyleH: bets $0.19
gualtersales: folds 
Tiltshove: folds 
Uncalled bet ($0.19) returned to ArtStyleH
ArtStyleH collected $0.67 from pot
ArtStyleH: doesn't show hand 
*** SUMMARY ***
Total pot $0.70 | Rake $0.03 
Board [3s 5s As 5h]
Seat 1: Mahu2021 (button) folded before Flop (didn't bet)
Seat 2: Tiltshove (small blind) folded on the Turn
Seat 3: squig7 (big blind) folded before Flop
Seat 4: ArtStyleH collected ($0.67)
Seat 5: gualtersales folded on the Turn
Seat 6: Shakawka folded before Flop (didn't bet)



PokerStars Zoom Hand #255443545822:  Hold'em No Limit ($0.05/$0.10) - 2025/03/25 10:25:22 CET [2025/03/25 5:25:22 ET]
Table 'Aludra' 6-max Seat #1 is the button
Seat 1: Layor 13 ($12 in chips) 
Seat 2: marciofjunior59 ($8.31 in chips) 
Seat 3: Mahu2021 ($5.38 in chips) 
Seat 4: Christianjtrfc ($19.91 in chips) 
Seat 5: MTI65 ($8.44 in chips) 
Seat 6: betforvalu ($15.08 in chips) 
marciofjunior59: posts small blind $0.05
Mahu2021: posts big blind $0.10
*** HOLE CARDS ***
Dealt to Mahu2021 [7d 5s]
Christianjtrfc: folds 
MTI65: folds 
betforvalu: raises $0.10 to $0.20
Layor 13: calls $0.20
marciofjunior59: calls $0.15
Mahu2021: folds 
*** FLOP *** [8c Tc Qd]
marciofjunior59: checks 
betforvalu: checks 
Layor 13: bets $0.67
marciofjunior59: folds 
betforvalu: raises $0.67 to $1.34
Layor 13: calls $0.67
*** TURN *** [8c Tc Qd] [5h]
betforvalu: checks 
Layor 13: checks 
*** RIVER *** [8c Tc Qd 5h] [5d]
betforvalu: bets $2.43
Layor 13: calls $2.43
*** SHOW DOWN ***
betforvalu: shows [Jc 9s] (a straight, Eight to Queen)
Layor 13: mucks hand 
betforvalu collected $7.87 from pot
*** SUMMARY ***
Total pot $8.24 | Rake $0.37 
Board [8c Tc Qd 5h 5d]
Seat 1: Layor 13 (button) mucked [Td As]
Seat 2: marciofjunior59 (small blind) folded on the Flop
Seat 3: Mahu2021 (big blind) folded before Flop
Seat 4: Christianjtrfc folded before Flop (didn't bet)
Seat 5: MTI65 folded before Flop (didn't bet)
Seat 6: betforvalu showed [Jc 9s] and won ($7.87) with a straight, Eight to Queen



PokerStars Zoom Hand #255443549212:  Hold'em No Limit ($0.05/$0.10) - 2025/03/25 10:26:01 CET [2025/03/25 5:26:01 ET]
Table 'Aludra' 6-max Seat #1 is the button
Seat 1: Reddington567 ($21.53 in chips) 
Seat 2: Mahu2021 ($5.23 in chips) 
Seat 3: kingsman5454 ($10.21 in chips) 
Seat 4: A_Rommel ($11.10 in chips) 
Seat 5: nDoelAidFme ($13.29 in chips) 
Seat 6: beanblight ($23.22 in chips) 
Mahu2021: posts small blind $0.05
kingsman5454: posts big blind $0.10
*** HOLE CARDS ***
Dealt to Mahu2021 [Tc Th]
A_Rommel: folds 
nDoelAidFme: folds 
beanblight: folds 
Reddington567: folds 
Mahu2021: raises $0.20 to $0.30
kingsman5454: calls $0.20
*** FLOP *** [8d 9d 4d]
Mahu2021: bets $0.30
kingsman5454: raises $0.70 to $1
Mahu2021: raises $1.20 to $2.20
kingsman5454: folds 
Uncalled bet ($1.20) returned to Mahu2021
Mahu2021 collected $2.48 from pot
Mahu2021: doesn't show hand 
*** SUMMARY ***
Total pot $2.60 | Rake $0.12 
Board [8d 9d 4d]
Seat 1: Reddington567 (button) folded before Flop (didn't bet)
Seat 2: Mahu2021 (small blind) collected ($2.48)
Seat 3: kingsman5454 (big blind) folded on the Flop
Seat 4: A_Rommel folded before Flop (didn't bet)
Seat 5: nDoelAidFme folded before Flop (didn't bet)
Seat 6: beanblight folded before Flop (didn't bet)



PokerStars Zoom Hand #255443548302:  Hold'em No Limit ($0.05/$0.10) - 2025/03/25 10:25:50 CET [2025/03/25 5:25:50 ET]
Table 'Aludra' 6-max Seat #1 is the button
Seat 1: MikeeeyAH ($12.20 in chips) 
Seat 2: beanblight ($23.27 in chips) 
Seat 3: Shakawka ($10 in chips) 
Seat 4: Tiltshove ($10.22 in chips) 
Seat 5: thorindorf ($10.31 in chips) 
Seat 6: Mahu2021 ($5.23 in chips) 
beanblight: posts small blind $0.05
Shakawka: posts big blind $0.10
*** HOLE CARDS ***
Dealt to Mahu2021 [4c 3s]
Tiltshove: folds 
thorindorf: folds 
Mahu2021: folds 
MikeeeyAH: raises $0.10 to $0.20
beanblight: folds 
Shakawka: calls $0.10
*** FLOP *** [Jd 3c Qd]
Shakawka: checks 
MikeeeyAH: bets $0.17
Shakawka: calls $0.17
*** TURN *** [Jd 3c Qd] [7c]
Shakawka: bets $0.20
MikeeeyAH: calls $0.20
*** RIVER *** [Jd 3c Qd 7c] [Js]
Shakawka: bets $0.31
MikeeeyAH: folds 
Uncalled bet ($0.31) returned to Shakawka
Shakawka collected $1.14 from pot
Shakawka: doesn't show hand 
*** SUMMARY ***
Total pot $1.19 | Rake $0.05 
Board [Jd 3c Qd 7c Js]
Seat 1: MikeeeyAH (button) folded on the River
Seat 2: beanblight (small blind) folded before Flop
Seat 3: Shakawka (big blind) collected ($1.14)
Seat 4: Tiltshove folded before Flop (didn't bet)
Seat 5: thorindorf folded before Flop (didn't bet)
Seat 6: Mahu2021 folded before Flop (didn't bet)



PokerStars Zoom Hand #255443552256:  Hold'em No Limit ($0.05/$0.10) - 2025/03/25 10:26:35 CET [2025/03/25 5:26:35 ET]
Table 'Aludra' 6-max Seat #1 is the button
Seat 1: Shakawka ($10.32 in chips) 
Seat 2: eriktnt ($10 in chips) 
Seat 3: Mahu2021 ($6.41 in chips) 
Seat 4: Tiltshove ($9.85 in chips) 
Seat 5: Perstenev ($4.90 in chips) 
Seat 6: Podyto ($10.35 in chips) 
eriktnt: posts small blind $0.05
Mahu2021: posts big blind $0.10
*** HOLE CARDS ***
Dealt to Mahu2021 [Qs Ad]
Tiltshove: folds 
Perstenev: calls $0.10
Podyto: folds 
Shakawka: raises $0.10 to $0.20
eriktnt: folds 
Mahu2021: calls $0.10
Perstenev: calls $0.10
*** FLOP *** [Th Jh 2c]
Mahu2021: checks 
Perstenev: checks 
Shakawka: bets $0.48
Mahu2021: calls $0.48
Perstenev: calls $0.48
*** TURN *** [Th Jh 2c] [9s]
Mahu2021: checks 
Perstenev: checks 
Shakawka: bets $0.65
Mahu2021: calls $0.65
Perstenev: folds 
*** RIVER *** [Th Jh 2c 9s] [8c]
Mahu2021: bets $3.24
Shakawka: folds 
Uncalled bet ($3.24) returned to Mahu2021
Mahu2021 collected $3.24 from pot
Mahu2021: doesn't show hand 
*** SUMMARY ***
Total pot $3.39 | Rake $0.15 
Board [Th Jh 2c 9s 8c]
Seat 1: Shakawka (button) folded on the River
Seat 2: eriktnt (small blind) folded before Flop
Seat 3: Mahu2021 (big blind) collected ($3.24)
Seat 4: Tiltshove folded before Flop (didn't bet)
Seat 5: Perstenev folded on the Turn
Seat 6: Podyto folded before Flop (didn't bet)



PokerStars Zoom Hand #255443558639:  Hold'em No Limit ($0.05/$0.10) - 2025/03/25 10:27:47 CET [2025/03/25 5:27:47 ET]
Table 'Aludra' 6-max Seat #1 is the button
Seat 1: Mahu2021 ($8.32 in chips) 
Seat 2: squig7 ($9.90 in chips) 
Seat 3: Gattini37 ($12.46 in chips) 
Seat 4: Losimas(LT) ($10.32 in chips) 
Seat 5: azielsilvagv ($9.21 in chips) 
Seat 6: betforvalu ($18.88 in chips) 
squig7: posts small blind $0.05
Gattini37: posts big blind $0.10
*** HOLE CARDS ***
Dealt to Mahu2021 [2c Jh]
Losimas(LT): raises $0.15 to $0.25
azielsilvagv: folds 
betforvalu: folds 
Mahu2021: folds 
squig7: folds 
Gattini37: folds 
Uncalled bet ($0.15) returned to Losimas(LT)
Losimas(LT) collected $0.25 from pot
Losimas(LT): doesn't show hand 
*** SUMMARY ***
Total pot $0.25 | Rake $0 
Seat 1: Mahu2021 (button) folded before Flop (didn't bet)
Seat 2: squig7 (small blind) folded before Flop
Seat 3: Gattini37 (big blind) folded before Flop
Seat 4: Losimas(LT) collected ($0.25)
Seat 5: azielsilvagv folded before Flop (didn't bet)
Seat 6: betforvalu folded before Flop (didn't bet)



PokerStars Zoom Hand #255443559075:  Hold'em No Limit ($0.05/$0.10) - 2025/03/25 10:27:52 CET [2025/03/25 5:27:52 ET]
Table 'Aludra' 6-max Seat #1 is the button
Seat 1: squig7 ($9.85 in chips) 
Seat 2: betforvalu ($18.88 in chips) 
Seat 3: A_Rommel ($10.90 in chips) 
Seat 4: TingTongD ($10.15 in chips) 
Seat 5: jamasterg ($14.42 in chips) 
Seat 6: Mahu2021 ($8.32 in chips) 
betforvalu: posts small blind $0.05
A_Rommel: posts big blind $0.10
*** HOLE CARDS ***
Dealt to Mahu2021 [Ks Js]
TingTongD: folds 
jamasterg: folds 
Mahu2021: raises $0.12 to $0.22
squig7: calls $0.22
betforvalu: calls $0.17
A_Rommel: folds 
*** FLOP *** [As Ad Ts]
betforvalu: checks 
Mahu2021: bets $0.73
squig7: folds 
betforvalu: calls $0.73
*** TURN *** [As Ad Ts] [3h]
betforvalu: checks 
Mahu2021: checks 
*** RIVER *** [As Ad Ts 3h] [3c]
betforvalu: checks 
Mahu2021: checks 
*** SHOW DOWN ***
betforvalu: shows [Qs 4s] (two pair, Aces and Threes)
Mahu2021: shows [Ks Js] (two pair, Aces and Threes - King kicker)
Mahu2021 collected $2.12 from pot
*** SUMMARY ***
Total pot $2.22 | Rake $0.10 
Board [As Ad Ts 3h 3c]
Seat 1: squig7 (button) folded on the Flop
Seat 2: betforvalu (small blind) showed [Qs 4s] and lost with two pair, Aces and Threes
Seat 3: A_Rommel (big blind) folded before Flop
Seat 4: TingTongD folded before Flop (didn't bet)
Seat 5: jamasterg folded before Flop (didn't bet)
Seat 6: Mahu2021 showed [Ks Js] and won ($2.12) with two pair, Aces and Threes



PokerStars Zoom Hand #255443563396:  Hold'em No Limit ($0.05/$0.10) - 2025/03/25 10:28:42 CET [2025/03/25 5:28:42 ET]
Table 'Aludra' 6-max Seat #1 is the button
Seat 1: Reddington567 ($22.49 in chips) 
Seat 2: azielsilvagv ($9.11 in chips) 
Seat 3: Nicola_S5058 ($12.09 in chips) 
Seat 4: Shakawka ($10.11 in chips) 
Seat 5: Mahu2021 ($9.49 in chips) 
Seat 6: A_Rommel ($21.91 in chips) 
azielsilvagv: posts small blind $0.05
Nicola_S5058: posts big blind $0.10
*** HOLE CARDS ***
Dealt to Mahu2021 [8d Ac]
Shakawka: raises $0.10 to $0.20
Mahu2021: folds 
A_Rommel: folds 
Reddington567: folds 
azielsilvagv: folds 
Nicola_S5058: folds 
Uncalled bet ($0.10) returned to Shakawka
Shakawka collected $0.25 from pot
Shakawka: doesn't show hand 
*** SUMMARY ***
Total pot $0.25 | Rake $0 
Seat 1: Reddington567 (button) folded before Flop (didn't bet)
Seat 2: azielsilvagv (small blind) folded before Flop
Seat 3: Nicola_S5058 (big blind) folded before Flop
Seat 4: Shakawka collected ($0.25)
Seat 5: Mahu2021 folded before Flop (didn't bet)
Seat 6: A_Rommel folded before Flop (didn't bet)



PokerStars Zoom Hand #255443570565:  Hold'em No Limit ($0.05/$0.10) - 2025/03/25 10:30:01 CET [2025/03/25 5:30:01 ET]
Table 'Aludra' 6-max Seat #1 is the button
Seat 1: kingsman5454 ($10 in chips) 
Seat 2: Reddington567 ($16.34 in chips) 
Seat 3: Losimas(LT) ($12.17 in chips) 
Seat 4: Mahu2021 ($9.39 in chips) 
Seat 5: ArtStyleH ($10.19 in chips) 
Seat 6: eriktnt ($11.44 in chips) 
Reddington567: posts small blind $0.05
Losimas(LT): posts big blind $0.10
*** HOLE CARDS ***
Dealt to Mahu2021 [5d 6d]
Mahu2021: folds 
ArtStyleH: folds 
eriktnt: folds 
kingsman5454: folds 
Reddington567: folds 
Uncalled bet ($0.05) returned to Losimas(LT)
Losimas(LT) collected $0.10 from pot
Losimas(LT): doesn't show hand 
*** SUMMARY ***
Total pot $0.10 | Rake $0 
Seat 1: kingsman5454 (button) folded before Flop (didn't bet)
Seat 2: Reddington567 (small blind) folded before Flop
Seat 3: Losimas(LT) (big blind) collected ($0.10)
Seat 4: Mahu2021 folded before Flop (didn't bet)
Seat 5: ArtStyleH folded before Flop (didn't bet)
Seat 6: eriktnt folded before Flop (didn't bet)



PokerStars Zoom Hand #255443571015:  Hold'em No Limit ($0.05/$0.10) - 2025/03/25 10:30:06 CET [2025/03/25 5:30:06 ET]
Table 'Aludra' 6-max Seat #1 is the button
Seat 1: Shakawka ($11.06 in chips) 
Seat 2: Gattini37 ($10 in chips) 
Seat 3: squig7 ($9.62 in chips) 
Seat 4: BluffsLord ($10 in chips) 
Seat 5: Mahu2021 ($9.39 in chips) 
Seat 6: ArtStyleH ($10.19 in chips) 
Gattini37: posts small blind $0.05
squig7: posts big blind $0.10
*** HOLE CARDS ***
Dealt to Mahu2021 [Ks 8c]
BluffsLord: raises $0.15 to $0.25
Mahu2021: folds 
ArtStyleH: raises $0.53 to $0.78
Shakawka: folds 
Gattini37: folds 
squig7: folds 
BluffsLord: folds 
Uncalled bet ($0.53) returned to ArtStyleH
ArtStyleH collected $0.65 from pot
ArtStyleH: doesn't show hand 
*** SUMMARY ***
Total pot $0.65 | Rake $0 
Seat 1: Shakawka (button) folded before Flop (didn't bet)
Seat 2: Gattini37 (small blind) folded before Flop
Seat 3: squig7 (big blind) folded before Flop
Seat 4: BluffsLord folded before Flop
Seat 5: Mahu2021 folded before Flop (didn't bet)
Seat 6: ArtStyleH collected ($0.65)



PokerStars Zoom Hand #255443569534:  Hold'em No Limit ($0.05/$0.10) - 2025/03/25 10:29:49 CET [2025/03/25 5:29:49 ET]
Table 'Aludra' 6-max Seat #1 is the button
Seat 1: MikeeeyAH ($11.36 in chips) 
Seat 2: edi758 ($10.46 in chips) 
Seat 3: Mahu2021 ($9.49 in chips) 
Seat 4: TingTongD ($10.37 in chips) 
Seat 5: Shakawka ($10.11 in chips) 
Seat 6: thorindorf ($9.33 in chips) 
edi758: posts small blind $0.05
Mahu2021: posts big blind $0.10
*** HOLE CARDS ***
Dealt to Mahu2021 [5c Ks]
TingTongD: folds 
Shakawka: raises $0.10 to $0.20
thorindorf: calls $0.20
MikeeeyAH: folds 
edi758: folds 
Mahu2021: folds 
*** FLOP *** [Kh 5s Td]
Shakawka: checks 
thorindorf: bets $0.33
Shakawka: raises $0.61 to $0.94
thorindorf: folds 
Uncalled bet ($0.61) returned to Shakawka
Shakawka collected $1.16 from pot
Shakawka: doesn't show hand 
*** SUMMARY ***
Total pot $1.21 | Rake $0.05 
Board [Kh 5s Td]
Seat 1: MikeeeyAH (button) folded before Flop (didn't bet)
Seat 2: edi758 (small blind) folded before Flop
Seat 3: Mahu2021 (big blind) folded before Flop
Seat 4: TingTongD folded before Flop (didn't bet)
Seat 5: Shakawka collected ($1.16)
Seat 6: thorindorf folded on the Flop



PokerStars Zoom Hand #255443571544:  Hold'em No Limit ($0.05/$0.10) - 2025/03/25 10:30:12 CET [2025/03/25 5:30:12 ET]
Table 'Aludra' 6-max Seat #1 is the button
Seat 1: Cosimo1870 ($6.56 in chips) 
Seat 2: Mahu2021 ($9.39 in chips) 
Seat 3: psembril1024 ($11.05 in chips) 
Seat 4: Perstenev ($1.83 in chips) 
Seat 5: Gattini37 ($10 in chips) 
Seat 6: Losimas(LT) ($10 in chips) 
Mahu2021: posts small blind $0.05
psembril1024: posts big blind $0.10
*** HOLE CARDS ***
Dealt to Mahu2021 [4c Ad]
Perstenev: folds 
Gattini37: raises $0.25 to $0.35
Losimas(LT): folds 
Cosimo1870: folds 
Mahu2021: folds 
psembril1024: folds 
Uncalled bet ($0.25) returned to Gattini37
Gattini37 collected $0.25 from pot
Gattini37: doesn't show hand 
*** SUMMARY ***
Total pot $0.25 | Rake $0 
Seat 1: Cosimo1870 (button) folded before Flop (didn't bet)
Seat 2: Mahu2021 (small blind) folded before Flop
Seat 3: psembril1024 (big blind) folded before Flop
Seat 4: Perstenev folded before Flop (didn't bet)
Seat 5: Gattini37 collected ($0.25)
Seat 6: Losimas(LT) folded before Flop (didn't bet)



PokerStars Zoom Hand #255443571995:  Hold'em No Limit ($0.05/$0.10) - 2025/03/25 10:30:17 CET [2025/03/25 5:30:17 ET]
Table 'Aludra' 6-max Seat #1 is the button
Seat 1: Losimas(LT) ($12.22 in chips) 
Seat 2: kingsman5454 ($12.60 in chips) 
Seat 3: Perstenev ($13.68 in chips) 
Seat 4: Reddington567 ($22.61 in chips) 
Seat 5: edi758 ($8.92 in chips) 
Seat 6: Mahu2021 ($9.34 in chips) 
kingsman5454: posts small blind $0.05
Perstenev: posts big blind $0.10
*** HOLE CARDS ***
Dealt to Mahu2021 [9d Kc]
Reddington567: raises $0.14 to $0.24
edi758: folds 
Mahu2021: folds 
Losimas(LT): folds 
kingsman5454: folds 
Perstenev: folds 
Uncalled bet ($0.14) returned to Reddington567
Reddington567 collected $0.25 from pot
Reddington567: doesn't show hand 
*** SUMMARY ***
Total pot $0.25 | Rake $0 
Seat 1: Losimas(LT) (button) folded before Flop (didn't bet)
Seat 2: kingsman5454 (small blind) folded before Flop
Seat 3: Perstenev (big blind) folded before Flop
Seat 4: Reddington567 collected ($0.25)
Seat 5: edi758 folded before Flop (didn't bet)
Seat 6: Mahu2021 folded before Flop (didn't bet)



PokerStars Zoom Hand #255443572426:  Hold'em No Limit ($0.05/$0.10) - 2025/03/25 10:30:21 CET [2025/03/25 5:30:21 ET]
Table 'Aludra' 6-max Seat #1 is the button
Seat 1: 00O-2Z ($12.12 in chips) 
Seat 2: TingTongD ($10.05 in chips) 
Seat 3: Podyto ($12.71 in chips) 
Seat 4: ArtStyleH ($10.59 in chips) 
Seat 5: Mahu2021 ($9.34 in chips) 
Seat 6: alanindublin ($42.89 in chips) 
TingTongD: posts small blind $0.05
Podyto: posts big blind $0.10
*** HOLE CARDS ***
Dealt to Mahu2021 [Js As]
ArtStyleH: folds 
Mahu2021: raises $0.14 to $0.24
alanindublin: folds 
00O-2Z: folds 
TingTongD: raises $0.76 to $1
Podyto: folds 
Mahu2021: calls $0.76
*** FLOP *** [6s Kc Qc]
TingTongD: bets $0.66
Mahu2021: calls $0.66
*** TURN *** [6s Kc Qc] [4h]
TingTongD: checks 
Mahu2021: bets $3.27
TingTongD: folds 
Uncalled bet ($3.27) returned to Mahu2021
Mahu2021 collected $3.27 from pot
Mahu2021: doesn't show hand 
*** SUMMARY ***
Total pot $3.42 | Rake $0.15 
Board [6s Kc Qc 4h]
Seat 1: 00O-2Z (button) folded before Flop (didn't bet)
Seat 2: TingTongD (small blind) folded on the Turn
Seat 3: Podyto (big blind) folded before Flop
Seat 4: ArtStyleH folded before Flop (didn't bet)
Seat 5: Mahu2021 collected ($3.27)
Seat 6: alanindublin folded before Flop (didn't bet)



PokerStars Zoom Hand #255443577009:  Hold'em No Limit ($0.05/$0.10) - 2025/03/25 10:31:12 CET [2025/03/25 5:31:12 ET]
Table 'Aludra' 6-max Seat #1 is the button
Seat 1: Mahu2021 ($10.95 in chips) 
Seat 2: McLovin060381 ($10 in chips) 
Seat 3: TingTongD ($11.27 in chips) 
Seat 4: thorindorf ($8.31 in chips) 
Seat 5: Reddington567 ($15.41 in chips) 
Seat 6: Losimas(LT) ($11.17 in chips) 
McLovin060381: posts small blind $0.05
TingTongD: posts big blind $0.10
*** HOLE CARDS ***
Dealt to Mahu2021 [6c 3d]
thorindorf: folds 
Reddington567: raises $0.14 to $0.24
Losimas(LT): folds 
Mahu2021: folds 
McLovin060381: folds 
TingTongD: folds 
Uncalled bet ($0.14) returned to Reddington567
Reddington567 collected $0.25 from pot
Reddington567: doesn't show hand 
*** SUMMARY ***
Total pot $0.25 | Rake $0 
Seat 1: Mahu2021 (button) folded before Flop (didn't bet)
Seat 2: McLovin060381 (small blind) folded before Flop
Seat 3: TingTongD (big blind) folded before Flop
Seat 4: thorindorf folded before Flop (didn't bet)
Seat 5: Reddington567 collected ($0.25)
Seat 6: Losimas(LT) folded before Flop (didn't bet)



PokerStars Zoom Hand #255443577490:  Hold'em No Limit ($0.05/$0.10) - 2025/03/25 10:31:18 CET [2025/03/25 5:31:18 ET]
Table 'Aludra' 6-max Seat #1 is the button
Seat 1: McLovin060381 ($10 in chips) 
Seat 2: ayzek717 ($3.05 in chips) 
Seat 3: Mahu2021 ($10.95 in chips) 
Seat 4: eriktnt ($13.93 in chips) 
Seat 5: ArtStyleH ($14.35 in chips) 
Seat 6: kingsman5454 ($10 in chips) 
ayzek717: posts small blind $0.05
Mahu2021: posts big blind $0.10
*** HOLE CARDS ***
Dealt to Mahu2021 [9c Tc]
eriktnt: raises $0.12 to $0.22
ArtStyleH: folds 
kingsman5454: folds 
McLovin060381: folds 
ayzek717: raises $0.54 to $0.76
Mahu2021: folds 
eriktnt: folds 
Uncalled bet ($0.54) returned to ayzek717
ayzek717 collected $0.54 from pot
ayzek717: doesn't show hand 
*** SUMMARY ***
Total pot $0.54 | Rake $0 
Seat 1: McLovin060381 (button) folded before Flop (didn't bet)
Seat 2: ayzek717 (small blind) collected ($0.54)
Seat 3: Mahu2021 (big blind) folded before Flop
Seat 4: eriktnt folded before Flop
Seat 5: ArtStyleH folded before Flop (didn't bet)
Seat 6: kingsman5454 folded before Flop (didn't bet)



PokerStars Zoom Hand #255443578578:  Hold'em No Limit ($0.05/$0.10) - 2025/03/25 10:31:30 CET [2025/03/25 5:31:30 ET]
Table 'Aludra' 6-max Seat #1 is the button
Seat 1: toddot661 ($4.35 in chips) 
Seat 2: Shakawka ($14.66 in chips) 
Seat 3: Lentwood ($10.57 in chips) 
Seat 4: Mahu2021 ($10.85 in chips) 
Seat 5: Tiltshove ($9.55 in chips) 
Seat 6: Perstenev ($4.90 in chips) 
Shakawka: posts small blind $0.05
Lentwood: posts big blind $0.10
*** HOLE CARDS ***
Dealt to Mahu2021 [Jc Kc]
Mahu2021: raises $0.14 to $0.24
Tiltshove: folds 
Perstenev: folds 
toddot661: folds 
Shakawka: folds 
Lentwood: folds 
Uncalled bet ($0.14) returned to Mahu2021
Mahu2021 collected $0.25 from pot
Mahu2021: doesn't show hand 
*** SUMMARY ***
Total pot $0.25 | Rake $0 
Seat 1: toddot661 (button) folded before Flop (didn't bet)
Seat 2: Shakawka (small blind) folded before Flop
Seat 3: Lentwood (big blind) folded before Flop
Seat 4: Mahu2021 collected ($0.25)
Seat 5: Tiltshove folded before Flop (didn't bet)
Seat 6: Perstenev folded before Flop (didn't bet)



PokerStars Zoom Hand #255443580189:  Hold'em No Limit ($0.05/$0.10) - 2025/03/25 10:31:48 CET [2025/03/25 5:31:48 ET]
Table 'Aludra' 6-max Seat #1 is the button
Seat 1: edi758 ($9.60 in chips) 
Seat 2: Danger22bigs ($9.90 in chips) 
Seat 3: eriktnt ($10.52 in chips) 
Seat 4: Reddington567 ($22.46 in chips) 
Seat 5: toddot661 ($4.50 in chips) 
Seat 6: Mahu2021 ($10.95 in chips) 
Danger22bigs: posts small blind $0.05
eriktnt: posts big blind $0.10
*** HOLE CARDS ***
Dealt to Mahu2021 [7h 7d]
Reddington567: folds 
toddot661: folds 
Mahu2021: raises $0.15 to $0.25
edi758: folds 
Danger22bigs: raises $0.85 to $1.10
eriktnt: folds 
Mahu2021: folds 
Uncalled bet ($0.85) returned to Danger22bigs
Danger22bigs collected $0.60 from pot
Danger22bigs: doesn't show hand 
*** SUMMARY ***
Total pot $0.60 | Rake $0 
Seat 1: edi758 (button) folded before Flop (didn't bet)
Seat 2: Danger22bigs (small blind) collected ($0.60)
Seat 3: eriktnt (big blind) folded before Flop
Seat 4: Reddington567 folded before Flop (didn't bet)
Seat 5: toddot661 folded before Flop (didn't bet)
Seat 6: Mahu2021 folded before Flop



PokerStars Zoom Hand #255443579817:  Hold'em No Limit ($0.05/$0.10) - 2025/03/25 10:31:44 CET [2025/03/25 5:31:44 ET]
Table 'Aludra' 6-max Seat #1 is the button
Seat 1: Reddington567 ($22.46 in chips) 
Seat 2: Mahu2021 ($11 in chips) 
Seat 3: leika karo ($23.82 in chips) 
Seat 4: toddot661 ($4.50 in chips) 
Seat 5: ladder565 ($11.38 in chips) 
Seat 6: MTI65 ($8.22 in chips) 
Mahu2021: posts small blind $0.05
leika karo: posts big blind $0.10
*** HOLE CARDS ***
Dealt to Mahu2021 [4d Qc]
toddot661: folds 
ladder565 has timed out
ladder565: folds 
MTI65: raises $0.20 to $0.30
Reddington567: folds 
Mahu2021: folds 
leika karo: folds 
Uncalled bet ($0.20) returned to MTI65
MTI65 collected $0.25 from pot
MTI65: doesn't show hand 
*** SUMMARY ***
Total pot $0.25 | Rake $0 
Seat 1: Reddington567 (button) folded before Flop (didn't bet)
Seat 2: Mahu2021 (small blind) folded before Flop
Seat 3: leika karo (big blind) folded before Flop
Seat 4: toddot661 folded before Flop (didn't bet)
Seat 5: ladder565 folded before Flop (didn't bet)
Seat 6: MTI65 collected ($0.25)



PokerStars Zoom Hand #255443582533:  Hold'em No Limit ($0.05/$0.10) - 2025/03/25 10:32:14 CET [2025/03/25 5:32:14 ET]
Table 'Aludra' 6-max Seat #1 is the button
Seat 1: ArtStyleH ($14.15 in chips) 
Seat 2: MTI65 ($8.37 in chips) 
Seat 3: Mahu2021 ($10.70 in chips) 
Seat 4: Reddington567 ($15.56 in chips) 
Seat 5: A_Rommel ($10 in chips) 
Seat 6: eriktnt ($12.33 in chips) 
MTI65: posts small blind $0.05
Mahu2021: posts big blind $0.10
*** HOLE CARDS ***
Dealt to Mahu2021 [4d 3h]
Reddington567: folds 
A_Rommel: folds 
eriktnt: folds 
ArtStyleH: folds 
MTI65: raises $0.20 to $0.30
Mahu2021: folds 
Uncalled bet ($0.20) returned to MTI65
MTI65 collected $0.20 from pot
MTI65: doesn't show hand 
*** SUMMARY ***
Total pot $0.20 | Rake $0 
Seat 1: ArtStyleH (button) folded before Flop (didn't bet)
Seat 2: MTI65 (small blind) collected ($0.20)
Seat 3: Mahu2021 (big blind) folded before Flop
Seat 4: Reddington567 folded before Flop (didn't bet)
Seat 5: A_Rommel folded before Flop (didn't bet)
Seat 6: eriktnt folded before Flop (didn't bet)



PokerStars Zoom Hand #255443581686:  Hold'em No Limit ($0.05/$0.10) - 2025/03/25 10:32:05 CET [2025/03/25 5:32:05 ET]
Table 'Aludra' 6-max Seat #1 is the button
Seat 1: TingTongD ($11.12 in chips) 
Seat 2: BluffsLord ($10 in chips) 
Seat 3: Shakawka ($14.61 in chips) 
Seat 4: Mahu2021 ($10.70 in chips) 
Seat 5: beanblight ($23.87 in chips) 
Seat 6: McLovin060381 ($10 in chips) 
BluffsLord: posts small blind $0.05
Shakawka: posts big blind $0.10
*** HOLE CARDS ***
Dealt to Mahu2021 [4c 6s]
Mahu2021: folds 
beanblight: folds 
McLovin060381: raises $0.12 to $0.22
TingTongD: folds 
BluffsLord: folds 
Shakawka: raises $0.98 to $1.20
McLovin060381: folds 
Uncalled bet ($0.98) returned to Shakawka
Shakawka collected $0.49 from pot
Shakawka: doesn't show hand 
*** SUMMARY ***
Total pot $0.49 | Rake $0 
Seat 1: TingTongD (button) folded before Flop (didn't bet)
Seat 2: BluffsLord (small blind) folded before Flop
Seat 3: Shakawka (big blind) collected ($0.49)
Seat 4: Mahu2021 folded before Flop (didn't bet)
Seat 5: beanblight folded before Flop (didn't bet)
Seat 6: McLovin060381 folded before Flop



PokerStars Zoom Hand #255443582176:  Hold'em No Limit ($0.05/$0.10) - 2025/03/25 10:32:10 CET [2025/03/25 5:32:10 ET]
Table 'Aludra' 6-max Seat #1 is the button
Seat 1: Mahu2021 ($10.70 in chips) 
Seat 2: TingTongD ($10.80 in chips) 
Seat 3: marciofjunior59 ($4.07 in chips) 
Seat 4: beanblight ($23.87 in chips) 
Seat 5: zzz7zzz7zzz ($7.95 in chips) 
Seat 6: A_Rommel ($10 in chips) 
TingTongD: posts small blind $0.05
marciofjunior59: posts big blind $0.10
*** HOLE CARDS ***
Dealt to Mahu2021 [4c As]
beanblight: folds 
zzz7zzz7zzz: folds 
A_Rommel: folds 
Mahu2021: folds 
TingTongD: raises $0.10 to $0.20
marciofjunior59: calls $0.10
*** FLOP *** [7d 5d 5h]
TingTongD: checks 
marciofjunior59: checks 
*** TURN *** [7d 5d 5h] [2c]
TingTongD: checks 
marciofjunior59: checks 
*** RIVER *** [7d 5d 5h 2c] [Ah]
TingTongD: checks 
marciofjunior59: bets $0.10
TingTongD: folds 
Uncalled bet ($0.10) returned to marciofjunior59
marciofjunior59 collected $0.38 from pot
marciofjunior59: doesn't show hand 
*** SUMMARY ***
Total pot $0.40 | Rake $0.02 
Board [7d 5d 5h 2c Ah]
Seat 1: Mahu2021 (button) folded before Flop (didn't bet)
Seat 2: TingTongD (small blind) folded on the River
Seat 3: marciofjunior59 (big blind) collected ($0.38)
Seat 4: beanblight folded before Flop (didn't bet)
Seat 5: zzz7zzz7zzz folded before Flop (didn't bet)
Seat 6: A_Rommel folded before Flop (didn't bet)



PokerStars Zoom Hand #255443583526:  Hold'em No Limit ($0.05/$0.10) - 2025/03/25 10:32:25 CET [2025/03/25 5:32:25 ET]
Table 'Aludra' 6-max Seat #1 is the button
Seat 1: A_Rommel ($19.73 in chips) 
Seat 2: Mahu2021 ($10.60 in chips) 
Seat 3: MTI65 ($8.47 in chips) 
Seat 4: Reddington567 ($15.56 in chips) 
Seat 5: Perstenev ($6.53 in chips) 
Seat 6: leika karo ($23.67 in chips) 
Mahu2021: posts small blind $0.05
MTI65: posts big blind $0.10
*** HOLE CARDS ***
Dealt to Mahu2021 [6h 4d]
Reddington567: folds 
Perstenev: folds 
leika karo: calls $0.10
A_Rommel: folds 
Mahu2021: folds 
MTI65: checks 
*** FLOP *** [4s 7h 4h]
MTI65: checks 
leika karo: checks 
*** TURN *** [4s 7h 4h] [5c]
MTI65: checks 
leika karo: bets $0.10
MTI65: folds 
Uncalled bet ($0.10) returned to leika karo
leika karo collected $0.24 from pot
leika karo: doesn't show hand 
*** SUMMARY ***
Total pot $0.25 | Rake $0.01 
Board [4s 7h 4h 5c]
Seat 1: A_Rommel (button) folded before Flop (didn't bet)
Seat 2: Mahu2021 (small blind) folded before Flop
Seat 3: MTI65 (big blind) folded on the Turn
Seat 4: Reddington567 folded before Flop (didn't bet)
Seat 5: Perstenev folded before Flop (didn't bet)
Seat 6: leika karo collected ($0.24)



PokerStars Zoom Hand #255443584006:  Hold'em No Limit ($0.05/$0.10) - 2025/03/25 10:32:30 CET [2025/03/25 5:32:30 ET]
Table 'Aludra' 6-max Seat #1 is the button
Seat 1: toddot661 ($4.20 in chips) 
Seat 2: Perstenev ($6.53 in chips) 
Seat 3: Reddington567 ($15.56 in chips) 
Seat 4: Shakawka ($10 in chips) 
Seat 5: A_Rommel ($19.73 in chips) 
Seat 6: Mahu2021 ($10.55 in chips) 
Perstenev: posts small blind $0.05
Reddington567: posts big blind $0.10
*** HOLE CARDS ***
Dealt to Mahu2021 [5s 6s]
Shakawka: folds 
A_Rommel: raises $0.10 to $0.20
Mahu2021: calls $0.20
toddot661: folds 
Perstenev: folds 
Reddington567: folds 
*** FLOP *** [Jc 9c 5c]
A_Rommel: checks 
Mahu2021: bets $0.30
A_Rommel: folds 
Uncalled bet ($0.30) returned to Mahu2021
Mahu2021 collected $0.53 from pot
Mahu2021: doesn't show hand 
*** SUMMARY ***
Total pot $0.55 | Rake $0.02 
Board [Jc 9c 5c]
Seat 1: toddot661 (button) folded before Flop (didn't bet)
Seat 2: Perstenev (small blind) folded before Flop
Seat 3: Reddington567 (big blind) folded before Flop
Seat 4: Shakawka folded before Flop (didn't bet)
Seat 5: A_Rommel folded on the Flop
Seat 6: Mahu2021 collected ($0.53)



PokerStars Zoom Hand #255443586326:  Hold'em No Limit ($0.05/$0.10) - 2025/03/25 10:32:56 CET [2025/03/25 5:32:56 ET]
Table 'Aludra' 6-max Seat #1 is the button
Seat 1: ayzek717 ($3.68 in chips) 
Seat 2: My3blKaHT_by ($4.90 in chips) 
Seat 3: Losimas(LT) ($10.32 in chips) 
Seat 4: azielsilvagv ($8.76 in chips) 
Seat 5: Mahu2021 ($10.88 in chips) 
Seat 6: Shakawka ($10.69 in chips) 
My3blKaHT_by: posts small blind $0.05
Losimas(LT): posts big blind $0.10
*** HOLE CARDS ***
Dealt to Mahu2021 [Ad Qc]
azielsilvagv: folds 
Mahu2021: raises $0.20 to $0.30
Shakawka: folds 
ayzek717: folds 
My3blKaHT_by: folds 
Losimas(LT): folds 
Uncalled bet ($0.20) returned to Mahu2021
Mahu2021 collected $0.25 from pot
Mahu2021: doesn't show hand 
*** SUMMARY ***
Total pot $0.25 | Rake $0 
Seat 1: ayzek717 (button) folded before Flop (didn't bet)
Seat 2: My3blKaHT_by (small blind) folded before Flop
Seat 3: Losimas(LT) (big blind) folded before Flop
Seat 4: azielsilvagv folded before Flop (didn't bet)
Seat 5: Mahu2021 collected ($0.25)
Seat 6: Shakawka folded before Flop (didn't bet)



PokerStars Zoom Hand #255443589304:  Hold'em No Limit ($0.05/$0.10) - 2025/03/25 10:33:29 CET [2025/03/25 5:33:29 ET]
Table 'Aludra' 6-max Seat #1 is the button
Seat 1: Gattini37 ($10 in chips) 
Seat 2: Losimas(LT) ($10 in chips) 
Seat 3: Mahu2021 ($11.03 in chips) 
Seat 4: Nicola_S5058 ($9.79 in chips) 
Seat 5: Danger22bigs ($10.23 in chips) 
Seat 6: beanblight ($24.22 in chips) 
Losimas(LT): posts small blind $0.05
Mahu2021: posts big blind $0.10
*** HOLE CARDS ***
Dealt to Mahu2021 [Qc Js]
Nicola_S5058: folds 
Danger22bigs: folds 
beanblight: folds 
Gattini37: folds 
Losimas(LT): folds 
Uncalled bet ($0.05) returned to Mahu2021
Mahu2021 collected $0.10 from pot
Mahu2021: doesn't show hand 
*** SUMMARY ***
Total pot $0.10 | Rake $0 
Seat 1: Gattini37 (button) folded before Flop (didn't bet)
Seat 2: Losimas(LT) (small blind) folded before Flop
Seat 3: Mahu2021 (big blind) collected ($0.10)
Seat 4: Nicola_S5058 folded before Flop (didn't bet)
Seat 5: Danger22bigs folded before Flop (didn't bet)
Seat 6: beanblight folded before Flop (didn't bet)



PokerStars Zoom Hand #255443588786:  Hold'em No Limit ($0.05/$0.10) - 2025/03/25 10:33:23 CET [2025/03/25 5:33:23 ET]
Table 'Aludra' 6-max Seat #1 is the button
Seat 1: Mahu2021 ($11.03 in chips) 
Seat 2: Gattini37 ($10 in chips) 
Seat 3: edi758 ($9.25 in chips) 
Seat 4: Losimas(LT) ($10.17 in chips) 
Seat 5: Perstenev ($3.75 in chips) 
Seat 6: Shakawka ($15.34 in chips) 
Gattini37: posts small blind $0.05
edi758: posts big blind $0.10
*** HOLE CARDS ***
Dealt to Mahu2021 [3s 7h]
Losimas(LT): folds 
Perstenev: folds 
Shakawka: folds 
Mahu2021: folds 
Gattini37: folds 
Uncalled bet ($0.05) returned to edi758
edi758 collected $0.10 from pot
edi758: doesn't show hand 
*** SUMMARY ***
Total pot $0.10 | Rake $0 
Seat 1: Mahu2021 (button) folded before Flop (didn't bet)
Seat 2: Gattini37 (small blind) folded before Flop
Seat 3: edi758 (big blind) collected ($0.10)
Seat 4: Losimas(LT) folded before Flop (didn't bet)
Seat 5: Perstenev folded before Flop (didn't bet)
Seat 6: Shakawka folded before Flop (didn't bet)



PokerStars Zoom Hand #255443590021:  Hold'em No Limit ($0.05/$0.10) - 2025/03/25 10:33:37 CET [2025/03/25 5:33:37 ET]
Table 'Aludra' 6-max Seat #1 is the button
Seat 1: McLovin060381 ($10 in chips) 
Seat 2: eriktnt ($13.61 in chips) 
Seat 3: Losimas(LT) ($12.91 in chips) 
Seat 4: Perstenev ($6.23 in chips) 
Seat 5: Mahu2021 ($11.08 in chips) 
Seat 6: BluffsLord ($10 in chips) 
eriktnt: posts small blind $0.05
Losimas(LT): posts big blind $0.10
*** HOLE CARDS ***
Dealt to Mahu2021 [Kc 8s]
Perstenev: folds 
Mahu2021: folds 
BluffsLord: folds 
McLovin060381: folds 
eriktnt: folds 
Uncalled bet ($0.05) returned to Losimas(LT)
Losimas(LT) collected $0.10 from pot
Losimas(LT): doesn't show hand 
*** SUMMARY ***
Total pot $0.10 | Rake $0 
Seat 1: McLovin060381 (button) folded before Flop (didn't bet)
Seat 2: eriktnt (small blind) folded before Flop
Seat 3: Losimas(LT) (big blind) collected ($0.10)
Seat 4: Perstenev folded before Flop (didn't bet)
Seat 5: Mahu2021 folded before Flop (didn't bet)
Seat 6: BluffsLord folded before Flop (didn't bet)



PokerStars Zoom Hand #255443588033:  Hold'em No Limit ($0.05/$0.10) - 2025/03/25 10:33:15 CET [2025/03/25 5:33:15 ET]
Table 'Aludra' 6-max Seat #1 is the button
Seat 1: MaltePS ($7.56 in chips) 
Seat 2: zzz7zzz7zzz ($15.57 in chips) 
Seat 3: BluffsLord ($10 in chips) 
Seat 4: Mahu2021 ($11.03 in chips) 
Seat 5: MTI65 ($8.37 in chips) 
Seat 6: acebob999 ($9.61 in chips) 
zzz7zzz7zzz: posts small blind $0.05
BluffsLord: posts big blind $0.10
*** HOLE CARDS ***
Dealt to Mahu2021 [Kd 9c]
Mahu2021: folds 
MTI65: folds 
acebob999: raises $0.20 to $0.30
MaltePS: raises $0.60 to $0.90
zzz7zzz7zzz: folds 
BluffsLord: folds 
acebob999: calls $0.60
*** FLOP *** [7s As Qh]
acebob999: checks 
MaltePS: checks 
*** TURN *** [7s As Qh] [6d]
acebob999: bets $0.93
MaltePS: calls $0.93
*** RIVER *** [7s As Qh 6d] [5d]
acebob999: bets $1.82
MaltePS: folds 
Uncalled bet ($1.82) returned to acebob999
acebob999 collected $3.64 from pot
acebob999: doesn't show hand 
*** SUMMARY ***
Total pot $3.81 | Rake $0.17 
Board [7s As Qh 6d 5d]
Seat 1: MaltePS (button) folded on the River
Seat 2: zzz7zzz7zzz (small blind) folded before Flop
Seat 3: BluffsLord (big blind) folded before Flop
Seat 4: Mahu2021 folded before Flop (didn't bet)
Seat 5: MTI65 folded before Flop (didn't bet)
Seat 6: acebob999 collected ($3.64)



PokerStars Zoom Hand #255443590677:  Hold'em No Limit ($0.05/$0.10) - 2025/03/25 10:33:44 CET [2025/03/25 5:33:44 ET]
Table 'Aludra' 6-max Seat #1 is the button
Seat 1: betforvalu ($17.87 in chips) 
Seat 2: Mahu2021 ($11.08 in chips) 
Seat 3: Perstenev ($6.18 in chips) 
Seat 4: A_Rommel ($13.08 in chips) 
Seat 5: Nicola_S5058 ($9.69 in chips) 
Seat 6: Gattini37 ($10 in chips) 
Mahu2021: posts small blind $0.05
Perstenev: posts big blind $0.10
*** HOLE CARDS ***
Dealt to Mahu2021 [4d 5c]
A_Rommel: folds 
Nicola_S5058: folds 
Gattini37: folds 
betforvalu: raises $0.10 to $0.20
Mahu2021: folds 
Perstenev: folds 
Uncalled bet ($0.10) returned to betforvalu
betforvalu collected $0.25 from pot
betforvalu: doesn't show hand 
*** SUMMARY ***
Total pot $0.25 | Rake $0 
Seat 1: betforvalu (button) collected ($0.25)
Seat 2: Mahu2021 (small blind) folded before Flop
Seat 3: Perstenev (big blind) folded before Flop
Seat 4: A_Rommel folded before Flop (didn't bet)
Seat 5: Nicola_S5058 folded before Flop (didn't bet)
Seat 6: Gattini37 folded before Flop (didn't bet)



PokerStars Zoom Hand #255443591061:  Hold'em No Limit ($0.05/$0.10) - 2025/03/25 10:33:48 CET [2025/03/25 5:33:48 ET]
Table 'Aludra' 6-max Seat #1 is the button
Seat 1: Losimas(LT) ($10 in chips) 
Seat 2: Shakawka ($10.05 in chips) 
Seat 3: JonKing75 ($10 in chips) 
Seat 4: eriktnt ($10.25 in chips) 
Seat 5: A_Rommel ($13.08 in chips) 
Seat 6: Mahu2021 ($11.03 in chips) 
Shakawka: posts small blind $0.05
JonKing75: posts big blind $0.10
*** HOLE CARDS ***
Dealt to Mahu2021 [9d 9h]
eriktnt: raises $0.12 to $0.22
A_Rommel: folds 
Mahu2021: calls $0.22
Losimas(LT): folds 
Shakawka: folds 
JonKing75: calls $0.12
*** FLOP *** [8h 8d 3h]
JonKing75: checks 
eriktnt: checks 
Mahu2021: bets $0.68
JonKing75: folds 
eriktnt: folds 
Uncalled bet ($0.68) returned to Mahu2021
Mahu2021 collected $0.68 from pot
Mahu2021: doesn't show hand 
*** SUMMARY ***
Total pot $0.71 | Rake $0.03 
Board [8h 8d 3h]
Seat 1: Losimas(LT) (button) folded before Flop (didn't bet)
Seat 2: Shakawka (small blind) folded before Flop
Seat 3: JonKing75 (big blind) folded on the Flop
Seat 4: eriktnt folded on the Flop
Seat 5: A_Rommel folded before Flop (didn't bet)
Seat 6: Mahu2021 collected ($0.68)



PokerStars Zoom Hand #255443593647:  Hold'em No Limit ($0.05/$0.10) - 2025/03/25 10:34:16 CET [2025/03/25 5:34:16 ET]
Table 'Aludra' 6-max Seat #1 is the button
Seat 1: Mahu2021 ($11.49 in chips) 
Seat 2: My3blKaHT_by ($9.41 in chips) 
Seat 3: eriktnt ($13.71 in chips) 
Seat 4: Losimas(LT) ($10 in chips) 
Seat 5: kingsman5454 ($11.09 in chips) 
Seat 6: toddot661 ($3.61 in chips) 
My3blKaHT_by: posts small blind $0.05
eriktnt: posts big blind $0.10
*** HOLE CARDS ***
Dealt to Mahu2021 [7s 8d]
Losimas(LT): folds 
kingsman5454: folds 
toddot661: folds 
Mahu2021: folds 
My3blKaHT_by: folds 
Uncalled bet ($0.05) returned to eriktnt
eriktnt collected $0.10 from pot
eriktnt: doesn't show hand 
*** SUMMARY ***
Total pot $0.10 | Rake $0 
Seat 1: Mahu2021 (button) folded before Flop (didn't bet)
Seat 2: My3blKaHT_by (small blind) folded before Flop
Seat 3: eriktnt (big blind) collected ($0.10)
Seat 4: Losimas(LT) folded before Flop (didn't bet)
Seat 5: kingsman5454 folded before Flop (didn't bet)
Seat 6: toddot661 folded before Flop (didn't bet)



PokerStars Zoom Hand #255443594551:  Hold'em No Limit ($0.05/$0.10) - 2025/03/25 10:34:26 CET [2025/03/25 5:34:26 ET]
Table 'Aludra' 6-max Seat #1 is the button
Seat 1: eriktnt ($13.76 in chips) 
Seat 2: JonKing75 ($10.40 in chips) 
Seat 3: toddot661 ($3.61 in chips) 
Seat 4: Cosimo1870 ($9.12 in chips) 
Seat 5: Reddington567 ($17.36 in chips) 
Seat 6: Mahu2021 ($11.49 in chips) 
JonKing75: posts small blind $0.05
toddot661: posts big blind $0.10
*** HOLE CARDS ***
Dealt to Mahu2021 [6c 3c]
Cosimo1870: folds 
Reddington567: folds 
Mahu2021: folds 
eriktnt: raises $0.15 to $0.25
JonKing75: folds 
toddot661: folds 
Uncalled bet ($0.15) returned to eriktnt
eriktnt collected $0.25 from pot
eriktnt: doesn't show hand 
*** SUMMARY ***
Total pot $0.25 | Rake $0 
Seat 1: eriktnt (button) collected ($0.25)
Seat 2: JonKing75 (small blind) folded before Flop
Seat 3: toddot661 (big blind) folded before Flop
Seat 4: Cosimo1870 folded before Flop (didn't bet)
Seat 5: Reddington567 folded before Flop (didn't bet)
Seat 6: Mahu2021 folded before Flop (didn't bet)



PokerStars Zoom Hand #255443595113:  Hold'em No Limit ($0.05/$0.10) - 2025/03/25 10:34:33 CET [2025/03/25 5:34:33 ET]
Table 'Aludra' 6-max Seat #1 is the button
Seat 1: kingsman5454 ($11.36 in chips) 
Seat 2: JonKing75 ($10 in chips) 
Seat 3: Mahu2021 ($11.49 in chips) 
Seat 4: Reddington567 ($17.36 in chips) 
Seat 5: McLovin060381 ($10 in chips) 
Seat 6: Losimas(LT) ($10 in chips) 
JonKing75: posts small blind $0.05
Mahu2021: posts big blind $0.10
*** HOLE CARDS ***
Dealt to Mahu2021 [9d 5h]
Reddington567: raises $0.14 to $0.24
McLovin060381: folds 
Losimas(LT): folds 
kingsman5454: folds 
JonKing75: folds 
Mahu2021: folds 
Uncalled bet ($0.14) returned to Reddington567
Reddington567 collected $0.25 from pot
Reddington567: doesn't show hand 
*** SUMMARY ***
Total pot $0.25 | Rake $0 
Seat 1: kingsman5454 (button) folded before Flop (didn't bet)
Seat 2: JonKing75 (small blind) folded before Flop
Seat 3: Mahu2021 (big blind) folded before Flop
Seat 4: Reddington567 collected ($0.25)
Seat 5: McLovin060381 folded before Flop (didn't bet)
Seat 6: Losimas(LT) folded before Flop (didn't bet)



PokerStars Zoom Hand #255443596036:  Hold'em No Limit ($0.05/$0.10) - 2025/03/25 10:34:43 CET [2025/03/25 5:34:43 ET]
Table 'Aludra' 6-max Seat #1 is the button
Seat 1: GrevBobby ($10 in chips) 
Seat 2: Mahu2021 ($11.39 in chips) 
Seat 3: Perstenev ($4.58 in chips) 
Seat 4: Reddington567 ($17.51 in chips) 
Seat 5: Riper3 ($24.28 in chips) 
Seat 6: leika karo ($23.89 in chips) 
Mahu2021: posts small blind $0.05
Perstenev: posts big blind $0.10
*** HOLE CARDS ***
Dealt to Mahu2021 [6h Kd]
Reddington567: folds 
Riper3: folds 
leika karo: folds 
GrevBobby: folds 
Mahu2021: folds 
Uncalled bet ($0.05) returned to Perstenev
Perstenev collected $0.10 from pot
Perstenev: doesn't show hand 
*** SUMMARY ***
Total pot $0.10 | Rake $0 
Seat 1: GrevBobby (button) folded before Flop (didn't bet)
Seat 2: Mahu2021 (small blind) folded before Flop
Seat 3: Perstenev (big blind) collected ($0.10)
Seat 4: Reddington567 folded before Flop (didn't bet)
Seat 5: Riper3 folded before Flop (didn't bet)
Seat 6: leika karo folded before Flop (didn't bet)



PokerStars Zoom Hand #255443595697:  Hold'em No Limit ($0.05/$0.10) - 2025/03/25 10:34:38 CET [2025/03/25 5:34:38 ET]
Table 'Aludra' 6-max Seat #1 is the button
Seat 1: Perstenev ($4.75 in chips) 
Seat 2: eriktnt ($13.91 in chips) 
Seat 3: JonKing75 ($10.35 in chips) 
Seat 4: Mahu2021 ($11.39 in chips) 
Seat 5: Losimas(LT) ($10 in chips) 
Seat 6: MTI65 ($6.34 in chips) 
eriktnt: posts small blind $0.05
JonKing75: posts big blind $0.10
*** HOLE CARDS ***
Dealt to Mahu2021 [5s Ah]
Mahu2021: folds 
Losimas(LT): raises $0.15 to $0.25
MTI65: folds 
Perstenev: raises $0.55 to $0.80
eriktnt: folds 
JonKing75: folds 
Losimas(LT): folds 
Uncalled bet ($0.55) returned to Perstenev
Perstenev collected $0.65 from pot
Perstenev: doesn't show hand 
*** SUMMARY ***
Total pot $0.65 | Rake $0 
Seat 1: Perstenev (button) collected ($0.65)
Seat 2: eriktnt (small blind) folded before Flop
Seat 3: JonKing75 (big blind) folded before Flop
Seat 4: Mahu2021 folded before Flop (didn't bet)
Seat 5: Losimas(LT) folded before Flop
Seat 6: MTI65 folded before Flop (didn't bet)



PokerStars Zoom Hand #255443596316:  Hold'em No Limit ($0.05/$0.10) - 2025/03/25 10:34:46 CET [2025/03/25 5:34:46 ET]
Table 'Aludra' 6-max Seat #1 is the button
Seat 1: MaltePS ($6.22 in chips) 
Seat 2: Shakawka ($10 in chips) 
Seat 3: Reddington567 ($17.51 in chips) 
Seat 4: Mahu2021 ($11.34 in chips) 
Seat 5: acebob999 ($5.70 in chips) 
Seat 6: eriktnt ($13.86 in chips) 
Shakawka: posts small blind $0.05
Reddington567: posts big blind $0.10
*** HOLE CARDS ***
Dealt to Mahu2021 [2h Qh]
Mahu2021: folds 
acebob999: folds 
eriktnt: folds 
MaltePS: folds 
Shakawka: folds 
Uncalled bet ($0.05) returned to Reddington567
Reddington567 collected $0.10 from pot
Reddington567: doesn't show hand 
*** SUMMARY ***
Total pot $0.10 | Rake $0 
Seat 1: MaltePS (button) folded before Flop (didn't bet)
Seat 2: Shakawka (small blind) folded before Flop
Seat 3: Reddington567 (big blind) collected ($0.10)
Seat 4: Mahu2021 folded before Flop (didn't bet)
Seat 5: acebob999 folded before Flop (didn't bet)
Seat 6: eriktnt folded before Flop (didn't bet)



PokerStars Zoom Hand #255443596872:  Hold'em No Limit ($0.05/$0.10) - 2025/03/25 10:34:52 CET [2025/03/25 5:34:52 ET]
Table 'Aludra' 6-max Seat #1 is the button
Seat 1: JonKing75 ($11.33 in chips) 
Seat 2: Perstenev ($4.63 in chips) 
Seat 3: Mahu2021 ($11.34 in chips) 
Seat 4: A_Rommel ($21.87 in chips) 
Seat 5: BluffsLord ($10.73 in chips) 
Seat 6: ayzek717 ($4.74 in chips) 
Perstenev: posts small blind $0.05
Mahu2021: posts big blind $0.10
*** HOLE CARDS ***
Dealt to Mahu2021 [Qd 9s]
A_Rommel: folds 
BluffsLord: folds 
ayzek717: folds 
JonKing75: folds 
Perstenev: folds 
Uncalled bet ($0.05) returned to Mahu2021
Mahu2021 collected $0.10 from pot
Mahu2021: doesn't show hand 
*** SUMMARY ***
Total pot $0.10 | Rake $0 
Seat 1: JonKing75 (button) folded before Flop (didn't bet)
Seat 2: Perstenev (small blind) folded before Flop
Seat 3: Mahu2021 (big blind) collected ($0.10)
Seat 4: A_Rommel folded before Flop (didn't bet)
Seat 5: BluffsLord folded before Flop (didn't bet)
Seat 6: ayzek717 folded before Flop (didn't bet)



PokerStars Zoom Hand #255443594005:  Hold'em No Limit ($0.05/$0.10) - 2025/03/25 10:34:20 CET [2025/03/25 5:34:20 ET]
Table 'Aludra' 6-max Seat #1 is the button
Seat 1: JonKing75 ($10.40 in chips) 
Seat 2: claudiu0604 ($8.58 in chips) 
Seat 3: kingsman5454 ($11.09 in chips) 
Seat 4: Danger22bigs ($10.23 in chips) 
Seat 5: Mahu2021 ($11.49 in chips) 
Seat 6: Shakawka ($11.95 in chips) 
claudiu0604: posts small blind $0.05
kingsman5454: posts big blind $0.10
*** HOLE CARDS ***
Dealt to Mahu2021 [5d 9s]
Danger22bigs: folds 
Mahu2021: folds 
Shakawka: folds 
JonKing75: folds 
claudiu0604: calls $0.05
kingsman5454: checks 
*** FLOP *** [Qh 4h 9d]
claudiu0604: checks 
kingsman5454: bets $0.10
claudiu0604: calls $0.10
*** TURN *** [Qh 4h 9d] [Th]
claudiu0604: checks 
kingsman5454: checks 
*** RIVER *** [Qh 4h 9d Th] [8h]
claudiu0604: checks 
kingsman5454: bets $0.38
claudiu0604: calls $0.38
*** SHOW DOWN ***
kingsman5454: shows [Kc Jh] (a flush, Queen high)
claudiu0604: shows [9h 2s] (a flush, Queen high - lower cards)
kingsman5454 collected $1.11 from pot
*** SUMMARY ***
Total pot $1.16 | Rake $0.05 
Board [Qh 4h 9d Th 8h]
Seat 1: JonKing75 (button) folded before Flop (didn't bet)
Seat 2: claudiu0604 (small blind) showed [9h 2s] and lost with a flush, Queen high
Seat 3: kingsman5454 (big blind) showed [Kc Jh] and won ($1.11) with a flush, Queen high
Seat 4: Danger22bigs folded before Flop (didn't bet)
Seat 5: Mahu2021 folded before Flop (didn't bet)
Seat 6: Shakawka folded before Flop (didn't bet)



PokerStars Zoom Hand #255443597958:  Hold'em No Limit ($0.05/$0.10) - 2025/03/25 10:35:03 CET [2025/03/25 5:35:03 ET]
Table 'Aludra' 6-max Seat #1 is the button
Seat 1: JonKing75 ($10 in chips) 
Seat 2: hallöchen244 ($9.70 in chips) 
Seat 3: Perstenev ($14.39 in chips) 
Seat 4: Shakawka ($10 in chips) 
Seat 5: Mahu2021 ($11.39 in chips) 
Seat 6: marciofjunior59 ($4.64 in chips) 
hallöchen244: posts small blind $0.05
Perstenev: posts big blind $0.10
*** HOLE CARDS ***
Dealt to Mahu2021 [4s 9c]
Shakawka: raises $0.10 to $0.20
Mahu2021: folds 
marciofjunior59: folds 
JonKing75: folds 
hallöchen244: folds 
Perstenev: folds 
Uncalled bet ($0.10) returned to Shakawka
Shakawka collected $0.25 from pot
Shakawka: doesn't show hand 
*** SUMMARY ***
Total pot $0.25 | Rake $0 
Seat 1: JonKing75 (button) folded before Flop (didn't bet)
Seat 2: hallöchen244 (small blind) folded before Flop
Seat 3: Perstenev (big blind) folded before Flop
Seat 4: Shakawka collected ($0.25)
Seat 5: Mahu2021 folded before Flop (didn't bet)
Seat 6: marciofjunior59 folded before Flop (didn't bet)



PokerStars Zoom Hand #255443599729:  Hold'em No Limit ($0.05/$0.10) - 2025/03/25 10:35:23 CET [2025/03/25 5:35:23 ET]
Table 'Aludra' 6-max Seat #1 is the button
Seat 1: MaltePS ($6.07 in chips) 
Seat 2: marciofjunior59 ($4.59 in chips) 
Seat 3: luvingkind ($10.15 in chips) 
Seat 4: Mahu2021 ($11.34 in chips) 
Seat 5: Tiltshove ($9.67 in chips) 
Seat 6: Riper3 ($23.93 in chips) 
marciofjunior59: posts small blind $0.05
luvingkind: posts big blind $0.10
*** HOLE CARDS ***
Dealt to Mahu2021 [Th 8c]
Mahu2021: folds 
Tiltshove: folds 
Riper3: folds 
MaltePS: folds 
marciofjunior59: raises $0.10 to $0.20
luvingkind: folds 
Uncalled bet ($0.10) returned to marciofjunior59
marciofjunior59 collected $0.20 from pot
marciofjunior59: doesn't show hand 
*** SUMMARY ***
Total pot $0.20 | Rake $0 
Seat 1: MaltePS (button) folded before Flop (didn't bet)
Seat 2: marciofjunior59 (small blind) collected ($0.20)
Seat 3: luvingkind (big blind) folded before Flop
Seat 4: Mahu2021 folded before Flop (didn't bet)
Seat 5: Tiltshove folded before Flop (didn't bet)
Seat 6: Riper3 folded before Flop (didn't bet)



PokerStars Zoom Hand #255443599457:  Hold'em No Limit ($0.05/$0.10) - 2025/03/25 10:35:19 CET [2025/03/25 5:35:19 ET]
Table 'Aludra' 6-max Seat #1 is the button
Seat 1: JonKing75 ($10.60 in chips) 
Seat 2: My3blKaHT_by ($9.26 in chips) 
Seat 3: edi758 ($8.89 in chips) 
Seat 4: Mahu2021 ($11.34 in chips) 
Seat 5: Reddington567 ($23.53 in chips) 
Seat 6: luvingkind ($11.72 in chips) 
My3blKaHT_by: posts small blind $0.05
edi758: posts big blind $0.10
*** HOLE CARDS ***
Dealt to Mahu2021 [6d 8c]
Mahu2021: folds 
Reddington567: folds 
luvingkind: raises $0.15 to $0.25
JonKing75: folds 
My3blKaHT_by: folds 
edi758: folds 
Uncalled bet ($0.15) returned to luvingkind
luvingkind collected $0.25 from pot
luvingkind: doesn't show hand 
*** SUMMARY ***
Total pot $0.25 | Rake $0 
Seat 1: JonKing75 (button) folded before Flop (didn't bet)
Seat 2: My3blKaHT_by (small blind) folded before Flop
Seat 3: edi758 (big blind) folded before Flop
Seat 4: Mahu2021 folded before Flop (didn't bet)
Seat 5: Reddington567 folded before Flop (didn't bet)
Seat 6: luvingkind collected ($0.25)



PokerStars Zoom Hand #255443598835:  Hold'em No Limit ($0.05/$0.10) - 2025/03/25 10:35:13 CET [2025/03/25 5:35:13 ET]
Table 'Aludra' 6-max Seat #1 is the button
Seat 1: leika karo ($23.74 in chips) 
Seat 2: Mahu2021 ($11.39 in chips) 
Seat 3: JonKing75 ($11.33 in chips) 
Seat 4: Reddington567 ($23.53 in chips) 
Seat 5: marciofjunior59 ($4.59 in chips) 
Seat 6: betforvalu ($17.12 in chips) 
Mahu2021: posts small blind $0.05
JonKing75: posts big blind $0.10
*** HOLE CARDS ***
Dealt to Mahu2021 [9c Ah]
Reddington567: folds 
marciofjunior59: folds 
betforvalu: raises $0.10 to $0.20
leika karo: folds 
Mahu2021: folds 
JonKing75: raises $1 to $1.20
betforvalu: calls $1
*** FLOP *** [Qs Js 4c]
JonKing75: bets $0.77
betforvalu: folds 
Uncalled bet ($0.77) returned to JonKing75
JonKing75 collected $2.34 from pot
JonKing75: doesn't show hand 
*** SUMMARY ***
Total pot $2.45 | Rake $0.11 
Board [Qs Js 4c]
Seat 1: leika karo (button) folded before Flop (didn't bet)
Seat 2: Mahu2021 (small blind) folded before Flop
Seat 3: JonKing75 (big blind) collected ($2.34)
Seat 4: Reddington567 folded before Flop (didn't bet)
Seat 5: marciofjunior59 folded before Flop (didn't bet)
Seat 6: betforvalu folded on the Flop



PokerStars Zoom Hand #255443600008:  Hold'em No Limit ($0.05/$0.10) - 2025/03/25 10:35:26 CET [2025/03/25 5:35:26 ET]
Table 'Aludra' 6-max Seat #1 is the button
Seat 1: Mahu2021 ($11.34 in chips) 
Seat 2: McLovin060381 ($10 in chips) 
Seat 3: Danger22bigs ($10.38 in chips) 
Seat 4: Riper3 ($23.93 in chips) 
Seat 5: A_Rommel ($13.53 in chips) 
Seat 6: JonKing75 ($10 in chips) 
McLovin060381: posts small blind $0.05
Danger22bigs: posts big blind $0.10
*** HOLE CARDS ***
Dealt to Mahu2021 [Td 9s]
Riper3: folds 
A_Rommel: raises $0.10 to $0.20
JonKing75: folds 
Mahu2021: folds 
McLovin060381: folds 
Danger22bigs: folds 
Uncalled bet ($0.10) returned to A_Rommel
A_Rommel collected $0.25 from pot
A_Rommel: doesn't show hand 
*** SUMMARY ***
Total pot $0.25 | Rake $0 
Seat 1: Mahu2021 (button) folded before Flop (didn't bet)
Seat 2: McLovin060381 (small blind) folded before Flop
Seat 3: Danger22bigs (big blind) folded before Flop
Seat 4: Riper3 folded before Flop (didn't bet)
Seat 5: A_Rommel collected ($0.25)
Seat 6: JonKing75 folded before Flop (didn't bet)



PokerStars Zoom Hand #255443599177:  Hold'em No Limit ($0.05/$0.10) - 2025/03/25 10:35:17 CET [2025/03/25 5:35:17 ET]
Table 'Aludra' 6-max Seat #1 is the button
Seat 1: Shakawka ($10.15 in chips) 
Seat 2: eriktnt ($13.76 in chips) 
Seat 3: Losimas(LT) ($10.15 in chips) 
Seat 4: McLovin060381 ($10 in chips) 
Seat 5: leika karo ($23.74 in chips) 
Seat 6: Mahu2021 ($11.34 in chips) 
eriktnt: posts small blind $0.05
Losimas(LT): posts big blind $0.10
*** HOLE CARDS ***
Dealt to Mahu2021 [Td 4s]
McLovin060381: folds 
leika karo: folds 
Mahu2021: folds 
Shakawka: raises $0.15 to $0.25
eriktnt: raises $0.85 to $1.10
Losimas(LT): folds 
Shakawka: folds 
Uncalled bet ($0.85) returned to eriktnt
eriktnt collected $0.60 from pot
eriktnt: doesn't show hand 
*** SUMMARY ***
Total pot $0.60 | Rake $0 
Seat 1: Shakawka (button) folded before Flop
Seat 2: eriktnt (small blind) collected ($0.60)
Seat 3: Losimas(LT) (big blind) folded before Flop
Seat 4: McLovin060381 folded before Flop (didn't bet)
Seat 5: leika karo folded before Flop (didn't bet)
Seat 6: Mahu2021 folded before Flop (didn't bet)



PokerStars Zoom Hand #255443598380:  Hold'em No Limit ($0.05/$0.10) - 2025/03/25 10:35:08 CET [2025/03/25 5:35:08 ET]
Table 'Aludra' 6-max Seat #1 is the button
Seat 1: Mahu2021 ($11.39 in chips) 
Seat 2: marciofjunior59 ($4.64 in chips) 
Seat 3: GrevBobby ($9.80 in chips) 
Seat 4: leika karo ($23.74 in chips) 
Seat 5: JonKing75 ($10.05 in chips) 
Seat 6: Shakawka ($10.05 in chips) 
marciofjunior59: posts small blind $0.05
GrevBobby: posts big blind $0.10
*** HOLE CARDS ***
Dealt to Mahu2021 [Tc 6c]
leika karo: folds 
JonKing75: folds 
Shakawka: raises $0.10 to $0.20
Mahu2021: folds 
marciofjunior59: folds 
GrevBobby: calls $0.10
*** FLOP *** [9h 4d 3c]
GrevBobby: checks 
Shakawka: bets $0.22
GrevBobby: calls $0.22
*** TURN *** [9h 4d 3c] [Qd]
GrevBobby: checks 
Shakawka: bets $0.65
GrevBobby: calls $0.65
*** RIVER *** [9h 4d 3c Qd] [2d]
GrevBobby: checks 
Shakawka: checks 
*** SHOW DOWN ***
GrevBobby: shows [4h 5h] (a pair of Fours)
Shakawka: mucks hand 
GrevBobby collected $2.09 from pot
*** SUMMARY ***
Total pot $2.19 | Rake $0.10 
Board [9h 4d 3c Qd 2d]
Seat 1: Mahu2021 (button) folded before Flop (didn't bet)
Seat 2: marciofjunior59 (small blind) folded before Flop
Seat 3: GrevBobby (big blind) showed [4h 5h] and won ($2.09) with a pair of Fours
Seat 4: leika karo folded before Flop (didn't bet)
Seat 5: JonKing75 folded before Flop (didn't bet)
Seat 6: Shakawka mucked [Kc 5c]



PokerStars Zoom Hand #255443600305:  Hold'em No Limit ($0.05/$0.10) - 2025/03/25 10:35:29 CET [2025/03/25 5:35:29 ET]
Table 'Aludra' 6-max Seat #1 is the button
Seat 1: Reddington567 ($23.53 in chips) 
Seat 2: MikeeeyAH ($12.40 in chips) 
Seat 3: JonKing75 ($10 in chips) 
Seat 4: Losimas(LT) ($10 in chips) 
Seat 5: Mahu2021 ($11.34 in chips) 
Seat 6: hallöchen244 ($10.10 in chips) 
MikeeeyAH: posts small blind $0.05
JonKing75: posts big blind $0.10
*** HOLE CARDS ***
Dealt to Mahu2021 [Kd Ks]
Losimas(LT): folds 
Mahu2021: raises $0.14 to $0.24
hallöchen244: folds 
Reddington567: folds 
MikeeeyAH: calls $0.19
JonKing75: calls $0.14
*** FLOP *** [7c 2c Kc]
MikeeeyAH: checks 
JonKing75: checks 
Mahu2021: bets $0.69
MikeeeyAH: calls $0.69
JonKing75: folds 
*** TURN *** [7c 2c Kc] [8h]
MikeeeyAH: checks 
Mahu2021: bets $2.01
MikeeeyAH: calls $2.01
*** RIVER *** [7c 2c Kc 8h] [4h]
MikeeeyAH: checks 
Mahu2021: bets $5.84
MikeeeyAH: calls $5.84
*** SHOW DOWN ***
Mahu2021: shows [Kd Ks] (three of a kind, Kings)
MikeeeyAH: mucks hand 
Mahu2021 collected $17 from pot
*** SUMMARY ***
Total pot $17.80 | Rake $0.80 
Board [7c 2c Kc 8h 4h]
Seat 1: Reddington567 (button) folded before Flop (didn't bet)
Seat 2: MikeeeyAH (small blind) mucked [7h 7d]
Seat 3: JonKing75 (big blind) folded on the Flop
Seat 4: Losimas(LT) folded before Flop (didn't bet)
Seat 5: Mahu2021 showed [Kd Ks] and won ($17) with three of a kind, Kings
Seat 6: hallöchen244 folded before Flop (didn't bet)



