PokerStars Zoom Hand #254733886021:  Hold'em No Limit ($0.05/$0.10) - 2025/02/06 15:48:27 CET [2025/02/06 9:48:27 ET]
Table 'Aludra' 6-max Seat #1 is the button
Seat 1: kiks220272 ($11.96 in chips) 
Seat 2: acd_045 ($10.15 in chips) 
Seat 3: Mahu2021 ($10 in chips) 
Seat 4: youngmin5034 ($19.77 in chips) 
Seat 5: vassili_10 ($10.15 in chips) 
Seat 6: gabrielfaarias ($10.15 in chips) 
acd_045: posts small blind $0.05
Mahu2021: posts big blind $0.10
*** HOLE CARDS ***
Dealt to Mahu2021 [3c 4d]
youngmin5034: folds 
vassili_10: raises $0.10 to $0.20
gabrielfaarias: folds 
kiks220272: folds 
acd_045: folds 
Mahu2021: calls $0.10
*** FLOP *** [8c Jh 6s]
Mahu2021: checks 
vassili_10: bets $0.24
Mahu2021: raises $0.56 to $0.80
vassili_10: calls $0.56
*** TURN *** [8c Jh 6s] [3s]
Mahu2021: checks 
vassili_10: checks 
*** RIVER *** [8c Jh 6s 3s] [5c]
Mahu2021: checks 
vassili_10: bets $0.65
Mahu2021: folds 
Uncalled bet ($0.65) returned to vassili_10
vassili_10 collected $1.96 from pot
vassili_10: doesn't show hand 
*** SUMMARY ***
Total pot $2.05 | Rake $0.09 
Board [8c Jh 6s 3s 5c]
Seat 1: kiks220272 (button) folded before Flop (didn't bet)
Seat 2: acd_045 (small blind) folded before Flop
Seat 3: Mahu2021 (big blind) folded on the River
Seat 4: youngmin5034 folded before Flop (didn't bet)
Seat 5: vassili_10 collected ($1.96)
Seat 6: gabrielfaarias folded before Flop (didn't bet)



PokerStars Zoom Hand #254733897632:  Hold'em No Limit ($0.05/$0.10) - 2025/02/06 15:49:30 CET [2025/02/06 9:49:30 ET]
Table 'Aludra' 6-max Seat #1 is the button
Seat 1: Mahu2021 ($9 in chips) 
Seat 2: Mallardz ($10.72 in chips) 
Seat 3: founder9 ($9.62 in chips) 
Seat 4: ZiggyStarbust ($5.23 in chips) 
Seat 5: serotonine91 ($10.42 in chips) 
Seat 6: vovo4kapooh ($10.47 in chips) 
Mallardz: posts small blind $0.05
founder9: posts big blind $0.10
*** HOLE CARDS ***
Dealt to Mahu2021 [4d 3h]
ZiggyStarbust: raises $0.10 to $0.20
serotonine91: folds 
vovo4kapooh: folds 
Mahu2021: folds 
Mallardz: folds 
founder9: folds 
Uncalled bet ($0.10) returned to ZiggyStarbust
ZiggyStarbust collected $0.25 from pot
ZiggyStarbust: doesn't show hand 
*** SUMMARY ***
Total pot $0.25 | Rake $0 
Seat 1: Mahu2021 (button) folded before Flop (didn't bet)
Seat 2: Mallardz (small blind) folded before Flop
Seat 3: founder9 (big blind) folded before Flop
Seat 4: ZiggyStarbust collected ($0.25)
Seat 5: serotonine91 folded before Flop (didn't bet)
Seat 6: vovo4kapooh folded before Flop (didn't bet)



PokerStars Zoom Hand #254733899494:  Hold'em No Limit ($0.05/$0.10) - 2025/02/06 15:49:40 CET [2025/02/06 9:49:40 ET]
Table 'Aludra' 6-max Seat #1 is the button
Seat 1: kiks220272 ($12.66 in chips) 
Seat 2: Mahu2021 ($9 in chips) 
Seat 3: serotonine91 ($11.22 in chips) 
Seat 4: Cle0patr4 ($26.32 in chips) 
Seat 5: JB00888 ($4.25 in chips) 
Seat 6: dingdongitsme ($13.83 in chips) 
Mahu2021: posts small blind $0.05
serotonine91: posts big blind $0.10
*** HOLE CARDS ***
Dealt to Mahu2021 [6d 8c]
Cle0patr4: folds 
JB00888: folds 
dingdongitsme: folds 
kiks220272: folds 
Mahu2021: folds 
Uncalled bet ($0.05) returned to serotonine91
serotonine91 collected $0.10 from pot
serotonine91: doesn't show hand 
*** SUMMARY ***
Total pot $0.10 | Rake $0 
Seat 1: kiks220272 (button) folded before Flop (didn't bet)
Seat 2: Mahu2021 (small blind) folded before Flop
Seat 3: serotonine91 (big blind) collected ($0.10)
Seat 4: Cle0patr4 folded before Flop (didn't bet)
Seat 5: JB00888 folded before Flop (didn't bet)
Seat 6: dingdongitsme folded before Flop (didn't bet)



PokerStars Zoom Hand #254733900154:  Hold'em No Limit ($0.05/$0.10) - 2025/02/06 15:49:44 CET [2025/02/06 9:49:44 ET]
Table 'Aludra' 6-max Seat #1 is the button
Seat 1: Fakasaki ($12.33 in chips) 
Seat 2: JB00888 ($4.25 in chips) 
Seat 3: JustAltF4 ($10.44 in chips) 
Seat 4: acd_045 ($21.90 in chips) 
Seat 5: pougia777 ($10.40 in chips) 
Seat 6: Mahu2021 ($8.95 in chips) 
JB00888: posts small blind $0.05
JustAltF4: posts big blind $0.10
*** HOLE CARDS ***
Dealt to Mahu2021 [2d 3h]
acd_045: folds 
pougia777: folds 
Mahu2021: folds 
Fakasaki: raises $0.15 to $0.25
JB00888: folds 
JustAltF4: folds 
Uncalled bet ($0.15) returned to Fakasaki
Fakasaki collected $0.25 from pot
Fakasaki: doesn't show hand 
*** SUMMARY ***
Total pot $0.25 | Rake $0 
Seat 1: Fakasaki (button) collected ($0.25)
Seat 2: JB00888 (small blind) folded before Flop
Seat 3: JustAltF4 (big blind) folded before Flop
Seat 4: acd_045 folded before Flop (didn't bet)
Seat 5: pougia777 folded before Flop (didn't bet)
Seat 6: Mahu2021 folded before Flop (didn't bet)



PokerStars Zoom Hand #254733900775:  Hold'em No Limit ($0.05/$0.10) - 2025/02/06 15:49:47 CET [2025/02/06 9:49:47 ET]
Table 'Aludra' 6-max Seat #1 is the button
Seat 1: Mr Pouchos ($10.30 in chips) 
Seat 2: dktyran ($5.09 in chips) 
Seat 3: Minasse01 ($10 in chips) 
Seat 4: urbanek420 ($10.67 in chips) 
Seat 5: Mahu2021 ($8.95 in chips) 
Seat 6: persecute1 ($15.42 in chips) 
dktyran: posts small blind $0.05
Minasse01: posts big blind $0.10
*** HOLE CARDS ***
Dealt to Mahu2021 [5c 2s]
urbanek420: raises $0.20 to $0.30
Mahu2021: folds 
persecute1: folds 
Mr Pouchos: folds 
dktyran: folds 
Minasse01: folds 
Uncalled bet ($0.20) returned to urbanek420
urbanek420 collected $0.25 from pot
urbanek420: doesn't show hand 
*** SUMMARY ***
Total pot $0.25 | Rake $0 
Seat 1: Mr Pouchos (button) folded before Flop (didn't bet)
Seat 2: dktyran (small blind) folded before Flop
Seat 3: Minasse01 (big blind) folded before Flop
Seat 4: urbanek420 collected ($0.25)
Seat 5: Mahu2021 folded before Flop (didn't bet)
Seat 6: persecute1 folded before Flop (didn't bet)



PokerStars Zoom Hand #254733901535:  Hold'em No Limit ($0.05/$0.10) - 2025/02/06 15:49:51 CET [2025/02/06 9:49:51 ET]
Table 'Aludra' 6-max Seat #1 is the button
Seat 1: honEybOOx ($11.19 in chips) 
Seat 2: Gobi000 ($10.45 in chips) 
Seat 3: Mahu2021 ($8.95 in chips) 
Seat 4: Schorle884 ($10 in chips) 
Seat 5: Bumbulbee_G ($13.87 in chips) 
Seat 6: Mallardz ($14.70 in chips) 
Gobi000: posts small blind $0.05
Mahu2021: posts big blind $0.10
*** HOLE CARDS ***
Dealt to Mahu2021 [5h Qc]
Schorle884: folds 
Bumbulbee_G: folds 
Mallardz: folds 
honEybOOx: folds 
Gobi000: folds 
Uncalled bet ($0.05) returned to Mahu2021
Mahu2021 collected $0.10 from pot
Mahu2021: doesn't show hand 
*** SUMMARY ***
Total pot $0.10 | Rake $0 
Seat 1: honEybOOx (button) folded before Flop (didn't bet)
Seat 2: Gobi000 (small blind) folded before Flop
Seat 3: Mahu2021 (big blind) collected ($0.10)
Seat 4: Schorle884 folded before Flop (didn't bet)
Seat 5: Bumbulbee_G folded before Flop (didn't bet)
Seat 6: Mallardz folded before Flop (didn't bet)



PokerStars Zoom Hand #254733904470:  Hold'em No Limit ($0.05/$0.10) - 2025/02/06 15:50:07 CET [2025/02/06 9:50:07 ET]
Table 'Aludra' 6-max Seat #1 is the button
Seat 1: abcpoiloo ($10.59 in chips) 
Seat 2: Mahu2021 ($9 in chips) 
Seat 3: Mr Pouchos ($10.25 in chips) 
Seat 4: Deox666 ($13.06 in chips) 
Seat 5: Grünblaugelb ($2.35 in chips) 
Seat 6: TheRage333 ($11.79 in chips) 
Mahu2021: posts small blind $0.05
Mr Pouchos: posts big blind $0.10
*** HOLE CARDS ***
Dealt to Mahu2021 [8h 2h]
Deox666: raises $0.15 to $0.25
Grünblaugelb: calls $0.25
TheRage333: folds 
abcpoiloo: folds 
Mahu2021: folds 
Mr Pouchos: folds 
*** FLOP *** [Qs Kh 3h]
Deox666: checks 
Grünblaugelb: checks 
*** TURN *** [Qs Kh 3h] [Qh]
Deox666: bets $0.48
Grünblaugelb: calls $0.48
*** RIVER *** [Qs Kh 3h Qh] [5h]
Deox666: checks 
Grünblaugelb: checks 
*** SHOW DOWN ***
Deox666: shows [Ks Ts] (two pair, Kings and Queens)
Grünblaugelb: shows [Tc Qc] (three of a kind, Queens)
Grünblaugelb collected $1.52 from pot
*** SUMMARY ***
Total pot $1.61 | Rake $0.09 
Board [Qs Kh 3h Qh 5h]
Seat 1: abcpoiloo (button) folded before Flop (didn't bet)
Seat 2: Mahu2021 (small blind) folded before Flop
Seat 3: Mr Pouchos (big blind) folded before Flop
Seat 4: Deox666 showed [Ks Ts] and lost with two pair, Kings and Queens
Seat 5: Grünblaugelb showed [Tc Qc] and won ($1.52) with three of a kind, Queens
Seat 6: TheRage333 folded before Flop (didn't bet)



PokerStars Zoom Hand #254733905431:  Hold'em No Limit ($0.05/$0.10) - 2025/02/06 15:50:12 CET [2025/02/06 9:50:12 ET]
Table 'Aludra' 6-max Seat #1 is the button
Seat 1: Mahu2021 ($8.95 in chips) 
Seat 2: juanGeu123 ($28.49 in chips) 
Seat 3: tanuki96 ($12.25 in chips) 
Seat 4: F2u&F2urFace ($12.40 in chips) 
Seat 5: Mallardz ($10.52 in chips) 
Seat 6: goldmine111 ($11.60 in chips) 
juanGeu123: posts small blind $0.05
tanuki96: posts big blind $0.10
*** HOLE CARDS ***
Dealt to Mahu2021 [5d Ad]
F2u&F2urFace: calls $0.10
Mallardz: folds 
goldmine111: calls $0.10
Mahu2021: calls $0.10
juanGeu123: folds 
tanuki96: checks 
*** FLOP *** [Jd 7c 7h]
tanuki96: checks 
F2u&F2urFace: checks 
goldmine111: checks 
Mahu2021: bets $0.43
tanuki96: calls $0.43
F2u&F2urFace: folds 
goldmine111: folds 
*** TURN *** [Jd 7c 7h] [3d]
tanuki96: checks 
Mahu2021: checks 
*** RIVER *** [Jd 7c 7h 3d] [Qd]
tanuki96: checks 
Mahu2021: bets $1.25
tanuki96: calls $1.25
*** SHOW DOWN ***
Mahu2021: shows [5d Ad] (a flush, Ace high)
tanuki96: mucks hand 
Mahu2021 collected $3.64 from pot
*** SUMMARY ***
Total pot $3.81 | Rake $0.17 
Board [Jd 7c 7h 3d Qd]
Seat 1: Mahu2021 (button) showed [5d Ad] and won ($3.64) with a flush, Ace high
Seat 2: juanGeu123 (small blind) folded before Flop
Seat 3: tanuki96 (big blind) mucked [Tc 7d]
Seat 4: F2u&F2urFace folded on the Flop
Seat 5: Mallardz folded before Flop (didn't bet)
Seat 6: goldmine111 folded on the Flop



PokerStars Zoom Hand #254733916507:  Hold'em No Limit ($0.05/$0.10) - 2025/02/06 15:51:12 CET [2025/02/06 9:51:12 ET]
Table 'Aludra' 6-max Seat #1 is the button
Seat 1: Gobi000 ($10.15 in chips) 
Seat 2: Fakasaki ($18.96 in chips) 
Seat 3: acd_045 ($10.74 in chips) 
Seat 4: DR3K0R ($13.05 in chips) 
Seat 5: Cristi/Arg ($17.88 in chips) 
Seat 6: Mahu2021 ($10.81 in chips) 
Fakasaki: posts small blind $0.05
acd_045: posts big blind $0.10
*** HOLE CARDS ***
Dealt to Mahu2021 [Jh 2d]
DR3K0R: folds 
Cristi/Arg: folds 
Mahu2021: folds 
Gobi000: folds 
Fakasaki: folds 
Uncalled bet ($0.05) returned to acd_045
acd_045 collected $0.10 from pot
acd_045: doesn't show hand 
*** SUMMARY ***
Total pot $0.10 | Rake $0 
Seat 1: Gobi000 (button) folded before Flop (didn't bet)
Seat 2: Fakasaki (small blind) folded before Flop
Seat 3: acd_045 (big blind) collected ($0.10)
Seat 4: DR3K0R folded before Flop (didn't bet)
Seat 5: Cristi/Arg folded before Flop (didn't bet)
Seat 6: Mahu2021 folded before Flop (didn't bet)



PokerStars Zoom Hand #254733917964:  Hold'em No Limit ($0.05/$0.10) - 2025/02/06 15:51:20 CET [2025/02/06 9:51:20 ET]
Table 'Aludra' 6-max Seat #1 is the button
Seat 1: Schorle884 ($13.46 in chips) 
Seat 2: Grünblaugelb ($3.14 in chips) 
Seat 3: Mahu2021 ($10.76 in chips) 
Seat 4: youngmin5034 ($10 in chips) 
Seat 5: JustAltF4 ($10.76 in chips) 
Seat 6: todd17800 ($21.32 in chips) 
Grünblaugelb: posts small blind $0.05
Mahu2021: posts big blind $0.10
*** HOLE CARDS ***
Dealt to Mahu2021 [9d Ac]
youngmin5034: raises $0.15 to $0.25
JustAltF4: folds 
todd17800: folds 
Schorle884: folds 
Grünblaugelb: folds 
Mahu2021: folds 
Uncalled bet ($0.15) returned to youngmin5034
youngmin5034 collected $0.25 from pot
youngmin5034: doesn't show hand 
*** SUMMARY ***
Total pot $0.25 | Rake $0 
Seat 1: Schorle884 (button) folded before Flop (didn't bet)
Seat 2: Grünblaugelb (small blind) folded before Flop
Seat 3: Mahu2021 (big blind) folded before Flop
Seat 4: youngmin5034 collected ($0.25)
Seat 5: JustAltF4 folded before Flop (didn't bet)
Seat 6: todd17800 folded before Flop (didn't bet)



PokerStars Zoom Hand #254733914751:  Hold'em No Limit ($0.05/$0.10) - 2025/02/06 15:51:03 CET [2025/02/06 9:51:03 ET]
Table 'Aludra' 6-max Seat #1 is the button
Seat 1: corape ($6.20 in chips) 
Seat 2: ocef1968 ($11.05 in chips) 
Seat 3: vovo4kapooh ($11.63 in chips) 
Seat 4: putzkedudu ($10 in chips) 
Seat 5: Mahu2021 ($10.81 in chips) 
Seat 6: Schorle884 ($10 in chips) 
ocef1968: posts small blind $0.05
vovo4kapooh: posts big blind $0.10
*** HOLE CARDS ***
Dealt to Mahu2021 [Kd 3c]
putzkedudu: folds 
Mahu2021: folds 
Schorle884: folds 
corape: folds 
ocef1968: calls $0.05
vovo4kapooh: checks 
*** FLOP *** [2h 5c Kc]
ocef1968: checks 
vovo4kapooh: checks 
*** TURN *** [2h 5c Kc] [6s]
ocef1968: checks 
vovo4kapooh: checks 
*** RIVER *** [2h 5c Kc 6s] [Jh]
ocef1968: checks 
vovo4kapooh: checks 
*** SHOW DOWN ***
ocef1968: shows [Qh 9s] (high card King)
vovo4kapooh: shows [6d Th] (a pair of Sixes)
vovo4kapooh collected $0.19 from pot
*** SUMMARY ***
Total pot $0.20 | Rake $0.01 
Board [2h 5c Kc 6s Jh]
Seat 1: corape (button) folded before Flop (didn't bet)
Seat 2: ocef1968 (small blind) showed [Qh 9s] and lost with high card King
Seat 3: vovo4kapooh (big blind) showed [6d Th] and won ($0.19) with a pair of Sixes
Seat 4: putzkedudu folded before Flop (didn't bet)
Seat 5: Mahu2021 folded before Flop (didn't bet)
Seat 6: Schorle884 folded before Flop (didn't bet)



PokerStars Zoom Hand #254733917207:  Hold'em No Limit ($0.05/$0.10) - 2025/02/06 15:51:16 CET [2025/02/06 9:51:16 ET]
Table 'Aludra' 6-max Seat #1 is the button
Seat 1: putzkedudu ($10.70 in chips) 
Seat 2: Mahu2021 ($10.81 in chips) 
Seat 3: shradtuck2 ($7.02 in chips) 
Seat 4: Fakasaki ($18.91 in chips) 
Seat 5: vovo4kapooh ($10.35 in chips) 
Seat 6: youngmin5034 ($10 in chips) 
Mahu2021: posts small blind $0.05
shradtuck2: posts big blind $0.10
*** HOLE CARDS ***
Dealt to Mahu2021 [7s Jc]
Fakasaki: raises $0.10 to $0.20
vovo4kapooh: folds 
youngmin5034: folds 
putzkedudu: folds 
Mahu2021: folds 
shradtuck2: calls $0.10
*** FLOP *** [Ad 9s 8d]
shradtuck2: checks 
Fakasaki: checks 
*** TURN *** [Ad 9s 8d] [5c]
shradtuck2: checks 
Fakasaki: checks 
*** RIVER *** [Ad 9s 8d 5c] [Tc]
shradtuck2: checks 
Fakasaki: checks 
*** SHOW DOWN ***
shradtuck2: shows [Kh Jh] (high card Ace)
Fakasaki: shows [Kc Qc] (high card Ace - King+Queen kicker)
Fakasaki collected $0.43 from pot
*** SUMMARY ***
Total pot $0.45 | Rake $0.02 
Board [Ad 9s 8d 5c Tc]
Seat 1: putzkedudu (button) folded before Flop (didn't bet)
Seat 2: Mahu2021 (small blind) folded before Flop
Seat 3: shradtuck2 (big blind) showed [Kh Jh] and lost with high card Ace
Seat 4: Fakasaki showed [Kc Qc] and won ($0.43) with high card Ace
Seat 5: vovo4kapooh folded before Flop (didn't bet)
Seat 6: youngmin5034 folded before Flop (didn't bet)



PokerStars Zoom Hand #254733920286:  Hold'em No Limit ($0.05/$0.10) - 2025/02/06 15:51:33 CET [2025/02/06 9:51:33 ET]
Table 'Aludra' 6-max Seat #1 is the button
Seat 1: DR3K0R ($13.10 in chips) 
Seat 2: YourDonKay ($26.21 in chips) 
Seat 3: Gobi000 ($11.81 in chips) 
Seat 4: gimmiurstack ($10 in chips) 
Seat 5: Baratrum777 ($10 in chips) 
Seat 6: Mahu2021 ($10.66 in chips) 
YourDonKay: posts small blind $0.05
Gobi000: posts big blind $0.10
*** HOLE CARDS ***
Dealt to Mahu2021 [6c 3c]
gimmiurstack: folds 
Baratrum777: folds 
Mahu2021: folds 
DR3K0R: folds 
YourDonKay: folds 
Uncalled bet ($0.05) returned to Gobi000
Gobi000 collected $0.10 from pot
Gobi000: doesn't show hand 
*** SUMMARY ***
Total pot $0.10 | Rake $0 
Seat 1: DR3K0R (button) folded before Flop (didn't bet)
Seat 2: YourDonKay (small blind) folded before Flop
Seat 3: Gobi000 (big blind) collected ($0.10)
Seat 4: gimmiurstack folded before Flop (didn't bet)
Seat 5: Baratrum777 folded before Flop (didn't bet)
Seat 6: Mahu2021 folded before Flop (didn't bet)



PokerStars Zoom Hand #254733921441:  Hold'em No Limit ($0.05/$0.10) - 2025/02/06 15:51:40 CET [2025/02/06 9:51:40 ET]
Table 'Aludra' 6-max Seat #1 is the button
Seat 1: Fakasaki ($27.19 in chips) 
Seat 2: blysk ($15.16 in chips) 
Seat 3: Baratrum777 ($10 in chips) 
Seat 4: LevA1989 ($8.57 in chips) 
Seat 5: Mahu2021 ($10.66 in chips) 
Seat 6: Grünblaugelb ($1.42 in chips) 
blysk: posts small blind $0.05
Baratrum777: posts big blind $0.10
*** HOLE CARDS ***
Dealt to Mahu2021 [8s 3s]
LevA1989: folds 
Mahu2021: folds 
Grünblaugelb: folds 
Fakasaki: raises $0.15 to $0.25
blysk: folds 
Baratrum777: folds 
Uncalled bet ($0.15) returned to Fakasaki
Fakasaki collected $0.25 from pot
Fakasaki: doesn't show hand 
*** SUMMARY ***
Total pot $0.25 | Rake $0 
Seat 1: Fakasaki (button) collected ($0.25)
Seat 2: blysk (small blind) folded before Flop
Seat 3: Baratrum777 (big blind) folded before Flop
Seat 4: LevA1989 folded before Flop (didn't bet)
Seat 5: Mahu2021 folded before Flop (didn't bet)
Seat 6: Grünblaugelb folded before Flop (didn't bet)



PokerStars Zoom Hand #254733922151:  Hold'em No Limit ($0.05/$0.10) - 2025/02/06 15:51:43 CET [2025/02/06 9:51:43 ET]
Table 'Aludra' 6-max Seat #1 is the button
Seat 1: Mahu2021 ($10.66 in chips) 
Seat 2: Arun4z ($10.05 in chips) 
Seat 3: gimmiurstack ($10 in chips) 
Seat 4: dzerzy1 ($19.39 in chips) 
Seat 5: todd17800 ($21.32 in chips) 
Seat 6: IVERNMAN ($10.56 in chips) 
Arun4z: posts small blind $0.05
gimmiurstack: posts big blind $0.10
*** HOLE CARDS ***
Dealt to Mahu2021 [Jc 7c]
dzerzy1: folds 
todd17800: raises $0.10 to $0.20
IVERNMAN: folds 
Mahu2021: calls $0.20
Arun4z: folds 
gimmiurstack: calls $0.10
*** FLOP *** [Ad 9h Qh]
gimmiurstack: checks 
todd17800: bets $0.78
Mahu2021: folds 
gimmiurstack: folds 
Uncalled bet ($0.78) returned to todd17800
todd17800 collected $0.62 from pot
todd17800: doesn't show hand 
*** SUMMARY ***
Total pot $0.65 | Rake $0.03 
Board [Ad 9h Qh]
Seat 1: Mahu2021 (button) folded on the Flop
Seat 2: Arun4z (small blind) folded before Flop
Seat 3: gimmiurstack (big blind) folded on the Flop
Seat 4: dzerzy1 folded before Flop (didn't bet)
Seat 5: todd17800 collected ($0.62)
Seat 6: IVERNMAN folded before Flop (didn't bet)



PokerStars Zoom Hand #254733932379:  Hold'em No Limit ($0.05/$0.10) - 2025/02/06 15:52:40 CET [2025/02/06 9:52:40 ET]
Table 'Aludra' 6-max Seat #1 is the button
Seat 1: sho0506 ($13.25 in chips) 
Seat 2: Mahu2021 ($10.46 in chips) 
Seat 3: daisuke.ars ($12.07 in chips) 
Seat 4: Grünblaugelb ($3.58 in chips) 
Seat 5: youngmin5034 ($12.53 in chips) 
Seat 6: KE,0808 ($11.19 in chips) 
Mahu2021: posts small blind $0.05
daisuke.ars: posts big blind $0.10
*** HOLE CARDS ***
Dealt to Mahu2021 [Ks Jd]
Grünblaugelb: raises $0.13 to $0.23
youngmin5034: folds 
KE,0808: folds 
sho0506: folds 
Mahu2021: calls $0.18
daisuke.ars: folds 
*** FLOP *** [Th Qc 3c]
Mahu2021: checks 
Grünblaugelb: checks 
*** TURN *** [Th Qc 3c] [7c]
Mahu2021: checks 
Grünblaugelb: checks 
*** RIVER *** [Th Qc 3c 7c] [8s]
Mahu2021: bets $0.53
Grünblaugelb: folds 
Uncalled bet ($0.53) returned to Mahu2021
Mahu2021 collected $0.53 from pot
Mahu2021: doesn't show hand 
*** SUMMARY ***
Total pot $0.56 | Rake $0.03 
Board [Th Qc 3c 7c 8s]
Seat 1: sho0506 (button) folded before Flop (didn't bet)
Seat 2: Mahu2021 (small blind) collected ($0.53)
Seat 3: daisuke.ars (big blind) folded before Flop
Seat 4: Grünblaugelb folded on the River
Seat 5: youngmin5034 folded before Flop (didn't bet)
Seat 6: KE,0808 folded before Flop (didn't bet)



PokerStars Zoom Hand #254733939000:  Hold'em No Limit ($0.05/$0.10) - 2025/02/06 15:53:16 CET [2025/02/06 9:53:16 ET]
Table 'Aludra' 6-max Seat #1 is the button
Seat 1: vovo4kapooh ($11.82 in chips) 
Seat 2: Bur1k ($5 in chips) 
Seat 3: YourDonKay ($26.91 in chips) 
Seat 4: Mahu2021 ($10.76 in chips) 
Seat 5: fatevfxig ($10 in chips) 
Seat 6: manvaneeklo1981 ($4.78 in chips) 
Bur1k: posts small blind $0.05
YourDonKay: posts big blind $0.10
*** HOLE CARDS ***
Dealt to Mahu2021 [Td 6c]
Mahu2021: folds 
fatevfxig: folds 
manvaneeklo1981: folds 
vovo4kapooh: raises $0.15 to $0.25
Bur1k: folds 
YourDonKay: folds 
Uncalled bet ($0.15) returned to vovo4kapooh
vovo4kapooh collected $0.25 from pot
vovo4kapooh: doesn't show hand 
*** SUMMARY ***
Total pot $0.25 | Rake $0 
Seat 1: vovo4kapooh (button) collected ($0.25)
Seat 2: Bur1k (small blind) folded before Flop
Seat 3: YourDonKay (big blind) folded before Flop
Seat 4: Mahu2021 folded before Flop (didn't bet)
Seat 5: fatevfxig folded before Flop (didn't bet)
Seat 6: manvaneeklo1981 folded before Flop (didn't bet)



PokerStars Zoom Hand #254733941702:  Hold'em No Limit ($0.05/$0.10) - 2025/02/06 15:53:30 CET [2025/02/06 9:53:30 ET]
Table 'Aludra' 6-max Seat #1 is the button
Seat 1: alexber1111 ($10.31 in chips) 
Seat 2: SnarkyP ($9.21 in chips) 
Seat 3: Mahu2021 ($10.76 in chips) 
Seat 4: jksgoodgz ($10 in chips) 
Seat 5: YourDonKay ($20.83 in chips) 
Seat 6: JustAltF4 ($10.37 in chips) 
SnarkyP: posts small blind $0.05
Mahu2021: posts big blind $0.10
*** HOLE CARDS ***
Dealt to Mahu2021 [Qc 6c]
jksgoodgz: folds 
YourDonKay: folds 
JustAltF4: folds 
alexber1111: folds 
SnarkyP: raises $0.20 to $0.30
Mahu2021: calls $0.20
*** FLOP *** [Qd Tc 7h]
SnarkyP: checks 
Mahu2021: bets $0.57
SnarkyP: folds 
Uncalled bet ($0.57) returned to Mahu2021
Mahu2021 collected $0.57 from pot
Mahu2021: doesn't show hand 
*** SUMMARY ***
Total pot $0.60 | Rake $0.03 
Board [Qd Tc 7h]
Seat 1: alexber1111 (button) folded before Flop (didn't bet)
Seat 2: SnarkyP (small blind) folded on the Flop
Seat 3: Mahu2021 (big blind) collected ($0.57)
Seat 4: jksgoodgz folded before Flop (didn't bet)
Seat 5: YourDonKay folded before Flop (didn't bet)
Seat 6: JustAltF4 folded before Flop (didn't bet)



PokerStars Zoom Hand #254733940604:  Hold'em No Limit ($0.05/$0.10) - 2025/02/06 15:53:24 CET [2025/02/06 9:53:24 ET]
Table 'Aludra' 6-max Seat #1 is the button
Seat 1: Mahu2021 ($10.76 in chips) 
Seat 2: ocef1968 ($10.60 in chips) 
Seat 3: Danger22bigs ($7.65 in chips) 
Seat 4: alexber1111 ($11.27 in chips) 
Seat 5: acd_045 ($10.25 in chips) 
Seat 6: persecute1 ($20.84 in chips) 
ocef1968: posts small blind $0.05
Danger22bigs: posts big blind $0.10
*** HOLE CARDS ***
Dealt to Mahu2021 [4h 2c]
alexber1111: folds 
acd_045: folds 
persecute1: raises $0.15 to $0.25
Mahu2021: folds 
ocef1968: folds 
Danger22bigs: calls $0.15
*** FLOP *** [Ks Jc 2s]
Danger22bigs: checks 
persecute1: bets $0.17
Danger22bigs: calls $0.17
*** TURN *** [Ks Jc 2s] [Jh]
Danger22bigs: checks 
persecute1: bets $0.90
Danger22bigs: folds 
Uncalled bet ($0.90) returned to persecute1
persecute1 collected $0.85 from pot
persecute1: doesn't show hand 
*** SUMMARY ***
Total pot $0.89 | Rake $0.04 
Board [Ks Jc 2s Jh]
Seat 1: Mahu2021 (button) folded before Flop (didn't bet)
Seat 2: ocef1968 (small blind) folded before Flop
Seat 3: Danger22bigs (big blind) folded on the Turn
Seat 4: alexber1111 folded before Flop (didn't bet)
Seat 5: acd_045 folded before Flop (didn't bet)
Seat 6: persecute1 collected ($0.85)



