PokerStars Zoom Hand #255162438382:  Hold'em No Limit ($0.05/$0.10) - 2025/03/06 11:41:37 CET [2025/03/06 5:41:37 ET]
Table 'Aludra' 6-max Seat #1 is the button
Seat 1: pcsk8 ($39.04 in chips) 
Seat 2: jassl ($31.60 in chips) 
Seat 3: Mahu2021 ($10 in chips) 
Seat 4: hummbold ($10 in chips) 
Seat 5: Goumios ($17.23 in chips) 
Seat 6: iudicus ($10.91 in chips) 
jassl: posts small blind $0.05
Mahu2021: posts big blind $0.10
*** HOLE CARDS ***
Dealt to Mahu2021 [Kc 7c]
hummbold: folds 
Goumios: folds 
iudicus: folds 
pcsk8: raises $0.25 to $0.35
jassl: folds 
Mahu2021: folds 
Uncalled bet ($0.25) returned to pcsk8
pcsk8 collected $0.25 from pot
pcsk8: doesn't show hand 
*** SUMMARY ***
Total pot $0.25 | Rake $0 
Seat 1: pcsk8 (button) collected ($0.25)
Seat 2: jassl (small blind) folded before Flop
Seat 3: Mahu2021 (big blind) folded before Flop
Seat 4: hummbold folded before Flop (didn't bet)
Seat 5: Goumios folded before Flop (didn't bet)
Seat 6: iudicus folded before Flop (didn't bet)



PokerStars Zoom Hand #255162440045:  Hold'em No Limit ($0.05/$0.10) - 2025/03/06 11:41:53 CET [2025/03/06 5:41:53 ET]
Table 'Aludra' 6-max Seat #1 is the button
Seat 1: augtoth ($10 in chips) 
Seat 2: Mahu2021 ($9.90 in chips) 
Seat 3: arongraham100 ($10.02 in chips) 
Seat 4: Georg006830 ($4.40 in chips) 
Seat 5: lunetta1911 ($28.66 in chips) 
Seat 6: SownedxD ($10 in chips) 
Mahu2021: posts small blind $0.05
arongraham100: posts big blind $0.10
*** HOLE CARDS ***
Dealt to Mahu2021 [Qh Jd]
Georg006830: folds 
lunetta1911: folds 
SownedxD: folds 
augtoth: folds 
Mahu2021: raises $0.20 to $0.30
arongraham100: folds 
Uncalled bet ($0.20) returned to Mahu2021
Mahu2021 collected $0.20 from pot
Mahu2021: doesn't show hand 
*** SUMMARY ***
Total pot $0.20 | Rake $0 
Seat 1: augtoth (button) folded before Flop (didn't bet)
Seat 2: Mahu2021 (small blind) collected ($0.20)
Seat 3: arongraham100 (big blind) folded before Flop
Seat 4: Georg006830 folded before Flop (didn't bet)
Seat 5: lunetta1911 folded before Flop (didn't bet)
Seat 6: SownedxD folded before Flop (didn't bet)



PokerStars Zoom Hand #255162437851:  Hold'em No Limit ($0.05/$0.10) - 2025/03/06 11:41:32 CET [2025/03/06 5:41:32 ET]
Table 'Aludra' 6-max Seat #1 is the button
Seat 1: karo_wpc ($21.14 in chips) 
Seat 2: Perstenev ($14.04 in chips) 
Seat 3: chappi-1202 ($10 in chips) 
Seat 4: augtoth ($10 in chips) 
Seat 5: tachyon2 ($5.23 in chips) 
Seat 6: Mahu2021 ($10 in chips) 
Perstenev: posts small blind $0.05
chappi-1202: posts big blind $0.10
*** HOLE CARDS ***
Dealt to Mahu2021 [6s 7d]
augtoth: folds 
tachyon2: folds 
Mahu2021: folds 
karo_wpc: raises $0.15 to $0.25
Perstenev: folds 
chappi-1202: calls $0.15
*** FLOP *** [5s 9c 9h]
chappi-1202: checks 
karo_wpc: checks 
*** TURN *** [5s 9c 9h] [Jd]
chappi-1202: bets $0.30
karo_wpc: calls $0.30
*** RIVER *** [5s 9c 9h Jd] [4c]
chappi-1202: checks 
karo_wpc: bets $0.36
chappi-1202: folds 
Uncalled bet ($0.36) returned to karo_wpc
karo_wpc collected $1.10 from pot
karo_wpc: doesn't show hand 
*** SUMMARY ***
Total pot $1.15 | Rake $0.05 
Board [5s 9c 9h Jd 4c]
Seat 1: karo_wpc (button) collected ($1.10)
Seat 2: Perstenev (small blind) folded before Flop
Seat 3: chappi-1202 (big blind) folded on the River
Seat 4: augtoth folded before Flop (didn't bet)
Seat 5: tachyon2 folded before Flop (didn't bet)
Seat 6: Mahu2021 folded before Flop (didn't bet)



PokerStars Zoom Hand #255162441478:  Hold'em No Limit ($0.05/$0.10) - 2025/03/06 11:42:06 CET [2025/03/06 5:42:06 ET]
Table 'Aludra' 6-max Seat #1 is the button
Seat 1: Footraiser ($10 in chips) 
Seat 2: Goumios ($17.23 in chips) 
Seat 3: IVERNMAN ($18.08 in chips) 
Seat 4: bearparkno1 ($3.83 in chips) 
Seat 5: Mahu2021 ($10 in chips) 
Seat 6: iudicus ($12.31 in chips) 
Goumios: posts small blind $0.05
IVERNMAN: posts big blind $0.10
*** HOLE CARDS ***
Dealt to Mahu2021 [6s 2c]
bearparkno1: raises $0.20 to $0.30
Mahu2021: folds 
iudicus: folds 
Footraiser: folds 
Goumios: calls $0.25
IVERNMAN: folds 
*** FLOP *** [8c 3h 5d]
Goumios: checks 
bearparkno1: bets $0.67
Goumios: folds 
Uncalled bet ($0.67) returned to bearparkno1
bearparkno1 collected $0.67 from pot
bearparkno1: doesn't show hand 
*** SUMMARY ***
Total pot $0.70 | Rake $0.03 
Board [8c 3h 5d]
Seat 1: Footraiser (button) folded before Flop (didn't bet)
Seat 2: Goumios (small blind) folded on the Flop
Seat 3: IVERNMAN (big blind) folded before Flop
Seat 4: bearparkno1 collected ($0.67)
Seat 5: Mahu2021 folded before Flop (didn't bet)
Seat 6: iudicus folded before Flop (didn't bet)



PokerStars Zoom Hand #255162442556:  Hold'em No Limit ($0.05/$0.10) - 2025/03/06 11:42:16 CET [2025/03/06 5:42:16 ET]
Table 'Aludra' 6-max Seat #1 is the button
Seat 1: Mahu2021 ($10 in chips) 
Seat 2: iudicus ($10.81 in chips) 
Seat 3: Mumm85 ($10.72 in chips) 
Seat 4: limyang ($36.47 in chips) 
Seat 5: tafarel8 ($15.63 in chips) 
Seat 6: Adam<3Coffee ($23.64 in chips) 
iudicus: posts small blind $0.05
Mumm85: posts big blind $0.10
*** HOLE CARDS ***
Dealt to Mahu2021 [8c 6s]
limyang: folds 
tafarel8: folds 
Adam<3Coffee: raises $0.12 to $0.22
Mahu2021: folds 
iudicus: calls $0.17
Mumm85: folds 
*** FLOP *** [5d Kh Ks]
iudicus: checks 
Adam<3Coffee: bets $0.12
iudicus: folds 
Uncalled bet ($0.12) returned to Adam<3Coffee
Adam<3Coffee collected $0.52 from pot
Adam<3Coffee: doesn't show hand 
*** SUMMARY ***
Total pot $0.54 | Rake $0.02 
Board [5d Kh Ks]
Seat 1: Mahu2021 (button) folded before Flop (didn't bet)
Seat 2: iudicus (small blind) folded on the Flop
Seat 3: Mumm85 (big blind) folded before Flop
Seat 4: limyang folded before Flop (didn't bet)
Seat 5: tafarel8 folded before Flop (didn't bet)
Seat 6: Adam<3Coffee collected ($0.52)



PokerStars Zoom Hand #255162443588:  Hold'em No Limit ($0.05/$0.10) - 2025/03/06 11:42:26 CET [2025/03/06 5:42:26 ET]
Table 'Aludra' 6-max Seat #1 is the button
Seat 1: jassl ($19.98 in chips) 
Seat 2: rullorh ($10 in chips) 
Seat 3: Mahu2021 ($10 in chips) 
Seat 4: Perstenev ($13.62 in chips) 
Seat 5: oazizizgut ($10.63 in chips) 
Seat 6: alanindublin ($11.06 in chips) 
rullorh: posts small blind $0.05
Mahu2021: posts big blind $0.10
*** HOLE CARDS ***
Dealt to Mahu2021 [Ks 8s]
Perstenev: folds 
oazizizgut: folds 
alanindublin: folds 
jassl: folds 
rullorh: raises $0.20 to $0.30
Mahu2021: calls $0.20
*** FLOP *** [Th 9c Js]
rullorh: bets $0.23
Mahu2021: calls $0.23
*** TURN *** [Th 9c Js] [Tc]
rullorh: checks 
Mahu2021: checks 
*** RIVER *** [Th 9c Js Tc] [Qh]
rullorh: checks 
Mahu2021: bets $1.01
rullorh: folds 
Uncalled bet ($1.01) returned to Mahu2021
Mahu2021 collected $1.01 from pot
Mahu2021: doesn't show hand 
*** SUMMARY ***
Total pot $1.06 | Rake $0.05 
Board [Th 9c Js Tc Qh]
Seat 1: jassl (button) folded before Flop (didn't bet)
Seat 2: rullorh (small blind) folded on the River
Seat 3: Mahu2021 (big blind) collected ($1.01)
Seat 4: Perstenev folded before Flop (didn't bet)
Seat 5: oazizizgut folded before Flop (didn't bet)
Seat 6: alanindublin folded before Flop (didn't bet)



PokerStars Zoom Hand #255162442954:  Hold'em No Limit ($0.05/$0.10) - 2025/03/06 11:42:20 CET [2025/03/06 5:42:20 ET]
Table 'Aludra' 6-max Seat #1 is the button
Seat 1: arazkhan1802 ($22.06 in chips) 
Seat 2: limyang ($36.47 in chips) 
Seat 3: JD 2266 E ($6.71 in chips) 
Seat 4: Goumios ($14.54 in chips) 
Seat 5: 00Joe76 ($4.50 in chips) 
Seat 6: Mahu2021 ($10 in chips) 
limyang: posts small blind $0.05
JD 2266 E: posts big blind $0.10
*** HOLE CARDS ***
Dealt to Mahu2021 [Td 7s]
Goumios: folds 
00Joe76: calls $0.10
Mahu2021: folds 
arazkhan1802: folds 
limyang: folds 
JD 2266 E: checks 
*** FLOP *** [Ad 4c 5h]
JD 2266 E: bets $0.10
00Joe76: calls $0.10
*** TURN *** [Ad 4c 5h] [4s]
JD 2266 E: bets $0.33
00Joe76: folds 
Uncalled bet ($0.33) returned to JD 2266 E
JD 2266 E collected $0.43 from pot
JD 2266 E: doesn't show hand 
*** SUMMARY ***
Total pot $0.45 | Rake $0.02 
Board [Ad 4c 5h 4s]
Seat 1: arazkhan1802 (button) folded before Flop (didn't bet)
Seat 2: limyang (small blind) folded before Flop
Seat 3: JD 2266 E (big blind) collected ($0.43)
Seat 4: Goumios folded before Flop (didn't bet)
Seat 5: 00Joe76 folded on the Turn
Seat 6: Mahu2021 folded before Flop (didn't bet)



PokerStars Zoom Hand #255162446696:  Hold'em No Limit ($0.05/$0.10) - 2025/03/06 11:42:56 CET [2025/03/06 5:42:56 ET]
Table 'Aludra' 6-max Seat #1 is the button
Seat 1: Bur1k ($7.50 in chips) 
Seat 2: Mahu2021 ($10.48 in chips) 
Seat 3: bearparkno1 ($3.90 in chips) 
Seat 4: tafarel8 ($10.50 in chips) 
Seat 5: chilli60 ($10 in chips) 
Seat 6: taorekomi ($11.70 in chips) 
Mahu2021: posts small blind $0.05
bearparkno1: posts big blind $0.10
*** HOLE CARDS ***
Dealt to Mahu2021 [7h Qd]
tafarel8: folds 
chilli60: folds 
taorekomi: folds 
Bur1k: folds 
Mahu2021: folds 
Uncalled bet ($0.05) returned to bearparkno1
bearparkno1 collected $0.10 from pot
bearparkno1: doesn't show hand 
*** SUMMARY ***
Total pot $0.10 | Rake $0 
Seat 1: Bur1k (button) folded before Flop (didn't bet)
Seat 2: Mahu2021 (small blind) folded before Flop
Seat 3: bearparkno1 (big blind) collected ($0.10)
Seat 4: tafarel8 folded before Flop (didn't bet)
Seat 5: chilli60 folded before Flop (didn't bet)
Seat 6: taorekomi folded before Flop (didn't bet)



PokerStars Zoom Hand #255162447373:  Hold'em No Limit ($0.05/$0.10) - 2025/03/06 11:43:01 CET [2025/03/06 5:43:01 ET]
Table 'Aludra' 6-max Seat #1 is the button
Seat 1: Mahu2021 ($10.43 in chips) 
Seat 2: JD 2266 E ($9.90 in chips) 
Seat 3: MrCangrejoTh ($10.30 in chips) 
Seat 4: chilli60 ($10 in chips) 
Seat 5: jassl ($19.93 in chips) 
Seat 6: polina70 ($1.40 in chips) 
JD 2266 E: posts small blind $0.05
MrCangrejoTh: posts big blind $0.10
*** HOLE CARDS ***
Dealt to Mahu2021 [8h Ts]
chilli60: folds 
jassl: folds 
polina70: raises $0.10 to $0.20
Mahu2021: folds 
JD 2266 E: folds 
MrCangrejoTh: folds 
Uncalled bet ($0.10) returned to polina70
polina70 collected $0.25 from pot
polina70: doesn't show hand 
*** SUMMARY ***
Total pot $0.25 | Rake $0 
Seat 1: Mahu2021 (button) folded before Flop (didn't bet)
Seat 2: JD 2266 E (small blind) folded before Flop
Seat 3: MrCangrejoTh (big blind) folded before Flop
Seat 4: chilli60 folded before Flop (didn't bet)
Seat 5: jassl folded before Flop (didn't bet)
Seat 6: polina70 collected ($0.25)



PokerStars Zoom Hand #255162448109:  Hold'em No Limit ($0.05/$0.10) - 2025/03/06 11:43:08 CET [2025/03/06 5:43:08 ET]
Table 'Aludra' 6-max Seat #1 is the button
Seat 1: Mahu2021 ($10.43 in chips) 
Seat 2: taorekomi ($11.70 in chips) 
Seat 3: jassl ($31.35 in chips) 
Seat 4: Real2323me ($8.43 in chips) 
Seat 5: Bur1k ($7.50 in chips) 
Seat 6: Perstenev ($13.32 in chips) 
taorekomi: posts small blind $0.05
jassl: posts big blind $0.10
*** HOLE CARDS ***
Dealt to Mahu2021 [Tc 2s]
Real2323me: raises $0.10 to $0.20
Bur1k: folds 
Perstenev: folds 
Mahu2021: folds 
taorekomi: folds 
jassl: folds 
Uncalled bet ($0.10) returned to Real2323me
Real2323me collected $0.25 from pot
Real2323me: doesn't show hand 
*** SUMMARY ***
Total pot $0.25 | Rake $0 
Seat 1: Mahu2021 (button) folded before Flop (didn't bet)
Seat 2: taorekomi (small blind) folded before Flop
Seat 3: jassl (big blind) folded before Flop
Seat 4: Real2323me collected ($0.25)
Seat 5: Bur1k folded before Flop (didn't bet)
Seat 6: Perstenev folded before Flop (didn't bet)



PokerStars Zoom Hand #255162446269:  Hold'em No Limit ($0.05/$0.10) - 2025/03/06 11:42:51 CET [2025/03/06 5:42:51 ET]
Table 'Aludra' 6-max Seat #1 is the button
Seat 1: vicegoodman ($13.29 in chips) 
Seat 2: ghanisha ($12.89 in chips) 
Seat 3: Devans18180 ($9.95 in chips) 
Seat 4: Mahu2021 ($10.48 in chips) 
Seat 5: rullorh ($13.68 in chips) 
Seat 6: augtoth ($10.35 in chips) 
ghanisha: posts small blind $0.05
Devans18180: posts big blind $0.10
*** HOLE CARDS ***
Dealt to Mahu2021 [3s 4c]
Mahu2021: folds 
rullorh: folds 
augtoth: folds 
vicegoodman: raises $0.15 to $0.25
ghanisha: raises $0.75 to $1
Devans18180: calls $0.90
vicegoodman: folds 
*** FLOP *** [Js 7s Jd]
ghanisha: bets $1.08
Devans18180: folds 
Uncalled bet ($1.08) returned to ghanisha
ghanisha collected $2.15 from pot
ghanisha: doesn't show hand 
*** SUMMARY ***
Total pot $2.25 | Rake $0.10 
Board [Js 7s Jd]
Seat 1: vicegoodman (button) folded before Flop
Seat 2: ghanisha (small blind) collected ($2.15)
Seat 3: Devans18180 (big blind) folded on the Flop
Seat 4: Mahu2021 folded before Flop (didn't bet)
Seat 5: rullorh folded before Flop (didn't bet)
Seat 6: augtoth folded before Flop (didn't bet)



PokerStars Zoom Hand #255162448539:  Hold'em No Limit ($0.05/$0.10) - 2025/03/06 11:43:13 CET [2025/03/06 5:43:13 ET]
Table 'Aludra' 6-max Seat #1 is the button
Seat 1: Winik810 ($10 in chips) 
Seat 2: Bigbacon510 ($18.58 in chips) 
Seat 3: Mahu2021 ($10.43 in chips) 
Seat 4: limyang ($16.77 in chips) 
Seat 5: IVERNMAN ($10.72 in chips) 
Seat 6: arazkhan1802 ($11.21 in chips) 
Bigbacon510: posts small blind $0.05
Mahu2021: posts big blind $0.10
*** HOLE CARDS ***
Dealt to Mahu2021 [Ks Kh]
limyang: folds 
IVERNMAN: folds 
arazkhan1802: folds 
Winik810: raises $0.20 to $0.30
Bigbacon510: folds 
Mahu2021: raises $10.13 to $10.43 and is all-in
Winik810: folds 
Uncalled bet ($10.13) returned to Mahu2021
Mahu2021 collected $0.65 from pot
Mahu2021: doesn't show hand 
*** SUMMARY ***
Total pot $0.65 | Rake $0 
Seat 1: Winik810 (button) folded before Flop
Seat 2: Bigbacon510 (small blind) folded before Flop
Seat 3: Mahu2021 (big blind) collected ($0.65)
Seat 4: limyang folded before Flop (didn't bet)
Seat 5: IVERNMAN folded before Flop (didn't bet)
Seat 6: arazkhan1802 folded before Flop (didn't bet)



