PokerStars Zoom Hand #254732305316:  Hold'em No Limit ($0.05/$0.10) - 2025/02/06 12:54:15 CET [2025/02/06 6:54:15 ET]
Table 'Aludra' 6-max Seat #1 is the button
Seat 1: nway888 ($11.59 in chips) 
Seat 2: iFold72o ($10.05 in chips) 
Seat 3: Mahu2021 ($10 in chips) 
Seat 4: Masiejoo ($19.04 in chips) 
Seat 5: geo3pokerr ($0.47 in chips) 
Seat 6: MarkRegen ($8.24 in chips) 
iFold72o: posts small blind $0.05
Mahu2021: posts big blind $0.10
*** HOLE CARDS ***
Dealt to Mahu2021 [As 5h]
Masiejoo: raises $0.15 to $0.25
geo3pokerr: folds 
MarkRegen: folds 
nway888: folds 
iFold72o: folds 
Mahu2021: folds 
Uncalled bet ($0.15) returned to Masiejoo
Masiejoo collected $0.25 from pot
Masiejoo: doesn't show hand 
*** SUMMARY ***
Total pot $0.25 | Rake $0 
Seat 1: nway888 (button) folded before Flop (didn't bet)
Seat 2: iFold72o (small blind) folded before Flop
Seat 3: Mahu2021 (big blind) folded before Flop
Seat 4: Masiejoo collected ($0.25)
Seat 5: geo3pokerr folded before Flop (didn't bet)
Seat 6: MarkRegen folded before Flop (didn't bet)



PokerStars Zoom Hand #254732306199:  Hold'em No Limit ($0.05/$0.10) - 2025/02/06 12:54:22 CET [2025/02/06 6:54:22 ET]
Table 'Aludra' 6-max Seat #1 is the button
Seat 1: Chakanicki ($4.85 in chips) 
Seat 2: Mahu2021 ($9.90 in chips) 
Seat 3: jjuni365 ($10.66 in chips) 
Seat 4: gimmiurstack ($10.50 in chips) 
Seat 5: sbela23 ($10.12 in chips) 
Seat 6: lolb0t ($10.20 in chips) 
Mahu2021: posts small blind $0.05
jjuni365: posts big blind $0.10
*** HOLE CARDS ***
Dealt to Mahu2021 [6h 9h]
gimmiurstack: raises $0.15 to $0.25
sbela23: folds 
lolb0t: folds 
Chakanicki: folds 
Mahu2021: folds 
jjuni365: folds 
Uncalled bet ($0.15) returned to gimmiurstack
gimmiurstack collected $0.25 from pot
gimmiurstack: doesn't show hand 
*** SUMMARY ***
Total pot $0.25 | Rake $0 
Seat 1: Chakanicki (button) folded before Flop (didn't bet)
Seat 2: Mahu2021 (small blind) folded before Flop
Seat 3: jjuni365 (big blind) folded before Flop
Seat 4: gimmiurstack collected ($0.25)
Seat 5: sbela23 folded before Flop (didn't bet)
Seat 6: lolb0t folded before Flop (didn't bet)



PokerStars Zoom Hand #254732306690:  Hold'em No Limit ($0.05/$0.10) - 2025/02/06 12:54:26 CET [2025/02/06 6:54:26 ET]
Table 'Aludra' 6-max Seat #1 is the button
Seat 1: Mahu2021 ($9.85 in chips) 
Seat 2: Dré29 ($15.34 in chips) 
Seat 3: Baratrum777 ($10.15 in chips) 
Seat 4: Danger22bigs ($10.27 in chips) 
Seat 5: sexyalexa69 ($11.97 in chips) 
Seat 6: guilhermev85 ($10.05 in chips) 
Dré29: posts small blind $0.05
Baratrum777: posts big blind $0.10
*** HOLE CARDS ***
Dealt to Mahu2021 [Ts Kh]
Danger22bigs: folds 
sexyalexa69: folds 
guilhermev85: folds 
Mahu2021: raises $0.20 to $0.30
Dré29: folds 
Baratrum777: folds 
Uncalled bet ($0.20) returned to Mahu2021
Mahu2021 collected $0.25 from pot
Mahu2021: doesn't show hand 
*** SUMMARY ***
Total pot $0.25 | Rake $0 
Seat 1: Mahu2021 (button) collected ($0.25)
Seat 2: Dré29 (small blind) folded before Flop
Seat 3: Baratrum777 (big blind) folded before Flop
Seat 4: Danger22bigs folded before Flop (didn't bet)
Seat 5: sexyalexa69 folded before Flop (didn't bet)
Seat 6: guilhermev85 folded before Flop (didn't bet)



PokerStars Zoom Hand #254732310416:  Hold'em No Limit ($0.05/$0.10) - 2025/02/06 12:54:56 CET [2025/02/06 6:54:56 ET]
Table 'Aludra' 6-max Seat #1 is the button
Seat 1: sbela23 ($10.28 in chips) 
Seat 2: polina70 ($5.13 in chips) 
Seat 3: Mahu2021 ($10 in chips) 
Seat 4: Miracle of 50k ($16.97 in chips) 
Seat 5: Masiejoo ($19.04 in chips) 
Seat 6: Adam<3Coffee ($10.22 in chips) 
polina70: posts small blind $0.05
Mahu2021: posts big blind $0.10
*** HOLE CARDS ***
Dealt to Mahu2021 [8h 4c]
Miracle of 50k: folds 
Masiejoo: folds 
Adam<3Coffee: folds 
sbela23: folds 
polina70: folds 
Uncalled bet ($0.05) returned to Mahu2021
Mahu2021 collected $0.10 from pot
Mahu2021: doesn't show hand 
*** SUMMARY ***
Total pot $0.10 | Rake $0 
Seat 1: sbela23 (button) folded before Flop (didn't bet)
Seat 2: polina70 (small blind) folded before Flop
Seat 3: Mahu2021 (big blind) collected ($0.10)
Seat 4: Miracle of 50k folded before Flop (didn't bet)
Seat 5: Masiejoo folded before Flop (didn't bet)
Seat 6: Adam<3Coffee folded before Flop (didn't bet)



PokerStars Zoom Hand #254732311555:  Hold'em No Limit ($0.05/$0.10) - 2025/02/06 12:55:05 CET [2025/02/06 6:55:05 ET]
Table 'Aludra' 6-max Seat #1 is the button
Seat 1: breezzzy88 ($10.13 in chips) 
Seat 2: Imavere ($17.53 in chips) 
Seat 3: al3taSt3r ($10.23 in chips) 
Seat 4: retardonfire ($13.80 in chips) 
Seat 5: Mahu2021 ($10.05 in chips) 
Seat 6: sbela23 ($10.28 in chips) 
Imavere: posts small blind $0.05
al3taSt3r: posts big blind $0.10
*** HOLE CARDS ***
Dealt to Mahu2021 [7d Jc]
retardonfire: raises $0.12 to $0.22
Mahu2021: folds 
sbela23: folds 
breezzzy88: folds 
Imavere: folds 
al3taSt3r: folds 
Uncalled bet ($0.12) returned to retardonfire
retardonfire collected $0.25 from pot
retardonfire: doesn't show hand 
*** SUMMARY ***
Total pot $0.25 | Rake $0 
Seat 1: breezzzy88 (button) folded before Flop (didn't bet)
Seat 2: Imavere (small blind) folded before Flop
Seat 3: al3taSt3r (big blind) folded before Flop
Seat 4: retardonfire collected ($0.25)
Seat 5: Mahu2021 folded before Flop (didn't bet)
Seat 6: sbela23 folded before Flop (didn't bet)



PokerStars Zoom Hand #254732309630:  Hold'em No Limit ($0.05/$0.10) - 2025/02/06 12:54:50 CET [2025/02/06 6:54:50 ET]
Table 'Aludra' 6-max Seat #1 is the button
Seat 1: hummbold ($10 in chips) 
Seat 2: Masiejoo ($19.09 in chips) 
Seat 3: Monsiii26 ($10.40 in chips) 
Seat 4: Mahu2021 ($10 in chips) 
Seat 5: 50´s Ghost ($12.84 in chips) 
Seat 6: iFold72o ($37.61 in chips) 
Masiejoo: posts small blind $0.05
Monsiii26: posts big blind $0.10
*** HOLE CARDS ***
Dealt to Mahu2021 [4d 3d]
Mahu2021: folds 
50´s Ghost: raises $0.15 to $0.25
iFold72o: folds 
hummbold: folds 
Masiejoo: folds 
Monsiii26: calls $0.15
*** FLOP *** [3s Qs 5c]
Monsiii26: checks 
50´s Ghost: bets $0.17
Monsiii26: calls $0.17
*** TURN *** [3s Qs 5c] [7c]
Monsiii26: checks 
50´s Ghost: bets $1.25
Monsiii26: folds 
Uncalled bet ($1.25) returned to 50´s Ghost
50´s Ghost collected $0.85 from pot
50´s Ghost: doesn't show hand 
*** SUMMARY ***
Total pot $0.89 | Rake $0.04 
Board [3s Qs 5c 7c]
Seat 1: hummbold (button) folded before Flop (didn't bet)
Seat 2: Masiejoo (small blind) folded before Flop
Seat 3: Monsiii26 (big blind) folded on the Turn
Seat 4: Mahu2021 folded before Flop (didn't bet)
Seat 5: 50´s Ghost collected ($0.85)
Seat 6: iFold72o folded before Flop (didn't bet)



PokerStars Zoom Hand #254732308728:  Hold'em No Limit ($0.05/$0.10) - 2025/02/06 12:54:42 CET [2025/02/06 6:54:42 ET]
Table 'Aludra' 6-max Seat #1 is the button
Seat 1: 50´s Ghost ($16.17 in chips) 
Seat 2: Baratrum777 ($10.05 in chips) 
Seat 3: thorindorf ($6.91 in chips) 
Seat 4: retardonfire ($20.37 in chips) 
Seat 5: joorup ($10.32 in chips) 
Seat 6: Mahu2021 ($10 in chips) 
Baratrum777: posts small blind $0.05
thorindorf: posts big blind $0.10
*** HOLE CARDS ***
Dealt to Mahu2021 [2s 8h]
retardonfire: folds 
joorup: raises $0.12 to $0.22
Mahu2021: folds 
50´s Ghost: calls $0.22
Baratrum777: folds 
thorindorf: calls $0.12
*** FLOP *** [Tc 8c 3c]
thorindorf: checks 
joorup: checks 
50´s Ghost: checks 
*** TURN *** [Tc 8c 3c] [Ah]
thorindorf: checks 
joorup: checks 
50´s Ghost: checks 
*** RIVER *** [Tc 8c 3c Ah] [9s]
thorindorf: checks 
joorup: checks 
50´s Ghost: checks 
*** SHOW DOWN ***
thorindorf: shows [Kd 5h] (high card Ace)
joorup: shows [Js Ks] (high card Ace - King+Jack kicker)
50´s Ghost: shows [6d 6s] (a pair of Sixes)
50´s Ghost collected $0.68 from pot
*** SUMMARY ***
Total pot $0.71 | Rake $0.03 
Board [Tc 8c 3c Ah 9s]
Seat 1: 50´s Ghost (button) showed [6d 6s] and won ($0.68) with a pair of Sixes
Seat 2: Baratrum777 (small blind) folded before Flop
Seat 3: thorindorf (big blind) showed [Kd 5h] and lost with high card Ace
Seat 4: retardonfire folded before Flop (didn't bet)
Seat 5: joorup showed [Js Ks] and lost with high card Ace
Seat 6: Mahu2021 folded before Flop (didn't bet)



PokerStars Zoom Hand #254732311988:  Hold'em No Limit ($0.05/$0.10) - 2025/02/06 12:55:08 CET [2025/02/06 6:55:08 ET]
Table 'Aludra' 6-max Seat #1 is the button
Seat 1: Cle0patr4 ($29.45 in chips) 
Seat 2: Mahu2021 ($10.05 in chips) 
Seat 3: YourDonKay ($10.15 in chips) 
Seat 4: sexyalexa69 ($11.07 in chips) 
Seat 5: lolb0t ($27.20 in chips) 
Seat 6: sbela23 ($10 in chips) 
Mahu2021: posts small blind $0.05
YourDonKay: posts big blind $0.10
*** HOLE CARDS ***
Dealt to Mahu2021 [2h Td]
sexyalexa69: folds 
lolb0t: folds 
sbela23: folds 
Cle0patr4: raises $0.15 to $0.25
Mahu2021: folds 
YourDonKay: calls $0.15
*** FLOP *** [4s Ac 7d]
YourDonKay: checks 
Cle0patr4: bets $0.12
YourDonKay: raises $0.39 to $0.51
Cle0patr4: folds 
Uncalled bet ($0.39) returned to YourDonKay
YourDonKay collected $0.74 from pot
YourDonKay: doesn't show hand 
*** SUMMARY ***
Total pot $0.79 | Rake $0.05 
Board [4s Ac 7d]
Seat 1: Cle0patr4 (button) folded on the Flop
Seat 2: Mahu2021 (small blind) folded before Flop
Seat 3: YourDonKay (big blind) collected ($0.74)
Seat 4: sexyalexa69 folded before Flop (didn't bet)
Seat 5: lolb0t folded before Flop (didn't bet)
Seat 6: sbela23 folded before Flop (didn't bet)



PokerStars Zoom Hand #254732312315:  Hold'em No Limit ($0.05/$0.10) - 2025/02/06 12:55:12 CET [2025/02/06 6:55:12 ET]
Table 'Aludra' 6-max Seat #1 is the button
Seat 1: Mahu2021 ($10 in chips) 
Seat 2: lolb0t ($27.20 in chips) 
Seat 3: nway888 ($10.70 in chips) 
Seat 4: sbela23 ($10 in chips) 
Seat 5: keirin459 ($14 in chips) 
Seat 6: Bur1k ($5.40 in chips) 
lolb0t: posts small blind $0.05
nway888: posts big blind $0.10
*** HOLE CARDS ***
Dealt to Mahu2021 [2s 2h]
sbela23: raises $0.15 to $0.25
keirin459: folds 
Bur1k: folds 
Mahu2021: calls $0.25
lolb0t: folds 
nway888: calls $0.15
*** FLOP *** [5c 9d 8c]
nway888: checks 
sbela23: checks 
Mahu2021: bets $0.40
nway888: folds 
sbela23: calls $0.40
*** TURN *** [5c 9d 8c] [Kd]
sbela23: checks 
Mahu2021: bets $1
sbela23: folds 
Uncalled bet ($1) returned to Mahu2021
Mahu2021 collected $1.53 from pot
Mahu2021: doesn't show hand 
*** SUMMARY ***
Total pot $1.60 | Rake $0.07 
Board [5c 9d 8c Kd]
Seat 1: Mahu2021 (button) collected ($1.53)
Seat 2: lolb0t (small blind) folded before Flop
Seat 3: nway888 (big blind) folded on the Flop
Seat 4: sbela23 folded on the Turn
Seat 5: keirin459 folded before Flop (didn't bet)
Seat 6: Bur1k folded before Flop (didn't bet)



PokerStars Zoom Hand #254732321272:  Hold'em No Limit ($0.05/$0.10) - 2025/02/06 12:56:36 CET [2025/02/06 6:56:36 ET]
Table 'Aludra' 6-max Seat #1 is the button
Seat 1: Arun4z ($10.15 in chips) 
Seat 2: jjuni365 ($13.66 in chips) 
Seat 3: Masiejoo ($17.91 in chips) 
Seat 4: HarryKhoo ($13.52 in chips) 
Seat 5: Mahu2021 ($10.88 in chips) 
Seat 6: lolb0t ($17.02 in chips) 
jjuni365: posts small blind $0.05
Masiejoo: posts big blind $0.10
*** HOLE CARDS ***
Dealt to Mahu2021 [Kc Kh]
HarryKhoo: raises $0.12 to $0.22
Mahu2021: raises $10.66 to $10.88 and is all-in
lolb0t: folds 
Arun4z: calls $10.15 and is all-in
jjuni365: folds 
Masiejoo: folds 
HarryKhoo: folds 
Uncalled bet ($0.73) returned to Mahu2021
*** FLOP *** [8d Js 2c]
*** TURN *** [8d Js 2c] [5s]
*** RIVER *** [8d Js 2c 5s] [3c]
*** SHOW DOWN ***
Mahu2021: shows [Kc Kh] (a pair of Kings)
Arun4z: shows [Qs Qd] (a pair of Queens)
Mahu2021 cashed out the hand for $15.72 | Cash Out Fee $0.32
*** SUMMARY ***
Total pot $20.67 | Rake $0.93 
Board [8d Js 2c 5s 3c]
Seat 1: Arun4z (button) showed [Qs Qd] and lost with a pair of Queens
Seat 2: jjuni365 (small blind) folded before Flop
Seat 3: Masiejoo (big blind) folded before Flop
Seat 4: HarryKhoo folded before Flop
Seat 5: Mahu2021 showed [Kc Kh] and won ($19.74) with a pair of Kings (pot not awarded as player cashed out)
Seat 6: lolb0t folded before Flop (didn't bet)



