PokerStars Zoom Hand #254717528214:  Hold'em No Limit ($0.05/$0.10) - 2025/02/05 13:20:46 CET [2025/02/05 7:20:46 ET]
Table 'Aludra' 6-max Seat #1 is the button
Seat 1: Tooloop ($11.86 in chips) 
Seat 2: 50´s Ghost ($17.59 in chips) 
Seat 3: Mahu2021 ($10 in chips) 
Seat 4: abcpoiloo ($10 in chips) 
Seat 5: Born2Hustler ($10.80 in chips) 
Seat 6: N1ceTry3 ($17.16 in chips) 
50´s Ghost: posts small blind $0.05
Mahu2021: posts big blind $0.10
*** HOLE CARDS ***
Dealt to Mahu2021 [2h Kc]
abcpoiloo: folds 
Born2Hustler: folds 
N1ceTry3: folds 
Tooloop: folds 
50´s Ghost: folds 
Uncalled bet ($0.05) returned to Mahu2021
Mahu2021 collected $0.10 from pot
Mahu2021: doesn't show hand 
*** SUMMARY ***
Total pot $0.10 | Rake $0 
Seat 1: Tooloop (button) folded before Flop (didn't bet)
Seat 2: 50´s Ghost (small blind) folded before Flop
Seat 3: Mahu2021 (big blind) collected ($0.10)
Seat 4: abcpoiloo folded before Flop (didn't bet)
Seat 5: Born2Hustler folded before Flop (didn't bet)
Seat 6: N1ceTry3 folded before Flop (didn't bet)



PokerStars Zoom Hand #254717531075:  Hold'em No Limit ($0.05/$0.10) - 2025/02/05 13:21:07 CET [2025/02/05 7:21:07 ET]
Table 'Aludra' 6-max Seat #1 is the button
Seat 1: "QOTILL" ($9.85 in chips) 
Seat 2: Mahu2021 ($10.05 in chips) 
Seat 3: iFold72o ($11.31 in chips) 
Seat 4: killerita67 ($18.19 in chips) 
Seat 5: Haesigster ($10.30 in chips) 
Seat 6: Tooloop ($11.71 in chips) 
Mahu2021: posts small blind $0.05
iFold72o: posts big blind $0.10
*** HOLE CARDS ***
Dealt to Mahu2021 [5s Kd]
killerita67: folds 
Haesigster: folds 
Tooloop: folds 
"QOTILL": folds 
Mahu2021: folds 
Uncalled bet ($0.05) returned to iFold72o
iFold72o collected $0.10 from pot
iFold72o: doesn't show hand 
*** SUMMARY ***
Total pot $0.10 | Rake $0 
Seat 1: "QOTILL" (button) folded before Flop (didn't bet)
Seat 2: Mahu2021 (small blind) folded before Flop
Seat 3: iFold72o (big blind) collected ($0.10)
Seat 4: killerita67 folded before Flop (didn't bet)
Seat 5: Haesigster folded before Flop (didn't bet)
Seat 6: Tooloop folded before Flop (didn't bet)



PokerStars Zoom Hand #254717531612:  Hold'em No Limit ($0.05/$0.10) - 2025/02/05 13:21:11 CET [2025/02/05 7:21:11 ET]
Table 'Aludra' 6-max Seat #1 is the button
Seat 1: Mahu2021 ($10 in chips) 
Seat 2: Haesigster ($10.30 in chips) 
Seat 3: MaeBolada ($10.55 in chips) 
Seat 4: hiding.by ($11.16 in chips) 
Seat 5: Tooloop ($11.71 in chips) 
Seat 6: thorindorf ($9.17 in chips) 
Haesigster: posts small blind $0.05
MaeBolada: posts big blind $0.10
*** HOLE CARDS ***
Dealt to Mahu2021 [8s 7d]
hiding.by: raises $0.20 to $0.30
Tooloop: folds 
thorindorf: folds 
Mahu2021: folds 
Haesigster: folds 
MaeBolada: folds 
Uncalled bet ($0.20) returned to hiding.by
hiding.by collected $0.25 from pot
hiding.by: doesn't show hand 
*** SUMMARY ***
Total pot $0.25 | Rake $0 
Seat 1: Mahu2021 (button) folded before Flop (didn't bet)
Seat 2: Haesigster (small blind) folded before Flop
Seat 3: MaeBolada (big blind) folded before Flop
Seat 4: hiding.by collected ($0.25)
Seat 5: Tooloop folded before Flop (didn't bet)
Seat 6: thorindorf folded before Flop (didn't bet)



PokerStars Zoom Hand #254717530525:  Hold'em No Limit ($0.05/$0.10) - 2025/02/05 13:21:03 CET [2025/02/05 7:21:03 ET]
Table 'Aludra' 6-max Seat #1 is the button
Seat 1: taka736 ($16.06 in chips) 
Seat 2: MarkRegen ($10.02 in chips) 
Seat 3: mittl11 ($13.98 in chips) 
Seat 4: Fakasaki ($12.28 in chips) 
Seat 5: 50´s Ghost ($17.54 in chips) 
Seat 6: Mahu2021 ($10.05 in chips) 
MarkRegen: posts small blind $0.05
mittl11: posts big blind $0.10
*** HOLE CARDS ***
Dealt to Mahu2021 [3h Kc]
Fakasaki: folds 
50´s Ghost: folds 
Mahu2021: folds 
taka736: raises $0.15 to $0.25
MarkRegen: folds 
mittl11: folds 
Uncalled bet ($0.15) returned to taka736
taka736 collected $0.25 from pot
taka736: doesn't show hand 
*** SUMMARY ***
Total pot $0.25 | Rake $0 
Seat 1: taka736 (button) collected ($0.25)
Seat 2: MarkRegen (small blind) folded before Flop
Seat 3: mittl11 (big blind) folded before Flop
Seat 4: Fakasaki folded before Flop (didn't bet)
Seat 5: 50´s Ghost folded before Flop (didn't bet)
Seat 6: Mahu2021 folded before Flop (didn't bet)



PokerStars Zoom Hand #254717532967:  Hold'em No Limit ($0.05/$0.10) - 2025/02/05 13:21:21 CET [2025/02/05 7:21:21 ET]
Table 'Aludra' 6-max Seat #1 is the button
Seat 1: MaeBolada ($10.40 in chips) 
Seat 2: Windows 21xp ($10.15 in chips) 
Seat 3: hiding.by ($11.31 in chips) 
Seat 4: Mahu2021 ($10 in chips) 
Seat 5: todd17800 ($42.16 in chips) 
Seat 6: retardonfire ($11.15 in chips) 
Windows 21xp: posts small blind $0.05
hiding.by: posts big blind $0.10
*** HOLE CARDS ***
Dealt to Mahu2021 [4s 8c]
Mahu2021: folds 
todd17800: folds 
retardonfire: folds 
MaeBolada: folds 
Windows 21xp: raises $0.20 to $0.30
hiding.by: folds 
Uncalled bet ($0.20) returned to Windows 21xp
Windows 21xp collected $0.20 from pot
Windows 21xp: doesn't show hand 
*** SUMMARY ***
Total pot $0.20 | Rake $0 
Seat 1: MaeBolada (button) folded before Flop (didn't bet)
Seat 2: Windows 21xp (small blind) collected ($0.20)
Seat 3: hiding.by (big blind) folded before Flop
Seat 4: Mahu2021 folded before Flop (didn't bet)
Seat 5: todd17800 folded before Flop (didn't bet)
Seat 6: retardonfire folded before Flop (didn't bet)



PokerStars Zoom Hand #254717532128:  Hold'em No Limit ($0.05/$0.10) - 2025/02/05 13:21:15 CET [2025/02/05 7:21:15 ET]
Table 'Aludra' 6-max Seat #1 is the button
Seat 1: abcpoiloo ($10 in chips) 
Seat 2: MaeBolada ($10.45 in chips) 
Seat 3: mintyu ($10.84 in chips) 
Seat 4: Shark5Omaha ($7.96 in chips) 
Seat 5: Mahu2021 ($10 in chips) 
Seat 6: Bowlestown ($10 in chips) 
MaeBolada: posts small blind $0.05
mintyu: posts big blind $0.10
*** HOLE CARDS ***
Dealt to Mahu2021 [7h Ad]
Shark5Omaha: folds 
Mahu2021: folds 
Bowlestown: folds 
abcpoiloo: raises $0.12 to $0.22
MaeBolada: folds 
mintyu: calls $0.12
*** FLOP *** [8s 5d Th]
mintyu: checks 
abcpoiloo: checks 
*** TURN *** [8s 5d Th] [Ks]
mintyu: checks 
abcpoiloo: checks 
*** RIVER *** [8s 5d Th Ks] [Js]
mintyu: checks 
abcpoiloo: checks 
*** SHOW DOWN ***
mintyu: shows [Jc Kh] (two pair, Kings and Jacks)
abcpoiloo: mucks hand 
mintyu collected $0.47 from pot
*** SUMMARY ***
Total pot $0.49 | Rake $0.02 
Board [8s 5d Th Ks Js]
Seat 1: abcpoiloo (button) mucked [7s 7c]
Seat 2: MaeBolada (small blind) folded before Flop
Seat 3: mintyu (big blind) showed [Jc Kh] and won ($0.47) with two pair, Kings and Jacks
Seat 4: Shark5Omaha folded before Flop (didn't bet)
Seat 5: Mahu2021 folded before Flop (didn't bet)
Seat 6: Bowlestown folded before Flop (didn't bet)



PokerStars Zoom Hand #254717533514:  Hold'em No Limit ($0.05/$0.10) - 2025/02/05 13:21:25 CET [2025/02/05 7:21:25 ET]
Table 'Aludra' 6-max Seat #1 is the button
Seat 1: F2u&F2urFace ($17.32 in chips) 
Seat 2: "QOTILL" ($9.75 in chips) 
Seat 3: todd17800 ($42.16 in chips) 
Seat 4: thorindorf ($9.17 in chips) 
Seat 5: Mahu2021 ($10 in chips) 
Seat 6: Georg006830 ($16.15 in chips) 
"QOTILL": posts small blind $0.05
todd17800: posts big blind $0.10
*** HOLE CARDS ***
Dealt to Mahu2021 [Ad 7d]
thorindorf: raises $0.20 to $0.30
Mahu2021: calls $0.30
Georg006830: folds 
F2u&F2urFace: folds 
"QOTILL": folds 
todd17800: calls $0.20
*** FLOP *** [Qd Jh 4d]
todd17800: checks 
thorindorf: bets $0.36
Mahu2021: calls $0.36
todd17800: calls $0.36
*** TURN *** [Qd Jh 4d] [8h]
todd17800: checks 
thorindorf: bets $1.27
Mahu2021: calls $1.27
todd17800: calls $1.27
*** RIVER *** [Qd Jh 4d 8h] [2d]
todd17800: checks 
thorindorf: bets $0.10
Mahu2021: raises $0.90 to $1
todd17800: folds 
thorindorf: calls $0.90
*** SHOW DOWN ***
Mahu2021: shows [Ad 7d] (a flush, Ace high)
thorindorf: mucks hand 
Mahu2021 collected $7.49 from pot
*** SUMMARY ***
Total pot $7.84 | Rake $0.35 
Board [Qd Jh 4d 8h 2d]
Seat 1: F2u&F2urFace (button) folded before Flop (didn't bet)
Seat 2: "QOTILL" (small blind) folded before Flop
Seat 3: todd17800 (big blind) folded on the River
Seat 4: thorindorf mucked [Kh Qh]
Seat 5: Mahu2021 showed [Ad 7d] and won ($7.49) with a flush, Ace high
Seat 6: Georg006830 folded before Flop (didn't bet)



