PokerStars Zoom Hand #255268428935:  Hold'em No Limit ($0.25/$0.50) - 2025/03/13 15:41:54 CET [2025/03/13 10:41:54 ET]
Table 'Baade' 6-max Seat #1 is the button
Seat 1: Vadim91_blr ($50 in chips) 
Seat 2: Mahu2021 ($27.73 in chips) 
Seat 3: ObvsDaBoss ($55.94 in chips) 
Seat 4: M0pp1e ($41.22 in chips) 
Seat 5: Saleas0307 ($65.13 in chips) 
Seat 6: mt7.24 ($52.25 in chips) 
Mahu2021: posts small blind $0.25
ObvsDaBoss: posts big blind $0.50
*** HOLE CARDS ***
Dealt to Mahu2021 [4c 2s]
M0pp1e: folds 
Saleas0307: folds 
mt7.24: raises $0.65 to $1.15
Vadim91_blr: raises $3.05 to $4.20
Mahu2021: folds 
ObvsDaBoss: folds 
mt7.24: folds 
Uncalled bet ($3.05) returned to Vadim91_blr
Vadim91_blr collected $3.05 from pot
Vadim91_blr: doesn't show hand 
*** SUMMARY ***
Total pot $3.05 | Rake $0 
Seat 1: Vadim91_blr (button) collected ($3.05)
Seat 2: Mahu2021 (small blind) folded before Flop
Seat 3: ObvsDaBoss (big blind) folded before Flop
Seat 4: M0pp1e folded before Flop (didn't bet)
Seat 5: Saleas0307 folded before Flop (didn't bet)
Seat 6: mt7.24 folded before Flop



PokerStars Zoom Hand #255268431155:  Hold'em No Limit ($0.25/$0.50) - 2025/03/13 15:42:06 CET [2025/03/13 10:42:06 ET]
Table 'Baade' 6-max Seat #1 is the button
Seat 1: Mahu2021 ($27.48 in chips) 
Seat 2: M0pp1e ($41.22 in chips) 
Seat 3: Vadim91_blr ($53.57 in chips) 
Seat 4: ObvsDaBoss ($55.44 in chips) 
Seat 5: Kristo 914 ($52.37 in chips) 
M0pp1e: posts small blind $0.25
Vadim91_blr: posts big blind $0.50
*** HOLE CARDS ***
Dealt to Mahu2021 [8d 4h]
ObvsDaBoss: raises $0.50 to $1
Kristo 914: folds 
Mahu2021: folds 
M0pp1e: folds 
Vadim91_blr: folds 
Uncalled bet ($0.50) returned to ObvsDaBoss
ObvsDaBoss collected $1.25 from pot
ObvsDaBoss: doesn't show hand 
*** SUMMARY ***
Total pot $1.25 | Rake $0 
Seat 1: Mahu2021 (button) folded before Flop (didn't bet)
Seat 2: M0pp1e (small blind) folded before Flop
Seat 3: Vadim91_blr (big blind) folded before Flop
Seat 4: ObvsDaBoss collected ($1.25)
Seat 5: Kristo 914 folded before Flop (didn't bet)



PokerStars Zoom Hand #255268431932:  Hold'em No Limit ($0.25/$0.50) - 2025/03/13 15:42:11 CET [2025/03/13 10:42:11 ET]
Table 'Baade' 6-max Seat #1 is the button
Seat 1: ACGeordie ($55.20 in chips) 
Seat 2: vicamica ($65.69 in chips) 
Seat 3: bioxid999 ($101.92 in chips) 
Seat 4: rftgyj ($72.52 in chips) 
Seat 5: M0pp1e ($40.97 in chips) 
Seat 6: Mahu2021 ($27.48 in chips) 
vicamica: posts small blind $0.25
bioxid999: posts big blind $0.50
*** HOLE CARDS ***
Dealt to Mahu2021 [Kh 3d]
rftgyj: folds 
M0pp1e: folds 
Mahu2021: folds 
ACGeordie: folds 
vicamica is disconnected 
vicamica has timed out while disconnected
vicamica: folds 
Uncalled bet ($0.25) returned to bioxid999
bioxid999 collected $0.50 from pot
bioxid999: doesn't show hand 
*** SUMMARY ***
Total pot $0.50 | Rake $0 
Seat 1: ACGeordie (button) folded before Flop (didn't bet)
Seat 2: vicamica (small blind) folded before Flop
Seat 3: bioxid999 (big blind) collected ($0.50)
Seat 4: rftgyj folded before Flop (didn't bet)
Seat 5: M0pp1e folded before Flop (didn't bet)
Seat 6: Mahu2021 folded before Flop (didn't bet)



PokerStars Zoom Hand #255268434920:  Hold'em No Limit ($0.25/$0.50) - 2025/03/13 15:42:27 CET [2025/03/13 10:42:27 ET]
Table 'Baade' 6-max Seat #1 is the button
Seat 1: PokerProffs9 ($48.65 in chips) 
Seat 2: mt7.24 ($51.10 in chips) 
Seat 3: Mahu2021 ($27.48 in chips) 
Seat 4: Kristo 914 ($52.39 in chips) 
Seat 5: liamOS ($171.88 in chips) 
mt7.24: posts small blind $0.25
Mahu2021: posts big blind $0.50
*** HOLE CARDS ***
Dealt to Mahu2021 [5h Ts]
Kristo 914: folds 
liamOS: folds 
PokerProffs9: folds 
mt7.24: folds 
Uncalled bet ($0.25) returned to Mahu2021
Mahu2021 collected $0.50 from pot
Mahu2021: doesn't show hand 
*** SUMMARY ***
Total pot $0.50 | Rake $0 
Seat 1: PokerProffs9 (button) folded before Flop (didn't bet)
Seat 2: mt7.24 (small blind) folded before Flop
Seat 3: Mahu2021 (big blind) collected ($0.50)
Seat 4: Kristo 914 folded before Flop (didn't bet)
Seat 5: liamOS folded before Flop (didn't bet)



PokerStars Zoom Hand #255268426764:  Hold'em No Limit ($0.25/$0.50) - 2025/03/13 15:41:42 CET [2025/03/13 10:41:42 ET]
Table 'Baade' 6-max Seat #1 is the button
Seat 1: robdog1983 ($81.05 in chips) 
Seat 2: bioxid999 ($115.17 in chips) 
Seat 3: Mahu2021 ($28.23 in chips) 
Seat 4: Wodgy ($64.63 in chips) 
Seat 5: Vadim91_blr ($50 in chips) 
bioxid999: posts small blind $0.25
Mahu2021: posts big blind $0.50
*** HOLE CARDS ***
Dealt to Mahu2021 [6h Tc]
Wodgy: folds 
Vadim91_blr: folds 
robdog1983: raises $1 to $1.50
bioxid999: raises $4.50 to $6
Mahu2021: folds 
robdog1983: calls $4.50
*** FLOP *** [7c Ks 3s]
bioxid999: bets $3.92
robdog1983: calls $3.92
*** TURN *** [7c Ks 3s] [8h]
bioxid999: bets $12.94
robdog1983: calls $12.94
*** RIVER *** [7c Ks 3s 8h] [Ad]
bioxid999: checks 
robdog1983: bets $26
bioxid999: calls $26
*** SHOW DOWN ***
robdog1983: shows [Kc Kh] (three of a kind, Kings)
bioxid999: mucks hand 
robdog1983 collected $96.22 from pot
*** SUMMARY ***
Total pot $98.22 | Rake $2 
Board [7c Ks 3s 8h Ad]
Seat 1: robdog1983 (button) showed [Kc Kh] and won ($96.22) with three of a kind, Kings
Seat 2: bioxid999 (small blind) mucked [Ac Js]
Seat 3: Mahu2021 (big blind) folded before Flop
Seat 4: Wodgy folded before Flop (didn't bet)
Seat 5: Vadim91_blr folded before Flop (didn't bet)



PokerStars Zoom Hand #255268437973:  Hold'em No Limit ($0.25/$0.50) - 2025/03/13 15:42:44 CET [2025/03/13 10:42:44 ET]
Table 'Baade' 6-max Seat #1 is the button
Seat 1: ACGeordie ($74.56 in chips) 
Seat 2: Saleas0307 ($65.13 in chips) 
Seat 3: Vadim91_blr ($52.82 in chips) 
Seat 4: Mahu2021 ($27.48 in chips) 
Saleas0307: posts small blind $0.25
Vadim91_blr: posts big blind $0.50
*** HOLE CARDS ***
Dealt to Mahu2021 [9d Td]
Mahu2021: raises $0.70 to $1.20
ACGeordie: calls $1.20
Saleas0307: folds 
Vadim91_blr: folds 
*** FLOP *** [8h 6h Kd]
Mahu2021: checks 
ACGeordie: checks 
*** TURN *** [8h 6h Kd] [3c]
Mahu2021: checks 
ACGeordie: checks 
*** RIVER *** [8h 6h Kd 3c] [4h]
Mahu2021: checks 
ACGeordie: checks 
*** SHOW DOWN ***
Mahu2021: shows [9d Td] (high card King)
ACGeordie: shows [Ah Ts] (high card Ace)
ACGeordie collected $2.99 from pot
*** SUMMARY ***
Total pot $3.15 | Rake $0.16 
Board [8h 6h Kd 3c 4h]
Seat 1: ACGeordie (button) showed [Ah Ts] and won ($2.99) with high card Ace
Seat 2: Saleas0307 (small blind) folded before Flop
Seat 3: Vadim91_blr (big blind) folded before Flop
Seat 4: Mahu2021 showed [9d Td] and lost with high card King



PokerStars Zoom Hand #255268436346:  Hold'em No Limit ($0.25/$0.50) - 2025/03/13 15:42:35 CET [2025/03/13 10:42:35 ET]
Table 'Baade' 6-max Seat #1 is the button
Seat 1: Vadim91_blr ($50 in chips) 
Seat 2: Mahu2021 ($27.73 in chips) 
Seat 3: ObvsDaBoss ($56.19 in chips) 
Seat 4: Wodgy ($64.88 in chips) 
Seat 5: Xx7-Zeus-7xX ($52.98 in chips) 
Mahu2021: posts small blind $0.25
ObvsDaBoss: posts big blind $0.50
*** HOLE CARDS ***
Dealt to Mahu2021 [5s Kd]
Wodgy: raises $0.50 to $1
Xx7-Zeus-7xX: folds 
Vadim91_blr: folds 
Mahu2021: folds 
ObvsDaBoss: calls $0.50
*** FLOP *** [8h 5h Jh]
ObvsDaBoss: checks 
Wodgy: bets $0.66
ObvsDaBoss: calls $0.66
*** TURN *** [8h 5h Jh] [6h]
ObvsDaBoss: checks 
Wodgy: checks 
*** RIVER *** [8h 5h Jh 6h] [8s]
ObvsDaBoss: bets $3.39
Wodgy: folds 
Uncalled bet ($3.39) returned to ObvsDaBoss
ObvsDaBoss collected $3.39 from pot
ObvsDaBoss: doesn't show hand 
*** SUMMARY ***
Total pot $3.57 | Rake $0.18 
Board [8h 5h Jh 6h 8s]
Seat 1: Vadim91_blr (button) folded before Flop (didn't bet)
Seat 2: Mahu2021 (small blind) folded before Flop
Seat 3: ObvsDaBoss (big blind) collected ($3.39)
Seat 4: Wodgy folded on the River
Seat 5: Xx7-Zeus-7xX folded before Flop (didn't bet)



PokerStars Zoom Hand #255268432787:  Hold'em No Limit ($0.25/$0.50) - 2025/03/13 15:42:15 CET [2025/03/13 10:42:15 ET]
Table 'Baade' 6-max Seat #1 is the button
Seat 1: Mahu2021 ($27.48 in chips) 
Seat 2: Xx7-Zeus-7xX ($53.23 in chips) 
Seat 3: M0pp1e ($40.97 in chips) 
Seat 4: rftgyj ($72.52 in chips) 
Seat 5: ACGeordie ($55.20 in chips) 
Seat 6: Vadim91_blr ($50 in chips) 
Xx7-Zeus-7xX: posts small blind $0.25
M0pp1e: posts big blind $0.50
*** HOLE CARDS ***
Dealt to Mahu2021 [7c 5h]
rftgyj: calls $0.50
ACGeordie: folds 
Vadim91_blr: folds 
Mahu2021: folds 
Xx7-Zeus-7xX: folds 
M0pp1e: raises $2 to $2.50
rftgyj: calls $2
*** FLOP *** [9d Jh Kd]
M0pp1e: bets $2.50
rftgyj: calls $2.50
*** TURN *** [9d Jh Kd] [6c]
M0pp1e: bets $4.50
rftgyj: calls $4.50
*** RIVER *** [9d Jh Kd 6c] [Td]
M0pp1e: bets $10
rftgyj: calls $10
*** SHOW DOWN ***
M0pp1e: shows [Ac Ad] (a pair of Aces)
rftgyj: shows [Ts Qs] (a straight, Nine to King)
rftgyj collected $37.29 from pot
*** SUMMARY ***
Total pot $39.25 | Rake $1.96 
Board [9d Jh Kd 6c Td]
Seat 1: Mahu2021 (button) folded before Flop (didn't bet)
Seat 2: Xx7-Zeus-7xX (small blind) folded before Flop
Seat 3: M0pp1e (big blind) showed [Ac Ad] and lost with a pair of Aces
Seat 4: rftgyj showed [Ts Qs] and won ($37.29) with a straight, Nine to King
Seat 5: ACGeordie folded before Flop (didn't bet)
Seat 6: Vadim91_blr folded before Flop (didn't bet)



PokerStars Zoom Hand #255268444136:  Hold'em No Limit ($0.25/$0.50) - 2025/03/13 15:43:19 CET [2025/03/13 10:43:19 ET]
Table 'Baade' 6-max Seat #1 is the button
Seat 1: Xx7-Zeus-7xX ($56.34 in chips) 
Seat 2: Wodgy ($63.22 in chips) 
Seat 3: Dessertik ($50 in chips) 
Seat 4: m000nshiner ($113.27 in chips) 
Seat 5: Mahu2021 ($26.28 in chips) 
Wodgy: posts small blind $0.25
Dessertik: posts big blind $0.50
*** HOLE CARDS ***
Dealt to Mahu2021 [3h Ts]
m000nshiner: folds 
Mahu2021: folds 
Xx7-Zeus-7xX: folds 
Wodgy: folds 
Uncalled bet ($0.25) returned to Dessertik
Dessertik collected $0.50 from pot
Dessertik: doesn't show hand 
*** SUMMARY ***
Total pot $0.50 | Rake $0 
Seat 1: Xx7-Zeus-7xX (button) folded before Flop (didn't bet)
Seat 2: Wodgy (small blind) folded before Flop
Seat 3: Dessertik (big blind) collected ($0.50)
Seat 4: m000nshiner folded before Flop (didn't bet)
Seat 5: Mahu2021 folded before Flop (didn't bet)



PokerStars Zoom Hand #255268445356:  Hold'em No Limit ($0.25/$0.50) - 2025/03/13 15:43:26 CET [2025/03/13 10:43:26 ET]
Table 'Baade' 6-max Seat #1 is the button
Seat 1: Vadim91_blr ($52.07 in chips) 
Seat 2: Dessertik ($52.85 in chips) 
Seat 3: Mahu2021 ($26.28 in chips) 
Seat 4: bioxid999 ($66.31 in chips) 
Seat 5: Xx7-Zeus-7xX ($56.34 in chips) 
Dessertik: posts small blind $0.25
Mahu2021: posts big blind $0.50
*** HOLE CARDS ***
Dealt to Mahu2021 [7c 7d]
bioxid999: folds 
Xx7-Zeus-7xX: folds 
Vadim91_blr: raises $0.50 to $1
Dessertik: folds 
Mahu2021: calls $0.50
*** FLOP *** [4d 2d 5s]
Mahu2021: bets $1.50
Vadim91_blr: raises $3.34 to $4.84
Mahu2021: folds 
Uncalled bet ($3.34) returned to Vadim91_blr
Vadim91_blr collected $4.99 from pot
Vadim91_blr: doesn't show hand 
*** SUMMARY ***
Total pot $5.25 | Rake $0.26 
Board [4d 2d 5s]
Seat 1: Vadim91_blr (button) collected ($4.99)
Seat 2: Dessertik (small blind) folded before Flop
Seat 3: Mahu2021 (big blind) folded on the Flop
Seat 4: bioxid999 folded before Flop (didn't bet)
Seat 5: Xx7-Zeus-7xX folded before Flop (didn't bet)



PokerStars Zoom Hand #255268444711:  Hold'em No Limit ($0.25/$0.50) - 2025/03/13 15:43:22 CET [2025/03/13 10:43:22 ET]
Table 'Baade' 6-max Seat #1 is the button
Seat 1: Saleas0307 ($63.88 in chips) 
Seat 2: ACGeordie ($76.35 in chips) 
Seat 3: vicamica ($48.50 in chips) 
Seat 4: Mahu2021 ($26.28 in chips) 
Seat 5: robdog1983 ($128.16 in chips) 
Seat 6: m000nshiner ($113.27 in chips) 
ACGeordie: posts small blind $0.25
vicamica: posts big blind $0.50
*** HOLE CARDS ***
Dealt to Mahu2021 [9d Ah]
Mahu2021: folds 
robdog1983: folds 
m000nshiner: raises $0.50 to $1
Saleas0307: folds 
ACGeordie: calls $0.75
vicamica: calls $0.50
*** FLOP *** [9h Jh 3h]
ACGeordie: checks 
vicamica: checks 
m000nshiner: checks 
*** TURN *** [9h Jh 3h] [Jc]
ACGeordie: checks 
vicamica: bets $1.43
m000nshiner: calls $1.43
ACGeordie: folds 
*** RIVER *** [9h Jh 3h Jc] [7h]
vicamica: bets $0.50
m000nshiner: calls $0.50
*** SHOW DOWN ***
vicamica: shows [2d 6h] (a flush, Jack high)
m000nshiner: mucks hand 
vicamica collected $6.52 from pot
*** SUMMARY ***
Total pot $6.86 | Rake $0.34 
Board [9h Jh 3h Jc 7h]
Seat 1: Saleas0307 (button) folded before Flop (didn't bet)
Seat 2: ACGeordie (small blind) folded on the Turn
Seat 3: vicamica (big blind) showed [2d 6h] and won ($6.52) with a flush, Jack high
Seat 4: Mahu2021 folded before Flop (didn't bet)
Seat 5: robdog1983 folded before Flop (didn't bet)
Seat 6: m000nshiner mucked [4d 4h]



PokerStars Zoom Hand #255268451803:  Hold'em No Limit ($0.25/$0.50) - 2025/03/13 15:44:02 CET [2025/03/13 10:44:02 ET]
Table 'Baade' 6-max Seat #1 is the button
Seat 1: Mahu2021 ($23.78 in chips) 
Seat 2: Xx7-Zeus-7xX ($54.84 in chips) 
Seat 3: Vadim91_blr ($50 in chips) 
Seat 4: Saleas0307 ($64.88 in chips) 
Xx7-Zeus-7xX: posts small blind $0.25
Vadim91_blr: posts big blind $0.50
*** HOLE CARDS ***
Dealt to Mahu2021 [Ac 8c]
Saleas0307: folds 
Mahu2021: raises $1 to $1.50
Xx7-Zeus-7xX: folds 
Vadim91_blr: folds 
Uncalled bet ($1) returned to Mahu2021
Mahu2021 collected $1.25 from pot
Mahu2021: doesn't show hand 
*** SUMMARY ***
Total pot $1.25 | Rake $0 
Seat 1: Mahu2021 (button) collected ($1.25)
Seat 2: Xx7-Zeus-7xX (small blind) folded before Flop
Seat 3: Vadim91_blr (big blind) folded before Flop
Seat 4: Saleas0307 folded before Flop (didn't bet)



PokerStars Zoom Hand #255268455523:  Hold'em No Limit ($0.25/$0.50) - 2025/03/13 15:44:23 CET [2025/03/13 10:44:23 ET]
Table 'Baade' 6-max Seat #1 is the button
Seat 1: Vadim91_blr ($50 in chips) 
Seat 2: Mahu2021 ($24.53 in chips) 
Seat 3: Dessertik ($51.50 in chips) 
Seat 4: Xx7-Zeus-7xX ($56.25 in chips) 
Seat 5: Wodgy ($79.37 in chips) 
Seat 6: ACGeordie ($63.37 in chips) 
Mahu2021: posts small blind $0.25
Dessertik: posts big blind $0.50
*** HOLE CARDS ***
Dealt to Mahu2021 [4d 6h]
Xx7-Zeus-7xX: raises $0.60 to $1.10
Wodgy: folds 
ACGeordie: folds 
Vadim91_blr: folds 
Mahu2021: folds 
Dessertik: folds 
Uncalled bet ($0.60) returned to Xx7-Zeus-7xX
Xx7-Zeus-7xX collected $1.25 from pot
Xx7-Zeus-7xX: doesn't show hand 
*** SUMMARY ***
Total pot $1.25 | Rake $0 
Seat 1: Vadim91_blr (button) folded before Flop (didn't bet)
Seat 2: Mahu2021 (small blind) folded before Flop
Seat 3: Dessertik (big blind) folded before Flop
Seat 4: Xx7-Zeus-7xX collected ($1.25)
Seat 5: Wodgy folded before Flop (didn't bet)
Seat 6: ACGeordie folded before Flop (didn't bet)



PokerStars Zoom Hand #255268456238:  Hold'em No Limit ($0.25/$0.50) - 2025/03/13 15:44:27 CET [2025/03/13 10:44:27 ET]
Table 'Baade' 6-max Seat #1 is the button
Seat 1: ACGeordie ($63.37 in chips) 
Seat 2: Mahu2021 ($24.28 in chips) 
Seat 3: rftgyj ($90.25 in chips) 
Seat 4: Kristo 914 ($63.73 in chips) 
Mahu2021: posts small blind $0.25
rftgyj: posts big blind $0.50
*** HOLE CARDS ***
Dealt to Mahu2021 [5s Js]
Kristo 914: folds 
ACGeordie: raises $0.50 to $1
Mahu2021: folds 
rftgyj: folds 
Uncalled bet ($0.50) returned to ACGeordie
ACGeordie collected $1.25 from pot
ACGeordie: doesn't show hand 
*** SUMMARY ***
Total pot $1.25 | Rake $0 
Seat 1: ACGeordie (button) collected ($1.25)
Seat 2: Mahu2021 (small blind) folded before Flop
Seat 3: rftgyj (big blind) folded before Flop
Seat 4: Kristo 914 folded before Flop (didn't bet)



PokerStars Zoom Hand #255268456986:  Hold'em No Limit ($0.25/$0.50) - 2025/03/13 15:44:31 CET [2025/03/13 10:44:31 ET]
Table 'Baade' 6-max Seat #1 is the button
Seat 1: Kristo 914 ($63.73 in chips) 
Seat 2: Wodgy ($79.37 in chips) 
Seat 3: Xx7-Zeus-7xX ($51.06 in chips) 
Seat 4: Dessertik ($52.60 in chips) 
Seat 5: Mahu2021 ($24.03 in chips) 
Seat 6: Vadim91_blr ($50 in chips) 
Wodgy: posts small blind $0.25
Xx7-Zeus-7xX: posts big blind $0.50
*** HOLE CARDS ***
Dealt to Mahu2021 [7d 7h]
Dessertik: folds 
Mahu2021: raises $0.70 to $1.20
Vadim91_blr: folds 
Kristo 914: folds 
Wodgy: folds 
Xx7-Zeus-7xX: calls $0.70
*** FLOP *** [Ac 8c 6c]
Xx7-Zeus-7xX: checks 
Mahu2021: bets $1.50
Xx7-Zeus-7xX: calls $1.50
*** TURN *** [Ac 8c 6c] [Jh]
Xx7-Zeus-7xX: checks 
Mahu2021: bets $1.50
Xx7-Zeus-7xX: raises $5.02 to $6.52
Mahu2021: folds 
Uncalled bet ($5.02) returned to Xx7-Zeus-7xX
Xx7-Zeus-7xX collected $8.22 from pot
Xx7-Zeus-7xX: doesn't show hand 
*** SUMMARY ***
Total pot $8.65 | Rake $0.43 
Board [Ac 8c 6c Jh]
Seat 1: Kristo 914 (button) folded before Flop (didn't bet)
Seat 2: Wodgy (small blind) folded before Flop
Seat 3: Xx7-Zeus-7xX (big blind) collected ($8.22)
Seat 4: Dessertik folded before Flop (didn't bet)
Seat 5: Mahu2021 folded on the Turn
Seat 6: Vadim91_blr folded before Flop (didn't bet)



PokerStars Zoom Hand #255268467397:  Hold'em No Limit ($0.25/$0.50) - 2025/03/13 15:45:28 CET [2025/03/13 10:45:28 ET]
Table 'Baade' 6-max Seat #1 is the button
Seat 1: Mahu2021 ($19.33 in chips) 
Seat 2: Xx7-Zeus-7xX ($52.64 in chips) 
Seat 3: ACGeordie ($63.37 in chips) 
Seat 4: vicamica ($51.82 in chips) 
Xx7-Zeus-7xX: posts small blind $0.25
ACGeordie: posts big blind $0.50
*** HOLE CARDS ***
Dealt to Mahu2021 [6c Th]
vicamica: folds 
Mahu2021: folds 
Xx7-Zeus-7xX: raises $1 to $1.50
ACGeordie: folds 
Uncalled bet ($1) returned to Xx7-Zeus-7xX
Xx7-Zeus-7xX collected $1 from pot
Xx7-Zeus-7xX: doesn't show hand 
*** SUMMARY ***
Total pot $1 | Rake $0 
Seat 1: Mahu2021 (button) folded before Flop (didn't bet)
Seat 2: Xx7-Zeus-7xX (small blind) collected ($1)
Seat 3: ACGeordie (big blind) folded before Flop
Seat 4: vicamica folded before Flop (didn't bet)



PokerStars Zoom Hand #255268468283:  Hold'em No Limit ($0.25/$0.50) - 2025/03/13 15:45:33 CET [2025/03/13 10:45:33 ET]
Table 'Baade' 6-max Seat #1 is the button
Seat 1: Xx7-Zeus-7xX ($54.83 in chips) 
Seat 2: Wodgy ($80.37 in chips) 
Seat 3: Vadim91_blr ($51.55 in chips) 
Seat 4: Mahu2021 ($19.33 in chips) 
Seat 5: robdog1983 ($123.16 in chips) 
Seat 6: vicamica ($51.82 in chips) 
Wodgy: posts small blind $0.25
Vadim91_blr: posts big blind $0.50
*** HOLE CARDS ***
Dealt to Mahu2021 [5s Th]
Mahu2021: folds 
robdog1983: folds 
vicamica: folds 
Xx7-Zeus-7xX: folds 
Wodgy: folds 
Uncalled bet ($0.25) returned to Vadim91_blr
Vadim91_blr collected $0.50 from pot
Vadim91_blr: doesn't show hand 
*** SUMMARY ***
Total pot $0.50 | Rake $0 
Seat 1: Xx7-Zeus-7xX (button) folded before Flop (didn't bet)
Seat 2: Wodgy (small blind) folded before Flop
Seat 3: Vadim91_blr (big blind) collected ($0.50)
Seat 4: Mahu2021 folded before Flop (didn't bet)
Seat 5: robdog1983 folded before Flop (didn't bet)
Seat 6: vicamica folded before Flop (didn't bet)



PokerStars Zoom Hand #255268468820:  Hold'em No Limit ($0.25/$0.50) - 2025/03/13 15:45:36 CET [2025/03/13 10:45:36 ET]
Table 'Baade' 6-max Seat #1 is the button
Seat 1: Dessertik ($50.09 in chips) 
Seat 2: ACGeordie ($62.87 in chips) 
Seat 3: Mahu2021 ($19.33 in chips) 
Seat 4: Kristo 914 ($50.25 in chips) 
Seat 5: robdog1983 ($123.16 in chips) 
Seat 6: Wodgy ($61.72 in chips) 
ACGeordie: posts small blind $0.25
Mahu2021: posts big blind $0.50
*** HOLE CARDS ***
Dealt to Mahu2021 [9c 2c]
Kristo 914: folds 
robdog1983: raises $1 to $1.50
Wodgy: folds 
Dessertik: folds 
ACGeordie: folds 
Mahu2021: folds 
Uncalled bet ($1) returned to robdog1983
robdog1983 collected $1.25 from pot
robdog1983: doesn't show hand 
*** SUMMARY ***
Total pot $1.25 | Rake $0 
Seat 1: Dessertik (button) folded before Flop (didn't bet)
Seat 2: ACGeordie (small blind) folded before Flop
Seat 3: Mahu2021 (big blind) folded before Flop
Seat 4: Kristo 914 folded before Flop (didn't bet)
Seat 5: robdog1983 collected ($1.25)
Seat 6: Wodgy folded before Flop (didn't bet)



PokerStars Zoom Hand #255268464719:  Hold'em No Limit ($0.25/$0.50) - 2025/03/13 15:45:13 CET [2025/03/13 10:45:13 ET]
Table 'Baade' 6-max Seat #1 is the button
Seat 1: Kristo 914 ($50 in chips) 
Seat 2: Vadim91_blr ($51.80 in chips) 
Seat 3: Mahu2021 ($19.83 in chips) 
Seat 4: Saleas0307 ($63.38 in chips) 
Seat 5: M0pp1e ($49.60 in chips) 
Vadim91_blr: posts small blind $0.25
Mahu2021: posts big blind $0.50
*** HOLE CARDS ***
Dealt to Mahu2021 [3c Th]
Saleas0307: folds 
M0pp1e: calls $0.50
Kristo 914: raises $1.75 to $2.25
Vadim91_blr: folds 
Mahu2021: folds 
M0pp1e: calls $1.75
*** FLOP *** [5h Ks Kh]
M0pp1e: checks 
Kristo 914: bets $1.80
M0pp1e: calls $1.80
*** TURN *** [5h Ks Kh] [9d]
M0pp1e: checks 
Kristo 914: checks 
*** RIVER *** [5h Ks Kh 9d] [5c]
M0pp1e: bets $4
Kristo 914: calls $4
*** SHOW DOWN ***
M0pp1e: shows [6h 6d] (two pair, Kings and Sixes)
Kristo 914: shows [7s 7c] (two pair, Kings and Sevens)
Kristo 914 collected $16.01 from pot
*** SUMMARY ***
Total pot $16.85 | Rake $0.84 
Board [5h Ks Kh 9d 5c]
Seat 1: Kristo 914 (button) showed [7s 7c] and won ($16.01) with two pair, Kings and Sevens
Seat 2: Vadim91_blr (small blind) folded before Flop
Seat 3: Mahu2021 (big blind) folded before Flop
Seat 4: Saleas0307 folded before Flop (didn't bet)
Seat 5: M0pp1e showed [6h 6d] and lost with two pair, Kings and Sixes



PokerStars Zoom Hand #255268471419:  Hold'em No Limit ($0.25/$0.50) - 2025/03/13 15:45:50 CET [2025/03/13 10:45:50 ET]
Table 'Baade' 6-max Seat #1 is the button
Seat 1: rftgyj ($88 in chips) 
Seat 2: Xx7-Zeus-7xX ($60.26 in chips) 
Seat 3: Dessertik ($50 in chips) 
Seat 4: Mahu2021 ($18.83 in chips) 
Xx7-Zeus-7xX: posts small blind $0.25
Dessertik: posts big blind $0.50
*** HOLE CARDS ***
Dealt to Mahu2021 [Jd Ks]
Mahu2021: raises $0.70 to $1.20
rftgyj: raises $1.30 to $2.50
Xx7-Zeus-7xX: folds 
Dessertik: folds 
Mahu2021: calls $1.30
*** FLOP *** [Ts 3h 9h]
Mahu2021: checks 
rftgyj: checks 
*** TURN *** [Ts 3h 9h] [Th]
Mahu2021: checks 
rftgyj: checks 
*** RIVER *** [Ts 3h 9h Th] [6h]
Mahu2021: bets $2
rftgyj: raises $3 to $5
Mahu2021: folds 
Uncalled bet ($3) returned to rftgyj
rftgyj collected $9.26 from pot
rftgyj: doesn't show hand 
*** SUMMARY ***
Total pot $9.75 | Rake $0.49 
Board [Ts 3h 9h Th 6h]
Seat 1: rftgyj (button) collected ($9.26)
Seat 2: Xx7-Zeus-7xX (small blind) folded before Flop
Seat 3: Dessertik (big blind) folded before Flop
Seat 4: Mahu2021 folded on the River



PokerStars Zoom Hand #255268477843:  Hold'em No Limit ($0.25/$0.50) - 2025/03/13 15:46:25 CET [2025/03/13 10:46:25 ET]
Table 'Baade' 6-max Seat #1 is the button
Seat 1: vicamica ($49.57 in chips) 
Seat 2: leonidas31415 ($50.25 in chips) 
Seat 3: Nahrven ($50 in chips) 
Seat 4: liamOS ($163.42 in chips) 
Seat 5: ObvsDaBoss ($63.12 in chips) 
Seat 6: Mahu2021 ($14.33 in chips) 
leonidas31415: posts small blind $0.25
Nahrven: posts big blind $0.50
*** HOLE CARDS ***
Dealt to Mahu2021 [4h 6d]
liamOS: folds 
ObvsDaBoss: folds 
Mahu2021: folds 
vicamica: raises $0.50 to $1
leonidas31415: folds 
Nahrven: calls $0.50
*** FLOP *** [9c Qd 2s]
Nahrven: checks 
vicamica: checks 
*** TURN *** [9c Qd 2s] [8s]
Nahrven: bets $2.87
vicamica: folds 
Uncalled bet ($2.87) returned to Nahrven
Nahrven collected $2.14 from pot
Nahrven: doesn't show hand 
*** SUMMARY ***
Total pot $2.25 | Rake $0.11 
Board [9c Qd 2s 8s]
Seat 1: vicamica (button) folded on the Turn
Seat 2: leonidas31415 (small blind) folded before Flop
Seat 3: Nahrven (big blind) collected ($2.14)
Seat 4: liamOS folded before Flop (didn't bet)
Seat 5: ObvsDaBoss folded before Flop (didn't bet)
Seat 6: Mahu2021 folded before Flop (didn't bet)



PokerStars Zoom Hand #255268480583:  Hold'em No Limit ($0.25/$0.50) - 2025/03/13 15:46:40 CET [2025/03/13 10:46:40 ET]
Table 'Baade' 6-max Seat #1 is the button
Seat 1: Mahu2021 ($14.08 in chips) 
Seat 2: Nahrven ($50 in chips) 
Seat 3: Dessertik ($50 in chips) 
Seat 4: Saleas0307 ($70.04 in chips) 
Nahrven: posts small blind $0.25
Dessertik: posts big blind $0.50
*** HOLE CARDS ***
Dealt to Mahu2021 [Th 3d]
Saleas0307: folds 
Mahu2021: folds 
Nahrven: raises $1 to $1.50
Dessertik: folds 
Uncalled bet ($1) returned to Nahrven
Nahrven collected $1 from pot
Nahrven: doesn't show hand 
*** SUMMARY ***
Total pot $1 | Rake $0 
Seat 1: Mahu2021 (button) folded before Flop (didn't bet)
Seat 2: Nahrven (small blind) collected ($1)
Seat 3: Dessertik (big blind) folded before Flop
Seat 4: Saleas0307 folded before Flop (didn't bet)



PokerStars Zoom Hand #255268478583:  Hold'em No Limit ($0.25/$0.50) - 2025/03/13 15:46:29 CET [2025/03/13 10:46:29 ET]
Table 'Baade' 6-max Seat #1 is the button
Seat 1: leonidas31415 ($50 in chips) 
Seat 2: Mahu2021 ($14.33 in chips) 
Seat 3: Kristo 914 ($50 in chips) 
Seat 4: liamOS ($163.42 in chips) 
Seat 5: m000nshiner ($111.54 in chips) 
Seat 6: Dessertik ($50 in chips) 
Mahu2021: posts small blind $0.25
Kristo 914: posts big blind $0.50
*** HOLE CARDS ***
Dealt to Mahu2021 [Ts 7s]
liamOS: folds 
m000nshiner: folds 
Dessertik: folds 
leonidas31415: raises $1 to $1.50
Mahu2021: folds 
Kristo 914: raises $4.50 to $6
leonidas31415: folds 
Uncalled bet ($4.50) returned to Kristo 914
Kristo 914 collected $3.25 from pot
Kristo 914: doesn't show hand 
*** SUMMARY ***
Total pot $3.25 | Rake $0 
Seat 1: leonidas31415 (button) folded before Flop
Seat 2: Mahu2021 (small blind) folded before Flop
Seat 3: Kristo 914 (big blind) collected ($3.25)
Seat 4: liamOS folded before Flop (didn't bet)
Seat 5: m000nshiner folded before Flop (didn't bet)
Seat 6: Dessertik folded before Flop (didn't bet)



PokerStars Zoom Hand #255268481309:  Hold'em No Limit ($0.25/$0.50) - 2025/03/13 15:46:44 CET [2025/03/13 10:46:44 ET]
Table 'Baade' 6-max Seat #1 is the button
Seat 1: Saleas0307 ($70.04 in chips) 
Seat 2: Nahrven ($50.25 in chips) 
Seat 3: Mahu2021 ($14.08 in chips) 
Seat 4: Vadim91_blr ($52.25 in chips) 
Nahrven: posts small blind $0.25
Mahu2021: posts big blind $0.50
*** HOLE CARDS ***
Dealt to Mahu2021 [Ks 9h]
Vadim91_blr: folds 
Saleas0307: folds 
Nahrven: raises $1 to $1.50
Mahu2021: calls $1
*** FLOP *** [Qd 4c 6h]
Nahrven: bets $0.94
Mahu2021: folds 
Uncalled bet ($0.94) returned to Nahrven
Nahrven collected $2.85 from pot
Nahrven: doesn't show hand 
*** SUMMARY ***
Total pot $3 | Rake $0.15 
Board [Qd 4c 6h]
Seat 1: Saleas0307 (button) folded before Flop (didn't bet)
Seat 2: Nahrven (small blind) collected ($2.85)
Seat 3: Mahu2021 (big blind) folded on the Flop
Seat 4: Vadim91_blr folded before Flop (didn't bet)



PokerStars Zoom Hand #255268486216:  Hold'em No Limit ($0.25/$0.50) - 2025/03/13 15:47:11 CET [2025/03/13 10:47:11 ET]
Table 'Baade' 6-max Seat #1 is the button
Seat 1: liamOS ($163.42 in chips) 
Seat 2: Mahu2021 ($12.58 in chips) 
Seat 3: Nahrven ($50 in chips) 
Seat 4: Xx7-Zeus-7xX ($60.76 in chips) 
Mahu2021: posts small blind $0.25
Nahrven: posts big blind $0.50
*** HOLE CARDS ***
Dealt to Mahu2021 [8c Qh]
Xx7-Zeus-7xX: folds 
liamOS: folds 
Mahu2021: folds 
Uncalled bet ($0.25) returned to Nahrven
Nahrven collected $0.50 from pot
Nahrven: doesn't show hand 
*** SUMMARY ***
Total pot $0.50 | Rake $0 
Seat 1: liamOS (button) folded before Flop (didn't bet)
Seat 2: Mahu2021 (small blind) folded before Flop
Seat 3: Nahrven (big blind) collected ($0.50)
Seat 4: Xx7-Zeus-7xX folded before Flop (didn't bet)



PokerStars Zoom Hand #255268487676:  Hold'em No Limit ($0.25/$0.50) - 2025/03/13 15:47:19 CET [2025/03/13 10:47:19 ET]
Table 'Baade' 6-max Seat #1 is the button
Seat 1: Xx7-Zeus-7xX ($60.76 in chips) 
Seat 2: Dessertik ($52.23 in chips) 
Seat 3: ACGeordie ($52.22 in chips) 
Seat 4: Mahu2021 ($12.33 in chips) 
Dessertik: posts small blind $0.25
ACGeordie: posts big blind $0.50
*** HOLE CARDS ***
Dealt to Mahu2021 [3d Kd]
Mahu2021: folds 
Xx7-Zeus-7xX: folds 
Dessertik: folds 
Uncalled bet ($0.25) returned to ACGeordie
ACGeordie collected $0.50 from pot
ACGeordie: doesn't show hand 
*** SUMMARY ***
Total pot $0.50 | Rake $0 
Seat 1: Xx7-Zeus-7xX (button) folded before Flop (didn't bet)
Seat 2: Dessertik (small blind) folded before Flop
Seat 3: ACGeordie (big blind) collected ($0.50)
Seat 4: Mahu2021 folded before Flop (didn't bet)



PokerStars Zoom Hand #255268484806:  Hold'em No Limit ($0.25/$0.50) - 2025/03/13 15:47:03 CET [2025/03/13 10:47:03 ET]
Table 'Baade' 6-max Seat #1 is the button
Seat 1: leonidas31415 ($48 in chips) 
Seat 2: Vadim91_blr ($50.30 in chips) 
Seat 3: Kristo 914 ($51.61 in chips) 
Seat 4: Wodgy ($90.27 in chips) 
Seat 5: Mahu2021 ($12.58 in chips) 
Vadim91_blr: posts small blind $0.25
Kristo 914: posts big blind $0.50
*** HOLE CARDS ***
Dealt to Mahu2021 [Qc 7c]
Wodgy: folds 
Mahu2021: folds 
leonidas31415: folds 
Vadim91_blr: raises $0.50 to $1
Kristo 914: calls $0.50
*** FLOP *** [Qh Td 4d]
Vadim91_blr: checks 
Kristo 914: checks 
*** TURN *** [Qh Td 4d] [3c]
Vadim91_blr: checks 
Kristo 914: checks 
*** RIVER *** [Qh Td 4d 3c] [Kc]
Vadim91_blr: bets $1.52
Kristo 914: folds 
Uncalled bet ($1.52) returned to Vadim91_blr
Vadim91_blr collected $1.90 from pot
Vadim91_blr: doesn't show hand 
*** SUMMARY ***
Total pot $2 | Rake $0.10 
Board [Qh Td 4d 3c Kc]
Seat 1: leonidas31415 (button) folded before Flop (didn't bet)
Seat 2: Vadim91_blr (small blind) collected ($1.90)
Seat 3: Kristo 914 (big blind) folded on the River
Seat 4: Wodgy folded before Flop (didn't bet)
Seat 5: Mahu2021 folded before Flop (didn't bet)



PokerStars Zoom Hand #255268488216:  Hold'em No Limit ($0.25/$0.50) - 2025/03/13 15:47:22 CET [2025/03/13 10:47:22 ET]
Table 'Baade' 6-max Seat #1 is the button
Seat 1: liamOS ($163.17 in chips) 
Seat 2: Nahrven ($50.25 in chips) 
Seat 3: Mahu2021 ($12.33 in chips) 
Seat 4: M0pp1e ($40.61 in chips) 
Nahrven: posts small blind $0.25
Mahu2021: posts big blind $0.50
*** HOLE CARDS ***
Dealt to Mahu2021 [Ah 8s]
M0pp1e: folds 
liamOS: folds 
Nahrven: raises $1 to $1.50
Mahu2021: calls $1
*** FLOP *** [Kd 8d 9d]
Nahrven: bets $0.50
Mahu2021: raises $4.50 to $5
Nahrven: raises $17.22 to $22.22
Mahu2021: folds 
Uncalled bet ($17.22) returned to Nahrven
Nahrven collected $12.35 from pot
Nahrven: doesn't show hand 
*** SUMMARY ***
Total pot $13 | Rake $0.65 
Board [Kd 8d 9d]
Seat 1: liamOS (button) folded before Flop (didn't bet)
Seat 2: Nahrven (small blind) collected ($12.35)
Seat 3: Mahu2021 (big blind) folded on the Flop
Seat 4: M0pp1e folded before Flop (didn't bet)



PokerStars Zoom Hand #255268495414:  Hold'em No Limit ($0.25/$0.50) - 2025/03/13 15:48:02 CET [2025/03/13 10:48:02 ET]
Table 'Baade' 6-max Seat #1 is the button
Seat 1: Dessertik ($50 in chips) 
Seat 2: Mahu2021 ($5.83 in chips) 
Seat 3: Wodgy ($62.22 in chips) 
Seat 4: Nahrven ($56.10 in chips) 
Mahu2021: posts small blind $0.25
Wodgy: posts big blind $0.50
*** HOLE CARDS ***
Dealt to Mahu2021 [3d 6s]
Nahrven: folds 
Dessertik: folds 
Mahu2021: folds 
Uncalled bet ($0.25) returned to Wodgy
Wodgy collected $0.50 from pot
Wodgy: doesn't show hand 
*** SUMMARY ***
Total pot $0.50 | Rake $0 
Seat 1: Dessertik (button) folded before Flop (didn't bet)
Seat 2: Mahu2021 (small blind) folded before Flop
Seat 3: Wodgy (big blind) collected ($0.50)
Seat 4: Nahrven folded before Flop (didn't bet)



PokerStars Zoom Hand #255268486970:  Hold'em No Limit ($0.25/$0.50) - 2025/03/13 15:47:15 CET [2025/03/13 10:47:15 ET]
Table 'Baade' 6-max Seat #1 is the button
Seat 1: ACGeordie ($52.22 in chips) 
Seat 2: Wodgy ($90.27 in chips) 
Seat 3: m000nshiner ($112.04 in chips) 
Seat 4: Mahu2021 ($12.33 in chips) 
Wodgy: posts small blind $0.25
m000nshiner: posts big blind $0.50
*** HOLE CARDS ***
Dealt to Mahu2021 [9d Ah]
Mahu2021: folds 
ACGeordie: folds 
Wodgy: raises $1 to $1.50
m000nshiner: calls $1
*** FLOP *** [2d 7d Th]
Wodgy: bets $0.88
m000nshiner: calls $0.88
*** TURN *** [2d 7d Th] [8h]
Wodgy: checks 
m000nshiner: checks 
*** RIVER *** [2d 7d Th 8h] [3h]
Wodgy: checks 
m000nshiner: checks 
*** SHOW DOWN ***
Wodgy: shows [3c 4c] (a pair of Threes)
m000nshiner: shows [4s 7s] (a pair of Sevens)
m000nshiner collected $4.52 from pot
*** SUMMARY ***
Total pot $4.76 | Rake $0.24 
Board [2d 7d Th 8h 3h]
Seat 1: ACGeordie (button) folded before Flop (didn't bet)
Seat 2: Wodgy (small blind) showed [3c 4c] and lost with a pair of Threes
Seat 3: m000nshiner (big blind) showed [4s 7s] and won ($4.52) with a pair of Sevens
Seat 4: Mahu2021 folded before Flop (didn't bet)



PokerStars Zoom Hand #255268485537:  Hold'em No Limit ($0.25/$0.50) - 2025/03/13 15:47:07 CET [2025/03/13 10:47:07 ET]
Table 'Baade' 6-max Seat #1 is the button
Seat 1: Mahu2021 ($12.58 in chips) 
Seat 2: leonidas31415 ($48 in chips) 
Seat 3: Dessertik ($52.73 in chips) 
Seat 4: Saleas0307 ($70.04 in chips) 
leonidas31415: posts small blind $0.25
Dessertik: posts big blind $0.50
*** HOLE CARDS ***
Dealt to Mahu2021 [4s 5c]
Saleas0307: raises $0.55 to $1.05
Mahu2021: folds 
leonidas31415: calls $0.80
Dessertik: folds 
*** FLOP *** [4h Ad 9d]
leonidas31415: checks 
Saleas0307: bets $2.05
leonidas31415: calls $2.05
*** TURN *** [4h Ad 9d] [Td]
leonidas31415: checks 
Saleas0307: bets $3.60
leonidas31415: calls $3.60
*** RIVER *** [4h Ad 9d Td] [Ac]
leonidas31415: bets $5.60
Saleas0307: raises $39.90 to $45.50
leonidas31415: calls $35.70 and is all-in
Uncalled bet ($4.20) returned to Saleas0307
*** SHOW DOWN ***
Saleas0307: shows [Ts Ah] (a full house, Aces full of Tens)
leonidas31415: shows [5d 8d] (a flush, Ace high)
Saleas0307 collected $95.75 from pot
*** SUMMARY ***
Total pot $96.50 | Rake $0.75 
Board [4h Ad 9d Td Ac]
Seat 1: Mahu2021 (button) folded before Flop (didn't bet)
Seat 2: leonidas31415 (small blind) showed [5d 8d] and lost with a flush, Ace high
Seat 3: Dessertik (big blind) folded before Flop
Seat 4: Saleas0307 showed [Ts Ah] and won ($95.75) with a full house, Aces full of Tens



PokerStars Zoom Hand #255268497233:  Hold'em No Limit ($0.25/$0.50) - 2025/03/13 15:48:12 CET [2025/03/13 10:48:12 ET]
Table 'Baade' 6-max Seat #1 is the button
Seat 1: Mahu2021 ($5.58 in chips) 
Seat 2: Vadim91_blr ($50.70 in chips) 
Seat 3: Kristo 914 ($56.89 in chips) 
Seat 4: Dessertik ($50 in chips) 
Vadim91_blr: posts small blind $0.25
Kristo 914: posts big blind $0.50
*** HOLE CARDS ***
Dealt to Mahu2021 [Kh Qh]
Dessertik: folds 
Mahu2021: raises $1 to $1.50
Vadim91_blr: folds 
Kristo 914: folds 
Uncalled bet ($1) returned to Mahu2021
Mahu2021 collected $1.25 from pot
Mahu2021: doesn't show hand 
*** SUMMARY ***
Total pot $1.25 | Rake $0 
Seat 1: Mahu2021 (button) collected ($1.25)
Seat 2: Vadim91_blr (small blind) folded before Flop
Seat 3: Kristo 914 (big blind) folded before Flop
Seat 4: Dessertik folded before Flop (didn't bet)



PokerStars Zoom Hand #255268496115:  Hold'em No Limit ($0.25/$0.50) - 2025/03/13 15:48:06 CET [2025/03/13 10:48:06 ET]
Table 'Baade' 6-max Seat #1 is the button
Seat 1: Nahrven ($59.80 in chips) 
Seat 2: vicamica ($52.13 in chips) 
Seat 3: Dessertik ($50 in chips) 
Seat 4: Mahu2021 ($5.58 in chips) 
vicamica: posts small blind $0.25
Dessertik: posts big blind $0.50
*** HOLE CARDS ***
Dealt to Mahu2021 [8d 4d]
Mahu2021: folds 
Nahrven: raises $0.75 to $1.25
vicamica: calls $1
Dessertik: raises $5.25 to $6.50
Nahrven: folds 
vicamica: folds 
Uncalled bet ($5.25) returned to Dessertik
Dessertik collected $3.75 from pot
Dessertik: doesn't show hand 
*** SUMMARY ***
Total pot $3.75 | Rake $0 
Seat 1: Nahrven (button) folded before Flop
Seat 2: vicamica (small blind) folded before Flop
Seat 3: Dessertik (big blind) collected ($3.75)
Seat 4: Mahu2021 folded before Flop (didn't bet)



PokerStars Zoom Hand #255268496689:  Hold'em No Limit ($0.25/$0.50) - 2025/03/13 15:48:09 CET [2025/03/13 10:48:09 ET]
Table 'Baade' 6-max Seat #1 is the button
Seat 1: Wodgy ($62.47 in chips) 
Seat 2: Xx7-Zeus-7xX ($56.51 in chips) 
Seat 3: Dessertik ($50 in chips) 
Seat 4: Mahu2021 ($5.58 in chips) 
Xx7-Zeus-7xX: posts small blind $0.25
Dessertik: posts big blind $0.50
*** HOLE CARDS ***
Dealt to Mahu2021 [5h Ks]
Mahu2021: folds 
Wodgy: raises $0.75 to $1.25
Xx7-Zeus-7xX: folds 
Dessertik: raises $4.75 to $6
Wodgy: calls $4.75
*** FLOP *** [4s Ts 3c]
Dessertik: bets $7.57
Wodgy: raises $48.90 to $56.47 and is all-in
Dessertik: calls $36.43 and is all-in
Uncalled bet ($12.47) returned to Wodgy
*** TURN *** [4s Ts 3c] [9s]
*** RIVER *** [4s Ts 3c 9s] [6c]
*** SHOW DOWN ***
Dessertik: shows [Js Jh] (a pair of Jacks)
Wodgy: shows [6s 5s] (a flush, Ten high)
Wodgy collected $99.50 from pot
*** SUMMARY ***
Total pot $100.25 | Rake $0.75 
Board [4s Ts 3c 9s 6c]
Seat 1: Wodgy (button) showed [6s 5s] and won ($99.50) with a flush, Ten high
Seat 2: Xx7-Zeus-7xX (small blind) folded before Flop
Seat 3: Dessertik (big blind) showed [Js Jh] and lost with a pair of Jacks
Seat 4: Mahu2021 folded before Flop (didn't bet)



PokerStars Zoom Hand #255268500800:  Hold'em No Limit ($0.25/$0.50) - 2025/03/13 15:48:32 CET [2025/03/13 10:48:32 ET]
Table 'Baade' 6-max Seat #1 is the button
Seat 1: Saleas0307 ($117.54 in chips) 
Seat 2: Vadim91_blr ($50 in chips) 
Seat 3: Dessertik ($50 in chips) 
Seat 4: Xx7-Zeus-7xX ($56.26 in chips) 
Seat 5: Mahu2021 ($6.33 in chips) 
Seat 6: Kristo 914 ($60.42 in chips) 
Vadim91_blr: posts small blind $0.25
Dessertik: posts big blind $0.50
*** HOLE CARDS ***
Dealt to Mahu2021 [As 5s]
Xx7-Zeus-7xX: raises $0.60 to $1.10
Mahu2021: calls $1.10
Kristo 914: folds 
Saleas0307: folds 
Vadim91_blr: folds 
Dessertik: folds 
*** FLOP *** [2s 5d 6d]
Xx7-Zeus-7xX: checks 
Mahu2021: bets $5.23 and is all-in
Xx7-Zeus-7xX: calls $5.23
*** TURN *** [2s 5d 6d] [Jc]
*** RIVER *** [2s 5d 6d Jc] [7s]
*** SHOW DOWN ***
Xx7-Zeus-7xX: shows [Qd Jd] (a pair of Jacks)
Mahu2021: shows [As 5s] (a pair of Fives)
Xx7-Zeus-7xX collected $12.74 from pot
*** SUMMARY ***
Total pot $13.41 | Rake $0.67 
Board [2s 5d 6d Jc 7s]
Seat 1: Saleas0307 (button) folded before Flop (didn't bet)
Seat 2: Vadim91_blr (small blind) folded before Flop
Seat 3: Dessertik (big blind) folded before Flop
Seat 4: Xx7-Zeus-7xX showed [Qd Jd] and won ($12.74) with a pair of Jacks
Seat 5: Mahu2021 showed [As 5s] and lost with a pair of Fives
Seat 6: Kristo 914 folded before Flop (didn't bet)



