PokerStars Zoom Hand #253834079473:  Hold'em No Limit ($0.05/$0.10) - 2024/12/13 15:21:43 CET [2024/12/13 9:21:43 ET]
Table 'Aludra' 6-max Seat #1 is the button
Seat 1: blindprotector ($10.96 in chips) 
Seat 2: NicBrotzu ($10.96 in chips) 
Seat 3: Mahu2021 ($10 in chips) 
Seat 4: Henrysport ($29.65 in chips) 
Seat 5: xdrKush420x ($10.58 in chips) 
Seat 6: DonkeyKong1960 ($10 in chips) 
NicBrotzu: posts small blind $0.05
Mahu2021: posts big blind $0.10
*** HOLE CARDS ***
Dealt to Mahu2021 [Kc 3d]
Henrysport: raises $0.11 to $0.21
xdrKush420x: folds 
DonkeyKong1960: folds 
blindprotector: folds 
NicBrotzu: folds 
Mahu2021: folds 
Uncalled bet ($0.11) returned to Henrysport
Henrysport collected $0.25 from pot
Henrysport: doesn't show hand 
*** SUMMARY ***
Total pot $0.25 | Rake $0 
Seat 1: blindprotector (button) folded before Flop (didn't bet)
Seat 2: NicBrotzu (small blind) folded before Flop
Seat 3: Mahu2021 (big blind) folded before Flop
Seat 4: Henrysport collected ($0.25)
Seat 5: xdrKush420x folded before Flop (didn't bet)
Seat 6: DonkeyKong1960 folded before Flop (didn't bet)



PokerStars Zoom Hand #253834081728:  Hold'em No Limit ($0.05/$0.10) - 2024/12/13 15:21:56 CET [2024/12/13 9:21:56 ET]
Table 'Aludra' 6-max Seat #1 is the button
Seat 1: LUBOSF99 ($5.82 in chips) 
Seat 2: 23 bis ($9.01 in chips) 
Seat 3: DonkeyKong1960 ($10 in chips) 
Seat 4: Mahu2021 ($9.90 in chips) 
Seat 5: PAUSOF ($14.60 in chips) 
Seat 6: Deox666 ($11.38 in chips) 
23 bis: posts small blind $0.05
DonkeyKong1960: posts big blind $0.10
*** HOLE CARDS ***
Dealt to Mahu2021 [4d 7h]
Mahu2021: folds 
PAUSOF: folds 
Deox666: folds 
LUBOSF99: folds 
23 bis: raises $0.20 to $0.30
DonkeyKong1960: raises $0.90 to $1.20
23 bis: folds 
Uncalled bet ($0.90) returned to DonkeyKong1960
DonkeyKong1960 collected $0.60 from pot
DonkeyKong1960: doesn't show hand 
*** SUMMARY ***
Total pot $0.60 | Rake $0 
Seat 1: LUBOSF99 (button) folded before Flop (didn't bet)
Seat 2: 23 bis (small blind) folded before Flop
Seat 3: DonkeyKong1960 (big blind) collected ($0.60)
Seat 4: Mahu2021 folded before Flop (didn't bet)
Seat 5: PAUSOF folded before Flop (didn't bet)
Seat 6: Deox666 folded before Flop (didn't bet)



PokerStars Zoom Hand #253834084389:  Hold'em No Limit ($0.05/$0.10) - 2024/12/13 15:22:11 CET [2024/12/13 9:22:11 ET]
Table 'Aludra' 6-max Seat #1 is the button
Seat 1: Losimas(LT) ($10.10 in chips) 
Seat 2: Mahu2021 ($9.90 in chips) 
Seat 3: xdrKush420x ($10 in chips) 
Seat 4: 611mila ($8.25 in chips) 
Seat 5: rullorh ($11.20 in chips) 
Seat 6: Andrey458 ($13.62 in chips) 
Mahu2021: posts small blind $0.05
xdrKush420x: posts big blind $0.10
*** HOLE CARDS ***
Dealt to Mahu2021 [Jh 4d]
611mila: folds 
rullorh: folds 
Andrey458: folds 
Losimas(LT): folds 
Mahu2021: folds 
Uncalled bet ($0.05) returned to xdrKush420x
xdrKush420x collected $0.10 from pot
xdrKush420x: doesn't show hand 
*** SUMMARY ***
Total pot $0.10 | Rake $0 
Seat 1: Losimas(LT) (button) folded before Flop (didn't bet)
Seat 2: Mahu2021 (small blind) folded before Flop
Seat 3: xdrKush420x (big blind) collected ($0.10)
Seat 4: 611mila folded before Flop (didn't bet)
Seat 5: rullorh folded before Flop (didn't bet)
Seat 6: Andrey458 folded before Flop (didn't bet)



PokerStars Zoom Hand #253834085374:  Hold'em No Limit ($0.05/$0.10) - 2024/12/13 15:22:17 CET [2024/12/13 9:22:17 ET]
Table 'Aludra' 6-max Seat #1 is the button
Seat 1: Mahu2021 ($9.85 in chips) 
Seat 2: 611mila ($8.25 in chips) 
Seat 3: Thecrab666 ($5.02 in chips) 
Seat 4: bartovskii ($16.29 in chips) 
Seat 5: Andrey458 ($10 in chips) 
Seat 6: Whysoserios0 ($13.45 in chips) 
611mila: posts small blind $0.05
Thecrab666: posts big blind $0.10
*** HOLE CARDS ***
Dealt to Mahu2021 [Kc 4c]
bartovskii: folds 
Andrey458: folds 
Whysoserios0: folds 
Mahu2021: raises $0.20 to $0.30
611mila: folds 
Thecrab666: calls $0.20
*** FLOP *** [3d 5s As]
Thecrab666: bets $0.31
Mahu2021: calls $0.31
*** TURN *** [3d 5s As] [7d]
Thecrab666: bets $0.61
Mahu2021: calls $0.61
*** RIVER *** [3d 5s As 7d] [5d]
Thecrab666: bets $1.19
Mahu2021: folds 
Uncalled bet ($1.19) returned to Thecrab666
Thecrab666 collected $2.38 from pot
Thecrab666: doesn't show hand 
*** SUMMARY ***
Total pot $2.49 | Rake $0.11 
Board [3d 5s As 7d 5d]
Seat 1: Mahu2021 (button) folded on the River
Seat 2: 611mila (small blind) folded before Flop
Seat 3: Thecrab666 (big blind) collected ($2.38)
Seat 4: bartovskii folded before Flop (didn't bet)
Seat 5: Andrey458 folded before Flop (didn't bet)
Seat 6: Whysoserios0 folded before Flop (didn't bet)



PokerStars Zoom Hand #253834089093:  Hold'em No Limit ($0.05/$0.10) - 2024/12/13 15:22:39 CET [2024/12/13 9:22:39 ET]
Table 'Aludra' 6-max Seat #1 is the button
Seat 1: Whysoserios0 ($13.50 in chips) 
Seat 2: Andrey458 ($10.15 in chips) 
Seat 3: Mahu2021 ($8.63 in chips) 
Seat 4: DonkeyKong1960 ($10.46 in chips) 
Seat 5: 23 bis ($8.04 in chips) 
Seat 6: xdrKush420x ($10 in chips) 
Andrey458: posts small blind $0.05
Mahu2021: posts big blind $0.10
*** HOLE CARDS ***
Dealt to Mahu2021 [3d 6h]
DonkeyKong1960: folds 
23 bis: folds 
xdrKush420x: raises $0.12 to $0.22
Whysoserios0: folds 
Andrey458: folds 
Mahu2021: folds 
Uncalled bet ($0.12) returned to xdrKush420x
xdrKush420x collected $0.25 from pot
xdrKush420x: doesn't show hand 
*** SUMMARY ***
Total pot $0.25 | Rake $0 
Seat 1: Whysoserios0 (button) folded before Flop (didn't bet)
Seat 2: Andrey458 (small blind) folded before Flop
Seat 3: Mahu2021 (big blind) folded before Flop
Seat 4: DonkeyKong1960 folded before Flop (didn't bet)
Seat 5: 23 bis folded before Flop (didn't bet)
Seat 6: xdrKush420x collected ($0.25)



PokerStars Zoom Hand #253834088530:  Hold'em No Limit ($0.05/$0.10) - 2024/12/13 15:22:36 CET [2024/12/13 9:22:36 ET]
Table 'Aludra' 6-max Seat #1 is the button
Seat 1: cybik945 ($10.82 in chips) 
Seat 2: athensfrance ($10 in chips) 
Seat 3: Ritter00 ($7.79 in chips) 
Seat 4: keirin459 ($12.48 in chips) 
Seat 5: deNL2aNL100 ($11.17 in chips) 
Seat 6: Mahu2021 ($8.63 in chips) 
athensfrance: posts small blind $0.05
Ritter00: posts big blind $0.10
*** HOLE CARDS ***
Dealt to Mahu2021 [Ks 3h]
keirin459: folds 
deNL2aNL100: raises $0.20 to $0.30
Mahu2021: folds 
cybik945: folds 
athensfrance: calls $0.25
Ritter00: folds 
*** FLOP *** [8s 4h 5s]
athensfrance: bets $0.14
deNL2aNL100: calls $0.14
*** TURN *** [8s 4h 5s] [6h]
athensfrance: bets $0.67
deNL2aNL100: folds 
Uncalled bet ($0.67) returned to athensfrance
athensfrance collected $0.94 from pot
athensfrance: doesn't show hand 
*** SUMMARY ***
Total pot $0.98 | Rake $0.04 
Board [8s 4h 5s 6h]
Seat 1: cybik945 (button) folded before Flop (didn't bet)
Seat 2: athensfrance (small blind) collected ($0.94)
Seat 3: Ritter00 (big blind) folded before Flop
Seat 4: keirin459 folded before Flop (didn't bet)
Seat 5: deNL2aNL100 folded on the Turn
Seat 6: Mahu2021 folded before Flop (didn't bet)



PokerStars Zoom Hand #253834090976:  Hold'em No Limit ($0.05/$0.10) - 2024/12/13 15:22:50 CET [2024/12/13 9:22:50 ET]
Table 'Aludra' 6-max Seat #1 is the button
Seat 1: cpt.vnpp ($10 in chips) 
Seat 2: Mahu2021 ($8.53 in chips) 
Seat 3: MasterK0830 ($11.23 in chips) 
Seat 4: Karaflas1 ($12.37 in chips) 
Seat 5: 23 bis ($7.99 in chips) 
Seat 6: Deox666 ($10.25 in chips) 
Mahu2021: posts small blind $0.05
MasterK0830: posts big blind $0.10
*** HOLE CARDS ***
Dealt to Mahu2021 [Jd 9c]
Karaflas1: raises $0.10 to $0.20
23 bis: folds 
Deox666: calls $0.20
cpt.vnpp: folds 
Mahu2021: folds 
MasterK0830: calls $0.10
*** FLOP *** [4s 3s Tc]
MasterK0830: checks 
Karaflas1: checks 
Deox666: checks 
*** TURN *** [4s 3s Tc] [2c]
MasterK0830: bets $0.31
Karaflas1: calls $0.31
Deox666: calls $0.31
*** RIVER *** [4s 3s Tc 2c] [7d]
MasterK0830: checks 
Karaflas1: checks 
Deox666: checks 
*** SHOW DOWN ***
MasterK0830: shows [Ad Js] (high card Ace)
Karaflas1: mucks hand 
Deox666: mucks hand 
MasterK0830 collected $1.51 from pot
*** SUMMARY ***
Total pot $1.58 | Rake $0.07 
Board [4s 3s Tc 2c 7d]
Seat 1: cpt.vnpp (button) folded before Flop (didn't bet)
Seat 2: Mahu2021 (small blind) folded before Flop
Seat 3: MasterK0830 (big blind) showed [Ad Js] and won ($1.51) with high card Ace
Seat 4: Karaflas1 mucked [9s Qs]
Seat 5: 23 bis folded before Flop (didn't bet)
Seat 6: Deox666 mucked [Ac 6c]



PokerStars Zoom Hand #253834091638:  Hold'em No Limit ($0.05/$0.10) - 2024/12/13 15:22:54 CET [2024/12/13 9:22:54 ET]
Table 'Aludra' 6-max Seat #1 is the button
Seat 1: Mahu2021 ($8.48 in chips) 
Seat 2: rullorh ($11.45 in chips) 
Seat 3: VitorArj ($10 in chips) 
Seat 4: tigerfarm ($13.25 in chips) 
Seat 5: Bumeyes ($12.42 in chips) 
Seat 6: 23 bis ($7.99 in chips) 
rullorh: posts small blind $0.05
VitorArj: posts big blind $0.10
*** HOLE CARDS ***
Dealt to Mahu2021 [Ac 9d]
tigerfarm: folds 
Bumeyes: folds 
23 bis: raises $0.20 to $0.30
Mahu2021: calls $0.30
rullorh: folds 
VitorArj: folds 
*** FLOP *** [6d Kh 5c]
23 bis: checks 
Mahu2021: checks 
*** TURN *** [6d Kh 5c] [9c]
23 bis: bets $0.29
Mahu2021: calls $0.29
*** RIVER *** [6d Kh 5c 9c] [8d]
23 bis: checks 
Mahu2021: bets $0.80
23 bis: folds 
Uncalled bet ($0.80) returned to Mahu2021
Mahu2021 collected $1.27 from pot
Mahu2021: doesn't show hand 
*** SUMMARY ***
Total pot $1.33 | Rake $0.06 
Board [6d Kh 5c 9c 8d]
Seat 1: Mahu2021 (button) collected ($1.27)
Seat 2: rullorh (small blind) folded before Flop
Seat 3: VitorArj (big blind) folded before Flop
Seat 4: tigerfarm folded before Flop (didn't bet)
Seat 5: Bumeyes folded before Flop (didn't bet)
Seat 6: 23 bis folded on the River



PokerStars Zoom Hand #253834102458:  Hold'em No Limit ($0.05/$0.10) - 2024/12/13 15:23:58 CET [2024/12/13 9:23:58 ET]
Table 'Aludra' 6-max Seat #1 is the button
Seat 1: nord1k5 ($12.28 in chips) 
Seat 2: yuudai1116 ($8.91 in chips) 
Seat 3: pokking876 ($7.41 in chips) 
Seat 4: 27offWarrior ($11.80 in chips) 
Seat 5: Mahu2021 ($9.16 in chips) 
Seat 6: MasterK0830 ($10.34 in chips) 
yuudai1116: posts small blind $0.05
pokking876: posts big blind $0.10
*** HOLE CARDS ***
Dealt to Mahu2021 [Qs Kc]
27offWarrior: folds 
Mahu2021: raises $0.20 to $0.30
MasterK0830: folds 
nord1k5: folds 
yuudai1116: folds 
pokking876: folds 
Uncalled bet ($0.20) returned to Mahu2021
Mahu2021 collected $0.25 from pot
Mahu2021: doesn't show hand 
*** SUMMARY ***
Total pot $0.25 | Rake $0 
Seat 1: nord1k5 (button) folded before Flop (didn't bet)
Seat 2: yuudai1116 (small blind) folded before Flop
Seat 3: pokking876 (big blind) folded before Flop
Seat 4: 27offWarrior folded before Flop (didn't bet)
Seat 5: Mahu2021 collected ($0.25)
Seat 6: MasterK0830 folded before Flop (didn't bet)



PokerStars Zoom Hand #253834104344:  Hold'em No Limit ($0.05/$0.10) - 2024/12/13 15:24:09 CET [2024/12/13 9:24:09 ET]
Table 'Aludra' 6-max Seat #1 is the button
Seat 1: athensfrance ($10.35 in chips) 
Seat 2: keirin459 ($22.50 in chips) 
Seat 3: VitorArj ($10.02 in chips) 
Seat 4: pokking876 ($7.53 in chips) 
Seat 5: Mahu2021 ($9.31 in chips) 
Seat 6: Henrysport ($29.40 in chips) 
keirin459: posts small blind $0.05
VitorArj: posts big blind $0.10
*** HOLE CARDS ***
Dealt to Mahu2021 [7s 6d]
pokking876: folds 
Mahu2021: folds 
Henrysport: raises $0.11 to $0.21
athensfrance: folds 
keirin459: folds 
VitorArj: folds 
Uncalled bet ($0.11) returned to Henrysport
Henrysport collected $0.25 from pot
Henrysport: doesn't show hand 
*** SUMMARY ***
Total pot $0.25 | Rake $0 
Seat 1: athensfrance (button) folded before Flop (didn't bet)
Seat 2: keirin459 (small blind) folded before Flop
Seat 3: VitorArj (big blind) folded before Flop
Seat 4: pokking876 folded before Flop (didn't bet)
Seat 5: Mahu2021 folded before Flop (didn't bet)
Seat 6: Henrysport collected ($0.25)



PokerStars Zoom Hand #253834105173:  Hold'em No Limit ($0.05/$0.10) - 2024/12/13 15:24:14 CET [2024/12/13 9:24:14 ET]
Table 'Aludra' 6-max Seat #1 is the button
Seat 1: TheVoxPopuli ($8.05 in chips) 
Seat 2: Mahu2021 ($9.31 in chips) 
Seat 3: Hans Gross ($13.64 in chips) 
Seat 4: kaikok ($34.82 in chips) 
Seat 5: Cássio.Shima ($10 in chips) 
Seat 6: Deox666 ($11.62 in chips) 
Mahu2021: posts small blind $0.05
Hans Gross: posts big blind $0.10
*** HOLE CARDS ***
Dealt to Mahu2021 [Qc 7d]
kaikok: raises $0.10 to $0.20
Cássio.Shima: folds 
Deox666: folds 
TheVoxPopuli: folds 
Mahu2021: folds 
Hans Gross: folds 
Uncalled bet ($0.10) returned to kaikok
kaikok collected $0.25 from pot
kaikok: doesn't show hand 
*** SUMMARY ***
Total pot $0.25 | Rake $0 
Seat 1: TheVoxPopuli (button) folded before Flop (didn't bet)
Seat 2: Mahu2021 (small blind) folded before Flop
Seat 3: Hans Gross (big blind) folded before Flop
Seat 4: kaikok collected ($0.25)
Seat 5: Cássio.Shima folded before Flop (didn't bet)
Seat 6: Deox666 folded before Flop (didn't bet)



PokerStars Zoom Hand #253834106209:  Hold'em No Limit ($0.05/$0.10) - 2024/12/13 15:24:20 CET [2024/12/13 9:24:20 ET]
Table 'Aludra' 6-max Seat #1 is the button
Seat 1: niderlander ($10 in chips) 
Seat 2: Cássio.Shima ($10 in chips) 
Seat 3: Whysoserios0 ($13.60 in chips) 
Seat 4: Mahu2021 ($9.26 in chips) 
Seat 5: nord1k5 ($23.89 in chips) 
Seat 6: Cyborg_0113 ($10 in chips) 
Cássio.Shima: posts small blind $0.05
Whysoserios0: posts big blind $0.10
*** HOLE CARDS ***
Dealt to Mahu2021 [Ks 8d]
Mahu2021: folds 
nord1k5: raises $0.15 to $0.25
Cyborg_0113: folds 
niderlander: folds 
Cássio.Shima: folds 
Whysoserios0: folds 
Uncalled bet ($0.15) returned to nord1k5
nord1k5 collected $0.25 from pot
nord1k5: doesn't show hand 
*** SUMMARY ***
Total pot $0.25 | Rake $0 
Seat 1: niderlander (button) folded before Flop (didn't bet)
Seat 2: Cássio.Shima (small blind) folded before Flop
Seat 3: Whysoserios0 (big blind) folded before Flop
Seat 4: Mahu2021 folded before Flop (didn't bet)
Seat 5: nord1k5 collected ($0.25)
Seat 6: Cyborg_0113 folded before Flop (didn't bet)



PokerStars Zoom Hand #253834109394:  Hold'em No Limit ($0.05/$0.10) - 2024/12/13 15:24:39 CET [2024/12/13 9:24:39 ET]
Table 'Aludra' 6-max Seat #1 is the button
Seat 1: Seraphim3368 ($15.33 in chips) 
Seat 2: PAUSOF ($13.80 in chips) 
Seat 3: Deox666 ($11.62 in chips) 
Seat 4: Andrey458 ($11.14 in chips) 
Seat 5: Mahu2021 ($9.16 in chips) 
Seat 6: Hakkai10 ($10 in chips) 
PAUSOF: posts small blind $0.05
Deox666: posts big blind $0.10
*** HOLE CARDS ***
Dealt to Mahu2021 [7d 6d]
Andrey458: folds 
Mahu2021: folds 
Hakkai10: folds 
Seraphim3368: folds 
PAUSOF: folds 
Uncalled bet ($0.05) returned to Deox666
Deox666 collected $0.10 from pot
Deox666: doesn't show hand 
*** SUMMARY ***
Total pot $0.10 | Rake $0 
Seat 1: Seraphim3368 (button) folded before Flop (didn't bet)
Seat 2: PAUSOF (small blind) folded before Flop
Seat 3: Deox666 (big blind) collected ($0.10)
Seat 4: Andrey458 folded before Flop (didn't bet)
Seat 5: Mahu2021 folded before Flop (didn't bet)
Seat 6: Hakkai10 folded before Flop (didn't bet)



PokerStars Zoom Hand #253834108882:  Hold'em No Limit ($0.05/$0.10) - 2024/12/13 15:24:36 CET [2024/12/13 9:24:36 ET]
Table 'Aludra' 6-max Seat #1 is the button
Seat 1: Mahu2021 ($9.16 in chips) 
Seat 2: VitorArj ($10.05 in chips) 
Seat 3: niderlander ($10 in chips) 
Seat 4: BriliantMike ($7.48 in chips) 
Seat 5: bartovskii ($14.84 in chips) 
Seat 6: Ritter00 ($9.37 in chips) 
VitorArj: posts small blind $0.05
niderlander: posts big blind $0.10
*** HOLE CARDS ***
Dealt to Mahu2021 [3h Kd]
BriliantMike: folds 
bartovskii: folds 
Ritter00: raises $0.15 to $0.25
Mahu2021: folds 
VitorArj: folds 
niderlander: folds 
Uncalled bet ($0.15) returned to Ritter00
Ritter00 collected $0.25 from pot
Ritter00: doesn't show hand 
*** SUMMARY ***
Total pot $0.25 | Rake $0 
Seat 1: Mahu2021 (button) folded before Flop (didn't bet)
Seat 2: VitorArj (small blind) folded before Flop
Seat 3: niderlander (big blind) folded before Flop
Seat 4: BriliantMike folded before Flop (didn't bet)
Seat 5: bartovskii folded before Flop (didn't bet)
Seat 6: Ritter00 collected ($0.25)



PokerStars Zoom Hand #253834101444:  Hold'em No Limit ($0.05/$0.10) - 2024/12/13 15:23:52 CET [2024/12/13 9:23:52 ET]
Table 'Aludra' 6-max Seat #1 is the button
Seat 1: blindprotector ($10.05 in chips) 
Seat 2: pougia777 ($11.19 in chips) 
Seat 3: keirin459 ($12.99 in chips) 
Seat 4: Cyborg_0113 ($14.17 in chips) 
Seat 5: Prados777 ($17.90 in chips) 
Seat 6: Mahu2021 ($9.16 in chips) 
pougia777: posts small blind $0.05
keirin459: posts big blind $0.10
*** HOLE CARDS ***
Dealt to Mahu2021 [Kc 9h]
Cyborg_0113: folds 
Prados777: folds 
Mahu2021: folds 
blindprotector: raises $0.15 to $0.25
pougia777: folds 
keirin459: calls $0.15
*** FLOP *** [Ad 4d 9d]
keirin459: checks 
blindprotector: bets $0.27
keirin459: calls $0.27
*** TURN *** [Ad 4d 9d] [Ks]
keirin459: checks 
blindprotector: checks 
*** RIVER *** [Ad 4d 9d Ks] [Qd]
keirin459: checks 
blindprotector: checks 
*** SHOW DOWN ***
keirin459: shows [Ac 6d] (a flush, Ace high)
blindprotector: mucks hand 
keirin459 collected $1.04 from pot
*** SUMMARY ***
Total pot $1.09 | Rake $0.05 
Board [Ad 4d 9d Ks Qd]
Seat 1: blindprotector (button) mucked [Qs Jc]
Seat 2: pougia777 (small blind) folded before Flop
Seat 3: keirin459 (big blind) showed [Ac 6d] and won ($1.04) with a flush, Ace high
Seat 4: Cyborg_0113 folded before Flop (didn't bet)
Seat 5: Prados777 folded before Flop (didn't bet)
Seat 6: Mahu2021 folded before Flop (didn't bet)



PokerStars Zoom Hand #253834110616:  Hold'em No Limit ($0.05/$0.10) - 2024/12/13 15:24:46 CET [2024/12/13 9:24:46 ET]
Table 'Aludra' 6-max Seat #1 is the button
Seat 1: Seraphim3368 ($15.33 in chips) 
Seat 2: Mahu2021 ($9.16 in chips) 
Seat 3: PAUSOF ($20.33 in chips) 
Seat 4: Deox666 ($11.25 in chips) 
Seat 5: pougia777 ($10 in chips) 
Seat 6: ruthb50 ($7.20 in chips) 
Mahu2021: posts small blind $0.05
PAUSOF: posts big blind $0.10
*** HOLE CARDS ***
Dealt to Mahu2021 [Qd 2h]
Deox666: folds 
pougia777: folds 
ruthb50: folds 
Seraphim3368: folds 
Mahu2021: folds 
Uncalled bet ($0.05) returned to PAUSOF
PAUSOF collected $0.10 from pot
PAUSOF: doesn't show hand 
*** SUMMARY ***
Total pot $0.10 | Rake $0 
Seat 1: Seraphim3368 (button) folded before Flop (didn't bet)
Seat 2: Mahu2021 (small blind) folded before Flop
Seat 3: PAUSOF (big blind) collected ($0.10)
Seat 4: Deox666 folded before Flop (didn't bet)
Seat 5: pougia777 folded before Flop (didn't bet)
Seat 6: ruthb50 folded before Flop (didn't bet)



PokerStars Zoom Hand #253834111784:  Hold'em No Limit ($0.05/$0.10) - 2024/12/13 15:24:52 CET [2024/12/13 9:24:52 ET]
Table 'Aludra' 6-max Seat #1 is the button
Seat 1: rpertence ($10.30 in chips) 
Seat 2: athensfrance ($10.25 in chips) 
Seat 3: Mahu2021 ($9.11 in chips) 
Seat 4: Deox666 ($11.85 in chips) 
Seat 5: tigerfarm ($14.41 in chips) 
Seat 6: nord1k5 ($23.99 in chips) 
athensfrance: posts small blind $0.05
Mahu2021: posts big blind $0.10
*** HOLE CARDS ***
Dealt to Mahu2021 [8h 3h]
Deox666: folds 
tigerfarm: folds 
nord1k5: folds 
rpertence: folds 
athensfrance: folds 
Uncalled bet ($0.05) returned to Mahu2021
Mahu2021 collected $0.10 from pot
Mahu2021: doesn't show hand 
*** SUMMARY ***
Total pot $0.10 | Rake $0 
Seat 1: rpertence (button) folded before Flop (didn't bet)
Seat 2: athensfrance (small blind) folded before Flop
Seat 3: Mahu2021 (big blind) collected ($0.10)
Seat 4: Deox666 folded before Flop (didn't bet)
Seat 5: tigerfarm folded before Flop (didn't bet)
Seat 6: nord1k5 folded before Flop (didn't bet)



PokerStars Zoom Hand #253834106893:  Hold'em No Limit ($0.05/$0.10) - 2024/12/13 15:24:24 CET [2024/12/13 9:24:24 ET]
Table 'Aludra' 6-max Seat #1 is the button
Seat 1: cpt.vnpp ($10.67 in chips) 
Seat 2: Sanctigallus ($12.21 in chips) 
Seat 3: Mahu2021 ($9.26 in chips) 
Seat 4: rullorh ($10.49 in chips) 
Seat 5: Cyborg_0113 ($10 in chips) 
Seat 6: kassinopious ($11.54 in chips) 
Sanctigallus: posts small blind $0.05
Mahu2021: posts big blind $0.10
*** HOLE CARDS ***
Dealt to Mahu2021 [3s Qd]
rullorh: folds 
Cyborg_0113: folds 
kassinopious: raises $0.20 to $0.30
cpt.vnpp: raises $0.70 to $1
Sanctigallus: folds 
Mahu2021: folds 
kassinopious: calls $0.70
*** FLOP *** [Qs Ts 2c]
kassinopious: checks 
cpt.vnpp: bets $0.53
kassinopious: calls $0.53
*** TURN *** [Qs Ts 2c] [8c]
kassinopious: checks 
cpt.vnpp: checks 
*** RIVER *** [Qs Ts 2c 8c] [3d]
kassinopious: bets $2.27
cpt.vnpp: folds 
Uncalled bet ($2.27) returned to kassinopious
kassinopious collected $3.07 from pot
kassinopious: doesn't show hand 
*** SUMMARY ***
Total pot $3.21 | Rake $0.14 
Board [Qs Ts 2c 8c 3d]
Seat 1: cpt.vnpp (button) folded on the River
Seat 2: Sanctigallus (small blind) folded before Flop
Seat 3: Mahu2021 (big blind) folded before Flop
Seat 4: rullorh folded before Flop (didn't bet)
Seat 5: Cyborg_0113 folded before Flop (didn't bet)
Seat 6: kassinopious collected ($3.07)



PokerStars Zoom Hand #253834113669:  Hold'em No Limit ($0.05/$0.10) - 2024/12/13 15:25:04 CET [2024/12/13 9:25:04 ET]
Table 'Aludra' 6-max Seat #1 is the button
Seat 1: Mahu2021 ($9.16 in chips) 
Seat 2: keirin459 ($13.51 in chips) 
Seat 3: Seraphim3368 ($14.36 in chips) 
Seat 4: Cássio.Shima ($10.11 in chips) 
Seat 5: juan19872323 ($13.80 in chips) 
Seat 6: Ritter00 ($4.64 in chips) 
keirin459: posts small blind $0.05
Seraphim3368: posts big blind $0.10
*** HOLE CARDS ***
Dealt to Mahu2021 [Ts 3d]
Cássio.Shima: folds 
juan19872323: folds 
Ritter00: folds 
Mahu2021: folds 
keirin459: folds 
Uncalled bet ($0.05) returned to Seraphim3368
Seraphim3368 collected $0.10 from pot
Seraphim3368: doesn't show hand 
*** SUMMARY ***
Total pot $0.10 | Rake $0 
Seat 1: Mahu2021 (button) folded before Flop (didn't bet)
Seat 2: keirin459 (small blind) folded before Flop
Seat 3: Seraphim3368 (big blind) collected ($0.10)
Seat 4: Cássio.Shima folded before Flop (didn't bet)
Seat 5: juan19872323 folded before Flop (didn't bet)
Seat 6: Ritter00 folded before Flop (didn't bet)



PokerStars Zoom Hand #253834114327:  Hold'em No Limit ($0.05/$0.10) - 2024/12/13 15:25:07 CET [2024/12/13 9:25:07 ET]
Table 'Aludra' 6-max Seat #1 is the button
Seat 1: Cássio.Shima ($10.11 in chips) 
Seat 2: pokking876 ($7.36 in chips) 
Seat 3: kaikok ($34.84 in chips) 
Seat 4: Kreuz 8 ($8.35 in chips) 
Seat 5: Mahu2021 ($9.16 in chips) 
Seat 6: deNL2aNL100 ($10.58 in chips) 
pokking876: posts small blind $0.05
kaikok: posts big blind $0.10
*** HOLE CARDS ***
Dealt to Mahu2021 [3d 8s]
Kreuz 8: folds 
Mahu2021: folds 
deNL2aNL100: folds 
Cássio.Shima: folds 
pokking876: folds 
Uncalled bet ($0.05) returned to kaikok
kaikok collected $0.10 from pot
kaikok: doesn't show hand 
*** SUMMARY ***
Total pot $0.10 | Rake $0 
Seat 1: Cássio.Shima (button) folded before Flop (didn't bet)
Seat 2: pokking876 (small blind) folded before Flop
Seat 3: kaikok (big blind) collected ($0.10)
Seat 4: Kreuz 8 folded before Flop (didn't bet)
Seat 5: Mahu2021 folded before Flop (didn't bet)
Seat 6: deNL2aNL100 folded before Flop (didn't bet)



PokerStars Zoom Hand #253834110005:  Hold'em No Limit ($0.05/$0.10) - 2024/12/13 15:24:43 CET [2024/12/13 9:24:43 ET]
Table 'Aludra' 6-max Seat #1 is the button
Seat 1: Karaflas1 ($10 in chips) 
Seat 2: micdik ($14.99 in chips) 
Seat 3: 611mila ($5 in chips) 
Seat 4: guizzo77 ($9.83 in chips) 
Seat 5: nord1k5 ($12.28 in chips) 
Seat 6: Mahu2021 ($9.16 in chips) 
micdik: posts small blind $0.05
611mila: posts big blind $0.10
*** HOLE CARDS ***
Dealt to Mahu2021 [Jc 9h]
guizzo77: folds 
nord1k5: folds 
Mahu2021: folds 
Karaflas1: raises $0.15 to $0.25
micdik: folds 
611mila: calls $0.15
*** FLOP *** [8c 7h 6h]
611mila: checks 
Karaflas1: checks 
*** TURN *** [8c 7h 6h] [Kh]
611mila: checks 
Karaflas1: bets $0.28
611mila: folds 
Uncalled bet ($0.28) returned to Karaflas1
Karaflas1 collected $0.53 from pot
Karaflas1: doesn't show hand 
*** SUMMARY ***
Total pot $0.55 | Rake $0.02 
Board [8c 7h 6h Kh]
Seat 1: Karaflas1 (button) collected ($0.53)
Seat 2: micdik (small blind) folded before Flop
Seat 3: 611mila (big blind) folded on the Turn
Seat 4: guizzo77 folded before Flop (didn't bet)
Seat 5: nord1k5 folded before Flop (didn't bet)
Seat 6: Mahu2021 folded before Flop (didn't bet)



PokerStars Zoom Hand #253834120338:  Hold'em No Limit ($0.05/$0.10) - 2024/12/13 15:25:43 CET [2024/12/13 9:25:43 ET]
Table 'Aludra' 6-max Seat #1 is the button
Seat 1: bartovskii ($10.64 in chips) 
Seat 2: gp motos ($13.56 in chips) 
Seat 3: Mahu2021 ($8.96 in chips) 
Seat 4: Whysoserios0 ($17.64 in chips) 
Seat 5: ruthb50 ($7.20 in chips) 
Seat 6: DopeVision69 ($9.57 in chips) 
gp motos: posts small blind $0.05
Mahu2021: posts big blind $0.10
*** HOLE CARDS ***
Dealt to Mahu2021 [Js Jc]
Whysoserios0: folds 
ruthb50: folds 
DopeVision69: folds 
bartovskii: raises $0.15 to $0.25
gp motos: folds 
Mahu2021: raises $0.45 to $0.70
bartovskii: folds 
Uncalled bet ($0.45) returned to Mahu2021
Mahu2021 collected $0.55 from pot
Mahu2021: doesn't show hand 
*** SUMMARY ***
Total pot $0.55 | Rake $0 
Seat 1: bartovskii (button) folded before Flop
Seat 2: gp motos (small blind) folded before Flop
Seat 3: Mahu2021 (big blind) collected ($0.55)
Seat 4: Whysoserios0 folded before Flop (didn't bet)
Seat 5: ruthb50 folded before Flop (didn't bet)
Seat 6: DopeVision69 folded before Flop (didn't bet)



PokerStars Zoom Hand #253834119651:  Hold'em No Limit ($0.05/$0.10) - 2024/12/13 15:25:39 CET [2024/12/13 9:25:39 ET]
Table 'Aludra' 6-max Seat #1 is the button
Seat 1: HugoStiglitz101 ($13.61 in chips) 
Seat 2: Cássio.Shima ($10.28 in chips) 
Seat 3: Didu.Joker ($4.43 in chips) 
Seat 4: Mahu2021 ($8.96 in chips) 
Seat 5: Ritter00 ($9.37 in chips) 
Seat 6: niderlander ($10.30 in chips) 
Cássio.Shima: posts small blind $0.05
Didu.Joker: posts big blind $0.10
*** HOLE CARDS ***
Dealt to Mahu2021 [4c Qc]
Mahu2021: folds 
Ritter00: folds 
niderlander: raises $0.13 to $0.23
HugoStiglitz101: folds 
Cássio.Shima: folds 
Didu.Joker: calls $0.13
*** FLOP *** [8s Td 6c]
Didu.Joker: checks 
niderlander: bets $0.16
Didu.Joker: calls $0.16
*** TURN *** [8s Td 6c] [Qd]
Didu.Joker: checks 
niderlander: checks 
*** RIVER *** [8s Td 6c Qd] [Kd]
Didu.Joker: checks 
niderlander: checks 
*** SHOW DOWN ***
Didu.Joker: shows [Th 9c] (a pair of Tens)
niderlander: mucks hand 
Didu.Joker collected $0.79 from pot
*** SUMMARY ***
Total pot $0.83 | Rake $0.04 
Board [8s Td 6c Qd Kd]
Seat 1: HugoStiglitz101 (button) folded before Flop (didn't bet)
Seat 2: Cássio.Shima (small blind) folded before Flop
Seat 3: Didu.Joker (big blind) showed [Th 9c] and won ($0.79) with a pair of Tens
Seat 4: Mahu2021 folded before Flop (didn't bet)
Seat 5: Ritter00 folded before Flop (didn't bet)
Seat 6: niderlander mucked [9s 9h]



PokerStars Zoom Hand #253834115008:  Hold'em No Limit ($0.05/$0.10) - 2024/12/13 15:25:12 CET [2024/12/13 9:25:12 ET]
Table 'Aludra' 6-max Seat #1 is the button
Seat 1: Timthetim1211 ($10.18 in chips) 
Seat 2: Cássio.Shima ($10.11 in chips) 
Seat 3: MarkGillmor ($8.09 in chips) 
Seat 4: Karaflas1 ($10 in chips) 
Seat 5: MasterK0830 ($12.43 in chips) 
Seat 6: Mahu2021 ($9.16 in chips) 
Cássio.Shima: posts small blind $0.05
MarkGillmor: posts big blind $0.10
*** HOLE CARDS ***
Dealt to Mahu2021 [5s Ks]
Karaflas1: raises $0.10 to $0.20
MasterK0830: folds 
Mahu2021: calls $0.20
Timthetim1211: folds 
Cássio.Shima: folds 
MarkGillmor: calls $0.10
*** FLOP *** [7s 5h Ac]
MarkGillmor: bets $0.31
Karaflas1: calls $0.31
Mahu2021: folds 
*** TURN *** [7s 5h Ac] [Jd]
MarkGillmor: bets $0.61
Karaflas1: calls $0.61
*** RIVER *** [7s 5h Ac Jd] [Kc]
MarkGillmor: bets $1.99
Karaflas1: folds 
Uncalled bet ($1.99) returned to MarkGillmor
MarkGillmor collected $2.38 from pot
MarkGillmor: doesn't show hand 
*** SUMMARY ***
Total pot $2.49 | Rake $0.11 
Board [7s 5h Ac Jd Kc]
Seat 1: Timthetim1211 (button) folded before Flop (didn't bet)
Seat 2: Cássio.Shima (small blind) folded before Flop
Seat 3: MarkGillmor (big blind) collected ($2.38)
Seat 4: Karaflas1 folded on the River
Seat 5: MasterK0830 folded before Flop (didn't bet)
Seat 6: Mahu2021 folded on the Flop



PokerStars Zoom Hand #253834126766:  Hold'em No Limit ($0.05/$0.10) - 2024/12/13 15:26:20 CET [2024/12/13 9:26:20 ET]
Table 'Aludra' 6-max Seat #1 is the button
Seat 1: Hans Gross ($13.71 in chips) 
Seat 2: Mahu2021 ($9.06 in chips) 
Seat 3: Ritter00 ($4.49 in chips) 
Seat 4: pokking876 ($7.31 in chips) 
Seat 5: blindprotector ($10 in chips) 
Seat 6: Bumeyes ($21.05 in chips) 
Mahu2021: posts small blind $0.05
Ritter00: posts big blind $0.10
*** HOLE CARDS ***
Dealt to Mahu2021 [3c 6h]
pokking876: folds 
blindprotector: raises $0.15 to $0.25
Bumeyes: raises $0.50 to $0.75
Hans Gross: folds 
Mahu2021: folds 
Ritter00: folds 
blindprotector: folds 
Uncalled bet ($0.50) returned to Bumeyes
Bumeyes collected $0.65 from pot
Bumeyes: doesn't show hand 
*** SUMMARY ***
Total pot $0.65 | Rake $0 
Seat 1: Hans Gross (button) folded before Flop (didn't bet)
Seat 2: Mahu2021 (small blind) folded before Flop
Seat 3: Ritter00 (big blind) folded before Flop
Seat 4: pokking876 folded before Flop (didn't bet)
Seat 5: blindprotector folded before Flop
Seat 6: Bumeyes collected ($0.65)



PokerStars Zoom Hand #253834123401:  Hold'em No Limit ($0.05/$0.10) - 2024/12/13 15:26:01 CET [2024/12/13 9:26:01 ET]
Table 'Aludra' 6-max Seat #1 is the button
Seat 1: nord1k5 ($38.77 in chips) 
Seat 2: VitorArj ($10 in chips) 
Seat 3: 611mila ($4.65 in chips) 
Seat 4: Mahu2021 ($9.26 in chips) 
Seat 5: Andrey458 ($10.89 in chips) 
Seat 6: yuudai1116 ($7.71 in chips) 
VitorArj: posts small blind $0.05
611mila: posts big blind $0.10
*** HOLE CARDS ***
Dealt to Mahu2021 [7c 7h]
Mahu2021: raises $0.10 to $0.20
Andrey458: raises $0.50 to $0.70
yuudai1116: raises $0.50 to $1.20
nord1k5: folds 
VitorArj: folds 
611mila: folds 
Mahu2021: folds 
Andrey458: calls $0.50
*** FLOP *** [6s 6h 4s]
Andrey458: checks 
yuudai1116: bets $1.32
Andrey458: calls $1.32
*** TURN *** [6s 6h 4s] [Kc]
Andrey458: checks 
yuudai1116: checks 
*** RIVER *** [6s 6h 4s Kc] [5d]
Andrey458: checks 
yuudai1116: checks 
*** SHOW DOWN ***
Andrey458: shows [9d 9c] (two pair, Nines and Sixes)
yuudai1116: shows [Jh Jc] (two pair, Jacks and Sixes)
yuudai1116 collected $5.15 from pot
*** SUMMARY ***
Total pot $5.39 | Rake $0.24 
Board [6s 6h 4s Kc 5d]
Seat 1: nord1k5 (button) folded before Flop (didn't bet)
Seat 2: VitorArj (small blind) folded before Flop
Seat 3: 611mila (big blind) folded before Flop
Seat 4: Mahu2021 folded before Flop
Seat 5: Andrey458 showed [9d 9c] and lost with two pair, Nines and Sixes
Seat 6: yuudai1116 showed [Jh Jc] and won ($5.15) with two pair, Jacks and Sixes



PokerStars Zoom Hand #253834127319:  Hold'em No Limit ($0.05/$0.10) - 2024/12/13 15:26:24 CET [2024/12/13 9:26:24 ET]
Table 'Aludra' 6-max Seat #1 is the button
Seat 1: Mahu2021 ($9.01 in chips) 
Seat 2: guizzo77 ($9.98 in chips) 
Seat 3: NicBrotzu ($11.55 in chips) 
Seat 4: 611mila ($6.78 in chips) 
Seat 5: Z06Jesse ($8.07 in chips) 
Seat 6: tigerfarm ($10.24 in chips) 
guizzo77: posts small blind $0.05
NicBrotzu: posts big blind $0.10
*** HOLE CARDS ***
Dealt to Mahu2021 [Ah Qs]
611mila: folds 
Z06Jesse: calls $0.10
tigerfarm: folds 
Mahu2021: calls $0.10
guizzo77: calls $0.05
NicBrotzu: checks 
*** FLOP *** [3d 2d Th]
guizzo77: checks 
NicBrotzu: checks 
Z06Jesse: checks 
Mahu2021: checks 
*** TURN *** [3d 2d Th] [Ac]
guizzo77: checks 
NicBrotzu: checks 
Z06Jesse: checks 
Mahu2021: bets $0.20
guizzo77: folds 
NicBrotzu: folds 
Z06Jesse: calls $0.20
*** RIVER *** [3d 2d Th Ac] [3h]
Z06Jesse: bets $0.60
Mahu2021: calls $0.60
*** SHOW DOWN ***
Z06Jesse: shows [5c 2c] (two pair, Threes and Deuces)
Mahu2021: shows [Ah Qs] (two pair, Aces and Threes)
Mahu2021 collected $1.91 from pot
*** SUMMARY ***
Total pot $2 | Rake $0.09 
Board [3d 2d Th Ac 3h]
Seat 1: Mahu2021 (button) showed [Ah Qs] and won ($1.91) with two pair, Aces and Threes
Seat 2: guizzo77 (small blind) folded on the Turn
Seat 3: NicBrotzu (big blind) folded on the Turn
Seat 4: 611mila folded before Flop (didn't bet)
Seat 5: Z06Jesse showed [5c 2c] and lost with two pair, Threes and Deuces
Seat 6: tigerfarm folded before Flop (didn't bet)



PokerStars Zoom Hand #253834140247:  Hold'em No Limit ($0.05/$0.10) - 2024/12/13 15:27:40 CET [2024/12/13 9:27:40 ET]
Table 'Aludra' 6-max Seat #1 is the button
Seat 1: VitorArj ($10.30 in chips) 
Seat 2: bartovskii ($14.07 in chips) 
Seat 3: Karaflas1 ($10 in chips) 
Seat 4: Sanctigallus ($13.93 in chips) 
Seat 5: Mahu2021 ($10.02 in chips) 
Seat 6: keirin459 ($22.06 in chips) 
bartovskii: posts small blind $0.05
Karaflas1: posts big blind $0.10
*** HOLE CARDS ***
Dealt to Mahu2021 [Ks As]
Sanctigallus: folds 
Mahu2021: raises $0.20 to $0.30
keirin459: folds 
VitorArj: raises $0.60 to $0.90
bartovskii: folds 
Karaflas1: folds 
Mahu2021: calls $0.60
*** FLOP *** [4c 4h Th]
Mahu2021: checks 
VitorArj: bets $0.47
Mahu2021: calls $0.47
*** TURN *** [4c 4h Th] [3c]
Mahu2021: checks 
VitorArj: checks 
*** RIVER *** [4c 4h Th 3c] [9c]
Mahu2021: checks 
VitorArj: checks 
*** SHOW DOWN ***
Mahu2021: shows [Ks As] (a pair of Fours)
VitorArj: shows [8s 8d] (two pair, Eights and Fours)
VitorArj collected $2.76 from pot
*** SUMMARY ***
Total pot $2.89 | Rake $0.13 
Board [4c 4h Th 3c 9c]
Seat 1: VitorArj (button) showed [8s 8d] and won ($2.76) with two pair, Eights and Fours
Seat 2: bartovskii (small blind) folded before Flop
Seat 3: Karaflas1 (big blind) folded before Flop
Seat 4: Sanctigallus folded before Flop (didn't bet)
Seat 5: Mahu2021 showed [Ks As] and lost with a pair of Fours
Seat 6: keirin459 folded before Flop (didn't bet)



PokerStars Zoom Hand #253834138831:  Hold'em No Limit ($0.05/$0.10) - 2024/12/13 15:27:32 CET [2024/12/13 9:27:32 ET]
Table 'Aludra' 6-max Seat #1 is the button
Seat 1: Karaflas1 ($10 in chips) 
Seat 2: nord1k5 ($13.50 in chips) 
Seat 3: Whysoserios0 ($17.32 in chips) 
Seat 4: Z06Jesse ($7.17 in chips) 
Seat 5: ElDelfin38 ($10.25 in chips) 
Seat 6: Mahu2021 ($10.02 in chips) 
nord1k5: posts small blind $0.05
Whysoserios0: posts big blind $0.10
*** HOLE CARDS ***
Dealt to Mahu2021 [Ah 5s]
Z06Jesse: calls $0.10
ElDelfin38: folds 
Mahu2021: folds 
Karaflas1: folds 
nord1k5: calls $0.05
Whysoserios0: checks 
*** FLOP *** [Js 2c Ts]
nord1k5: checks 
Whysoserios0: bets $0.15
Z06Jesse: calls $0.15
nord1k5: folds 
*** TURN *** [Js 2c Ts] [6c]
Whysoserios0: bets $0.29
Z06Jesse: raises $0.79 to $1.08
Whysoserios0: calls $0.79
*** RIVER *** [Js 2c Ts 6c] [8h]
Whysoserios0: checks 
Z06Jesse: bets $5.84 and is all-in
Whysoserios0: calls $5.84
*** SHOW DOWN ***
Z06Jesse: shows [5h 8c] (a pair of Eights)
Whysoserios0: shows [Jd 8s] (two pair, Jacks and Eights)
Whysoserios0 collected $13.79 from pot
*** SUMMARY ***
Total pot $14.44 | Rake $0.65 
Board [Js 2c Ts 6c 8h]
Seat 1: Karaflas1 (button) folded before Flop (didn't bet)
Seat 2: nord1k5 (small blind) folded on the Flop
Seat 3: Whysoserios0 (big blind) showed [Jd 8s] and won ($13.79) with two pair, Jacks and Eights
Seat 4: Z06Jesse showed [5h 8c] and lost with a pair of Eights
Seat 5: ElDelfin38 folded before Flop (didn't bet)
Seat 6: Mahu2021 folded before Flop (didn't bet)



PokerStars Zoom Hand #253834150460:  Hold'em No Limit ($0.05/$0.10) - 2024/12/13 15:28:40 CET [2024/12/13 9:28:40 ET]
Table 'Aludra' 6-max Seat #1 is the button
Seat 1: nord1k5 ($13.13 in chips) 
Seat 2: blindprotector ($10 in chips) 
Seat 3: Mahu2021 ($8.65 in chips) 
Seat 4: Seraphim3368 ($22.94 in chips) 
Seat 5: JAntdog ($10 in chips) 
Seat 6: VitorArj ($11.69 in chips) 
blindprotector: posts small blind $0.05
Mahu2021: posts big blind $0.10
*** HOLE CARDS ***
Dealt to Mahu2021 [4h 9h]
Seraphim3368: folds 
JAntdog: folds 
VitorArj: folds 
nord1k5: folds 
blindprotector: raises $0.15 to $0.25
Mahu2021: folds 
Uncalled bet ($0.15) returned to blindprotector
blindprotector collected $0.20 from pot
blindprotector: doesn't show hand 
*** SUMMARY ***
Total pot $0.20 | Rake $0 
Seat 1: nord1k5 (button) folded before Flop (didn't bet)
Seat 2: blindprotector (small blind) collected ($0.20)
Seat 3: Mahu2021 (big blind) folded before Flop
Seat 4: Seraphim3368 folded before Flop (didn't bet)
Seat 5: JAntdog folded before Flop (didn't bet)
Seat 6: VitorArj folded before Flop (didn't bet)



PokerStars Zoom Hand #253834154735:  Hold'em No Limit ($0.05/$0.10) - 2024/12/13 15:29:05 CET [2024/12/13 9:29:05 ET]
Table 'Aludra' 6-max Seat #1 is the button
Seat 1: MasterK0830 ($11.96 in chips) 
Seat 2: Mahu2021 ($8.55 in chips) 
Seat 3: JRebus ($10 in chips) 
Seat 4: PAUSOF ($14.16 in chips) 
Seat 5: Deox666 ($12.70 in chips) 
Seat 6: thorindorf ($18.60 in chips) 
Mahu2021: posts small blind $0.05
JRebus: posts big blind $0.10
*** HOLE CARDS ***
Dealt to Mahu2021 [Ad 8s]
PAUSOF: folds 
Deox666: folds 
thorindorf: folds 
MasterK0830: folds 
Mahu2021: raises $0.20 to $0.30
JRebus: calls $0.20
*** FLOP *** [5s 8c Ah]
Mahu2021: checks 
JRebus: checks 
*** TURN *** [5s 8c Ah] [Kd]
Mahu2021: bets $0.30
JRebus: calls $0.30
*** RIVER *** [5s 8c Ah Kd] [2h]
Mahu2021: bets $0.30
JRebus: calls $0.30
*** SHOW DOWN ***
Mahu2021: shows [Ad 8s] (two pair, Aces and Eights)
JRebus: mucks hand 
Mahu2021 collected $1.72 from pot
*** SUMMARY ***
Total pot $1.80 | Rake $0.08 
Board [5s 8c Ah Kd 2h]
Seat 1: MasterK0830 (button) folded before Flop (didn't bet)
Seat 2: Mahu2021 (small blind) showed [Ad 8s] and won ($1.72) with two pair, Aces and Eights
Seat 3: JRebus (big blind) mucked [Ks Tc]
Seat 4: PAUSOF folded before Flop (didn't bet)
Seat 5: Deox666 folded before Flop (didn't bet)
Seat 6: thorindorf folded before Flop (didn't bet)



PokerStars Zoom Hand #253834160721:  Hold'em No Limit ($0.05/$0.10) - 2024/12/13 15:29:40 CET [2024/12/13 9:29:40 ET]
Table 'Aludra' 6-max Seat #1 is the button
Seat 1: Henrysport ($31.82 in chips) 
Seat 2: JRebus ($9.10 in chips) 
Seat 3: Z06Jesse ($10.09 in chips) 
Seat 4: ElDelfin38 ($10.25 in chips) 
Seat 5: deNL2aNL100 ($15.99 in chips) 
Seat 6: Mahu2021 ($9.37 in chips) 
JRebus: posts small blind $0.05
Z06Jesse: posts big blind $0.10
*** HOLE CARDS ***
Dealt to Mahu2021 [3d 9h]
ElDelfin38: folds 
deNL2aNL100: folds 
Mahu2021: folds 
Henrysport: raises $0.11 to $0.21
JRebus: folds 
Z06Jesse: raises $0.11 to $0.32
Henrysport: calls $0.11
*** FLOP *** [Jh 6s 4c]
Z06Jesse: bets $0.40
Henrysport: folds 
Uncalled bet ($0.40) returned to Z06Jesse
Z06Jesse collected $0.66 from pot
Z06Jesse: doesn't show hand 
*** SUMMARY ***
Total pot $0.69 | Rake $0.03 
Board [Jh 6s 4c]
Seat 1: Henrysport (button) folded on the Flop
Seat 2: JRebus (small blind) folded before Flop
Seat 3: Z06Jesse (big blind) collected ($0.66)
Seat 4: ElDelfin38 folded before Flop (didn't bet)
Seat 5: deNL2aNL100 folded before Flop (didn't bet)
Seat 6: Mahu2021 folded before Flop (didn't bet)



PokerStars Zoom Hand #253834163066:  Hold'em No Limit ($0.05/$0.10) - 2024/12/13 15:29:54 CET [2024/12/13 9:29:54 ET]
Table 'Aludra' 6-max Seat #1 is the button
Seat 1: Mahu2021 ($9.37 in chips) 
Seat 2: BriliantMike ($5.28 in chips) 
Seat 3: Sanctigallus ($12.64 in chips) 
Seat 4: VitorArj ($11.69 in chips) 
Seat 5: bartovskii ($14.05 in chips) 
Seat 6: Pesulle ($11.32 in chips) 
BriliantMike: posts small blind $0.05
Sanctigallus: posts big blind $0.10
*** HOLE CARDS ***
Dealt to Mahu2021 [9d Qs]
VitorArj: folds 
bartovskii: folds 
Pesulle: folds 
Mahu2021: folds 
BriliantMike: folds 
Uncalled bet ($0.05) returned to Sanctigallus
Sanctigallus collected $0.10 from pot
Sanctigallus: doesn't show hand 
*** SUMMARY ***
Total pot $0.10 | Rake $0 
Seat 1: Mahu2021 (button) folded before Flop (didn't bet)
Seat 2: BriliantMike (small blind) folded before Flop
Seat 3: Sanctigallus (big blind) collected ($0.10)
Seat 4: VitorArj folded before Flop (didn't bet)
Seat 5: bartovskii folded before Flop (didn't bet)
Seat 6: Pesulle folded before Flop (didn't bet)



PokerStars Zoom Hand #253834162446:  Hold'em No Limit ($0.05/$0.10) - 2024/12/13 15:29:50 CET [2024/12/13 9:29:50 ET]
Table 'Aludra' 6-max Seat #1 is the button
Seat 1: cpt.vnpp ($10 in chips) 
Seat 2: pokking876 ($8.08 in chips) 
Seat 3: JRebus ($10 in chips) 
Seat 4: Kalifuchs ($14 in chips) 
Seat 5: Mahu2021 ($9.37 in chips) 
Seat 6: Andrey458 ($15.96 in chips) 
pokking876: posts small blind $0.05
JRebus: posts big blind $0.10
*** HOLE CARDS ***
Dealt to Mahu2021 [Qd 6d]
Kalifuchs: folds 
Mahu2021: folds 
Andrey458: raises $0.15 to $0.25
cpt.vnpp: folds 
pokking876: folds 
JRebus: folds 
Uncalled bet ($0.15) returned to Andrey458
Andrey458 collected $0.25 from pot
Andrey458: doesn't show hand 
*** SUMMARY ***
Total pot $0.25 | Rake $0 
Seat 1: cpt.vnpp (button) folded before Flop (didn't bet)
Seat 2: pokking876 (small blind) folded before Flop
Seat 3: JRebus (big blind) folded before Flop
Seat 4: Kalifuchs folded before Flop (didn't bet)
Seat 5: Mahu2021 folded before Flop (didn't bet)
Seat 6: Andrey458 collected ($0.25)



PokerStars Zoom Hand #253834165238:  Hold'em No Limit ($0.05/$0.10) - 2024/12/13 15:30:06 CET [2024/12/13 9:30:06 ET]
Table 'Aludra' 6-max Seat #1 is the button
Seat 1: cpt.vnpp ($10 in chips) 
Seat 2: Mahu2021 ($9.37 in chips) 
Seat 3: blindprotector ($10 in chips) 
Seat 4: Prados777 ($13.39 in chips) 
Seat 5: kassinopious ($9.30 in chips) 
Seat 6: Bumeyes ($29.25 in chips) 
Mahu2021: posts small blind $0.05
blindprotector: posts big blind $0.10
*** HOLE CARDS ***
Dealt to Mahu2021 [7h 7d]
Prados777: raises $0.10 to $0.20
kassinopious: raises $0.55 to $0.75
Bumeyes: folds 
cpt.vnpp: folds 
Mahu2021: folds 
blindprotector: folds 
Prados777: folds 
Uncalled bet ($0.55) returned to kassinopious
kassinopious collected $0.55 from pot
kassinopious: doesn't show hand 
*** SUMMARY ***
Total pot $0.55 | Rake $0 
Seat 1: cpt.vnpp (button) folded before Flop (didn't bet)
Seat 2: Mahu2021 (small blind) folded before Flop
Seat 3: blindprotector (big blind) folded before Flop
Seat 4: Prados777 folded before Flop
Seat 5: kassinopious collected ($0.55)
Seat 6: Bumeyes folded before Flop (didn't bet)



PokerStars Zoom Hand #253834166937:  Hold'em No Limit ($0.05/$0.10) - 2024/12/13 15:30:16 CET [2024/12/13 9:30:16 ET]
Table 'Aludra' 6-max Seat #1 is the button
Seat 1: Kalifuchs ($13.85 in chips) 
Seat 2: Hans Gross ($9.90 in chips) 
Seat 3: Mahu2021 ($9.32 in chips) 
Seat 4: Karaflas1 ($12.97 in chips) 
Seat 5: Deox666 ($12.50 in chips) 
Seat 6: VitorArj ($11.80 in chips) 
Hans Gross: posts small blind $0.05
Mahu2021: posts big blind $0.10
*** HOLE CARDS ***
Dealt to Mahu2021 [Kd 8s]
Karaflas1: raises $0.10 to $0.20
Deox666: folds 
VitorArj: folds 
Kalifuchs: folds 
Hans Gross: folds 
Mahu2021: calls $0.10
*** FLOP *** [Qs 8h Qd]
Mahu2021: bets $0.20
Karaflas1: folds 
Uncalled bet ($0.20) returned to Mahu2021
Mahu2021 collected $0.43 from pot
Mahu2021: doesn't show hand 
*** SUMMARY ***
Total pot $0.45 | Rake $0.02 
Board [Qs 8h Qd]
Seat 1: Kalifuchs (button) folded before Flop (didn't bet)
Seat 2: Hans Gross (small blind) folded before Flop
Seat 3: Mahu2021 (big blind) collected ($0.43)
Seat 4: Karaflas1 folded on the Flop
Seat 5: Deox666 folded before Flop (didn't bet)
Seat 6: VitorArj folded before Flop (didn't bet)



PokerStars Zoom Hand #253834172309:  Hold'em No Limit ($0.05/$0.10) - 2024/12/13 15:30:47 CET [2024/12/13 9:30:47 ET]
Table 'Aludra' 6-max Seat #1 is the button
Seat 1: Hans Gross ($10 in chips) 
Seat 2: cybik945 ($10.10 in chips) 
Seat 3: cpt.vnpp ($10 in chips) 
Seat 4: Mahu2021 ($9.55 in chips) 
Seat 5: 1jims2 ($8.60 in chips) 
Seat 6: JRebus ($10 in chips) 
cybik945: posts small blind $0.05
cpt.vnpp: posts big blind $0.10
*** HOLE CARDS ***
Dealt to Mahu2021 [2h Kc]
Mahu2021: folds 
1jims2: raises $0.25 to $0.35
JRebus: folds 
Hans Gross: folds 
cybik945: folds 
cpt.vnpp: folds 
Uncalled bet ($0.25) returned to 1jims2
1jims2 collected $0.25 from pot
1jims2: doesn't show hand 
*** SUMMARY ***
Total pot $0.25 | Rake $0 
Seat 1: Hans Gross (button) folded before Flop (didn't bet)
Seat 2: cybik945 (small blind) folded before Flop
Seat 3: cpt.vnpp (big blind) folded before Flop
Seat 4: Mahu2021 folded before Flop (didn't bet)
Seat 5: 1jims2 collected ($0.25)
Seat 6: JRebus folded before Flop (didn't bet)



PokerStars Zoom Hand #253834164551:  Hold'em No Limit ($0.05/$0.10) - 2024/12/13 15:30:02 CET [2024/12/13 9:30:02 ET]
Table 'Aludra' 6-max Seat #1 is the button
Seat 1: niderlander ($11.30 in chips) 
Seat 2: Henrysport ($31.50 in chips) 
Seat 3: bartovskii ($14 in chips) 
Seat 4: Hans Gross ($9.90 in chips) 
Seat 5: Mahu2021 ($9.37 in chips) 
Seat 6: Z06Jesse ($10.43 in chips) 
Henrysport: posts small blind $0.05
bartovskii: posts big blind $0.10
*** HOLE CARDS ***
Dealt to Mahu2021 [2s 7d]
Hans Gross: folds 
Mahu2021: folds 
Z06Jesse: calls $0.10
niderlander: raises $0.18 to $0.28
Henrysport: folds 
bartovskii: folds 
Z06Jesse: calls $0.18
*** FLOP *** [5c Tc Qh]
Z06Jesse: bets $0.68
niderlander: calls $0.68
*** TURN *** [5c Tc Qh] [Ah]
Z06Jesse: checks 
niderlander: bets $0.99
Z06Jesse: calls $0.99
*** RIVER *** [5c Tc Qh Ah] [9h]
Z06Jesse: bets $0.10
niderlander: raises $3.05 to $3.15
Z06Jesse: calls $3.05
*** SHOW DOWN ***
niderlander: shows [Kh Jd] (a straight, Ten to Ace)
Z06Jesse: mucks hand 
niderlander collected $9.88 from pot
*** SUMMARY ***
Total pot $10.35 | Rake $0.47 
Board [5c Tc Qh Ah 9h]
Seat 1: niderlander (button) showed [Kh Jd] and won ($9.88) with a straight, Ten to Ace
Seat 2: Henrysport (small blind) folded before Flop
Seat 3: bartovskii (big blind) folded before Flop
Seat 4: Hans Gross folded before Flop (didn't bet)
Seat 5: Mahu2021 folded before Flop (didn't bet)
Seat 6: Z06Jesse mucked [3c 9c]



PokerStars Zoom Hand #253834171587:  Hold'em No Limit ($0.05/$0.10) - 2024/12/13 15:30:43 CET [2024/12/13 9:30:43 ET]
Table 'Aludra' 6-max Seat #1 is the button
Seat 1: Mahu2021 ($9.55 in chips) 
Seat 2: Karaflas1 ($11.65 in chips) 
Seat 3: Andrey458 ($10 in chips) 
Seat 4: ruthb50 ($5.96 in chips) 
Seat 5: MarkGillmor ($12.79 in chips) 
Seat 6: teda010668 ($8.40 in chips) 
Karaflas1: posts small blind $0.05
Andrey458: posts big blind $0.10
*** HOLE CARDS ***
Dealt to Mahu2021 [3d Qh]
ruthb50: raises $0.20 to $0.30
MarkGillmor: folds 
teda010668: folds 
Mahu2021: folds 
Karaflas1: folds 
Andrey458: folds 
Uncalled bet ($0.20) returned to ruthb50
ruthb50 collected $0.25 from pot
ruthb50: doesn't show hand 
*** SUMMARY ***
Total pot $0.25 | Rake $0 
Seat 1: Mahu2021 (button) folded before Flop (didn't bet)
Seat 2: Karaflas1 (small blind) folded before Flop
Seat 3: Andrey458 (big blind) folded before Flop
Seat 4: ruthb50 collected ($0.25)
Seat 5: MarkGillmor folded before Flop (didn't bet)
Seat 6: teda010668 folded before Flop (didn't bet)



PokerStars Zoom Hand #253834172995:  Hold'em No Limit ($0.05/$0.10) - 2024/12/13 15:30:51 CET [2024/12/13 9:30:51 ET]
Table 'Aludra' 6-max Seat #1 is the button
Seat 1: DonkeyKong1960 ($10.25 in chips) 
Seat 2: bartovskii ($10 in chips) 
Seat 3: Cássio.Shima ($12.50 in chips) 
Seat 4: BriliantMike ($4.88 in chips) 
Seat 5: Whysoserios0 ($25.76 in chips) 
Seat 6: Mahu2021 ($9.55 in chips) 
bartovskii: posts small blind $0.05
Cássio.Shima: posts big blind $0.10
*** HOLE CARDS ***
Dealt to Mahu2021 [Ad 6c]
BriliantMike: folds 
Whysoserios0: folds 
Mahu2021: folds 
DonkeyKong1960: folds 
bartovskii: raises $0.20 to $0.30
Cássio.Shima: folds 
Uncalled bet ($0.20) returned to bartovskii
bartovskii collected $0.20 from pot
bartovskii: doesn't show hand 
*** SUMMARY ***
Total pot $0.20 | Rake $0 
Seat 1: DonkeyKong1960 (button) folded before Flop (didn't bet)
Seat 2: bartovskii (small blind) collected ($0.20)
Seat 3: Cássio.Shima (big blind) folded before Flop
Seat 4: BriliantMike folded before Flop (didn't bet)
Seat 5: Whysoserios0 folded before Flop (didn't bet)
Seat 6: Mahu2021 folded before Flop (didn't bet)



PokerStars Zoom Hand #253834173765:  Hold'em No Limit ($0.05/$0.10) - 2024/12/13 15:30:56 CET [2024/12/13 9:30:56 ET]
Table 'Aludra' 6-max Seat #1 is the button
Seat 1: Whysoserios0 ($13.64 in chips) 
Seat 2: Henrysport ($31.50 in chips) 
Seat 3: Seraphim3368 ($23.09 in chips) 
Seat 4: Mahu2021 ($9.55 in chips) 
Seat 5: Bumeyes ($13.39 in chips) 
Seat 6: kaikok ($33.06 in chips) 
Henrysport: posts small blind $0.05
Seraphim3368: posts big blind $0.10
*** HOLE CARDS ***
Dealt to Mahu2021 [Ad Kc]
Mahu2021: raises $0.20 to $0.30
Bumeyes: folds 
kaikok: folds 
Whysoserios0: calls $0.30
Henrysport: folds 
Seraphim3368: folds 
*** FLOP *** [5h 2c Ah]
Mahu2021: bets $0.30
Whysoserios0: calls $0.30
*** TURN *** [5h 2c Ah] [3h]
Mahu2021: bets $0.30
Whysoserios0: raises $0.85 to $1.15
Mahu2021: folds 
Uncalled bet ($0.85) returned to Whysoserios0
Whysoserios0 collected $1.86 from pot
Whysoserios0: doesn't show hand 
*** SUMMARY ***
Total pot $1.95 | Rake $0.09 
Board [5h 2c Ah 3h]
Seat 1: Whysoserios0 (button) collected ($1.86)
Seat 2: Henrysport (small blind) folded before Flop
Seat 3: Seraphim3368 (big blind) folded before Flop
Seat 4: Mahu2021 folded on the Turn
Seat 5: Bumeyes folded before Flop (didn't bet)
Seat 6: kaikok folded before Flop (didn't bet)



PokerStars Zoom Hand #253834179859:  Hold'em No Limit ($0.05/$0.10) - 2024/12/13 15:31:31 CET [2024/12/13 9:31:31 ET]
Table 'Aludra' 6-max Seat #1 is the button
Seat 1: Andrey458 ($10.42 in chips) 
Seat 2: Mahu2021 ($8.65 in chips) 
Seat 3: cybik945 ($10.68 in chips) 
Seat 4: VitorArj ($10 in chips) 
Seat 5: Bumeyes ($27.89 in chips) 
Seat 6: Cyborg_0113 ($10 in chips) 
Mahu2021: posts small blind $0.05
cybik945: posts big blind $0.10
*** HOLE CARDS ***
Dealt to Mahu2021 [Ah 9d]
VitorArj: folds 
Bumeyes: folds 
Cyborg_0113: folds 
Andrey458: folds 
Mahu2021: raises $0.20 to $0.30
cybik945: raises $0.60 to $0.90
Mahu2021: calls $0.60
*** FLOP *** [9h Kd Kh]
Mahu2021: bets $1.72
cybik945: folds 
Uncalled bet ($1.72) returned to Mahu2021
Mahu2021 collected $1.72 from pot
Mahu2021: doesn't show hand 
*** SUMMARY ***
Total pot $1.80 | Rake $0.08 
Board [9h Kd Kh]
Seat 1: Andrey458 (button) folded before Flop (didn't bet)
Seat 2: Mahu2021 (small blind) collected ($1.72)
Seat 3: cybik945 (big blind) folded on the Flop
Seat 4: VitorArj folded before Flop (didn't bet)
Seat 5: Bumeyes folded before Flop (didn't bet)
Seat 6: Cyborg_0113 folded before Flop (didn't bet)



PokerStars Zoom Hand #253834190110:  Hold'em No Limit ($0.05/$0.10) - 2024/12/13 15:32:31 CET [2024/12/13 9:32:31 ET]
Table 'Aludra' 6-max Seat #1 is the button
Seat 1: MasterK0830 ($9.45 in chips) 
Seat 2: tigerfarm ($15.18 in chips) 
Seat 3: Cheeeeerrss1 ($16.18 in chips) 
Seat 4: Carrorc87 ($11.65 in chips) 
Seat 5: DonkeyKong1960 ($10.12 in chips) 
Seat 6: Mahu2021 ($9.37 in chips) 
tigerfarm: posts small blind $0.05
Cheeeeerrss1: posts big blind $0.10
*** HOLE CARDS ***
Dealt to Mahu2021 [3s Qc]
Carrorc87: folds 
DonkeyKong1960: folds 
Mahu2021: folds 
MasterK0830: raises $0.20 to $0.30
tigerfarm: folds 
Cheeeeerrss1: folds 
Uncalled bet ($0.20) returned to MasterK0830
MasterK0830 collected $0.25 from pot
MasterK0830: doesn't show hand 
*** SUMMARY ***
Total pot $0.25 | Rake $0 
Seat 1: MasterK0830 (button) collected ($0.25)
Seat 2: tigerfarm (small blind) folded before Flop
Seat 3: Cheeeeerrss1 (big blind) folded before Flop
Seat 4: Carrorc87 folded before Flop (didn't bet)
Seat 5: DonkeyKong1960 folded before Flop (didn't bet)
Seat 6: Mahu2021 folded before Flop (didn't bet)



PokerStars Zoom Hand #253834189390:  Hold'em No Limit ($0.05/$0.10) - 2024/12/13 15:32:27 CET [2024/12/13 9:32:27 ET]
Table 'Aludra' 6-max Seat #1 is the button
Seat 1: Mahu2021 ($9.37 in chips) 
Seat 2: LUBOSF99 ($11.98 in chips) 
Seat 3: davhl ($6 in chips) 
Seat 4: letaj ($10.10 in chips) 
Seat 5: dsanchez11 ($10.05 in chips) 
Seat 6: nord1k5 ($25.11 in chips) 
LUBOSF99: posts small blind $0.05
davhl: posts big blind $0.10
*** HOLE CARDS ***
Dealt to Mahu2021 [7d 9h]
letaj: raises $0.20 to $0.30
dsanchez11: folds 
nord1k5: folds 
Mahu2021: folds 
LUBOSF99: calls $0.25
davhl: folds 
*** FLOP *** [Td As Qh]
LUBOSF99: checks 
letaj: bets $0.40
LUBOSF99: folds 
Uncalled bet ($0.40) returned to letaj
letaj collected $0.67 from pot
letaj: doesn't show hand 
*** SUMMARY ***
Total pot $0.70 | Rake $0.03 
Board [Td As Qh]
Seat 1: Mahu2021 (button) folded before Flop (didn't bet)
Seat 2: LUBOSF99 (small blind) folded on the Flop
Seat 3: davhl (big blind) folded before Flop
Seat 4: letaj collected ($0.67)
Seat 5: dsanchez11 folded before Flop (didn't bet)
Seat 6: nord1k5 folded before Flop (didn't bet)



PokerStars Zoom Hand #253834188514:  Hold'em No Limit ($0.05/$0.10) - 2024/12/13 15:32:21 CET [2024/12/13 9:32:21 ET]
Table 'Aludra' 6-max Seat #1 is the button
Seat 1: Andrey458 ($10.42 in chips) 
Seat 2: ruthb50 ($5.67 in chips) 
Seat 3: Mahu2021 ($9.47 in chips) 
Seat 4: 611mila ($2.77 in chips) 
Seat 5: MasterK0830 ($11.40 in chips) 
Seat 6: Prados777 ($22.94 in chips) 
ruthb50: posts small blind $0.05
Mahu2021: posts big blind $0.10
*** HOLE CARDS ***
Dealt to Mahu2021 [3d Qd]
611mila: raises $0.12 to $0.22
MasterK0830: folds 
Prados777: calls $0.22
Andrey458: folds 
ruthb50: folds 
Mahu2021: folds 
*** FLOP *** [8h 7c Qh]
611mila: bets $0.28
Prados777: calls $0.28
*** TURN *** [8h 7c Qh] [Qs]
611mila: bets $0.10
Prados777: raises $0.65 to $0.75
611mila: folds 
Uncalled bet ($0.65) returned to Prados777
Prados777 collected $1.29 from pot
Prados777: doesn't show hand 
*** SUMMARY ***
Total pot $1.35 | Rake $0.06 
Board [8h 7c Qh Qs]
Seat 1: Andrey458 (button) folded before Flop (didn't bet)
Seat 2: ruthb50 (small blind) folded before Flop
Seat 3: Mahu2021 (big blind) folded before Flop
Seat 4: 611mila folded on the Turn
Seat 5: MasterK0830 folded before Flop (didn't bet)
Seat 6: Prados777 collected ($1.29)



PokerStars Zoom Hand #253834192530:  Hold'em No Limit ($0.05/$0.10) - 2024/12/13 15:32:45 CET [2024/12/13 9:32:45 ET]
Table 'Aludra' 6-max Seat #1 is the button
Seat 1: PAUSOF ($14.39 in chips) 
Seat 2: Prados777 ($13.93 in chips) 
Seat 3: charlesws25 ($10 in chips) 
Seat 4: Mahu2021 ($9.37 in chips) 
Seat 5: Kalifuchs ($14.64 in chips) 
Seat 6: cpt.vnpp ($10.15 in chips) 
Prados777: posts small blind $0.05
charlesws25: posts big blind $0.10
*** HOLE CARDS ***
Dealt to Mahu2021 [3s 4c]
Mahu2021: folds 
Kalifuchs: folds 
cpt.vnpp: folds 
PAUSOF: raises $0.15 to $0.25
Prados777: folds 
charlesws25: folds 
Uncalled bet ($0.15) returned to PAUSOF
PAUSOF collected $0.25 from pot
PAUSOF: doesn't show hand 
*** SUMMARY ***
Total pot $0.25 | Rake $0 
Seat 1: PAUSOF (button) collected ($0.25)
Seat 2: Prados777 (small blind) folded before Flop
Seat 3: charlesws25 (big blind) folded before Flop
Seat 4: Mahu2021 folded before Flop (didn't bet)
Seat 5: Kalifuchs folded before Flop (didn't bet)
Seat 6: cpt.vnpp folded before Flop (didn't bet)



PokerStars Zoom Hand #253834191455:  Hold'em No Limit ($0.05/$0.10) - 2024/12/13 15:32:39 CET [2024/12/13 9:32:39 ET]
Table 'Aludra' 6-max Seat #1 is the button
Seat 1: cpt.vnpp ($10.15 in chips) 
Seat 2: cybik945 ($10 in chips) 
Seat 3: rossjack89 ($10.28 in chips) 
Seat 4: Mahu2021 ($9.37 in chips) 
Seat 5: Andrey458 ($10.37 in chips) 
Seat 6: DonkeyKong1960 ($10.15 in chips) 
cybik945: posts small blind $0.05
rossjack89: posts big blind $0.10
*** HOLE CARDS ***
Dealt to Mahu2021 [3d 2h]
Mahu2021: folds 
Andrey458: folds 
DonkeyKong1960: raises $0.20 to $0.30
cpt.vnpp: folds 
cybik945: raises $0.80 to $1.10
rossjack89: folds 
DonkeyKong1960: folds 
Uncalled bet ($0.80) returned to cybik945
cybik945 collected $0.70 from pot
cybik945: doesn't show hand 
*** SUMMARY ***
Total pot $0.70 | Rake $0 
Seat 1: cpt.vnpp (button) folded before Flop (didn't bet)
Seat 2: cybik945 (small blind) collected ($0.70)
Seat 3: rossjack89 (big blind) folded before Flop
Seat 4: Mahu2021 folded before Flop (didn't bet)
Seat 5: Andrey458 folded before Flop (didn't bet)
Seat 6: DonkeyKong1960 folded before Flop



PokerStars Zoom Hand #253834193240:  Hold'em No Limit ($0.05/$0.10) - 2024/12/13 15:32:49 CET [2024/12/13 9:32:49 ET]
Table 'Aludra' 6-max Seat #1 is the button
Seat 1: dsanchez11 ($10 in chips) 
Seat 2: DopeVision69 ($9.18 in chips) 
Seat 3: Mahu2021 ($9.37 in chips) 
Seat 4: Hans Gross ($14.13 in chips) 
Seat 5: PAUSOF ($13.57 in chips) 
Seat 6: lutr1923 ($5.56 in chips) 
DopeVision69: posts small blind $0.05
Mahu2021: posts big blind $0.10
*** HOLE CARDS ***
Dealt to Mahu2021 [Th 5s]
Hans Gross: folds 
PAUSOF: folds 
lutr1923: folds 
dsanchez11: folds 
DopeVision69: folds 
Uncalled bet ($0.05) returned to Mahu2021
Mahu2021 collected $0.10 from pot
Mahu2021: doesn't show hand 
*** SUMMARY ***
Total pot $0.10 | Rake $0 
Seat 1: dsanchez11 (button) folded before Flop (didn't bet)
Seat 2: DopeVision69 (small blind) folded before Flop
Seat 3: Mahu2021 (big blind) collected ($0.10)
Seat 4: Hans Gross folded before Flop (didn't bet)
Seat 5: PAUSOF folded before Flop (didn't bet)
Seat 6: lutr1923 folded before Flop (didn't bet)



PokerStars Zoom Hand #253834195539:  Hold'em No Limit ($0.05/$0.10) - 2024/12/13 15:33:02 CET [2024/12/13 9:33:02 ET]
Table 'Aludra' 6-max Seat #1 is the button
Seat 1: blindprotector ($10 in chips) 
Seat 2: Mahu2021 ($9.42 in chips) 
Seat 3: 611mila ($7.34 in chips) 
Seat 4: cybik945 ($10 in chips) 
Seat 5: tigerfarm ($11.80 in chips) 
Seat 6: PAUSOF ($14.54 in chips) 
Mahu2021: posts small blind $0.05
611mila: posts big blind $0.10
*** HOLE CARDS ***
Dealt to Mahu2021 [4h 8c]
cybik945: folds 
tigerfarm: raises $0.13 to $0.23
PAUSOF: folds 
blindprotector: folds 
Mahu2021: folds 
611mila: folds 
Uncalled bet ($0.13) returned to tigerfarm
tigerfarm collected $0.25 from pot
tigerfarm: doesn't show hand 
*** SUMMARY ***
Total pot $0.25 | Rake $0 
Seat 1: blindprotector (button) folded before Flop (didn't bet)
Seat 2: Mahu2021 (small blind) folded before Flop
Seat 3: 611mila (big blind) folded before Flop
Seat 4: cybik945 folded before Flop (didn't bet)
Seat 5: tigerfarm collected ($0.25)
Seat 6: PAUSOF folded before Flop (didn't bet)



PokerStars Zoom Hand #253834190790:  Hold'em No Limit ($0.05/$0.10) - 2024/12/13 15:32:35 CET [2024/12/13 9:32:35 ET]
Table 'Aludra' 6-max Seat #1 is the button
Seat 1: Deox666 ($10.54 in chips) 
Seat 2: PAUSOF ($14.44 in chips) 
Seat 3: nord1k5 ($22.39 in chips) 
Seat 4: Bruno CP796 ($9.89 in chips) 
Seat 5: Mahu2021 ($9.37 in chips) 
Seat 6: VitorArj ($10.15 in chips) 
PAUSOF: posts small blind $0.05
nord1k5: posts big blind $0.10
*** HOLE CARDS ***
Dealt to Mahu2021 [8h 4d]
Bruno CP796: raises $0.10 to $0.20
Mahu2021: folds 
VitorArj: folds 
Deox666: raises $0.40 to $0.60
PAUSOF: folds 
nord1k5: folds 
Bruno CP796: calls $0.40
*** FLOP *** [4h Qd 3d]
Bruno CP796: checks 
Deox666: checks 
*** TURN *** [4h Qd 3d] [6d]
Bruno CP796: bets $0.33
Deox666: calls $0.33
*** RIVER *** [4h Qd 3d 6d] [Ad]
Bruno CP796: checks 
Deox666: checks 
*** SHOW DOWN ***
Bruno CP796: shows [Jc Jh] (a pair of Jacks)
Deox666: shows [4s As] (two pair, Aces and Fours)
Deox666 collected $1.92 from pot
*** SUMMARY ***
Total pot $2.01 | Rake $0.09 
Board [4h Qd 3d 6d Ad]
Seat 1: Deox666 (button) showed [4s As] and won ($1.92) with two pair, Aces and Fours
Seat 2: PAUSOF (small blind) folded before Flop
Seat 3: nord1k5 (big blind) folded before Flop
Seat 4: Bruno CP796 showed [Jc Jh] and lost with a pair of Jacks
Seat 5: Mahu2021 folded before Flop (didn't bet)
Seat 6: VitorArj folded before Flop (didn't bet)



PokerStars Zoom Hand #253834196235:  Hold'em No Limit ($0.05/$0.10) - 2024/12/13 15:33:06 CET [2024/12/13 9:33:06 ET]
Table 'Aludra' 6-max Seat #1 is the button
Seat 1: Mahu2021 ($9.37 in chips) 
Seat 2: Pesulle ($14.31 in chips) 
Seat 3: thorindorf ($18.75 in chips) 
Seat 4: DonkeyKong1960 ($10 in chips) 
Seat 5: PAUSOF ($14.54 in chips) 
Seat 6: Cyborg_0113 ($11.46 in chips) 
Pesulle: posts small blind $0.05
thorindorf: posts big blind $0.10
*** HOLE CARDS ***
Dealt to Mahu2021 [Ac Qs]
DonkeyKong1960: folds 
PAUSOF: folds 
Cyborg_0113: folds 
Mahu2021: raises $0.20 to $0.30
Pesulle: calls $0.25
thorindorf: folds 
*** FLOP *** [8h Ks 8s]
Pesulle: checks 
Mahu2021: checks 
*** TURN *** [8h Ks 8s] [Qc]
Pesulle: bets $0.32
Mahu2021: calls $0.32
*** RIVER *** [8h Ks 8s Qc] [Ah]
Pesulle: checks 
Mahu2021: bets $0.50
Pesulle: folds 
Uncalled bet ($0.50) returned to Mahu2021
Mahu2021 collected $1.28 from pot
Mahu2021: doesn't show hand 
*** SUMMARY ***
Total pot $1.34 | Rake $0.06 
Board [8h Ks 8s Qc Ah]
Seat 1: Mahu2021 (button) collected ($1.28)
Seat 2: Pesulle (small blind) folded on the River
Seat 3: thorindorf (big blind) folded before Flop
Seat 4: DonkeyKong1960 folded before Flop (didn't bet)
Seat 5: PAUSOF folded before Flop (didn't bet)
Seat 6: Cyborg_0113 folded before Flop (didn't bet)



PokerStars Zoom Hand #253834202930:  Hold'em No Limit ($0.05/$0.10) - 2024/12/13 15:33:44 CET [2024/12/13 9:33:44 ET]
Table 'Aludra' 6-max Seat #1 is the button
Seat 1: Cássio.Shima ($12.25 in chips) 
Seat 2: dsanchez11 ($10.20 in chips) 
Seat 3: MasterK0830 ($8.80 in chips) 
Seat 4: thorindorf ($18.60 in chips) 
Seat 5: DonkeyKong1960 ($10.05 in chips) 
Seat 6: Mahu2021 ($10.03 in chips) 
dsanchez11: posts small blind $0.05
MasterK0830: posts big blind $0.10
*** HOLE CARDS ***
Dealt to Mahu2021 [5d 4s]
thorindorf: folds 
DonkeyKong1960: raises $0.20 to $0.30
Mahu2021: folds 
Cássio.Shima: folds 
dsanchez11: folds 
MasterK0830: folds 
Uncalled bet ($0.20) returned to DonkeyKong1960
DonkeyKong1960 collected $0.25 from pot
DonkeyKong1960: doesn't show hand 
*** SUMMARY ***
Total pot $0.25 | Rake $0 
Seat 1: Cássio.Shima (button) folded before Flop (didn't bet)
Seat 2: dsanchez11 (small blind) folded before Flop
Seat 3: MasterK0830 (big blind) folded before Flop
Seat 4: thorindorf folded before Flop (didn't bet)
Seat 5: DonkeyKong1960 collected ($0.25)
Seat 6: Mahu2021 folded before Flop (didn't bet)



PokerStars Zoom Hand #253834205919:  Hold'em No Limit ($0.05/$0.10) - 2024/12/13 15:34:01 CET [2024/12/13 9:34:01 ET]
Table 'Aludra' 6-max Seat #1 is the button
Seat 1: Sanctigallus ($12.09 in chips) 
Seat 2: Mahu2021 ($9.93 in chips) 
Seat 3: Noronhajr525 ($4.60 in chips) 
Seat 4: dsanchez11 ($10.15 in chips) 
Seat 5: Cássio.Shima ($12.20 in chips) 
Seat 6: MarkGillmor ($15.62 in chips) 
Mahu2021: posts small blind $0.05
Noronhajr525: posts big blind $0.10
*** HOLE CARDS ***
Dealt to Mahu2021 [3h 2c]
dsanchez11: folds 
Cássio.Shima: folds 
MarkGillmor: folds 
Sanctigallus: folds 
Mahu2021: folds 
Uncalled bet ($0.05) returned to Noronhajr525
Noronhajr525 collected $0.10 from pot
Noronhajr525: doesn't show hand 
*** SUMMARY ***
Total pot $0.10 | Rake $0 
Seat 1: Sanctigallus (button) folded before Flop (didn't bet)
Seat 2: Mahu2021 (small blind) folded before Flop
Seat 3: Noronhajr525 (big blind) collected ($0.10)
Seat 4: dsanchez11 folded before Flop (didn't bet)
Seat 5: Cássio.Shima folded before Flop (didn't bet)
Seat 6: MarkGillmor folded before Flop (didn't bet)



PokerStars Zoom Hand #253834204311:  Hold'em No Limit ($0.05/$0.10) - 2024/12/13 15:33:52 CET [2024/12/13 9:33:52 ET]
Table 'Aludra' 6-max Seat #1 is the button
Seat 1: 1jims2 ($6.30 in chips) 
Seat 2: tigerfarm ($11.15 in chips) 
Seat 3: Mahu2021 ($10.03 in chips) 
Seat 4: MasterK0830 ($8.70 in chips) 
Seat 5: Thelonius84 ($16.28 in chips) 
Seat 6: bartovskii ($18.34 in chips) 
tigerfarm: posts small blind $0.05
Mahu2021: posts big blind $0.10
*** HOLE CARDS ***
Dealt to Mahu2021 [9d 3h]
MasterK0830: folds 
Thelonius84: folds 
bartovskii: raises $0.15 to $0.25
1jims2: calls $0.25
tigerfarm: calls $0.20
Mahu2021: folds 
*** FLOP *** [4d Qc 2d]
tigerfarm: checks 
bartovskii: checks 
1jims2: bets $0.81
tigerfarm: folds 
bartovskii: folds 
Uncalled bet ($0.81) returned to 1jims2
1jims2 collected $0.81 from pot
1jims2: doesn't show hand 
*** SUMMARY ***
Total pot $0.85 | Rake $0.04 
Board [4d Qc 2d]
Seat 1: 1jims2 (button) collected ($0.81)
Seat 2: tigerfarm (small blind) folded on the Flop
Seat 3: Mahu2021 (big blind) folded before Flop
Seat 4: MasterK0830 folded before Flop (didn't bet)
Seat 5: Thelonius84 folded before Flop (didn't bet)
Seat 6: bartovskii folded on the Flop



PokerStars Zoom Hand #253834206592:  Hold'em No Limit ($0.05/$0.10) - 2024/12/13 15:34:05 CET [2024/12/13 9:34:05 ET]
Table 'Aludra' 6-max Seat #1 is the button
Seat 1: Mahu2021 ($9.88 in chips) 
Seat 2: Oscaar29 ($8.21 in chips) 
Seat 3: DopeVision69 ($6.84 in chips) 
Seat 4: 611mila ($7.04 in chips) 
Seat 5: Deox666 ($16.48 in chips) 
Seat 6: JRebus ($9.83 in chips) 
Oscaar29: posts small blind $0.05
DopeVision69: posts big blind $0.10
*** HOLE CARDS ***
Dealt to Mahu2021 [Ad 4s]
611mila: folds 
Deox666: folds 
JRebus: folds 
Mahu2021: raises $0.20 to $0.30
Oscaar29: raises $7.91 to $8.21 and is all-in
DopeVision69: folds 
Mahu2021: folds 
Uncalled bet ($7.91) returned to Oscaar29
Oscaar29 collected $0.70 from pot
Oscaar29: doesn't show hand 
*** SUMMARY ***
Total pot $0.70 | Rake $0 
Seat 1: Mahu2021 (button) folded before Flop
Seat 2: Oscaar29 (small blind) collected ($0.70)
Seat 3: DopeVision69 (big blind) folded before Flop
Seat 4: 611mila folded before Flop (didn't bet)
Seat 5: Deox666 folded before Flop (didn't bet)
Seat 6: JRebus folded before Flop (didn't bet)



PokerStars Zoom Hand #253834203569:  Hold'em No Limit ($0.05/$0.10) - 2024/12/13 15:33:48 CET [2024/12/13 9:33:48 ET]
Table 'Aludra' 6-max Seat #1 is the button
Seat 1: lutr1923 ($6.42 in chips) 
Seat 2: cpt.vnpp ($10.05 in chips) 
Seat 3: lotoplayer1 ($11.33 in chips) 
Seat 4: nord1k5 ($22.14 in chips) 
Seat 5: Mahu2021 ($10.03 in chips) 
Seat 6: 611mila ($7.09 in chips) 
cpt.vnpp: posts small blind $0.05
lotoplayer1: posts big blind $0.10
*** HOLE CARDS ***
Dealt to Mahu2021 [Th 9c]
nord1k5: raises $0.15 to $0.25
Mahu2021: folds 
611mila: folds 
lutr1923: calls $0.25
cpt.vnpp: folds 
lotoplayer1: folds 
*** FLOP *** [4s 8d 6d]
nord1k5: checks 
lutr1923: checks 
*** TURN *** [4s 8d 6d] [Ks]
nord1k5: checks 
lutr1923: bets $0.30
nord1k5: folds 
Uncalled bet ($0.30) returned to lutr1923
lutr1923 collected $0.61 from pot
lutr1923: doesn't show hand 
*** SUMMARY ***
Total pot $0.65 | Rake $0.04 
Board [4s 8d 6d Ks]
Seat 1: lutr1923 (button) collected ($0.61)
Seat 2: cpt.vnpp (small blind) folded before Flop
Seat 3: lotoplayer1 (big blind) folded before Flop
Seat 4: nord1k5 folded on the Turn
Seat 5: Mahu2021 folded before Flop (didn't bet)
Seat 6: 611mila folded before Flop (didn't bet)



PokerStars Zoom Hand #253834208985:  Hold'em No Limit ($0.05/$0.10) - 2024/12/13 15:34:18 CET [2024/12/13 9:34:18 ET]
Table 'Aludra' 6-max Seat #1 is the button
Seat 1: mura442 ($10 in chips) 
Seat 2: decm ($17.05 in chips) 
Seat 3: Andrey458 ($20.14 in chips) 
Seat 4: Seraphim3368 ($12.24 in chips) 
Seat 5: Mahu2021 ($9.58 in chips) 
Seat 6: cpt.vnpp ($10.42 in chips) 
decm: posts small blind $0.05
Andrey458: posts big blind $0.10
*** HOLE CARDS ***
Dealt to Mahu2021 [Kh 8h]
Seraphim3368: folds 
Mahu2021: folds 
cpt.vnpp: raises $0.10 to $0.20
mura442: folds 
decm: folds 
Andrey458: folds 
Uncalled bet ($0.10) returned to cpt.vnpp
cpt.vnpp collected $0.25 from pot
cpt.vnpp: doesn't show hand 
*** SUMMARY ***
Total pot $0.25 | Rake $0 
Seat 1: mura442 (button) folded before Flop (didn't bet)
Seat 2: decm (small blind) folded before Flop
Seat 3: Andrey458 (big blind) folded before Flop
Seat 4: Seraphim3368 folded before Flop (didn't bet)
Seat 5: Mahu2021 folded before Flop (didn't bet)
Seat 6: cpt.vnpp collected ($0.25)



PokerStars Zoom Hand #253834209834:  Hold'em No Limit ($0.05/$0.10) - 2024/12/13 15:34:23 CET [2024/12/13 9:34:23 ET]
Table 'Aludra' 6-max Seat #1 is the button
Seat 1: DopeVision69 ($6.69 in chips) 
Seat 2: MarkRegen ($10.88 in chips) 
Seat 3: 1jims2 ($6.86 in chips) 
Seat 4: lutr1923 ($5.70 in chips) 
Seat 5: pokking876 ($5.99 in chips) 
Seat 6: Mahu2021 ($9.58 in chips) 
MarkRegen: posts small blind $0.05
1jims2: posts big blind $0.10
*** HOLE CARDS ***
Dealt to Mahu2021 [7h 9c]
lutr1923: folds 
pokking876: folds 
Mahu2021: folds 
DopeVision69: raises $0.10 to $0.20
MarkRegen: folds 
1jims2: calls $0.10
*** FLOP *** [6c 7s 7d]
1jims2: checks 
DopeVision69: bets $0.10
1jims2: folds 
Uncalled bet ($0.10) returned to DopeVision69
DopeVision69 collected $0.43 from pot
DopeVision69: doesn't show hand 
*** SUMMARY ***
Total pot $0.45 | Rake $0.02 
Board [6c 7s 7d]
Seat 1: DopeVision69 (button) collected ($0.43)
Seat 2: MarkRegen (small blind) folded before Flop
Seat 3: 1jims2 (big blind) folded on the Flop
Seat 4: lutr1923 folded before Flop (didn't bet)
Seat 5: pokking876 folded before Flop (didn't bet)
Seat 6: Mahu2021 folded before Flop (didn't bet)



PokerStars Zoom Hand #253834212777:  Hold'em No Limit ($0.05/$0.10) - 2024/12/13 15:34:39 CET [2024/12/13 9:34:39 ET]
Table 'Aludra' 6-max Seat #1 is the button
Seat 1: Mahu2021 ($9.48 in chips) 
Seat 2: DonkeyKong1960 ($10.10 in chips) 
Seat 3: JAntdog ($10.10 in chips) 
Seat 4: lutr1923 ($6.73 in chips) 
Seat 5: BriliantMike ($4.85 in chips) 
Seat 6: nord1k5 ($21.89 in chips) 
DonkeyKong1960: posts small blind $0.05
JAntdog: posts big blind $0.10
*** HOLE CARDS ***
Dealt to Mahu2021 [4d Qs]
lutr1923: folds 
BriliantMike: folds 
nord1k5: folds 
Mahu2021: folds 
DonkeyKong1960: raises $0.20 to $0.30
JAntdog: folds 
Uncalled bet ($0.20) returned to DonkeyKong1960
DonkeyKong1960 collected $0.20 from pot
DonkeyKong1960: doesn't show hand 
*** SUMMARY ***
Total pot $0.20 | Rake $0 
Seat 1: Mahu2021 (button) folded before Flop (didn't bet)
Seat 2: DonkeyKong1960 (small blind) collected ($0.20)
Seat 3: JAntdog (big blind) folded before Flop
Seat 4: lutr1923 folded before Flop (didn't bet)
Seat 5: BriliantMike folded before Flop (didn't bet)
Seat 6: nord1k5 folded before Flop (didn't bet)



PokerStars Zoom Hand #253834214381:  Hold'em No Limit ($0.05/$0.10) - 2024/12/13 15:34:48 CET [2024/12/13 9:34:48 ET]
Table 'Aludra' 6-max Seat #1 is the button
Seat 1: Deox666 ($16.50 in chips) 
Seat 2: Sanctigallus ($20.72 in chips) 
Seat 3: BriliantMike ($4.85 in chips) 
Seat 4: Karaflas1 ($11.45 in chips) 
Seat 5: Hakkai10 ($10.62 in chips) 
Seat 6: Mahu2021 ($9.43 in chips) 
Sanctigallus: posts small blind $0.05
BriliantMike: posts big blind $0.10
*** HOLE CARDS ***
Dealt to Mahu2021 [Tc 7s]
Karaflas1: folds 
Hakkai10: folds 
Mahu2021: folds 
Deox666: folds 
Sanctigallus: folds 
Uncalled bet ($0.05) returned to BriliantMike
BriliantMike collected $0.10 from pot
BriliantMike: doesn't show hand 
*** SUMMARY ***
Total pot $0.10 | Rake $0 
Seat 1: Deox666 (button) folded before Flop (didn't bet)
Seat 2: Sanctigallus (small blind) folded before Flop
Seat 3: BriliantMike (big blind) collected ($0.10)
Seat 4: Karaflas1 folded before Flop (didn't bet)
Seat 5: Hakkai10 folded before Flop (didn't bet)
Seat 6: Mahu2021 folded before Flop (didn't bet)



PokerStars Zoom Hand #253834211491:  Hold'em No Limit ($0.05/$0.10) - 2024/12/13 15:34:32 CET [2024/12/13 9:34:32 ET]
Table 'Aludra' 6-max Seat #1 is the button
Seat 1: decm ($17 in chips) 
Seat 2: pokking876 ($5.99 in chips) 
Seat 3: Mahu2021 ($9.58 in chips) 
Seat 4: Petresa ($11.25 in chips) 
Seat 5: Prados777 ($22.83 in chips) 
Seat 6: NicBrotzu ($10.50 in chips) 
pokking876: posts small blind $0.05
Mahu2021: posts big blind $0.10
*** HOLE CARDS ***
Dealt to Mahu2021 [6d Js]
Petresa: folds 
Prados777: folds 
NicBrotzu: raises $0.15 to $0.25
decm: calls $0.25
pokking876: folds 
Mahu2021: folds 
*** FLOP *** [7c Ad 4s]
NicBrotzu: checks 
decm: checks 
*** TURN *** [7c Ad 4s] [5s]
NicBrotzu: bets $0.31
decm: calls $0.31
*** RIVER *** [7c Ad 4s 5s] [Ac]
NicBrotzu: bets $0.61
decm: calls $0.61
*** SHOW DOWN ***
NicBrotzu: shows [Ks Kc] (two pair, Aces and Kings)
decm: shows [Ah 8s] (three of a kind, Aces)
decm collected $2.38 from pot
*** SUMMARY ***
Total pot $2.49 | Rake $0.11 
Board [7c Ad 4s 5s Ac]
Seat 1: decm (button) showed [Ah 8s] and won ($2.38) with three of a kind, Aces
Seat 2: pokking876 (small blind) folded before Flop
Seat 3: Mahu2021 (big blind) folded before Flop
Seat 4: Petresa folded before Flop (didn't bet)
Seat 5: Prados777 folded before Flop (didn't bet)
Seat 6: NicBrotzu showed [Ks Kc] and lost with two pair, Aces and Kings



PokerStars Zoom Hand #253834210798:  Hold'em No Limit ($0.05/$0.10) - 2024/12/13 15:34:28 CET [2024/12/13 9:34:28 ET]
Table 'Aludra' 6-max Seat #1 is the button
Seat 1: MarkGillmor ($15.67 in chips) 
Seat 2: Karaflas1 ($20.06 in chips) 
Seat 3: uriboo ($6.77 in chips) 
Seat 4: Mahu2021 ($9.58 in chips) 
Seat 5: Sanctigallus ($20.57 in chips) 
Seat 6: pokking876 ($5.99 in chips) 
Karaflas1: posts small blind $0.05
uriboo: posts big blind $0.10
*** HOLE CARDS ***
Dealt to Mahu2021 [7s Th]
Mahu2021: folds 
Sanctigallus: folds 
pokking876: folds 
MarkGillmor: raises $0.10 to $0.20
Karaflas1: folds 
uriboo: calls $0.10
*** FLOP *** [7c Td 3s]
uriboo: checks 
MarkGillmor: checks 
*** TURN *** [7c Td 3s] [Js]
uriboo: checks 
MarkGillmor: checks 
*** RIVER *** [7c Td 3s Js] [4h]
uriboo: bets $0.20
MarkGillmor: raises $0.52 to $0.72
uriboo: folds 
Uncalled bet ($0.52) returned to MarkGillmor
MarkGillmor collected $0.81 from pot
MarkGillmor: doesn't show hand 
*** SUMMARY ***
Total pot $0.85 | Rake $0.04 
Board [7c Td 3s Js 4h]
Seat 1: MarkGillmor (button) collected ($0.81)
Seat 2: Karaflas1 (small blind) folded before Flop
Seat 3: uriboo (big blind) folded on the River
Seat 4: Mahu2021 folded before Flop (didn't bet)
Seat 5: Sanctigallus folded before Flop (didn't bet)
Seat 6: pokking876 folded before Flop (didn't bet)



PokerStars Zoom Hand #253834213586:  Hold'em No Limit ($0.05/$0.10) - 2024/12/13 15:34:44 CET [2024/12/13 9:34:44 ET]
Table 'Aludra' 6-max Seat #1 is the button
Seat 1: cpt.vnpp ($10 in chips) 
Seat 2: Mahu2021 ($9.48 in chips) 
Seat 3: Pesulle ($11.76 in chips) 
Seat 4: Karaflas1 ($20.01 in chips) 
Seat 5: DopeVision69 ($6.92 in chips) 
Seat 6: Seraphim3368 ($11.78 in chips) 
Mahu2021: posts small blind $0.05
Pesulle: posts big blind $0.10
*** HOLE CARDS ***
Dealt to Mahu2021 [5c 7d]
Karaflas1: folds 
DopeVision69: folds 
Seraphim3368: raises $0.15 to $0.25
cpt.vnpp: raises $0.50 to $0.75
Mahu2021: folds 
Pesulle: calls $0.65
Seraphim3368: raises $1.75 to $2.50
cpt.vnpp: folds 
Pesulle: folds 
Uncalled bet ($1.75) returned to Seraphim3368
Seraphim3368 collected $2.30 from pot
Seraphim3368: doesn't show hand 
*** SUMMARY ***
Total pot $2.30 | Rake $0 
Seat 1: cpt.vnpp (button) folded before Flop
Seat 2: Mahu2021 (small blind) folded before Flop
Seat 3: Pesulle (big blind) folded before Flop
Seat 4: Karaflas1 folded before Flop (didn't bet)
Seat 5: DopeVision69 folded before Flop (didn't bet)
Seat 6: Seraphim3368 collected ($2.30)



PokerStars Zoom Hand #253834215080:  Hold'em No Limit ($0.05/$0.10) - 2024/12/13 15:34:52 CET [2024/12/13 9:34:52 ET]
Table 'Aludra' 6-max Seat #1 is the button
Seat 1: Kalifuchs ($14.62 in chips) 
Seat 2: Cássio.Shima ($10.61 in chips) 
Seat 3: MasterK0830 ($9.61 in chips) 
Seat 4: Deox666 ($16.50 in chips) 
Seat 5: Mahu2021 ($9.43 in chips) 
Seat 6: DanilãoSMC ($10.15 in chips) 
Cássio.Shima: posts small blind $0.05
MasterK0830: posts big blind $0.10
*** HOLE CARDS ***
Dealt to Mahu2021 [9h 9s]
Deox666: folds 
Mahu2021: raises $0.20 to $0.30
DanilãoSMC: calls $0.30
Kalifuchs: folds 
Cássio.Shima: folds 
MasterK0830: raises $0.90 to $1.20
Mahu2021: calls $0.90
DanilãoSMC: folds 
*** FLOP *** [Qs Tc Js]
MasterK0830: bets $1.32
Mahu2021: raises $1.32 to $2.64
MasterK0830: calls $1.32
*** TURN *** [Qs Tc Js] [Qc]
MasterK0830: checks 
Mahu2021: bets $5.59 and is all-in
MasterK0830: calls $5.59
*** RIVER *** [Qs Tc Js Qc] [Jc]
*** SHOW DOWN ***
MasterK0830: shows [Kd Ks] (two pair, Kings and Queens)
Mahu2021: shows [9h 9s] (two pair, Queens and Jacks)
MasterK0830 collected $18.35 from pot
Mahu2021 cashed out the hand for $2.45 | Cash Out Fee $0.05
*** SUMMARY ***
Total pot $19.21 | Rake $0.86 
Board [Qs Tc Js Qc Jc]
Seat 1: Kalifuchs (button) folded before Flop (didn't bet)
Seat 2: Cássio.Shima (small blind) folded before Flop
Seat 3: MasterK0830 (big blind) showed [Kd Ks] and won ($18.35) with two pair, Kings and Queens
Seat 4: Deox666 folded before Flop (didn't bet)
Seat 5: Mahu2021 showed [9h 9s] and lost with two pair, Queens and Jacks (cashed out).
Seat 6: DanilãoSMC folded before Flop



