PokerStars Zoom Hand #255755226428:  Hold'em No Limit ($0.05/$0.10) - 2025/04/16 8:17:18 CET [2025/04/16 2:17:18 ET]
Table 'Aludra' 6-max Seat #1 is the button
Seat 1: Tompi2510 ($10 in chips) 
Seat 2: Cigarrinh0 ($10.20 in chips) 
Seat 3: Mahu2021 ($10 in chips) 
Seat 4: komodo75 ($8.32 in chips) 
Seat 5: MetaDog94 ($22.51 in chips) 
Seat 6: qj444 ($10 in chips) 
Cigarrinh0: posts small blind $0.05
Mahu2021: posts big blind $0.10
*** HOLE CARDS ***
Dealt to Mahu2021 [8s 8d]
komodo75: folds 
MetaDog94: raises $0.25 to $0.35
qj444: folds 
Tompi2510: folds 
Cigarrinh0: folds 
Mahu2021: calls $0.25
*** FLOP *** [2d 8h Tc]
Mahu2021: checks 
MetaDog94: bets $0.72
Mahu2021: raises $8.93 to $9.65 and is all-in
MetaDog94: calls $8.93
*** TURN *** [2d 8h Tc] [4s]
*** RIVER *** [2d 8h Tc 4s] [2s]
*** SHOW DOWN ***
Mahu2021: shows [8s 8d] (a full house, Eights full of Deuces)
MetaDog94: shows [Kd Ad] (a pair of Deuces)
Mahu2021 cashed out the hand for $17.95 | Cash Out Fee $0.37
*** SUMMARY ***
Total pot $20.05 | Rake $0.90 
Board [2d 8h Tc 4s 2s]
Seat 1: Tompi2510 (button) folded before Flop (didn't bet)
Seat 2: Cigarrinh0 (small blind) folded before Flop
Seat 3: Mahu2021 (big blind) showed [8s 8d] and won ($19.15) with a full house, Eights full of Deuces (pot not awarded as player cashed out)
Seat 4: komodo75 folded before Flop (didn't bet)
Seat 5: MetaDog94 showed [Kd Ad] and lost with a pair of Deuces
Seat 6: qj444 folded before Flop (didn't bet)



PokerStars Zoom Hand #255755228529:  Hold'em No Limit ($0.05/$0.10) - 2025/04/16 8:17:49 CET [2025/04/16 2:17:49 ET]
Table 'Aludra' 6-max Seat #1 is the button
Seat 1: MetaDog94 ($12.51 in chips) 
Seat 2: Mahu2021 ($17.95 in chips) 
Seat 3: kazymyr92 ($9.85 in chips) 
Seat 4: Slimgat85 ($9.87 in chips) 
Seat 5: viniciusnd1 ($10 in chips) 
Seat 6: taypan101 ($10.15 in chips) 
Mahu2021: posts small blind $0.05
kazymyr92: posts big blind $0.10
*** HOLE CARDS ***
Dealt to Mahu2021 [Jh 5h]
Slimgat85: folds 
viniciusnd1: folds 
taypan101: folds 
MetaDog94: folds 
Mahu2021: folds 
Uncalled bet ($0.05) returned to kazymyr92
kazymyr92 collected $0.10 from pot
kazymyr92: doesn't show hand 
*** SUMMARY ***
Total pot $0.10 | Rake $0 
Seat 1: MetaDog94 (button) folded before Flop (didn't bet)
Seat 2: Mahu2021 (small blind) folded before Flop
Seat 3: kazymyr92 (big blind) collected ($0.10)
Seat 4: Slimgat85 folded before Flop (didn't bet)
Seat 5: viniciusnd1 folded before Flop (didn't bet)
Seat 6: taypan101 folded before Flop (didn't bet)



