PokerStars Zoom Hand #255757760147:  Hold'em No Limit ($0.05/$0.10) - 2025/04/16 14:27:35 CET [2025/04/16 8:27:35 ET]
Table 'Aludra' 6-max Seat #1 is the button
Seat 1: Ericholger ($14.44 in chips) 
Seat 2: Bur1k ($6.06 in chips) 
Seat 3: Mahu2021 ($10 in chips) 
Seat 4: Ilimp72o ($12.43 in chips) 
Seat 5: seignior ($11.65 in chips) 
Seat 6: alexswe974 ($18.12 in chips) 
Bur1k: posts small blind $0.05
Mahu2021: posts big blind $0.10
*** HOLE CARDS ***
Dealt to Mahu2021 [2h 3c]
Ilimp72o: folds 
seignior: folds 
alexswe974: folds 
Ericholger: raises $0.15 to $0.25
Bur1k: folds 
Mahu2021: folds 
Uncalled bet ($0.15) returned to Ericholger
Ericholger collected $0.25 from pot
Ericholger: doesn't show hand 
*** SUMMARY ***
Total pot $0.25 | Rake $0 
Seat 1: Ericholger (button) collected ($0.25)
Seat 2: Bur1k (small blind) folded before Flop
Seat 3: Mahu2021 (big blind) folded before Flop
Seat 4: Ilimp72o folded before Flop (didn't bet)
Seat 5: seignior folded before Flop (didn't bet)
Seat 6: alexswe974 folded before Flop (didn't bet)



PokerStars Zoom Hand #255757762193:  Hold'em No Limit ($0.05/$0.10) - 2025/04/16 14:27:50 CET [2025/04/16 8:27:50 ET]
Table 'Aludra' 6-max Seat #1 is the button
Seat 1: Mahu2021 ($9.90 in chips) 
Seat 2: Paulomeloo10 ($5.58 in chips) 
Seat 3: Kaybaman708 ($21.10 in chips) 
Seat 4: alexswe974 ($10.79 in chips) 
Seat 5: Grufva ($10.39 in chips) 
Seat 6: IMMPORT@L ($17.09 in chips) 
Paulomeloo10: posts small blind $0.05
Kaybaman708: posts big blind $0.10
*** HOLE CARDS ***
Dealt to Mahu2021 [7h 8c]
alexswe974: folds 
Grufva: folds 
IMMPORT@L: folds 
Mahu2021: folds 
Paulomeloo10: raises $0.15 to $0.25
Kaybaman708: folds 
Uncalled bet ($0.15) returned to Paulomeloo10
Paulomeloo10 collected $0.20 from pot
Paulomeloo10: doesn't show hand 
*** SUMMARY ***
Total pot $0.20 | Rake $0 
Seat 1: Mahu2021 (button) folded before Flop (didn't bet)
Seat 2: Paulomeloo10 (small blind) collected ($0.20)
Seat 3: Kaybaman708 (big blind) folded before Flop
Seat 4: alexswe974 folded before Flop (didn't bet)
Seat 5: Grufva folded before Flop (didn't bet)
Seat 6: IMMPORT@L folded before Flop (didn't bet)



PokerStars Zoom Hand #255757762832:  Hold'em No Limit ($0.05/$0.10) - 2025/04/16 14:27:55 CET [2025/04/16 8:27:55 ET]
Table 'Aludra' 6-max Seat #1 is the button
Seat 1: Luffy V ($12.09 in chips) 
Seat 2: Mahu2021 ($9.90 in chips) 
Seat 3: Chiarelli99 ($11.07 in chips) 
Seat 4: nDoelAidFme ($10.05 in chips) 
Seat 5: THE913 ($8.68 in chips) 
Seat 6: Grufva ($10.39 in chips) 
Mahu2021: posts small blind $0.05
Chiarelli99: posts big blind $0.10
*** HOLE CARDS ***
Dealt to Mahu2021 [4s Th]
nDoelAidFme: folds 
THE913: folds 
Grufva: raises $0.11 to $0.21
Luffy V: folds 
Mahu2021: folds 
Chiarelli99: folds 
Uncalled bet ($0.11) returned to Grufva
Grufva collected $0.25 from pot
Grufva: doesn't show hand 
*** SUMMARY ***
Total pot $0.25 | Rake $0 
Seat 1: Luffy V (button) folded before Flop (didn't bet)
Seat 2: Mahu2021 (small blind) folded before Flop
Seat 3: Chiarelli99 (big blind) folded before Flop
Seat 4: nDoelAidFme folded before Flop (didn't bet)
Seat 5: THE913 folded before Flop (didn't bet)
Seat 6: Grufva collected ($0.25)



PokerStars Zoom Hand #255757763266:  Hold'em No Limit ($0.05/$0.10) - 2025/04/16 14:27:58 CET [2025/04/16 8:27:58 ET]
Table 'Aludra' 6-max Seat #1 is the button
Seat 1: LightninMac ($10.86 in chips) 
Seat 2: GrozovaIra ($11.59 in chips) 
Seat 3: alexswe974 ($10.79 in chips) 
Seat 4: nDoelAidFme ($10.05 in chips) 
Seat 5: afwing16 ($27.15 in chips) 
Seat 6: Mahu2021 ($9.85 in chips) 
GrozovaIra: posts small blind $0.05
alexswe974: posts big blind $0.10
*** HOLE CARDS ***
Dealt to Mahu2021 [Js Ts]
nDoelAidFme: folds 
afwing16: folds 
Mahu2021: raises $0.20 to $0.30
LightninMac: raises $0.50 to $0.80
GrozovaIra: folds 
alexswe974: folds 
Mahu2021: folds 
Uncalled bet ($0.50) returned to LightninMac
LightninMac collected $0.75 from pot
LightninMac: doesn't show hand 
*** SUMMARY ***
Total pot $0.75 | Rake $0 
Seat 1: LightninMac (button) collected ($0.75)
Seat 2: GrozovaIra (small blind) folded before Flop
Seat 3: alexswe974 (big blind) folded before Flop
Seat 4: nDoelAidFme folded before Flop (didn't bet)
Seat 5: afwing16 folded before Flop (didn't bet)
Seat 6: Mahu2021 folded before Flop



PokerStars Zoom Hand #255757765143:  Hold'em No Limit ($0.05/$0.10) - 2025/04/16 14:28:12 CET [2025/04/16 8:28:12 ET]
Table 'Aludra' 6-max Seat #1 is the button
Seat 1: afwing16 ($10.97 in chips) 
Seat 2: giannissapk ($25.61 in chips) 
Seat 3: Bur1k ($5.15 in chips) 
Seat 4: jim.gr450 ($11.31 in chips) 
Seat 5: Mahu2021 ($9.55 in chips) 
Seat 6: Luffy V ($13.59 in chips) 
giannissapk: posts small blind $0.05
Bur1k: posts big blind $0.10
*** HOLE CARDS ***
Dealt to Mahu2021 [3c Ac]
jim.gr450: folds 
Mahu2021: raises $0.10 to $0.20
Luffy V: folds 
afwing16: folds 
giannissapk: folds 
Bur1k: folds 
Uncalled bet ($0.10) returned to Mahu2021
Mahu2021 collected $0.25 from pot
Mahu2021: doesn't show hand 
*** SUMMARY ***
Total pot $0.25 | Rake $0 
Seat 1: afwing16 (button) folded before Flop (didn't bet)
Seat 2: giannissapk (small blind) folded before Flop
Seat 3: Bur1k (big blind) folded before Flop
Seat 4: jim.gr450 folded before Flop (didn't bet)
Seat 5: Mahu2021 collected ($0.25)
Seat 6: Luffy V folded before Flop (didn't bet)



PokerStars Zoom Hand #255757768493:  Hold'em No Limit ($0.05/$0.10) - 2025/04/16 14:28:36 CET [2025/04/16 8:28:36 ET]
Table 'Aludra' 6-max Seat #1 is the button
Seat 1: Mahu2021 ($9.70 in chips) 
Seat 2: Baratrum777 ($10.05 in chips) 
Seat 3: tiki.dinamo ($11.31 in chips) 
Seat 4: OeTen101 ($10 in chips) 
Seat 5: r1self ($10 in chips) 
Seat 6: giannissapk ($25.46 in chips) 
Baratrum777: posts small blind $0.05
tiki.dinamo: posts big blind $0.10
*** HOLE CARDS ***
Dealt to Mahu2021 [Kc Qs]
OeTen101: folds 
r1self: raises $0.20 to $0.30
giannissapk: folds 
Mahu2021: calls $0.30
Baratrum777: calls $0.25
tiki.dinamo: folds 
*** FLOP *** [2c Ad 5d]
Baratrum777: checks 
r1self: checks 
Mahu2021: bets $0.30
Baratrum777: folds 
r1self: folds 
Uncalled bet ($0.30) returned to Mahu2021
Mahu2021 collected $0.96 from pot
Mahu2021: doesn't show hand 
*** SUMMARY ***
Total pot $1 | Rake $0.04 
Board [2c Ad 5d]
Seat 1: Mahu2021 (button) collected ($0.96)
Seat 2: Baratrum777 (small blind) folded on the Flop
Seat 3: tiki.dinamo (big blind) folded before Flop
Seat 4: OeTen101 folded before Flop (didn't bet)
Seat 5: r1self folded on the Flop
Seat 6: giannissapk folded before Flop (didn't bet)



PokerStars Zoom Hand #255757774138:  Hold'em No Limit ($0.05/$0.10) - 2025/04/16 14:29:18 CET [2025/04/16 8:29:18 ET]
Table 'Aludra' 6-max Seat #1 is the button
Seat 1: Die8 ($10 in chips) 
Seat 2: Mahu2021 ($10.26 in chips) 
Seat 3: afwing16 ($27 in chips) 
Seat 4: Kaybaman708 ($23.62 in chips) 
Seat 5: IMMPORT@L ($10.34 in chips) 
Seat 6: Thiguin9 ($10.10 in chips) 
Mahu2021: posts small blind $0.05
afwing16: posts big blind $0.10
*** HOLE CARDS ***
Dealt to Mahu2021 [Ts 3h]
Kaybaman708: folds 
IMMPORT@L: folds 
Thiguin9: folds 
Die8: folds 
Mahu2021: folds 
Uncalled bet ($0.05) returned to afwing16
afwing16 collected $0.10 from pot
afwing16: doesn't show hand 
*** SUMMARY ***
Total pot $0.10 | Rake $0 
Seat 1: Die8 (button) folded before Flop (didn't bet)
Seat 2: Mahu2021 (small blind) folded before Flop
Seat 3: afwing16 (big blind) collected ($0.10)
Seat 4: Kaybaman708 folded before Flop (didn't bet)
Seat 5: IMMPORT@L folded before Flop (didn't bet)
Seat 6: Thiguin9 folded before Flop (didn't bet)



PokerStars Zoom Hand #255757774754:  Hold'em No Limit ($0.05/$0.10) - 2025/04/16 14:29:23 CET [2025/04/16 8:29:23 ET]
Table 'Aludra' 6-max Seat #1 is the button
Seat 1: NoSkill1112 ($13.86 in chips) 
Seat 2: Luffy V ($11.99 in chips) 
Seat 3: mvdh90 ($11.83 in chips) 
Seat 4: Mahu2021 ($10.21 in chips) 
Seat 5: Die8 ($10 in chips) 
Seat 6: nicolas1112 ($24.69 in chips) 
Luffy V: posts small blind $0.05
mvdh90: posts big blind $0.10
*** HOLE CARDS ***
Dealt to Mahu2021 [Kd 6c]
Mahu2021: folds 
Die8: folds 
nicolas1112: folds 
NoSkill1112: folds 
Luffy V: folds 
Uncalled bet ($0.05) returned to mvdh90
mvdh90 collected $0.10 from pot
mvdh90: doesn't show hand 
*** SUMMARY ***
Total pot $0.10 | Rake $0 
Seat 1: NoSkill1112 (button) folded before Flop (didn't bet)
Seat 2: Luffy V (small blind) folded before Flop
Seat 3: mvdh90 (big blind) collected ($0.10)
Seat 4: Mahu2021 folded before Flop (didn't bet)
Seat 5: Die8 folded before Flop (didn't bet)
Seat 6: nicolas1112 folded before Flop (didn't bet)



PokerStars Zoom Hand #255757775202:  Hold'em No Limit ($0.05/$0.10) - 2025/04/16 14:29:26 CET [2025/04/16 8:29:26 ET]
Table 'Aludra' 6-max Seat #1 is the button
Seat 1: Luffy V ($17.30 in chips) 
Seat 2: Baratrum777 ($10 in chips) 
Seat 3: Mahu2021 ($10.21 in chips) 
Seat 4: Grufva ($12.40 in chips) 
Seat 5: ilynskiy ($11.30 in chips) 
Seat 6: LightninMac ($13.13 in chips) 
Baratrum777: posts small blind $0.05
Mahu2021: posts big blind $0.10
*** HOLE CARDS ***
Dealt to Mahu2021 [Jh 3c]
Grufva: folds 
ilynskiy: raises $0.20 to $0.30
LightninMac: folds 
Luffy V: folds 
Baratrum777: folds 
Mahu2021: folds 
Uncalled bet ($0.20) returned to ilynskiy
ilynskiy collected $0.25 from pot
ilynskiy: doesn't show hand 
*** SUMMARY ***
Total pot $0.25 | Rake $0 
Seat 1: Luffy V (button) folded before Flop (didn't bet)
Seat 2: Baratrum777 (small blind) folded before Flop
Seat 3: Mahu2021 (big blind) folded before Flop
Seat 4: Grufva folded before Flop (didn't bet)
Seat 5: ilynskiy collected ($0.25)
Seat 6: LightninMac folded before Flop (didn't bet)



PokerStars Zoom Hand #255757772061:  Hold'em No Limit ($0.05/$0.10) - 2025/04/16 14:29:02 CET [2025/04/16 8:29:02 ET]
Table 'Aludra' 6-max Seat #1 is the button
Seat 1: LightninMac ($11.16 in chips) 
Seat 2: r1self ($9.60 in chips) 
Seat 3: Mahu2021 ($10.36 in chips) 
Seat 4: NoSkill1112 ($12.93 in chips) 
Seat 5: Ericholger ($12.71 in chips) 
Seat 6: Die8 ($18.42 in chips) 
r1self: posts small blind $0.05
Mahu2021: posts big blind $0.10
*** HOLE CARDS ***
Dealt to Mahu2021 [6d 2c]
NoSkill1112: folds 
Ericholger: raises $0.15 to $0.25
Die8: folds 
LightninMac: folds 
r1self: calls $0.20
Mahu2021: folds 
*** FLOP *** [7h 8d 9h]
r1self: checks 
Ericholger: bets $0.20
r1self: calls $0.20
*** TURN *** [7h 8d 9h] [3s]
r1self: checks 
Ericholger: checks 
*** RIVER *** [7h 8d 9h 3s] [3d]
r1self: checks 
Ericholger: checks 
*** SHOW DOWN ***
r1self: shows [3c 3h] (four of a kind, Threes)
Ericholger: mucks hand 
r1self collected $0.96 from pot
*** SUMMARY ***
Total pot $1 | Rake $0.04 
Board [7h 8d 9h 3s 3d]
Seat 1: LightninMac (button) folded before Flop (didn't bet)
Seat 2: r1self (small blind) showed [3c 3h] and won ($0.96) with four of a kind, Threes
Seat 3: Mahu2021 (big blind) folded before Flop
Seat 4: NoSkill1112 folded before Flop (didn't bet)
Seat 5: Ericholger mucked [Th Ad]
Seat 6: Die8 folded before Flop (didn't bet)



PokerStars Zoom Hand #255757776945:  Hold'em No Limit ($0.05/$0.10) - 2025/04/16 14:29:39 CET [2025/04/16 8:29:39 ET]
Table 'Aludra' 6-max Seat #1 is the button
Seat 1: Mahu2021 ($10.11 in chips) 
Seat 2: Paulomeloo10 ($3.21 in chips) 
Seat 3: araka0279 ($14.84 in chips) 
Seat 4: NoSkill1112 ($13.86 in chips) 
Seat 5: Bur1k ($5.30 in chips) 
Seat 6: Ericholger ($12.52 in chips) 
Paulomeloo10: posts small blind $0.05
araka0279: posts big blind $0.10
*** HOLE CARDS ***
Dealt to Mahu2021 [Kh 7c]
NoSkill1112: folds 
Bur1k: folds 
Ericholger: folds 
Mahu2021: folds 
Paulomeloo10: raises $0.15 to $0.25
araka0279: folds 
Uncalled bet ($0.15) returned to Paulomeloo10
Paulomeloo10 collected $0.20 from pot
Paulomeloo10: doesn't show hand 
*** SUMMARY ***
Total pot $0.20 | Rake $0 
Seat 1: Mahu2021 (button) folded before Flop (didn't bet)
Seat 2: Paulomeloo10 (small blind) collected ($0.20)
Seat 3: araka0279 (big blind) folded before Flop
Seat 4: NoSkill1112 folded before Flop (didn't bet)
Seat 5: Bur1k folded before Flop (didn't bet)
Seat 6: Ericholger folded before Flop (didn't bet)



PokerStars Zoom Hand #255757776419:  Hold'em No Limit ($0.05/$0.10) - 2025/04/16 14:29:35 CET [2025/04/16 8:29:35 ET]
Table 'Aludra' 6-max Seat #1 is the button
Seat 1: LightninMac ($13.13 in chips) 
Seat 2: seignior ($10.08 in chips) 
Seat 3: giannissapk ($18.53 in chips) 
Seat 4: nicolas1112 ($24.69 in chips) 
Seat 5: Luffy V ($14.67 in chips) 
Seat 6: Mahu2021 ($10.11 in chips) 
seignior: posts small blind $0.05
giannissapk: posts big blind $0.10
*** HOLE CARDS ***
Dealt to Mahu2021 [Qd 5d]
nicolas1112: raises $0.20 to $0.30
Luffy V: folds 
Mahu2021: folds 
LightninMac: calls $0.30
seignior: folds 
giannissapk: folds 
*** FLOP *** [9h 3s Ad]
nicolas1112: bets $0.24
LightninMac: calls $0.24
*** TURN *** [9h 3s Ad] [4c]
nicolas1112: checks 
LightninMac: bets $0.39
nicolas1112: folds 
Uncalled bet ($0.39) returned to LightninMac
LightninMac collected $1.17 from pot
LightninMac: doesn't show hand 
*** SUMMARY ***
Total pot $1.23 | Rake $0.06 
Board [9h 3s Ad 4c]
Seat 1: LightninMac (button) collected ($1.17)
Seat 2: seignior (small blind) folded before Flop
Seat 3: giannissapk (big blind) folded before Flop
Seat 4: nicolas1112 folded on the Turn
Seat 5: Luffy V folded before Flop (didn't bet)
Seat 6: Mahu2021 folded before Flop (didn't bet)



PokerStars Zoom Hand #255757777484:  Hold'em No Limit ($0.05/$0.10) - 2025/04/16 14:29:43 CET [2025/04/16 8:29:43 ET]
Table 'Aludra' 6-max Seat #1 is the button
Seat 1: afwing16 ($21.97 in chips) 
Seat 2: lexx704 ($4.75 in chips) 
Seat 3: Kaybaman708 ($18.57 in chips) 
Seat 4: Chiarelli99 ($11.37 in chips) 
Seat 5: Mahu2021 ($10.11 in chips) 
Seat 6: alexswe974 ($14.07 in chips) 
lexx704: posts small blind $0.05
Kaybaman708: posts big blind $0.10
*** HOLE CARDS ***
Dealt to Mahu2021 [Qd 5d]
Chiarelli99: folds 
Mahu2021: folds 
alexswe974: folds 
afwing16: folds 
lexx704: raises $0.10 to $0.20
Kaybaman708: folds 
Uncalled bet ($0.10) returned to lexx704
lexx704 collected $0.20 from pot
lexx704: doesn't show hand 
*** SUMMARY ***
Total pot $0.20 | Rake $0 
Seat 1: afwing16 (button) folded before Flop (didn't bet)
Seat 2: lexx704 (small blind) collected ($0.20)
Seat 3: Kaybaman708 (big blind) folded before Flop
Seat 4: Chiarelli99 folded before Flop (didn't bet)
Seat 5: Mahu2021 folded before Flop (didn't bet)
Seat 6: alexswe974 folded before Flop (didn't bet)



PokerStars Zoom Hand #255757777975:  Hold'em No Limit ($0.05/$0.10) - 2025/04/16 14:29:47 CET [2025/04/16 8:29:47 ET]
Table 'Aludra' 6-max Seat #1 is the button
Seat 1: Chiarelli99 ($11.37 in chips) 
Seat 2: Mahu2021 ($10.11 in chips) 
Seat 3: jim.gr450 ($11.06 in chips) 
Seat 4: Tozsy17 ($11.52 in chips) 
Seat 5: THE913 ($9.01 in chips) 
Seat 6: IMMPORT@L ($10.29 in chips) 
Mahu2021: posts small blind $0.05
jim.gr450: posts big blind $0.10
*** HOLE CARDS ***
Dealt to Mahu2021 [Tc Ac]
Tozsy17: raises $0.21 to $0.31
THE913: folds 
IMMPORT@L: calls $0.31
Chiarelli99: folds 
Mahu2021: calls $0.26
jim.gr450: folds 
*** FLOP *** [6c Jh 7s]
Mahu2021: checks 
Tozsy17: bets $0.70
IMMPORT@L: calls $0.70
Mahu2021: folds 
*** TURN *** [6c Jh 7s] [9h]
Tozsy17: bets $1.65
IMMPORT@L: raises $7.63 to $9.28 and is all-in
Tozsy17: folds 
Uncalled bet ($7.63) returned to IMMPORT@L
IMMPORT@L collected $5.47 from pot
IMMPORT@L: doesn't show hand 
*** SUMMARY ***
Total pot $5.73 | Rake $0.26 
Board [6c Jh 7s 9h]
Seat 1: Chiarelli99 (button) folded before Flop (didn't bet)
Seat 2: Mahu2021 (small blind) folded on the Flop
Seat 3: jim.gr450 (big blind) folded before Flop
Seat 4: Tozsy17 folded on the Turn
Seat 5: THE913 folded before Flop (didn't bet)
Seat 6: IMMPORT@L collected ($5.47)



PokerStars Zoom Hand #255757781027:  Hold'em No Limit ($0.05/$0.10) - 2025/04/16 14:30:09 CET [2025/04/16 8:30:09 ET]
Table 'Aludra' 6-max Seat #1 is the button
Seat 1: Ericholger ($14.79 in chips) 
Seat 2: IMMPORT@L ($12.84 in chips) 
Seat 3: afwing16 ($27 in chips) 
Seat 4: Mahu2021 ($9.80 in chips) 
Seat 5: Baratrum777 ($10 in chips) 
Seat 6: OeTen101 ($12.72 in chips) 
IMMPORT@L: posts small blind $0.05
afwing16: posts big blind $0.10
*** HOLE CARDS ***
Dealt to Mahu2021 [Tc 3h]
Mahu2021: folds 
Baratrum777: folds 
OeTen101: raises $0.13 to $0.23
Ericholger: folds 
IMMPORT@L: folds 
afwing16: folds 
Uncalled bet ($0.13) returned to OeTen101
OeTen101 collected $0.25 from pot
OeTen101: doesn't show hand 
*** SUMMARY ***
Total pot $0.25 | Rake $0 
Seat 1: Ericholger (button) folded before Flop (didn't bet)
Seat 2: IMMPORT@L (small blind) folded before Flop
Seat 3: afwing16 (big blind) folded before Flop
Seat 4: Mahu2021 folded before Flop (didn't bet)
Seat 5: Baratrum777 folded before Flop (didn't bet)
Seat 6: OeTen101 collected ($0.25)



PokerStars Zoom Hand #255757781473:  Hold'em No Limit ($0.05/$0.10) - 2025/04/16 14:30:12 CET [2025/04/16 8:30:12 ET]
Table 'Aludra' 6-max Seat #1 is the button
Seat 1: Thiguin9 ($11.19 in chips) 
Seat 2: Tozsy17 ($10.15 in chips) 
Seat 3: afwing16 ($21.97 in chips) 
Seat 4: Matzet1ka ($11.49 in chips) 
Seat 5: Mahu2021 ($9.80 in chips) 
Seat 6: Die8 ($18.65 in chips) 
Tozsy17: posts small blind $0.05
afwing16: posts big blind $0.10
*** HOLE CARDS ***
Dealt to Mahu2021 [Kd Qc]
Matzet1ka: folds 
Mahu2021: raises $0.10 to $0.20
Die8: folds 
Thiguin9: folds 
Tozsy17: folds 
afwing16: folds 
Uncalled bet ($0.10) returned to Mahu2021
Mahu2021 collected $0.25 from pot
Mahu2021: doesn't show hand 
*** SUMMARY ***
Total pot $0.25 | Rake $0 
Seat 1: Thiguin9 (button) folded before Flop (didn't bet)
Seat 2: Tozsy17 (small blind) folded before Flop
Seat 3: afwing16 (big blind) folded before Flop
Seat 4: Matzet1ka folded before Flop (didn't bet)
Seat 5: Mahu2021 collected ($0.25)
Seat 6: Die8 folded before Flop (didn't bet)



PokerStars Zoom Hand #255757783602:  Hold'em No Limit ($0.05/$0.10) - 2025/04/16 14:30:28 CET [2025/04/16 8:30:28 ET]
Table 'Aludra' 6-max Seat #1 is the button
Seat 1: kiks220272 ($11.37 in chips) 
Seat 2: Tozsy17 ($10.15 in chips) 
Seat 3: Mahu2021 ($9.95 in chips) 
Seat 4: giannissapk ($24 in chips) 
Seat 5: r1self ($10.41 in chips) 
Seat 6: Luffy V ($11.52 in chips) 
Tozsy17: posts small blind $0.05
Mahu2021: posts big blind $0.10
*** HOLE CARDS ***
Dealt to Mahu2021 [Kc 8h]
giannissapk: raises $0.10 to $0.20
r1self: folds 
Luffy V: folds 
kiks220272: folds 
Tozsy17: folds 
Mahu2021: folds 
Uncalled bet ($0.10) returned to giannissapk
giannissapk collected $0.25 from pot
giannissapk: doesn't show hand 
*** SUMMARY ***
Total pot $0.25 | Rake $0 
Seat 1: kiks220272 (button) folded before Flop (didn't bet)
Seat 2: Tozsy17 (small blind) folded before Flop
Seat 3: Mahu2021 (big blind) folded before Flop
Seat 4: giannissapk collected ($0.25)
Seat 5: r1self folded before Flop (didn't bet)
Seat 6: Luffy V folded before Flop (didn't bet)



PokerStars Zoom Hand #255757784806:  Hold'em No Limit ($0.05/$0.10) - 2025/04/16 14:30:37 CET [2025/04/16 8:30:37 ET]
Table 'Aludra' 6-max Seat #1 is the button
Seat 1: Mahu2021 ($9.85 in chips) 
Seat 2: koboz2 ($10.25 in chips) 
Seat 3: ItWasDuke ($18.91 in chips) 
Seat 4: IMMPORT@L ($11.83 in chips) 
Seat 5: mami272 ($10.17 in chips) 
Seat 6: stupidlygenius ($10.58 in chips) 
koboz2: posts small blind $0.05
ItWasDuke: posts big blind $0.10
*** HOLE CARDS ***
Dealt to Mahu2021 [4d 8s]
IMMPORT@L: folds 
mami272: folds 
stupidlygenius: raises $0.15 to $0.25
Mahu2021: folds 
koboz2: folds 
ItWasDuke: folds 
Uncalled bet ($0.15) returned to stupidlygenius
stupidlygenius collected $0.25 from pot
stupidlygenius: doesn't show hand 
*** SUMMARY ***
Total pot $0.25 | Rake $0 
Seat 1: Mahu2021 (button) folded before Flop (didn't bet)
Seat 2: koboz2 (small blind) folded before Flop
Seat 3: ItWasDuke (big blind) folded before Flop
Seat 4: IMMPORT@L folded before Flop (didn't bet)
Seat 5: mami272 folded before Flop (didn't bet)
Seat 6: stupidlygenius collected ($0.25)



PokerStars Zoom Hand #255757786812:  Hold'em No Limit ($0.05/$0.10) - 2025/04/16 14:30:52 CET [2025/04/16 8:30:52 ET]
Table 'Aludra' 6-max Seat #1 is the button
Seat 1: IMMPORT@L ($4.61 in chips) 
Seat 2: gricharen ($19.67 in chips) 
Seat 3: Baratrum777 ($10.10 in chips) 
Seat 4: mannym10 ($13.84 in chips) 
Seat 5: Mahu2021 ($9.80 in chips) 
Seat 6: araka0279 ($14.84 in chips) 
gricharen: posts small blind $0.05
Baratrum777: posts big blind $0.10
*** HOLE CARDS ***
Dealt to Mahu2021 [Jd Kh]
mannym10: folds 
Mahu2021: folds 
araka0279: folds 
IMMPORT@L: folds 
gricharen: folds 
Uncalled bet ($0.05) returned to Baratrum777
Baratrum777 collected $0.10 from pot
Baratrum777: doesn't show hand 
*** SUMMARY ***
Total pot $0.10 | Rake $0 
Seat 1: IMMPORT@L (button) folded before Flop (didn't bet)
Seat 2: gricharen (small blind) folded before Flop
Seat 3: Baratrum777 (big blind) collected ($0.10)
Seat 4: mannym10 folded before Flop (didn't bet)
Seat 5: Mahu2021 folded before Flop (didn't bet)
Seat 6: araka0279 folded before Flop (didn't bet)



PokerStars Zoom Hand #255757787397:  Hold'em No Limit ($0.05/$0.10) - 2025/04/16 14:30:57 CET [2025/04/16 8:30:57 ET]
Table 'Aludra' 6-max Seat #1 is the button
Seat 1: Ilimp72o ($11.76 in chips) 
Seat 2: mvdh90 ($12.92 in chips) 
Seat 3: LightninMac ($10.96 in chips) 
Seat 4: nicolas1112 ($24.15 in chips) 
Seat 5: Mahu2021 ($9.80 in chips) 
Seat 6: ItWasDuke ($18.81 in chips) 
mvdh90: posts small blind $0.05
LightninMac: posts big blind $0.10
*** HOLE CARDS ***
Dealt to Mahu2021 [2s 2h]
nicolas1112: folds 
Mahu2021: folds 
ItWasDuke: raises $0.12 to $0.22
Ilimp72o: folds 
mvdh90: folds 
LightninMac: folds 
Uncalled bet ($0.12) returned to ItWasDuke
ItWasDuke collected $0.25 from pot
ItWasDuke: doesn't show hand 
*** SUMMARY ***
Total pot $0.25 | Rake $0 
Seat 1: Ilimp72o (button) folded before Flop (didn't bet)
Seat 2: mvdh90 (small blind) folded before Flop
Seat 3: LightninMac (big blind) folded before Flop
Seat 4: nicolas1112 folded before Flop (didn't bet)
Seat 5: Mahu2021 folded before Flop (didn't bet)
Seat 6: ItWasDuke collected ($0.25)



PokerStars Zoom Hand #255757785276:  Hold'em No Limit ($0.05/$0.10) - 2025/04/16 14:30:41 CET [2025/04/16 8:30:41 ET]
Table 'Aludra' 6-max Seat #1 is the button
Seat 1: Ilimp72o ($10.74 in chips) 
Seat 2: nicolas1112 ($24.20 in chips) 
Seat 3: Die8 ($18.65 in chips) 
Seat 4: Mahu2021 ($9.85 in chips) 
Seat 5: Ericholger ($11.91 in chips) 
Seat 6: IMMPORT@L ($11.83 in chips) 
nicolas1112: posts small blind $0.05
Die8: posts big blind $0.10
*** HOLE CARDS ***
Dealt to Mahu2021 [Tc 6d]
Mahu2021: folds 
Ericholger: folds 
IMMPORT@L: folds 
Ilimp72o: raises $0.17 to $0.27
nicolas1112: folds 
Die8: raises $0.83 to $1.10
Ilimp72o: folds 
Uncalled bet ($0.83) returned to Die8
Die8 collected $0.59 from pot
Die8: doesn't show hand 
*** SUMMARY ***
Total pot $0.59 | Rake $0 
Seat 1: Ilimp72o (button) folded before Flop
Seat 2: nicolas1112 (small blind) folded before Flop
Seat 3: Die8 (big blind) collected ($0.59)
Seat 4: Mahu2021 folded before Flop (didn't bet)
Seat 5: Ericholger folded before Flop (didn't bet)
Seat 6: IMMPORT@L folded before Flop (didn't bet)



PokerStars Zoom Hand #255757784207:  Hold'em No Limit ($0.05/$0.10) - 2025/04/16 14:30:33 CET [2025/04/16 8:30:33 ET]
Table 'Aludra' 6-max Seat #1 is the button
Seat 1: Die8 ($10.18 in chips) 
Seat 2: tiki.dinamo ($13.50 in chips) 
Seat 3: alexswe974 ($10 in chips) 
Seat 4: Tozsy17 ($10 in chips) 
Seat 5: egregor*0727 ($3.72 in chips) 
Seat 6: Mahu2021 ($9.85 in chips) 
tiki.dinamo: posts small blind $0.05
alexswe974: posts big blind $0.10
*** HOLE CARDS ***
Dealt to Mahu2021 [4d Jd]
Tozsy17: raises $0.21 to $0.31
egregor*0727: folds 
Mahu2021: folds 
Die8: folds 
tiki.dinamo: calls $0.26
alexswe974: calls $0.21
*** FLOP *** [5d Qd 3d]
tiki.dinamo: checks 
alexswe974: checks 
Tozsy17: checks 
*** TURN *** [5d Qd 3d] [Qs]
tiki.dinamo: checks 
alexswe974: checks 
Tozsy17: checks 
*** RIVER *** [5d Qd 3d Qs] [Ts]
tiki.dinamo: bets $0.89
alexswe974: folds 
Tozsy17: folds 
Uncalled bet ($0.89) returned to tiki.dinamo
tiki.dinamo collected $0.89 from pot
tiki.dinamo: doesn't show hand 
*** SUMMARY ***
Total pot $0.93 | Rake $0.04 
Board [5d Qd 3d Qs Ts]
Seat 1: Die8 (button) folded before Flop (didn't bet)
Seat 2: tiki.dinamo (small blind) collected ($0.89)
Seat 3: alexswe974 (big blind) folded on the River
Seat 4: Tozsy17 folded on the River
Seat 5: egregor*0727 folded before Flop (didn't bet)
Seat 6: Mahu2021 folded before Flop (didn't bet)



PokerStars Zoom Hand #255757787911:  Hold'em No Limit ($0.05/$0.10) - 2025/04/16 14:31:00 CET [2025/04/16 8:31:00 ET]
Table 'Aludra' 6-max Seat #1 is the button
Seat 1: AceRimmer888 ($13.83 in chips) 
Seat 2: araka0279 ($14.84 in chips) 
Seat 3: Mahu2021 ($9.80 in chips) 
Seat 4: kiks220272 ($11.11 in chips) 
Seat 5: Ericholger ($14.74 in chips) 
Seat 6: Kaybaman708 ($23.22 in chips) 
araka0279: posts small blind $0.05
Mahu2021: posts big blind $0.10
*** HOLE CARDS ***
Dealt to Mahu2021 [4d 4s]
kiks220272: raises $0.20 to $0.30
Ericholger: folds 
Kaybaman708: folds 
AceRimmer888: folds 
araka0279: folds 
Mahu2021: calls $0.20
*** FLOP *** [9d Jc Ah]
Mahu2021: checks 
kiks220272: bets $0.20
Mahu2021: folds 
Uncalled bet ($0.20) returned to kiks220272
kiks220272 collected $0.62 from pot
kiks220272: doesn't show hand 
*** SUMMARY ***
Total pot $0.65 | Rake $0.03 
Board [9d Jc Ah]
Seat 1: AceRimmer888 (button) folded before Flop (didn't bet)
Seat 2: araka0279 (small blind) folded before Flop
Seat 3: Mahu2021 (big blind) folded on the Flop
Seat 4: kiks220272 collected ($0.62)
Seat 5: Ericholger folded before Flop (didn't bet)
Seat 6: Kaybaman708 folded before Flop (didn't bet)



PokerStars Zoom Hand #255757786401:  Hold'em No Limit ($0.05/$0.10) - 2025/04/16 14:30:49 CET [2025/04/16 8:30:49 ET]
Table 'Aludra' 6-max Seat #1 is the button
Seat 1: Chiarelli99 ($10.18 in chips) 
Seat 2: LightninMac ($11.01 in chips) 
Seat 3: egregor*0727 ($3.72 in chips) 
Seat 4: Ericholger ($11.91 in chips) 
Seat 5: JustAltF4 ($14.88 in chips) 
Seat 6: Mahu2021 ($9.80 in chips) 
LightninMac: posts small blind $0.05
egregor*0727: posts big blind $0.10
*** HOLE CARDS ***
Dealt to Mahu2021 [3c 8c]
Ericholger: raises $0.15 to $0.25
JustAltF4: folds 
Mahu2021: folds 
Chiarelli99: folds 
LightninMac: folds 
egregor*0727: calls $0.15
*** FLOP *** [5s 4d 7h]
egregor*0727: checks 
Ericholger: checks 
*** TURN *** [5s 4d 7h] [8s]
egregor*0727: bets $0.53
Ericholger: calls $0.53
*** RIVER *** [5s 4d 7h 8s] [Th]
egregor*0727: checks 
Ericholger: bets $0.80
egregor*0727: calls $0.80
*** SHOW DOWN ***
Ericholger: shows [Qd 9d] (high card Queen)
egregor*0727: shows [8h As] (a pair of Eights)
egregor*0727 collected $3.07 from pot
*** SUMMARY ***
Total pot $3.21 | Rake $0.14 
Board [5s 4d 7h 8s Th]
Seat 1: Chiarelli99 (button) folded before Flop (didn't bet)
Seat 2: LightninMac (small blind) folded before Flop
Seat 3: egregor*0727 (big blind) showed [8h As] and won ($3.07) with a pair of Eights
Seat 4: Ericholger showed [Qd 9d] and lost with high card Queen
Seat 5: JustAltF4 folded before Flop (didn't bet)
Seat 6: Mahu2021 folded before Flop (didn't bet)



PokerStars Zoom Hand #255757785850:  Hold'em No Limit ($0.05/$0.10) - 2025/04/16 14:30:45 CET [2025/04/16 8:30:45 ET]
Table 'Aludra' 6-max Seat #1 is the button
Seat 1: JulianGuimaraes ($10 in chips) 
Seat 2: Mahu2021 ($9.85 in chips) 
Seat 3: OeTen101 ($18.81 in chips) 
Seat 4: giannissapk ($18.42 in chips) 
Seat 5: Thiguin9 ($11.90 in chips) 
Seat 6: nicolas1112 ($24.15 in chips) 
Mahu2021: posts small blind $0.05
OeTen101: posts big blind $0.10
*** HOLE CARDS ***
Dealt to Mahu2021 [9c 3s]
giannissapk: raises $0.10 to $0.20
Thiguin9: folds 
nicolas1112: folds 
JulianGuimaraes: folds 
Mahu2021: folds 
OeTen101: calls $0.10
*** FLOP *** [4d 4c Ts]
OeTen101: checks 
giannissapk: bets $0.14
OeTen101: calls $0.14
*** TURN *** [4d 4c Ts] [4h]
OeTen101: checks 
giannissapk: checks 
*** RIVER *** [4d 4c Ts 4h] [Td]
OeTen101: bets $1.50
giannissapk: folds 
Uncalled bet ($1.50) returned to OeTen101
OeTen101 collected $0.69 from pot
OeTen101: doesn't show hand 
*** SUMMARY ***
Total pot $0.73 | Rake $0.04 
Board [4d 4c Ts 4h Td]
Seat 1: JulianGuimaraes (button) folded before Flop (didn't bet)
Seat 2: Mahu2021 (small blind) folded before Flop
Seat 3: OeTen101 (big blind) collected ($0.69)
Seat 4: giannissapk folded on the River
Seat 5: Thiguin9 folded before Flop (didn't bet)
Seat 6: nicolas1112 folded before Flop (didn't bet)



PokerStars Zoom Hand #255757790867:  Hold'em No Limit ($0.05/$0.10) - 2025/04/16 14:31:23 CET [2025/04/16 8:31:23 ET]
Table 'Aludra' 6-max Seat #1 is the button
Seat 1: Mahu2021 ($9.50 in chips) 
Seat 2: nDoelAidFme ($10 in chips) 
Seat 3: seignior ($10.15 in chips) 
Seat 4: Tozsy17 ($10 in chips) 
Seat 5: Paulomeloo10 ($5.73 in chips) 
Seat 6: Drakmatt ($9.46 in chips) 
nDoelAidFme: posts small blind $0.05
seignior: posts big blind $0.10
*** HOLE CARDS ***
Dealt to Mahu2021 [Ah 9h]
Tozsy17: folds 
Paulomeloo10: raises $0.15 to $0.25
Drakmatt: folds 
Mahu2021: calls $0.25
nDoelAidFme: folds 
seignior: folds 
*** FLOP *** [8c 4h 9s]
Paulomeloo10: bets $0.31
Mahu2021: calls $0.31
*** TURN *** [8c 4h 9s] [2h]
Paulomeloo10: checks 
Mahu2021: bets $1.21
Paulomeloo10: folds 
Uncalled bet ($1.21) returned to Mahu2021
Mahu2021 collected $1.21 from pot
Mahu2021: doesn't show hand 
*** SUMMARY ***
Total pot $1.27 | Rake $0.06 
Board [8c 4h 9s 2h]
Seat 1: Mahu2021 (button) collected ($1.21)
Seat 2: nDoelAidFme (small blind) folded before Flop
Seat 3: seignior (big blind) folded before Flop
Seat 4: Tozsy17 folded before Flop (didn't bet)
Seat 5: Paulomeloo10 folded on the Turn
Seat 6: Drakmatt folded before Flop (didn't bet)



PokerStars Zoom Hand #255757796342:  Hold'em No Limit ($0.05/$0.10) - 2025/04/16 14:32:02 CET [2025/04/16 8:32:02 ET]
Table 'Aludra' 6-max Seat #1 is the button
Seat 1: mami272 ($10.52 in chips) 
Seat 2: greu1943 ($0.47 in chips) 
Seat 3: Chiarelli99 ($11.42 in chips) 
Seat 4: Mahu2021 ($10.10 in chips) 
Seat 5: Luffy V ($13.99 in chips) 
Seat 6: ilynskiy ($9.28 in chips) 
greu1943: posts small blind $0.05
Chiarelli99: posts big blind $0.10
*** HOLE CARDS ***
Dealt to Mahu2021 [3h Ac]
Mahu2021: folds 
Luffy V: folds 
ilynskiy: folds 
mami272: folds 
greu1943: folds 
Uncalled bet ($0.05) returned to Chiarelli99
Chiarelli99 collected $0.10 from pot
Chiarelli99: doesn't show hand 
*** SUMMARY ***
Total pot $0.10 | Rake $0 
Seat 1: mami272 (button) folded before Flop (didn't bet)
Seat 2: greu1943 (small blind) folded before Flop
Seat 3: Chiarelli99 (big blind) collected ($0.10)
Seat 4: Mahu2021 folded before Flop (didn't bet)
Seat 5: Luffy V folded before Flop (didn't bet)
Seat 6: ilynskiy folded before Flop (didn't bet)



PokerStars Zoom Hand #255757795837:  Hold'em No Limit ($0.05/$0.10) - 2025/04/16 14:31:59 CET [2025/04/16 8:31:59 ET]
Table 'Aludra' 6-max Seat #1 is the button
Seat 1: Baratrum777 ($10.15 in chips) 
Seat 2: Mahu2021 ($10.15 in chips) 
Seat 3: 1goodreason ($12.74 in chips) 
Seat 4: NoSkill1112 ($13.85 in chips) 
Seat 5: Kaybaman708 ($18.59 in chips) 
Seat 6: giannissapk ($24.96 in chips) 
Mahu2021: posts small blind $0.05
1goodreason: posts big blind $0.10
*** HOLE CARDS ***
Dealt to Mahu2021 [8s Jd]
NoSkill1112: folds 
Kaybaman708: folds 
giannissapk: raises $0.10 to $0.20
Baratrum777: folds 
Mahu2021: folds 
1goodreason: folds 
Uncalled bet ($0.10) returned to giannissapk
giannissapk collected $0.25 from pot
giannissapk: doesn't show hand 
*** SUMMARY ***
Total pot $0.25 | Rake $0 
Seat 1: Baratrum777 (button) folded before Flop (didn't bet)
Seat 2: Mahu2021 (small blind) folded before Flop
Seat 3: 1goodreason (big blind) folded before Flop
Seat 4: NoSkill1112 folded before Flop (didn't bet)
Seat 5: Kaybaman708 folded before Flop (didn't bet)
Seat 6: giannissapk collected ($0.25)



PokerStars Zoom Hand #255757797034:  Hold'em No Limit ($0.05/$0.10) - 2025/04/16 14:32:08 CET [2025/04/16 8:32:08 ET]
Table 'Aludra' 6-max Seat #1 is the button
Seat 1: Luffy V ($10.58 in chips) 
Seat 2: 999DADDY ($9.90 in chips) 
Seat 3: Tozsy17 ($10.28 in chips) 
Seat 4: Baratrum777 ($10.15 in chips) 
Seat 5: afwing16 ($27.27 in chips) 
Seat 6: Mahu2021 ($10.10 in chips) 
999DADDY: posts small blind $0.05
Tozsy17: posts big blind $0.10
*** HOLE CARDS ***
Dealt to Mahu2021 [5d 9s]
Baratrum777: folds 
afwing16: folds 
Mahu2021: folds 
Luffy V: folds 
999DADDY: raises $0.20 to $0.30
Tozsy17: calls $0.20
*** FLOP *** [Ad 2h 5s]
999DADDY: bets $0.29
Tozsy17: folds 
Uncalled bet ($0.29) returned to 999DADDY
999DADDY collected $0.57 from pot
999DADDY: doesn't show hand 
*** SUMMARY ***
Total pot $0.60 | Rake $0.03 
Board [Ad 2h 5s]
Seat 1: Luffy V (button) folded before Flop (didn't bet)
Seat 2: 999DADDY (small blind) collected ($0.57)
Seat 3: Tozsy17 (big blind) folded on the Flop
Seat 4: Baratrum777 folded before Flop (didn't bet)
Seat 5: afwing16 folded before Flop (didn't bet)
Seat 6: Mahu2021 folded before Flop (didn't bet)



PokerStars Zoom Hand #255757798003:  Hold'em No Limit ($0.05/$0.10) - 2025/04/16 14:32:14 CET [2025/04/16 8:32:14 ET]
Table 'Aludra' 6-max Seat #1 is the button
Seat 1: Mahu2021 ($10.10 in chips) 
Seat 2: Shturaff ($20.39 in chips) 
Seat 3: Ilimp72o ($11.86 in chips) 
Seat 4: greu1943 ($0.42 in chips) 
Seat 5: Chiarelli99 ($10.03 in chips) 
Seat 6: jim.gr450 ($11.43 in chips) 
Shturaff: posts small blind $0.05
Ilimp72o: posts big blind $0.10
*** HOLE CARDS ***
Dealt to Mahu2021 [Ah Kd]
greu1943: folds 
Chiarelli99: folds 
jim.gr450: raises $0.12 to $0.22
Mahu2021: raises $0.78 to $1
Shturaff: folds 
Ilimp72o: folds 
jim.gr450: folds 
Uncalled bet ($0.78) returned to Mahu2021
Mahu2021 collected $0.59 from pot
Mahu2021: doesn't show hand 
*** SUMMARY ***
Total pot $0.59 | Rake $0 
Seat 1: Mahu2021 (button) collected ($0.59)
Seat 2: Shturaff (small blind) folded before Flop
Seat 3: Ilimp72o (big blind) folded before Flop
Seat 4: greu1943 folded before Flop (didn't bet)
Seat 5: Chiarelli99 folded before Flop (didn't bet)
Seat 6: jim.gr450 folded before Flop



PokerStars Zoom Hand #255757800462:  Hold'em No Limit ($0.05/$0.10) - 2025/04/16 14:32:33 CET [2025/04/16 8:32:33 ET]
Table 'Aludra' 6-max Seat #1 is the button
Seat 1: strashilisht ($14.98 in chips) 
Seat 2: Mahu2021 ($10.47 in chips) 
Seat 3: LightninMac ($11.59 in chips) 
Seat 4: koboz2 ($10.05 in chips) 
Seat 5: giannissapk ($12.25 in chips) 
Seat 6: Losimas(LT) ($10 in chips) 
Mahu2021: posts small blind $0.05
LightninMac: posts big blind $0.10
*** HOLE CARDS ***
Dealt to Mahu2021 [2s Qh]
koboz2: folds 
giannissapk: folds 
Losimas(LT): folds 
strashilisht: folds 
Mahu2021: folds 
Uncalled bet ($0.05) returned to LightninMac
LightninMac collected $0.10 from pot
LightninMac: doesn't show hand 
*** SUMMARY ***
Total pot $0.10 | Rake $0 
Seat 1: strashilisht (button) folded before Flop (didn't bet)
Seat 2: Mahu2021 (small blind) folded before Flop
Seat 3: LightninMac (big blind) collected ($0.10)
Seat 4: koboz2 folded before Flop (didn't bet)
Seat 5: giannissapk folded before Flop (didn't bet)
Seat 6: Losimas(LT) folded before Flop (didn't bet)



PokerStars Zoom Hand #255757801268:  Hold'em No Limit ($0.05/$0.10) - 2025/04/16 14:32:38 CET [2025/04/16 8:32:38 ET]
Table 'Aludra' 6-max Seat #1 is the button
Seat 1: Chiarelli99 ($11.42 in chips) 
Seat 2: Losimas(LT) ($10 in chips) 
Seat 3: Mahu2021 ($10.42 in chips) 
Seat 4: Shturaff ($20.24 in chips) 
Seat 5: egregor*0727 ($5.31 in chips) 
Seat 6: strashilisht ($14.98 in chips) 
Losimas(LT): posts small blind $0.05
Mahu2021: posts big blind $0.10
*** HOLE CARDS ***
Dealt to Mahu2021 [6h As]
Shturaff: folds 
egregor*0727: folds 
strashilisht: folds 
Chiarelli99: raises $0.10 to $0.20
Losimas(LT): folds 
Mahu2021: calls $0.10
*** FLOP *** [Td 3d Th]
Mahu2021: bets $0.20
Chiarelli99: folds 
Uncalled bet ($0.20) returned to Mahu2021
Mahu2021 collected $0.43 from pot
Mahu2021: doesn't show hand 
*** SUMMARY ***
Total pot $0.45 | Rake $0.02 
Board [Td 3d Th]
Seat 1: Chiarelli99 (button) folded on the Flop
Seat 2: Losimas(LT) (small blind) folded before Flop
Seat 3: Mahu2021 (big blind) collected ($0.43)
Seat 4: Shturaff folded before Flop (didn't bet)
Seat 5: egregor*0727 folded before Flop (didn't bet)
Seat 6: strashilisht folded before Flop (didn't bet)



PokerStars Zoom Hand #255757805304:  Hold'em No Limit ($0.05/$0.10) - 2025/04/16 14:33:08 CET [2025/04/16 8:33:08 ET]
Table 'Aludra' 6-max Seat #1 is the button
Seat 1: Losimas(LT) ($10.10 in chips) 
Seat 2: Ilimp72o ($12.11 in chips) 
Seat 3: alexswe974 ($10 in chips) 
Seat 4: Mahu2021 ($10.65 in chips) 
Seat 5: Drakmatt ($13.93 in chips) 
Seat 6: mannym10 ($9.19 in chips) 
Ilimp72o: posts small blind $0.05
alexswe974: posts big blind $0.10
*** HOLE CARDS ***
Dealt to Mahu2021 [9d Ac]
Mahu2021: folds 
Drakmatt: folds 
mannym10: folds 
Losimas(LT): folds 
Ilimp72o: raises $0.20 to $0.30
alexswe974: folds 
Uncalled bet ($0.20) returned to Ilimp72o
Ilimp72o collected $0.20 from pot
Ilimp72o: doesn't show hand 
*** SUMMARY ***
Total pot $0.20 | Rake $0 
Seat 1: Losimas(LT) (button) folded before Flop (didn't bet)
Seat 2: Ilimp72o (small blind) collected ($0.20)
Seat 3: alexswe974 (big blind) folded before Flop
Seat 4: Mahu2021 folded before Flop (didn't bet)
Seat 5: Drakmatt folded before Flop (didn't bet)
Seat 6: mannym10 folded before Flop (didn't bet)



PokerStars Zoom Hand #255757804087:  Hold'em No Limit ($0.05/$0.10) - 2025/04/16 14:32:59 CET [2025/04/16 8:32:59 ET]
Table 'Aludra' 6-max Seat #1 is the button
Seat 1: NoSkill1112 ($13.11 in chips) 
Seat 2: AceRimmer888 ($14.02 in chips) 
Seat 3: IMMPORT@L ($15.07 in chips) 
Seat 4: Die8 ($10.20 in chips) 
Seat 5: Mahu2021 ($10.65 in chips) 
Seat 6: tiki.dinamo ($13.68 in chips) 
AceRimmer888: posts small blind $0.05
IMMPORT@L: posts big blind $0.10
*** HOLE CARDS ***
Dealt to Mahu2021 [Td 9c]
Die8: folds 
Mahu2021: folds 
tiki.dinamo: raises $0.10 to $0.20
NoSkill1112: folds 
AceRimmer888: folds 
IMMPORT@L: calls $0.10
*** FLOP *** [9d Ah 7s]
IMMPORT@L: checks 
tiki.dinamo: bets $0.20
IMMPORT@L: folds 
Uncalled bet ($0.20) returned to tiki.dinamo
tiki.dinamo collected $0.43 from pot
tiki.dinamo: doesn't show hand 
*** SUMMARY ***
Total pot $0.45 | Rake $0.02 
Board [9d Ah 7s]
Seat 1: NoSkill1112 (button) folded before Flop (didn't bet)
Seat 2: AceRimmer888 (small blind) folded before Flop
Seat 3: IMMPORT@L (big blind) folded on the Flop
Seat 4: Die8 folded before Flop (didn't bet)
Seat 5: Mahu2021 folded before Flop (didn't bet)
Seat 6: tiki.dinamo collected ($0.43)



PokerStars Zoom Hand #255757805966:  Hold'em No Limit ($0.05/$0.10) - 2025/04/16 14:33:13 CET [2025/04/16 8:33:13 ET]
Table 'Aludra' 6-max Seat #1 is the button
Seat 1: chirak1982 ($5 in chips) 
Seat 2: Matzet1ka ($10.14 in chips) 
Seat 3: araka0279 ($23.78 in chips) 
Seat 4: Mahu2021 ($10.65 in chips) 
Seat 5: afwing16 ($23.03 in chips) 
Seat 6: Losimas(LT) ($10.10 in chips) 
Matzet1ka: posts small blind $0.05
araka0279: posts big blind $0.10
*** HOLE CARDS ***
Dealt to Mahu2021 [Kc Ad]
Mahu2021: raises $0.10 to $0.20
afwing16: folds 
Losimas(LT): folds 
chirak1982: folds 
Matzet1ka: folds 
araka0279: folds 
Uncalled bet ($0.10) returned to Mahu2021
Mahu2021 collected $0.25 from pot
Mahu2021: doesn't show hand 
*** SUMMARY ***
Total pot $0.25 | Rake $0 
Seat 1: chirak1982 (button) folded before Flop (didn't bet)
Seat 2: Matzet1ka (small blind) folded before Flop
Seat 3: araka0279 (big blind) folded before Flop
Seat 4: Mahu2021 collected ($0.25)
Seat 5: afwing16 folded before Flop (didn't bet)
Seat 6: Losimas(LT) folded before Flop (didn't bet)



PokerStars Zoom Hand #255757804722:  Hold'em No Limit ($0.05/$0.10) - 2025/04/16 14:33:04 CET [2025/04/16 8:33:04 ET]
Table 'Aludra' 6-max Seat #1 is the button
Seat 1: alexswe974 ($14.46 in chips) 
Seat 2: steven73263 ($10.30 in chips) 
Seat 3: Luffy V ($10.43 in chips) 
Seat 4: afwing16 ($23.03 in chips) 
Seat 5: Thiguin9 ($12.05 in chips) 
Seat 6: Mahu2021 ($10.65 in chips) 
steven73263: posts small blind $0.05
Luffy V: posts big blind $0.10
*** HOLE CARDS ***
Dealt to Mahu2021 [5h 8s]
afwing16: folds 
Thiguin9: folds 
Mahu2021: folds 
alexswe974: folds 
steven73263: raises $0.20 to $0.30
Luffy V: calls $0.20
*** FLOP *** [Qh 3h Kc]
steven73263: bets $0.43
Luffy V: folds 
Uncalled bet ($0.43) returned to steven73263
steven73263 collected $0.57 from pot
steven73263: doesn't show hand 
*** SUMMARY ***
Total pot $0.60 | Rake $0.03 
Board [Qh 3h Kc]
Seat 1: alexswe974 (button) folded before Flop (didn't bet)
Seat 2: steven73263 (small blind) collected ($0.57)
Seat 3: Luffy V (big blind) folded on the Flop
Seat 4: afwing16 folded before Flop (didn't bet)
Seat 5: Thiguin9 folded before Flop (didn't bet)
Seat 6: Mahu2021 folded before Flop (didn't bet)



PokerStars Zoom Hand #255757808195:  Hold'em No Limit ($0.05/$0.10) - 2025/04/16 14:33:29 CET [2025/04/16 8:33:29 ET]
Table 'Aludra' 6-max Seat #1 is the button
Seat 1: tiki.dinamo ($13.91 in chips) 
Seat 2: koboz2 ($10.20 in chips) 
Seat 3: Mahu2021 ($10.80 in chips) 
Seat 4: Matzet1ka ($10.09 in chips) 
Seat 5: Thiguin9 ($10.34 in chips) 
Seat 6: r1self ($8.29 in chips) 
koboz2: posts small blind $0.05
Mahu2021: posts big blind $0.10
*** HOLE CARDS ***
Dealt to Mahu2021 [8s Jh]
Matzet1ka: folds 
Thiguin9: folds 
r1self: folds 
tiki.dinamo: folds 
koboz2: raises $0.20 to $0.30
Mahu2021: folds 
Uncalled bet ($0.20) returned to koboz2
koboz2 collected $0.20 from pot
koboz2: doesn't show hand 
*** SUMMARY ***
Total pot $0.20 | Rake $0 
Seat 1: tiki.dinamo (button) folded before Flop (didn't bet)
Seat 2: koboz2 (small blind) collected ($0.20)
Seat 3: Mahu2021 (big blind) folded before Flop
Seat 4: Matzet1ka folded before Flop (didn't bet)
Seat 5: Thiguin9 folded before Flop (didn't bet)
Seat 6: r1self folded before Flop (didn't bet)



PokerStars Zoom Hand #255757810275:  Hold'em No Limit ($0.05/$0.10) - 2025/04/16 14:33:44 CET [2025/04/16 8:33:44 ET]
Table 'Aludra' 6-max Seat #1 is the button
Seat 1: seignior ($10.15 in chips) 
Seat 2: Die8 ($10 in chips) 
Seat 3: Baldeagle555 ($10.56 in chips) 
Seat 4: giannissapk ($18.18 in chips) 
Seat 5: Mahu2021 ($10.70 in chips) 
Seat 6: Ericholger ($14.48 in chips) 
Die8: posts small blind $0.05
Baldeagle555: posts big blind $0.10
*** HOLE CARDS ***
Dealt to Mahu2021 [Jd 9c]
giannissapk: folds 
Mahu2021: folds 
Ericholger: folds 
seignior: folds 
Die8: folds 
Uncalled bet ($0.05) returned to Baldeagle555
Baldeagle555 collected $0.10 from pot
Baldeagle555: doesn't show hand 
*** SUMMARY ***
Total pot $0.10 | Rake $0 
Seat 1: seignior (button) folded before Flop (didn't bet)
Seat 2: Die8 (small blind) folded before Flop
Seat 3: Baldeagle555 (big blind) collected ($0.10)
Seat 4: giannissapk folded before Flop (didn't bet)
Seat 5: Mahu2021 folded before Flop (didn't bet)
Seat 6: Ericholger folded before Flop (didn't bet)



PokerStars Zoom Hand #255757811534:  Hold'em No Limit ($0.05/$0.10) - 2025/04/16 14:33:53 CET [2025/04/16 8:33:53 ET]
Table 'Aludra' 6-max Seat #1 is the button
Seat 1: IMMPORT@L ($12.73 in chips) 
Seat 2: Mahu2021 ($10.70 in chips) 
Seat 3: tiki.dinamo ($14.01 in chips) 
Seat 4: THE913 ($12.27 in chips) 
Seat 5: nicolas1112 ($24.17 in chips) 
Seat 6: afwing16 ($10.41 in chips) 
Mahu2021: posts small blind $0.05
tiki.dinamo: posts big blind $0.10
*** HOLE CARDS ***
Dealt to Mahu2021 [9h Ad]
THE913: folds 
nicolas1112: raises $0.15 to $0.25
afwing16: folds 
IMMPORT@L: folds 
Mahu2021: folds 
tiki.dinamo: calls $0.15
*** FLOP *** [Qc Qd 5d]
tiki.dinamo: checks 
nicolas1112: bets $0.13
tiki.dinamo: calls $0.13
*** TURN *** [Qc Qd 5d] [As]
tiki.dinamo: checks 
nicolas1112: checks 
*** RIVER *** [Qc Qd 5d As] [Th]
tiki.dinamo: checks 
nicolas1112: bets $0.25
tiki.dinamo: folds 
Uncalled bet ($0.25) returned to nicolas1112
nicolas1112 collected $0.77 from pot
nicolas1112: doesn't show hand 
*** SUMMARY ***
Total pot $0.81 | Rake $0.04 
Board [Qc Qd 5d As Th]
Seat 1: IMMPORT@L (button) folded before Flop (didn't bet)
Seat 2: Mahu2021 (small blind) folded before Flop
Seat 3: tiki.dinamo (big blind) folded on the River
Seat 4: THE913 folded before Flop (didn't bet)
Seat 5: nicolas1112 collected ($0.77)
Seat 6: afwing16 folded before Flop (didn't bet)



PokerStars Zoom Hand #255757812015:  Hold'em No Limit ($0.05/$0.10) - 2025/04/16 14:33:56 CET [2025/04/16 8:33:56 ET]
Table 'Aludra' 6-max Seat #1 is the button
Seat 1: Mahu2021 ($10.65 in chips) 
Seat 2: Matzet1ka ($10 in chips) 
Seat 3: Die8 ($10.15 in chips) 
Seat 4: Esk_moneyy ($16.28 in chips) 
Seat 5: NoSkill1112 ($13.29 in chips) 
Seat 6: nDoelAidFme ($10 in chips) 
Matzet1ka: posts small blind $0.05
Die8: posts big blind $0.10
*** HOLE CARDS ***
Dealt to Mahu2021 [Kd Kh]
Esk_moneyy: folds 
NoSkill1112: folds 
nDoelAidFme: folds 
Mahu2021: raises $0.20 to $0.30
Matzet1ka: folds 
Die8: folds 
Uncalled bet ($0.20) returned to Mahu2021
Mahu2021 collected $0.25 from pot
Mahu2021: doesn't show hand 
*** SUMMARY ***
Total pot $0.25 | Rake $0 
Seat 1: Mahu2021 (button) collected ($0.25)
Seat 2: Matzet1ka (small blind) folded before Flop
Seat 3: Die8 (big blind) folded before Flop
Seat 4: Esk_moneyy folded before Flop (didn't bet)
Seat 5: NoSkill1112 folded before Flop (didn't bet)
Seat 6: nDoelAidFme folded before Flop (didn't bet)



PokerStars Zoom Hand #255757816520:  Hold'em No Limit ($0.05/$0.10) - 2025/04/16 14:34:30 CET [2025/04/16 8:34:30 ET]
Table 'Aludra' 6-max Seat #1 is the button
Seat 1: Freimik15 ($9.80 in chips) 
Seat 2: mannym10 ($8.74 in chips) 
Seat 3: OeTen101 ($10.42 in chips) 
Seat 4: Mahu2021 ($10.80 in chips) 
Seat 5: Ilimp72o ($12.41 in chips) 
Seat 6: Luffy V ($10 in chips) 
mannym10: posts small blind $0.05
OeTen101: posts big blind $0.10
*** HOLE CARDS ***
Dealt to Mahu2021 [Jh 4h]
Mahu2021: folds 
Ilimp72o: folds 
Luffy V: folds 
Freimik15: folds 
mannym10: folds 
Uncalled bet ($0.05) returned to OeTen101
OeTen101 collected $0.10 from pot
OeTen101: doesn't show hand 
*** SUMMARY ***
Total pot $0.10 | Rake $0 
Seat 1: Freimik15 (button) folded before Flop (didn't bet)
Seat 2: mannym10 (small blind) folded before Flop
Seat 3: OeTen101 (big blind) collected ($0.10)
Seat 4: Mahu2021 folded before Flop (didn't bet)
Seat 5: Ilimp72o folded before Flop (didn't bet)
Seat 6: Luffy V folded before Flop (didn't bet)



PokerStars Zoom Hand #255757816862:  Hold'em No Limit ($0.05/$0.10) - 2025/04/16 14:34:32 CET [2025/04/16 8:34:32 ET]
Table 'Aludra' 6-max Seat #1 is the button
Seat 1: alexswe974 ($21 in chips) 
Seat 2: NoSkill1112 ($14.32 in chips) 
Seat 3: Matzet1ka ($10.04 in chips) 
Seat 4: Mahu2021 ($10.80 in chips) 
Seat 5: Ericholger ($9.03 in chips) 
Seat 6: steven73263 ($10 in chips) 
NoSkill1112: posts small blind $0.05
Matzet1ka: posts big blind $0.10
*** HOLE CARDS ***
Dealt to Mahu2021 [Ac Tc]
Mahu2021: raises $0.10 to $0.20
Ericholger: folds 
steven73263: folds 
alexswe974: folds 
NoSkill1112: calls $0.15
Matzet1ka: folds 
*** FLOP *** [As 4s 6h]
NoSkill1112: checks 
Mahu2021: bets $0.48
NoSkill1112: folds 
Uncalled bet ($0.48) returned to Mahu2021
Mahu2021 collected $0.48 from pot
Mahu2021: doesn't show hand 
*** SUMMARY ***
Total pot $0.50 | Rake $0.02 
Board [As 4s 6h]
Seat 1: alexswe974 (button) folded before Flop (didn't bet)
Seat 2: NoSkill1112 (small blind) folded on the Flop
Seat 3: Matzet1ka (big blind) folded before Flop
Seat 4: Mahu2021 collected ($0.48)
Seat 5: Ericholger folded before Flop (didn't bet)
Seat 6: steven73263 folded before Flop (didn't bet)



PokerStars Zoom Hand #255757816073:  Hold'em No Limit ($0.05/$0.10) - 2025/04/16 14:34:26 CET [2025/04/16 8:34:26 ET]
Table 'Aludra' 6-max Seat #1 is the button
Seat 1: LightninMac ($10 in chips) 
Seat 2: THE913 ($12.12 in chips) 
Seat 3: giannissapk ($23.86 in chips) 
Seat 4: Losimas(LT) ($10 in chips) 
Seat 5: nDoelAidFme ($10.15 in chips) 
Seat 6: Mahu2021 ($10.80 in chips) 
THE913: posts small blind $0.05
giannissapk: posts big blind $0.10
*** HOLE CARDS ***
Dealt to Mahu2021 [Ts 6h]
Losimas(LT): raises $0.15 to $0.25
nDoelAidFme: folds 
Mahu2021: folds 
LightninMac: folds 
THE913: calls $0.20
giannissapk: calls $0.15
*** FLOP *** [2d 2c Kd]
THE913: bets $0.36
giannissapk: folds 
Losimas(LT): calls $0.36
*** TURN *** [2d 2c Kd] [3d]
THE913: bets $0.70
Losimas(LT): calls $0.70
*** RIVER *** [2d 2c Kd 3d] [9c]
THE913: bets $2.74
Losimas(LT): folds 
Uncalled bet ($2.74) returned to THE913
THE913 collected $2.74 from pot
THE913: doesn't show hand 
*** SUMMARY ***
Total pot $2.87 | Rake $0.13 
Board [2d 2c Kd 3d 9c]
Seat 1: LightninMac (button) folded before Flop (didn't bet)
Seat 2: THE913 (small blind) collected ($2.74)
Seat 3: giannissapk (big blind) folded on the Flop
Seat 4: Losimas(LT) folded on the River
Seat 5: nDoelAidFme folded before Flop (didn't bet)
Seat 6: Mahu2021 folded before Flop (didn't bet)



PokerStars Zoom Hand #255757819559:  Hold'em No Limit ($0.05/$0.10) - 2025/04/16 14:34:52 CET [2025/04/16 8:34:52 ET]
Table 'Aludra' 6-max Seat #1 is the button
Seat 1: IMMPORT@L ($14.82 in chips) 
Seat 2: Thiguin9 ($11.42 in chips) 
Seat 3: Mahu2021 ($11.08 in chips) 
Seat 4: seignior ($10 in chips) 
Seat 5: Freimik15 ($9.85 in chips) 
Seat 6: Paulomeloo10 ($3.78 in chips) 
Thiguin9: posts small blind $0.05
Mahu2021: posts big blind $0.10
*** HOLE CARDS ***
Dealt to Mahu2021 [Jc Qh]
seignior: folds 
Freimik15: folds 
Paulomeloo10: raises $0.15 to $0.25
IMMPORT@L: folds 
Thiguin9: folds 
Mahu2021: calls $0.15
*** FLOP *** [3d 5s 3s]
Mahu2021: checks 
Paulomeloo10: bets $0.53
Mahu2021: folds 
Uncalled bet ($0.53) returned to Paulomeloo10
Paulomeloo10 collected $0.53 from pot
Paulomeloo10: doesn't show hand 
*** SUMMARY ***
Total pot $0.55 | Rake $0.02 
Board [3d 5s 3s]
Seat 1: IMMPORT@L (button) folded before Flop (didn't bet)
Seat 2: Thiguin9 (small blind) folded before Flop
Seat 3: Mahu2021 (big blind) folded on the Flop
Seat 4: seignior folded before Flop (didn't bet)
Seat 5: Freimik15 folded before Flop (didn't bet)
Seat 6: Paulomeloo10 collected ($0.53)



PokerStars Zoom Hand #255757828009:  Hold'em No Limit ($0.05/$0.10) - 2025/04/16 14:35:55 CET [2025/04/16 8:35:55 ET]
Table 'Aludra' 6-max Seat #1 is the button
Seat 1: Mahu2021 ($10.53 in chips) 
Seat 2: OeTen101 ($10.62 in chips) 
Seat 3: Freimik15 ($9.95 in chips) 
Seat 4: NoSkill1112 ($13.97 in chips) 
Seat 5: giannissapk ($28.22 in chips) 
Seat 6: IMMPORT@L ($20.10 in chips) 
OeTen101: posts small blind $0.05
Freimik15: posts big blind $0.10
*** HOLE CARDS ***
Dealt to Mahu2021 [6s Jh]
NoSkill1112: folds 
giannissapk: folds 
IMMPORT@L: folds 
Mahu2021: folds 
OeTen101: raises $0.20 to $0.30
Freimik15: folds 
Uncalled bet ($0.20) returned to OeTen101
OeTen101 collected $0.20 from pot
OeTen101: doesn't show hand 
*** SUMMARY ***
Total pot $0.20 | Rake $0 
Seat 1: Mahu2021 (button) folded before Flop (didn't bet)
Seat 2: OeTen101 (small blind) collected ($0.20)
Seat 3: Freimik15 (big blind) folded before Flop
Seat 4: NoSkill1112 folded before Flop (didn't bet)
Seat 5: giannissapk folded before Flop (didn't bet)
Seat 6: IMMPORT@L folded before Flop (didn't bet)



PokerStars Zoom Hand #255757825907:  Hold'em No Limit ($0.05/$0.10) - 2025/04/16 14:35:39 CET [2025/04/16 8:35:39 ET]
Table 'Aludra' 6-max Seat #1 is the button
Seat 1: Esk_moneyy ($15.18 in chips) 
Seat 2: Mahu2021 ($10.83 in chips) 
Seat 3: mannym10 ($8.93 in chips) 
Seat 4: Thiguin9 ($11.37 in chips) 
Seat 5: Shturaff ($23.25 in chips) 
Seat 6: mvdh90 ($15.13 in chips) 
Mahu2021: posts small blind $0.05
mannym10: posts big blind $0.10
*** HOLE CARDS ***
Dealt to Mahu2021 [7c 6c]
Thiguin9: folds 
Shturaff: raises $0.20 to $0.30
mvdh90: calls $0.30
Esk_moneyy: folds 
Mahu2021: calls $0.25
mannym10: raises $1.20 to $1.50
Shturaff: folds 
mvdh90: calls $1.20
Mahu2021: folds 
*** FLOP *** [Ah 4h 4c]
mannym10: bets $1.72
mvdh90: calls $1.72
*** TURN *** [Ah 4h 4c] [Kd]
mannym10: bets $2.22
mvdh90: folds 
Uncalled bet ($2.22) returned to mannym10
mannym10 collected $6.72 from pot
mannym10: doesn't show hand 
*** SUMMARY ***
Total pot $7.04 | Rake $0.32 
Board [Ah 4h 4c Kd]
Seat 1: Esk_moneyy (button) folded before Flop (didn't bet)
Seat 2: Mahu2021 (small blind) folded before Flop
Seat 3: mannym10 (big blind) collected ($6.72)
Seat 4: Thiguin9 folded before Flop (didn't bet)
Seat 5: Shturaff folded before Flop
Seat 6: mvdh90 folded on the Turn



PokerStars Zoom Hand #255757829095:  Hold'em No Limit ($0.05/$0.10) - 2025/04/16 14:36:02 CET [2025/04/16 8:36:02 ET]
Table 'Aludra' 6-max Seat #1 is the button
Seat 1: LightninMac ($10 in chips) 
Seat 2: 1goodreason ($9.66 in chips) 
Seat 3: JulianGuimaraes ($10.23 in chips) 
Seat 4: Luffy V ($21.40 in chips) 
Seat 5: Mahu2021 ($10.53 in chips) 
Seat 6: mami272 ($12.70 in chips) 
1goodreason: posts small blind $0.05
JulianGuimaraes: posts big blind $0.10
*** HOLE CARDS ***
Dealt to Mahu2021 [Ah 8c]
Luffy V: folds 
Mahu2021: folds 
mami272: raises $0.40 to $0.50
LightninMac: folds 
1goodreason: folds 
JulianGuimaraes: folds 
Uncalled bet ($0.40) returned to mami272
mami272 collected $0.25 from pot
mami272: doesn't show hand 
*** SUMMARY ***
Total pot $0.25 | Rake $0 
Seat 1: LightninMac (button) folded before Flop (didn't bet)
Seat 2: 1goodreason (small blind) folded before Flop
Seat 3: JulianGuimaraes (big blind) folded before Flop
Seat 4: Luffy V folded before Flop (didn't bet)
Seat 5: Mahu2021 folded before Flop (didn't bet)
Seat 6: mami272 collected ($0.25)



PokerStars Zoom Hand #255757828543:  Hold'em No Limit ($0.05/$0.10) - 2025/04/16 14:35:58 CET [2025/04/16 8:35:58 ET]
Table 'Aludra' 6-max Seat #1 is the button
Seat 1: Thiguin9 ($19.86 in chips) 
Seat 2: Ericholger ($15.09 in chips) 
Seat 3: nDoelAidFme ($10 in chips) 
Seat 4: greu1943 ($0.49 in chips) 
Seat 5: IMMPORT@L ($20.10 in chips) 
Seat 6: Mahu2021 ($10.53 in chips) 
Ericholger: posts small blind $0.05
nDoelAidFme: posts big blind $0.10
*** HOLE CARDS ***
Dealt to Mahu2021 [Qc 7d]
greu1943: calls $0.10
IMMPORT@L: folds 
Mahu2021: folds 
Thiguin9: folds 
Ericholger: folds 
nDoelAidFme: checks 
*** FLOP *** [9s 4c Tc]
nDoelAidFme: checks 
greu1943: checks 
*** TURN *** [9s 4c Tc] [5c]
nDoelAidFme: bets $0.10
greu1943: calls $0.10
*** RIVER *** [9s 4c Tc 5c] [Kd]
nDoelAidFme: bets $0.45
greu1943: folds 
Uncalled bet ($0.45) returned to nDoelAidFme
nDoelAidFme collected $0.43 from pot
nDoelAidFme: doesn't show hand 
*** SUMMARY ***
Total pot $0.45 | Rake $0.02 
Board [9s 4c Tc 5c Kd]
Seat 1: Thiguin9 (button) folded before Flop (didn't bet)
Seat 2: Ericholger (small blind) folded before Flop
Seat 3: nDoelAidFme (big blind) collected ($0.43)
Seat 4: greu1943 folded on the River
Seat 5: IMMPORT@L folded before Flop (didn't bet)
Seat 6: Mahu2021 folded before Flop (didn't bet)



PokerStars Zoom Hand #255757829617:  Hold'em No Limit ($0.05/$0.10) - 2025/04/16 14:36:06 CET [2025/04/16 8:36:06 ET]
Table 'Aludra' 6-max Seat #1 is the button
Seat 1: ilynskiy ($13.96 in chips) 
Seat 2: Mahu2021 ($10.53 in chips) 
Seat 3: Luffy V ($21.40 in chips) 
Seat 4: Thiguin9 ($12.20 in chips) 
Seat 5: IMMPORT@L ($15.07 in chips) 
Seat 6: THE913 ($13.78 in chips) 
Mahu2021: posts small blind $0.05
Luffy V: posts big blind $0.10
*** HOLE CARDS ***
Dealt to Mahu2021 [5c 4c]
Thiguin9: folds 
IMMPORT@L: folds 
THE913: calls $0.10
ilynskiy: folds 
Mahu2021: calls $0.05
Luffy V: raises $0.40 to $0.50
THE913: calls $0.40
Mahu2021: calls $0.40
*** FLOP *** [Qc 3s 5s]
Mahu2021: bets $0.60
Luffy V: folds 
THE913: calls $0.60
*** TURN *** [Qc 3s 5s] [4h]
Mahu2021: bets $3.10
THE913: folds 
Uncalled bet ($3.10) returned to Mahu2021
Mahu2021 collected $2.58 from pot
Mahu2021: doesn't show hand 
*** SUMMARY ***
Total pot $2.70 | Rake $0.12 
Board [Qc 3s 5s 4h]
Seat 1: ilynskiy (button) folded before Flop (didn't bet)
Seat 2: Mahu2021 (small blind) collected ($2.58)
Seat 3: Luffy V (big blind) folded on the Flop
Seat 4: Thiguin9 folded before Flop (didn't bet)
Seat 5: IMMPORT@L folded before Flop (didn't bet)
Seat 6: THE913 folded on the Turn



PokerStars Zoom Hand #255757836178:  Hold'em No Limit ($0.05/$0.10) - 2025/04/16 14:36:54 CET [2025/04/16 8:36:54 ET]
Table 'Aludra' 6-max Seat #1 is the button
Seat 1: IMMPORT@L ($12.58 in chips) 
Seat 2: ItWasDuke ($10 in chips) 
Seat 3: Mahu2021 ($12.01 in chips) 
Seat 4: GrozovaIra ($17.78 in chips) 
Seat 5: mami272 ($12.99 in chips) 
Seat 6: Chiarelli99 ($10 in chips) 
ItWasDuke: posts small blind $0.05
Mahu2021: posts big blind $0.10
*** HOLE CARDS ***
Dealt to Mahu2021 [Ah Qd]
GrozovaIra: folds 
mami272: folds 
Chiarelli99: folds 
IMMPORT@L: folds 
ItWasDuke: folds 
Uncalled bet ($0.05) returned to Mahu2021
Mahu2021 collected $0.10 from pot
Mahu2021: doesn't show hand 
*** SUMMARY ***
Total pot $0.10 | Rake $0 
Seat 1: IMMPORT@L (button) folded before Flop (didn't bet)
Seat 2: ItWasDuke (small blind) folded before Flop
Seat 3: Mahu2021 (big blind) collected ($0.10)
Seat 4: GrozovaIra folded before Flop (didn't bet)
Seat 5: mami272 folded before Flop (didn't bet)
Seat 6: Chiarelli99 folded before Flop (didn't bet)



PokerStars Zoom Hand #255757837555:  Hold'em No Limit ($0.05/$0.10) - 2025/04/16 14:37:04 CET [2025/04/16 8:37:04 ET]
Table 'Aludra' 6-max Seat #1 is the button
Seat 1: ItWasDuke ($10 in chips) 
Seat 2: giannissapk ($18.97 in chips) 
Seat 3: Chiarelli99 ($10.64 in chips) 
Seat 4: IMMPORT@L ($12.58 in chips) 
Seat 5: Mahu2021 ($12.06 in chips) 
Seat 6: Luffy V ($18.90 in chips) 
giannissapk: posts small blind $0.05
Chiarelli99: posts big blind $0.10
*** HOLE CARDS ***
Dealt to Mahu2021 [Ah 9d]
IMMPORT@L: folds 
Mahu2021: folds 
Luffy V: folds 
ItWasDuke: raises $0.13 to $0.23
giannissapk: folds 
Chiarelli99: folds 
Uncalled bet ($0.13) returned to ItWasDuke
ItWasDuke collected $0.25 from pot
ItWasDuke: doesn't show hand 
*** SUMMARY ***
Total pot $0.25 | Rake $0 
Seat 1: ItWasDuke (button) collected ($0.25)
Seat 2: giannissapk (small blind) folded before Flop
Seat 3: Chiarelli99 (big blind) folded before Flop
Seat 4: IMMPORT@L folded before Flop (didn't bet)
Seat 5: Mahu2021 folded before Flop (didn't bet)
Seat 6: Luffy V folded before Flop (didn't bet)



PokerStars Zoom Hand #255757839338:  Hold'em No Limit ($0.05/$0.10) - 2025/04/16 14:37:17 CET [2025/04/16 8:37:17 ET]
Table 'Aludra' 6-max Seat #1 is the button
Seat 1: seignior ($10.30 in chips) 
Seat 2: Chiarelli99 ($10.54 in chips) 
Seat 3: LightninMac ($10.89 in chips) 
Seat 4: Die8 ($10.14 in chips) 
Seat 5: Jimmy19770704 ($9.26 in chips) 
Seat 6: Mahu2021 ($12.06 in chips) 
Chiarelli99: posts small blind $0.05
LightninMac: posts big blind $0.10
*** HOLE CARDS ***
Dealt to Mahu2021 [3s 9c]
Die8: folds 
Jimmy19770704: raises $0.10 to $0.20
Mahu2021: folds 
seignior: folds 
Chiarelli99: folds 
LightninMac: folds 
Uncalled bet ($0.10) returned to Jimmy19770704
Jimmy19770704 collected $0.25 from pot
Jimmy19770704: doesn't show hand 
*** SUMMARY ***
Total pot $0.25 | Rake $0 
Seat 1: seignior (button) folded before Flop (didn't bet)
Seat 2: Chiarelli99 (small blind) folded before Flop
Seat 3: LightninMac (big blind) folded before Flop
Seat 4: Die8 folded before Flop (didn't bet)
Seat 5: Jimmy19770704 collected ($0.25)
Seat 6: Mahu2021 folded before Flop (didn't bet)



PokerStars Zoom Hand #255757839832:  Hold'em No Limit ($0.05/$0.10) - 2025/04/16 14:37:21 CET [2025/04/16 8:37:21 ET]
Table 'Aludra' 6-max Seat #1 is the button
Seat 1: Die8 ($10 in chips) 
Seat 2: alexswe974 ($10.15 in chips) 
Seat 3: mvdh90 ($7.63 in chips) 
Seat 4: Mahu2021 ($12.06 in chips) 
Seat 5: scouseman101 ($5 in chips) 
Seat 6: tiki.dinamo ($13.88 in chips) 
alexswe974: posts small blind $0.05
mvdh90: posts big blind $0.10
*** HOLE CARDS ***
Dealt to Mahu2021 [Ts 7c]
Mahu2021: folds 
scouseman101: raises $0.10 to $0.20
tiki.dinamo: raises $0.20 to $0.40
Die8: folds 
alexswe974: folds 
mvdh90: folds 
scouseman101: calls $0.20
*** FLOP *** [9d Td Qc]
scouseman101: checks 
tiki.dinamo: bets $0.40
scouseman101: folds 
Uncalled bet ($0.40) returned to tiki.dinamo
tiki.dinamo collected $0.91 from pot
tiki.dinamo: doesn't show hand 
*** SUMMARY ***
Total pot $0.95 | Rake $0.04 
Board [9d Td Qc]
Seat 1: Die8 (button) folded before Flop (didn't bet)
Seat 2: alexswe974 (small blind) folded before Flop
Seat 3: mvdh90 (big blind) folded before Flop
Seat 4: Mahu2021 folded before Flop (didn't bet)
Seat 5: scouseman101 folded on the Flop
Seat 6: tiki.dinamo collected ($0.91)



PokerStars Zoom Hand #255757838229:  Hold'em No Limit ($0.05/$0.10) - 2025/04/16 14:37:09 CET [2025/04/16 8:37:09 ET]
Table 'Aludra' 6-max Seat #1 is the button
Seat 1: Mahu2021 ($12.06 in chips) 
Seat 2: THE913 ($12.73 in chips) 
Seat 3: Luffy V ($11.62 in chips) 
Seat 4: Matzet1ka ($13.47 in chips) 
Seat 5: giannissapk ($27.92 in chips) 
Seat 6: 999DADDY ($12.49 in chips) 
THE913: posts small blind $0.05
Luffy V: posts big blind $0.10
*** HOLE CARDS ***
Dealt to Mahu2021 [2s Th]
Matzet1ka: raises $0.15 to $0.25
giannissapk: folds 
999DADDY: folds 
Mahu2021: folds 
THE913: folds 
Luffy V: raises $0.75 to $1
Matzet1ka: folds 
Uncalled bet ($0.75) returned to Luffy V
Luffy V collected $0.55 from pot
Luffy V: doesn't show hand 
*** SUMMARY ***
Total pot $0.55 | Rake $0 
Seat 1: Mahu2021 (button) folded before Flop (didn't bet)
Seat 2: THE913 (small blind) folded before Flop
Seat 3: Luffy V (big blind) collected ($0.55)
Seat 4: Matzet1ka folded before Flop
Seat 5: giannissapk folded before Flop (didn't bet)
Seat 6: 999DADDY folded before Flop (didn't bet)



PokerStars Zoom Hand #255757840929:  Hold'em No Limit ($0.05/$0.10) - 2025/04/16 14:37:29 CET [2025/04/16 8:37:29 ET]
Table 'Aludra' 6-max Seat #1 is the button
Seat 1: alexswe974 ($10 in chips) 
Seat 2: jim.gr450 ($10.25 in chips) 
Seat 3: IMMPORT@L ($20.80 in chips) 
Seat 4: Mahu2021 ($12.01 in chips) 
Seat 5: LightninMac ($10.43 in chips) 
Seat 6: ilynskiy ($14.13 in chips) 
jim.gr450: posts small blind $0.05
IMMPORT@L: posts big blind $0.10
*** HOLE CARDS ***
Dealt to Mahu2021 [Jd 5c]
Mahu2021: folds 
LightninMac: folds 
ilynskiy: folds 
alexswe974: folds 
jim.gr450: raises $0.20 to $0.30
IMMPORT@L: calls $0.20
*** FLOP *** [5s Qd 9d]
jim.gr450: bets $0.19
IMMPORT@L: folds 
Uncalled bet ($0.19) returned to jim.gr450
jim.gr450 collected $0.57 from pot
jim.gr450: doesn't show hand 
*** SUMMARY ***
Total pot $0.60 | Rake $0.03 
Board [5s Qd 9d]
Seat 1: alexswe974 (button) folded before Flop (didn't bet)
Seat 2: jim.gr450 (small blind) collected ($0.57)
Seat 3: IMMPORT@L (big blind) folded on the Flop
Seat 4: Mahu2021 folded before Flop (didn't bet)
Seat 5: LightninMac folded before Flop (didn't bet)
Seat 6: ilynskiy folded before Flop (didn't bet)



PokerStars Zoom Hand #255757841470:  Hold'em No Limit ($0.05/$0.10) - 2025/04/16 14:37:33 CET [2025/04/16 8:37:33 ET]
Table 'Aludra' 6-max Seat #1 is the button
Seat 1: Thiguin9 ($19.86 in chips) 
Seat 2: Die8 ($10 in chips) 
Seat 3: Mahu2021 ($12.01 in chips) 
Seat 4: LightninMac ($10.79 in chips) 
Seat 5: koboz2 ($10.36 in chips) 
Seat 6: Dodaari ($10 in chips) 
Die8: posts small blind $0.05
Mahu2021: posts big blind $0.10
*** HOLE CARDS ***
Dealt to Mahu2021 [8h 8d]
LightninMac: folds 
koboz2: raises $0.13 to $0.23
Dodaari: folds 
Thiguin9: folds 
Die8: folds 
Mahu2021: calls $0.13
*** FLOP *** [2c 2h 4c]
Mahu2021: bets $0.49
koboz2: calls $0.49
*** TURN *** [2c 2h 4c] [9c]
Mahu2021: bets $0.80
koboz2: calls $0.80
*** RIVER *** [2c 2h 4c 9c] [5d]
Mahu2021: checks 
koboz2: checks 
*** SHOW DOWN ***
Mahu2021: shows [8h 8d] (two pair, Eights and Deuces)
koboz2: mucks hand 
Mahu2021 collected $2.95 from pot
*** SUMMARY ***
Total pot $3.09 | Rake $0.14 
Board [2c 2h 4c 9c 5d]
Seat 1: Thiguin9 (button) folded before Flop (didn't bet)
Seat 2: Die8 (small blind) folded before Flop
Seat 3: Mahu2021 (big blind) showed [8h 8d] and won ($2.95) with two pair, Eights and Deuces
Seat 4: LightninMac folded before Flop (didn't bet)
Seat 5: koboz2 mucked [6h 6s]
Seat 6: Dodaari folded before Flop (didn't bet)



PokerStars Zoom Hand #255757848271:  Hold'em No Limit ($0.05/$0.10) - 2025/04/16 14:38:22 CET [2025/04/16 8:38:22 ET]
Table 'Aludra' 6-max Seat #1 is the button
Seat 1: putzkedudu ($10 in chips) 
Seat 2: giannissapk ($21.84 in chips) 
Seat 3: stupidlygenius ($12.82 in chips) 
Seat 4: LightninMac ($11.99 in chips) 
Seat 5: IMMPORT@L ($9.65 in chips) 
Seat 6: Mahu2021 ($13.44 in chips) 
giannissapk: posts small blind $0.05
stupidlygenius: posts big blind $0.10
*** HOLE CARDS ***
Dealt to Mahu2021 [9h 7c]
LightninMac: folds 
IMMPORT@L: folds 
Mahu2021: folds 
putzkedudu: raises $0.10 to $0.20
giannissapk: folds 
stupidlygenius: folds 
Uncalled bet ($0.10) returned to putzkedudu
putzkedudu collected $0.25 from pot
putzkedudu: doesn't show hand 
*** SUMMARY ***
Total pot $0.25 | Rake $0 
Seat 1: putzkedudu (button) collected ($0.25)
Seat 2: giannissapk (small blind) folded before Flop
Seat 3: stupidlygenius (big blind) folded before Flop
Seat 4: LightninMac folded before Flop (didn't bet)
Seat 5: IMMPORT@L folded before Flop (didn't bet)
Seat 6: Mahu2021 folded before Flop (didn't bet)



PokerStars Zoom Hand #255757840323:  Hold'em No Limit ($0.05/$0.10) - 2025/04/16 14:37:24 CET [2025/04/16 8:37:24 ET]
Table 'Aludra' 6-max Seat #1 is the button
Seat 1: NoSkill1112 ($14.12 in chips) 
Seat 2: Mahu2021 ($12.06 in chips) 
Seat 3: Losimas(LT) ($10 in chips) 
Seat 4: Freimik15 ($9.95 in chips) 
Seat 5: Thiguin9 ($19.86 in chips) 
Seat 6: AceRimmer888 ($18.96 in chips) 
Mahu2021: posts small blind $0.05
Losimas(LT): posts big blind $0.10
*** HOLE CARDS ***
Dealt to Mahu2021 [Jc 4h]
Freimik15: raises $0.16 to $0.26
Thiguin9: folds 
AceRimmer888: folds 
NoSkill1112: calls $0.26
Mahu2021: folds 
Losimas(LT): folds 
*** FLOP *** [As 2h 8c]
Freimik15: bets $0.30
NoSkill1112: calls $0.30
*** TURN *** [As 2h 8c] [3h]
Freimik15: bets $0.70
NoSkill1112: calls $0.70
*** RIVER *** [As 2h 8c 3h] [9c]
Freimik15: checks 
NoSkill1112: checks 
*** SHOW DOWN ***
Freimik15: shows [Ts Th] (a pair of Tens)
NoSkill1112: shows [Ah Qh] (a pair of Aces)
NoSkill1112 collected $2.55 from pot
*** SUMMARY ***
Total pot $2.67 | Rake $0.12 
Board [As 2h 8c 3h 9c]
Seat 1: NoSkill1112 (button) showed [Ah Qh] and won ($2.55) with a pair of Aces
Seat 2: Mahu2021 (small blind) folded before Flop
Seat 3: Losimas(LT) (big blind) folded before Flop
Seat 4: Freimik15 showed [Ts Th] and lost with a pair of Tens
Seat 5: Thiguin9 folded before Flop (didn't bet)
Seat 6: AceRimmer888 folded before Flop (didn't bet)



PokerStars Zoom Hand #255757849009:  Hold'em No Limit ($0.05/$0.10) - 2025/04/16 14:38:27 CET [2025/04/16 8:38:27 ET]
Table 'Aludra' 6-max Seat #1 is the button
Seat 1: Mahu2021 ($13.44 in chips) 
Seat 2: chirak1982 ($5.59 in chips) 
Seat 3: gricharen ($12.73 in chips) 
Seat 4: Thiguin9 ($11.89 in chips) 
Seat 5: LightninMac ($10.28 in chips) 
Seat 6: scouseman101 ($5.80 in chips) 
chirak1982: posts small blind $0.05
gricharen: posts big blind $0.10
*** HOLE CARDS ***
Dealt to Mahu2021 [4h Ac]
Thiguin9: folds 
LightninMac: folds 
scouseman101: folds 
Mahu2021: folds 
chirak1982: raises $0.10 to $0.20
gricharen: raises $0.50 to $0.70
chirak1982: folds 
Uncalled bet ($0.50) returned to gricharen
gricharen collected $0.40 from pot
gricharen: doesn't show hand 
*** SUMMARY ***
Total pot $0.40 | Rake $0 
Seat 1: Mahu2021 (button) folded before Flop (didn't bet)
Seat 2: chirak1982 (small blind) folded before Flop
Seat 3: gricharen (big blind) collected ($0.40)
Seat 4: Thiguin9 folded before Flop (didn't bet)
Seat 5: LightninMac folded before Flop (didn't bet)
Seat 6: scouseman101 folded before Flop (didn't bet)



PokerStars Zoom Hand #255757850411:  Hold'em No Limit ($0.05/$0.10) - 2025/04/16 14:38:37 CET [2025/04/16 8:38:37 ET]
Table 'Aludra' 6-max Seat #1 is the button
Seat 1: Die8 ($10 in chips) 
Seat 2: Thiguin9 ($20.06 in chips) 
Seat 3: sergM87 ($10 in chips) 
Seat 4: Mahu2021 ($13.44 in chips) 
Seat 5: AceRimmer888 ($17.69 in chips) 
Seat 6: THE913 ($10.86 in chips) 
Thiguin9: posts small blind $0.05
sergM87: posts big blind $0.10
*** HOLE CARDS ***
Dealt to Mahu2021 [Jc Td]
Mahu2021: folds 
AceRimmer888: folds 
THE913: folds 
Die8: folds 
Thiguin9: raises $0.20 to $0.30
sergM87: folds 
Uncalled bet ($0.20) returned to Thiguin9
Thiguin9 collected $0.20 from pot
Thiguin9: doesn't show hand 
*** SUMMARY ***
Total pot $0.20 | Rake $0 
Seat 1: Die8 (button) folded before Flop (didn't bet)
Seat 2: Thiguin9 (small blind) collected ($0.20)
Seat 3: sergM87 (big blind) folded before Flop
Seat 4: Mahu2021 folded before Flop (didn't bet)
Seat 5: AceRimmer888 folded before Flop (didn't bet)
Seat 6: THE913 folded before Flop (didn't bet)



PokerStars Zoom Hand #255757850932:  Hold'em No Limit ($0.05/$0.10) - 2025/04/16 14:38:41 CET [2025/04/16 8:38:41 ET]
Table 'Aludra' 6-max Seat #1 is the button
Seat 1: Ericholger ($11.75 in chips) 
Seat 2: ItWasDuke ($21.86 in chips) 
Seat 3: alexswe974 ($14 in chips) 
Seat 4: Mahu2021 ($13.44 in chips) 
Seat 5: putzkedudu ($10.15 in chips) 
Seat 6: Esk_moneyy ($15.71 in chips) 
ItWasDuke: posts small blind $0.05
alexswe974: posts big blind $0.10
*** HOLE CARDS ***
Dealt to Mahu2021 [Kd 5d]
Mahu2021: folds 
putzkedudu: folds 
Esk_moneyy: folds 
Ericholger: folds 
ItWasDuke: raises $0.20 to $0.30
alexswe974: folds 
Uncalled bet ($0.20) returned to ItWasDuke
ItWasDuke collected $0.20 from pot
ItWasDuke: doesn't show hand 
*** SUMMARY ***
Total pot $0.20 | Rake $0 
Seat 1: Ericholger (button) folded before Flop (didn't bet)
Seat 2: ItWasDuke (small blind) collected ($0.20)
Seat 3: alexswe974 (big blind) folded before Flop
Seat 4: Mahu2021 folded before Flop (didn't bet)
Seat 5: putzkedudu folded before Flop (didn't bet)
Seat 6: Esk_moneyy folded before Flop (didn't bet)



PokerStars Zoom Hand #255757851470:  Hold'em No Limit ($0.05/$0.10) - 2025/04/16 14:38:45 CET [2025/04/16 8:38:45 ET]
Table 'Aludra' 6-max Seat #1 is the button
Seat 1: OeTen101 ($10.99 in chips) 
Seat 2: Mahu2021 ($13.44 in chips) 
Seat 3: sergM87 ($10 in chips) 
Seat 4: Luffy V ($12.56 in chips) 
Seat 5: NoSkill1112 ($15.36 in chips) 
Seat 6: andinho21 ($10.15 in chips) 
Mahu2021: posts small blind $0.05
sergM87: posts big blind $0.10
*** HOLE CARDS ***
Dealt to Mahu2021 [Kd 6s]
Luffy V: folds 
NoSkill1112: folds 
andinho21: raises $0.15 to $0.25
OeTen101: folds 
Mahu2021: folds 
sergM87: folds 
Uncalled bet ($0.15) returned to andinho21
andinho21 collected $0.25 from pot
andinho21: doesn't show hand 
*** SUMMARY ***
Total pot $0.25 | Rake $0 
Seat 1: OeTen101 (button) folded before Flop (didn't bet)
Seat 2: Mahu2021 (small blind) folded before Flop
Seat 3: sergM87 (big blind) folded before Flop
Seat 4: Luffy V folded before Flop (didn't bet)
Seat 5: NoSkill1112 folded before Flop (didn't bet)
Seat 6: andinho21 collected ($0.25)



PokerStars Zoom Hand #255757849502:  Hold'em No Limit ($0.05/$0.10) - 2025/04/16 14:38:31 CET [2025/04/16 8:38:31 ET]
Table 'Aludra' 6-max Seat #1 is the button
Seat 1: stupidlygenius ($12.72 in chips) 
Seat 2: Chiarelli99 ($10 in chips) 
Seat 3: AceRimmer888 ($13.75 in chips) 
Seat 4: scouseman101 ($5.80 in chips) 
Seat 5: Mahu2021 ($13.44 in chips) 
Seat 6: ilynskiy ($14.13 in chips) 
Chiarelli99: posts small blind $0.05
AceRimmer888: posts big blind $0.10
*** HOLE CARDS ***
Dealt to Mahu2021 [Jd 6d]
scouseman101: folds 
Mahu2021: folds 
ilynskiy: raises $0.15 to $0.25
stupidlygenius: folds 
Chiarelli99: folds 
AceRimmer888: raises $0.45 to $0.70
ilynskiy: calls $0.45
*** FLOP *** [5d Jc Ts]
AceRimmer888: bets $0.72
ilynskiy: folds 
Uncalled bet ($0.72) returned to AceRimmer888
AceRimmer888 collected $1.38 from pot
AceRimmer888: doesn't show hand 
*** SUMMARY ***
Total pot $1.45 | Rake $0.07 
Board [5d Jc Ts]
Seat 1: stupidlygenius (button) folded before Flop (didn't bet)
Seat 2: Chiarelli99 (small blind) folded before Flop
Seat 3: AceRimmer888 (big blind) collected ($1.38)
Seat 4: scouseman101 folded before Flop (didn't bet)
Seat 5: Mahu2021 folded before Flop (didn't bet)
Seat 6: ilynskiy folded on the Flop



PokerStars Zoom Hand #255757852147:  Hold'em No Limit ($0.05/$0.10) - 2025/04/16 14:38:50 CET [2025/04/16 8:38:50 ET]
Table 'Aludra' 6-max Seat #1 is the button
Seat 1: gricharen ($12.93 in chips) 
Seat 2: putzkedudu ($10.15 in chips) 
Seat 3: Mahu2021 ($13.39 in chips) 
Seat 4: alexswe974 ($10.29 in chips) 
Seat 5: Luffy V ($20.87 in chips) 
Seat 6: Chiarelli99 ($10 in chips) 
putzkedudu: posts small blind $0.05
Mahu2021: posts big blind $0.10
*** HOLE CARDS ***
Dealt to Mahu2021 [8s 5c]
alexswe974: folds 
Luffy V: raises $0.15 to $0.25
Chiarelli99: folds 
gricharen: raises $0.45 to $0.70
putzkedudu: folds 
Mahu2021: folds 
Luffy V: folds 
Uncalled bet ($0.45) returned to gricharen
gricharen collected $0.65 from pot
gricharen: doesn't show hand 
*** SUMMARY ***
Total pot $0.65 | Rake $0 
Seat 1: gricharen (button) collected ($0.65)
Seat 2: putzkedudu (small blind) folded before Flop
Seat 3: Mahu2021 (big blind) folded before Flop
Seat 4: alexswe974 folded before Flop (didn't bet)
Seat 5: Luffy V folded before Flop
Seat 6: Chiarelli99 folded before Flop (didn't bet)



PokerStars Zoom Hand #255757855295:  Hold'em No Limit ($0.05/$0.10) - 2025/04/16 14:39:13 CET [2025/04/16 8:39:13 ET]
Table 'Aludra' 6-max Seat #1 is the button
Seat 1: seignior ($10.34 in chips) 
Seat 2: Luffy V ($18.80 in chips) 
Seat 3: stupidlygenius ($10.40 in chips) 
Seat 4: gricharen ($13.33 in chips) 
Seat 5: sergM87 ($10 in chips) 
Seat 6: Mahu2021 ($13.24 in chips) 
Luffy V: posts small blind $0.05
stupidlygenius: posts big blind $0.10
*** HOLE CARDS ***
Dealt to Mahu2021 [Ac Th]
gricharen: folds 
sergM87: folds 
Mahu2021: raises $0.20 to $0.30
seignior: folds 
Luffy V: folds 
stupidlygenius: folds 
Uncalled bet ($0.20) returned to Mahu2021
Mahu2021 collected $0.25 from pot
Mahu2021: doesn't show hand 
*** SUMMARY ***
Total pot $0.25 | Rake $0 
Seat 1: seignior (button) folded before Flop (didn't bet)
Seat 2: Luffy V (small blind) folded before Flop
Seat 3: stupidlygenius (big blind) folded before Flop
Seat 4: gricharen folded before Flop (didn't bet)
Seat 5: sergM87 folded before Flop (didn't bet)
Seat 6: Mahu2021 collected ($0.25)



PokerStars Zoom Hand #255757854753:  Hold'em No Limit ($0.05/$0.10) - 2025/04/16 14:39:09 CET [2025/04/16 8:39:09 ET]
Table 'Aludra' 6-max Seat #1 is the button
Seat 1: giannissapk ($18.32 in chips) 
Seat 2: Mahu2021 ($13.29 in chips) 
Seat 3: NoSkill1112 ($15.36 in chips) 
Seat 4: kiks220272 ($10.21 in chips) 
Seat 5: alexswe974 ($10.29 in chips) 
Seat 6: sergM87 ($10 in chips) 
Mahu2021: posts small blind $0.05
NoSkill1112: posts big blind $0.10
*** HOLE CARDS ***
Dealt to Mahu2021 [3h Qs]
kiks220272: folds 
alexswe974: raises $0.15 to $0.25
sergM87: folds 
giannissapk: folds 
Mahu2021: folds 
NoSkill1112: folds 
Uncalled bet ($0.15) returned to alexswe974
alexswe974 collected $0.25 from pot
alexswe974: doesn't show hand 
*** SUMMARY ***
Total pot $0.25 | Rake $0 
Seat 1: giannissapk (button) folded before Flop (didn't bet)
Seat 2: Mahu2021 (small blind) folded before Flop
Seat 3: NoSkill1112 (big blind) folded before Flop
Seat 4: kiks220272 folded before Flop (didn't bet)
Seat 5: alexswe974 collected ($0.25)
Seat 6: sergM87 folded before Flop (didn't bet)



PokerStars Zoom Hand #255757857293:  Hold'em No Limit ($0.05/$0.10) - 2025/04/16 14:39:27 CET [2025/04/16 8:39:27 ET]
Table 'Aludra' 6-max Seat #1 is the button
Seat 1: NoSkill1112 ($15.26 in chips) 
Seat 2: putzkedudu ($10.05 in chips) 
Seat 3: Mahu2021 ($13.39 in chips) 
Seat 4: afwing16 ($13.98 in chips) 
Seat 5: Thiguin9 ($11.74 in chips) 
Seat 6: Dodaari ($19.38 in chips) 
putzkedudu: posts small blind $0.05
Mahu2021: posts big blind $0.10
*** HOLE CARDS ***
Dealt to Mahu2021 [Tc 7c]
afwing16: raises $0.15 to $0.25
Thiguin9: folds 
Dodaari: folds 
NoSkill1112: folds 
putzkedudu: folds 
Mahu2021: folds 
Uncalled bet ($0.15) returned to afwing16
afwing16 collected $0.25 from pot
afwing16: doesn't show hand 
*** SUMMARY ***
Total pot $0.25 | Rake $0 
Seat 1: NoSkill1112 (button) folded before Flop (didn't bet)
Seat 2: putzkedudu (small blind) folded before Flop
Seat 3: Mahu2021 (big blind) folded before Flop
Seat 4: afwing16 collected ($0.25)
Seat 5: Thiguin9 folded before Flop (didn't bet)
Seat 6: Dodaari folded before Flop (didn't bet)



PokerStars Zoom Hand #255757861033:  Hold'em No Limit ($0.05/$0.10) - 2025/04/16 14:39:54 CET [2025/04/16 8:39:54 ET]
Table 'Aludra' 6-max Seat #1 is the button
Seat 1: 999DADDY ($10.90 in chips) 
Seat 2: Mahu2021 ($13.29 in chips) 
Seat 3: afwing16 ($14.13 in chips) 
Seat 4: gricharen ($13.03 in chips) 
Seat 5: Ericholger ($18.65 in chips) 
Seat 6: 99solved ($10 in chips) 
Mahu2021: posts small blind $0.05
afwing16: posts big blind $0.10
*** HOLE CARDS ***
Dealt to Mahu2021 [7d Qc]
gricharen: folds 
Ericholger: folds 
99solved: folds 
999DADDY: folds 
Mahu2021: folds 
Uncalled bet ($0.05) returned to afwing16
afwing16 collected $0.10 from pot
afwing16: doesn't show hand 
*** SUMMARY ***
Total pot $0.10 | Rake $0 
Seat 1: 999DADDY (button) folded before Flop (didn't bet)
Seat 2: Mahu2021 (small blind) folded before Flop
Seat 3: afwing16 (big blind) collected ($0.10)
Seat 4: gricharen folded before Flop (didn't bet)
Seat 5: Ericholger folded before Flop (didn't bet)
Seat 6: 99solved folded before Flop (didn't bet)



PokerStars Zoom Hand #255757860004:  Hold'em No Limit ($0.05/$0.10) - 2025/04/16 14:39:47 CET [2025/04/16 8:39:47 ET]
Table 'Aludra' 6-max Seat #1 is the button
Seat 1: Mahu2021 ($13.29 in chips) 
Seat 2: Ericholger ($7.20 in chips) 
Seat 3: alexswe974 ($10.39 in chips) 
Seat 4: OeTen101 ($10.02 in chips) 
Seat 5: Die8 ($10.95 in chips) 
Seat 6: THE913 ($10.36 in chips) 
Ericholger: posts small blind $0.05
alexswe974: posts big blind $0.10
*** HOLE CARDS ***
Dealt to Mahu2021 [5d 2d]
OeTen101: raises $0.10 to $0.20
Die8: folds 
THE913: folds 
Mahu2021: folds 
Ericholger: folds 
alexswe974: folds 
Uncalled bet ($0.10) returned to OeTen101
OeTen101 collected $0.25 from pot
OeTen101: doesn't show hand 
*** SUMMARY ***
Total pot $0.25 | Rake $0 
Seat 1: Mahu2021 (button) folded before Flop (didn't bet)
Seat 2: Ericholger (small blind) folded before Flop
Seat 3: alexswe974 (big blind) folded before Flop
Seat 4: OeTen101 collected ($0.25)
Seat 5: Die8 folded before Flop (didn't bet)
Seat 6: THE913 folded before Flop (didn't bet)



PokerStars Zoom Hand #255757853427:  Hold'em No Limit ($0.05/$0.10) - 2025/04/16 14:38:59 CET [2025/04/16 8:38:59 ET]
Table 'Aludra' 6-max Seat #1 is the button
Seat 1: putzkedudu ($10.10 in chips) 
Seat 2: IMMPORT@L ($21.06 in chips) 
Seat 3: koboz2 ($10 in chips) 
Seat 4: Baldeagle555 ($9.89 in chips) 
Seat 5: mvdh90 ($6.33 in chips) 
Seat 6: Mahu2021 ($13.29 in chips) 
IMMPORT@L: posts small blind $0.05
koboz2: posts big blind $0.10
*** HOLE CARDS ***
Dealt to Mahu2021 [5c 4h]
Baldeagle555: folds 
mvdh90: folds 
Mahu2021: folds 
putzkedudu: raises $0.10 to $0.20
IMMPORT@L: folds 
koboz2: calls $0.10
*** FLOP *** [7s Jh Tc]
koboz2: checks 
putzkedudu: bets $0.11
koboz2: calls $0.11
*** TURN *** [7s Jh Tc] [Kh]
koboz2: checks 
putzkedudu: bets $0.48
koboz2: calls $0.48
*** RIVER *** [7s Jh Tc Kh] [3s]
koboz2: checks 
putzkedudu: checks 
*** SHOW DOWN ***
koboz2: shows [Js 6s] (a pair of Jacks)
putzkedudu: mucks hand 
koboz2 collected $1.56 from pot
*** SUMMARY ***
Total pot $1.63 | Rake $0.07 
Board [7s Jh Tc Kh 3s]
Seat 1: putzkedudu (button) mucked [8s Ac]
Seat 2: IMMPORT@L (small blind) folded before Flop
Seat 3: koboz2 (big blind) showed [Js 6s] and won ($1.56) with a pair of Jacks
Seat 4: Baldeagle555 folded before Flop (didn't bet)
Seat 5: mvdh90 folded before Flop (didn't bet)
Seat 6: Mahu2021 folded before Flop (didn't bet)



PokerStars Zoom Hand #255757854121:  Hold'em No Limit ($0.05/$0.10) - 2025/04/16 14:39:04 CET [2025/04/16 8:39:04 ET]
Table 'Aludra' 6-max Seat #1 is the button
Seat 1: Mahu2021 ($13.29 in chips) 
Seat 2: Die8 ($10 in chips) 
Seat 3: pokerkiran04 ($6 in chips) 
Seat 4: Ilimp72o ($11.40 in chips) 
Seat 5: Matzet1ka ($10.37 in chips) 
Seat 6: seignior ($10.34 in chips) 
Die8: posts small blind $0.05
pokerkiran04: posts big blind $0.10
*** HOLE CARDS ***
Dealt to Mahu2021 [Jc 3h]
Ilimp72o: folds 
Matzet1ka: raises $0.15 to $0.25
seignior: folds 
Mahu2021: folds 
Die8: folds 
pokerkiran04: calls $0.15
*** FLOP *** [8c Jh 3d]
pokerkiran04: checks 
Matzet1ka: checks 
*** TURN *** [8c Jh 3d] [5c]
pokerkiran04: checks 
Matzet1ka: checks 
*** RIVER *** [8c Jh 3d 5c] [6h]
pokerkiran04: bets $0.53
Matzet1ka: folds 
Uncalled bet ($0.53) returned to pokerkiran04
pokerkiran04 collected $0.53 from pot
pokerkiran04: doesn't show hand 
*** SUMMARY ***
Total pot $0.55 | Rake $0.02 
Board [8c Jh 3d 5c 6h]
Seat 1: Mahu2021 (button) folded before Flop (didn't bet)
Seat 2: Die8 (small blind) folded before Flop
Seat 3: pokerkiran04 (big blind) collected ($0.53)
Seat 4: Ilimp72o folded before Flop (didn't bet)
Seat 5: Matzet1ka folded on the River
Seat 6: seignior folded before Flop (didn't bet)



PokerStars Zoom Hand #255757862225:  Hold'em No Limit ($0.05/$0.10) - 2025/04/16 14:40:03 CET [2025/04/16 8:40:03 ET]
Table 'Aludra' 6-max Seat #1 is the button
Seat 1: giannissapk ($21.59 in chips) 
Seat 2: afwing16 ($16.47 in chips) 
Seat 3: Mahu2021 ($13.24 in chips) 
Seat 4: IMMPORT@L ($15.67 in chips) 
Seat 5: nicolas1112 ($24.20 in chips) 
Seat 6: araka0279 ($22.60 in chips) 
afwing16: posts small blind $0.05
Mahu2021: posts big blind $0.10
*** HOLE CARDS ***
Dealt to Mahu2021 [As 5h]
IMMPORT@L: folds 
nicolas1112: folds 
araka0279: folds 
giannissapk: folds 
afwing16: folds 
Uncalled bet ($0.05) returned to Mahu2021
Mahu2021 collected $0.10 from pot
Mahu2021: doesn't show hand 
*** SUMMARY ***
Total pot $0.10 | Rake $0 
Seat 1: giannissapk (button) folded before Flop (didn't bet)
Seat 2: afwing16 (small blind) folded before Flop
Seat 3: Mahu2021 (big blind) collected ($0.10)
Seat 4: IMMPORT@L folded before Flop (didn't bet)
Seat 5: nicolas1112 folded before Flop (didn't bet)
Seat 6: araka0279 folded before Flop (didn't bet)



PokerStars Zoom Hand #255757861736:  Hold'em No Limit ($0.05/$0.10) - 2025/04/16 14:39:59 CET [2025/04/16 8:39:59 ET]
Table 'Aludra' 6-max Seat #1 is the button
Seat 1: Mahu2021 ($13.24 in chips) 
Seat 2: nDoelAidFme ($10.46 in chips) 
Seat 3: andinho21 ($10.05 in chips) 
Seat 4: putzkedudu ($10.33 in chips) 
Seat 5: scouseman101 ($5.65 in chips) 
Seat 6: Thiguin9 ($11.42 in chips) 
nDoelAidFme: posts small blind $0.05
andinho21: posts big blind $0.10
*** HOLE CARDS ***
Dealt to Mahu2021 [Kc 2c]
putzkedudu: folds 
scouseman101: folds 
Thiguin9: folds 
Mahu2021: folds 
nDoelAidFme: folds 
Uncalled bet ($0.05) returned to andinho21
andinho21 collected $0.10 from pot
andinho21: doesn't show hand 
*** SUMMARY ***
Total pot $0.10 | Rake $0 
Seat 1: Mahu2021 (button) folded before Flop (didn't bet)
Seat 2: nDoelAidFme (small blind) folded before Flop
Seat 3: andinho21 (big blind) collected ($0.10)
Seat 4: putzkedudu folded before Flop (didn't bet)
Seat 5: scouseman101 folded before Flop (didn't bet)
Seat 6: Thiguin9 folded before Flop (didn't bet)



PokerStars Zoom Hand #255757860472:  Hold'em No Limit ($0.05/$0.10) - 2025/04/16 14:39:50 CET [2025/04/16 8:39:50 ET]
Table 'Aludra' 6-max Seat #1 is the button
Seat 1: Luffy V ($14.21 in chips) 
Seat 2: 999DADDY ($10.95 in chips) 
Seat 3: giannissapk ($25.86 in chips) 
Seat 4: Mahu2021 ($13.29 in chips) 
Seat 5: IMMPORT@L ($20.86 in chips) 
Seat 6: Freimik15 ($17.45 in chips) 
999DADDY: posts small blind $0.05
giannissapk: posts big blind $0.10
*** HOLE CARDS ***
Dealt to Mahu2021 [7s 6h]
Mahu2021: folds 
IMMPORT@L: folds 
Freimik15: raises $0.16 to $0.26
Luffy V: raises $0.79 to $1.05
999DADDY: folds 
giannissapk: folds 
Freimik15: folds 
Uncalled bet ($0.79) returned to Luffy V
Luffy V collected $0.67 from pot
Luffy V: doesn't show hand 
*** SUMMARY ***
Total pot $0.67 | Rake $0 
Seat 1: Luffy V (button) collected ($0.67)
Seat 2: 999DADDY (small blind) folded before Flop
Seat 3: giannissapk (big blind) folded before Flop
Seat 4: Mahu2021 folded before Flop (didn't bet)
Seat 5: IMMPORT@L folded before Flop (didn't bet)
Seat 6: Freimik15 folded before Flop



PokerStars Zoom Hand #255757859515:  Hold'em No Limit ($0.05/$0.10) - 2025/04/16 14:39:43 CET [2025/04/16 8:39:43 ET]
Table 'Aludra' 6-max Seat #1 is the button
Seat 1: nDoelAidFme ($10.50 in chips) 
Seat 2: scouseman101 ($5.70 in chips) 
Seat 3: Currivilla ($4.65 in chips) 
Seat 4: Ilimp72o ($10.16 in chips) 
Seat 5: Mahu2021 ($13.29 in chips) 
Seat 6: Jimmy19770704 ($9.53 in chips) 
scouseman101: posts small blind $0.05
Currivilla: posts big blind $0.10
*** HOLE CARDS ***
Dealt to Mahu2021 [Ks Jc]
Ilimp72o: folds 
Mahu2021: folds 
Jimmy19770704: folds 
nDoelAidFme: raises $0.14 to $0.24
scouseman101: folds 
Currivilla: calls $0.14
*** FLOP *** [8h Qc Jd]
Currivilla: checks 
nDoelAidFme: checks 
*** TURN *** [8h Qc Jd] [3d]
Currivilla: checks 
nDoelAidFme: bets $0.38
Currivilla: folds 
Uncalled bet ($0.38) returned to nDoelAidFme
nDoelAidFme collected $0.51 from pot
nDoelAidFme: doesn't show hand 
*** SUMMARY ***
Total pot $0.53 | Rake $0.02 
Board [8h Qc Jd 3d]
Seat 1: nDoelAidFme (button) collected ($0.51)
Seat 2: scouseman101 (small blind) folded before Flop
Seat 3: Currivilla (big blind) folded on the Turn
Seat 4: Ilimp72o folded before Flop (didn't bet)
Seat 5: Mahu2021 folded before Flop (didn't bet)
Seat 6: Jimmy19770704 folded before Flop (didn't bet)



PokerStars Zoom Hand #255757864661:  Hold'em No Limit ($0.05/$0.10) - 2025/04/16 14:40:20 CET [2025/04/16 8:40:20 ET]
Table 'Aludra' 6-max Seat #1 is the button
Seat 1: andinho21 ($10.05 in chips) 
Seat 2: OeTen101 ($10.17 in chips) 
Seat 3: jim.gr450 ($10 in chips) 
Seat 4: Mahu2021 ($13.29 in chips) 
Seat 5: alexswe974 ($10.29 in chips) 
Seat 6: putzkedudu ($10.26 in chips) 
OeTen101: posts small blind $0.05
jim.gr450: posts big blind $0.10
*** HOLE CARDS ***
Dealt to Mahu2021 [Kh Ah]
Mahu2021: raises $0.10 to $0.20
alexswe974: folds 
putzkedudu: folds 
andinho21: folds 
OeTen101: folds 
jim.gr450: folds 
Uncalled bet ($0.10) returned to Mahu2021
Mahu2021 collected $0.25 from pot
Mahu2021: doesn't show hand 
*** SUMMARY ***
Total pot $0.25 | Rake $0 
Seat 1: andinho21 (button) folded before Flop (didn't bet)
Seat 2: OeTen101 (small blind) folded before Flop
Seat 3: jim.gr450 (big blind) folded before Flop
Seat 4: Mahu2021 collected ($0.25)
Seat 5: alexswe974 folded before Flop (didn't bet)
Seat 6: putzkedudu folded before Flop (didn't bet)



PokerStars Zoom Hand #255757866310:  Hold'em No Limit ($0.05/$0.10) - 2025/04/16 14:40:32 CET [2025/04/16 8:40:32 ET]
Table 'Aludra' 6-max Seat #1 is the button
Seat 1: putzkedudu ($10.33 in chips) 
Seat 2: pokerkiran04 ($6.03 in chips) 
Seat 3: giannissapk ($21.54 in chips) 
Seat 4: sergM87 ($11.19 in chips) 
Seat 5: Mahu2021 ($13.44 in chips) 
Seat 6: OeTen101 ($21.11 in chips) 
pokerkiran04: posts small blind $0.05
giannissapk: posts big blind $0.10
*** HOLE CARDS ***
Dealt to Mahu2021 [6d 9c]
sergM87: folds 
Mahu2021: folds 
OeTen101: raises $0.13 to $0.23
putzkedudu: folds 
pokerkiran04: folds 
giannissapk: folds 
Uncalled bet ($0.13) returned to OeTen101
OeTen101 collected $0.25 from pot
OeTen101: doesn't show hand 
*** SUMMARY ***
Total pot $0.25 | Rake $0 
Seat 1: putzkedudu (button) folded before Flop (didn't bet)
Seat 2: pokerkiran04 (small blind) folded before Flop
Seat 3: giannissapk (big blind) folded before Flop
Seat 4: sergM87 folded before Flop (didn't bet)
Seat 5: Mahu2021 folded before Flop (didn't bet)
Seat 6: OeTen101 collected ($0.25)



PokerStars Zoom Hand #255757858924:  Hold'em No Limit ($0.05/$0.10) - 2025/04/16 14:39:39 CET [2025/04/16 8:39:39 ET]
Table 'Aludra' 6-max Seat #1 is the button
Seat 1: 99solved ($10.10 in chips) 
Seat 2: Jimmy19770704 ($9.58 in chips) 
Seat 3: Luffy V ($18.75 in chips) 
Seat 4: nDoelAidFme ($10.50 in chips) 
Seat 5: Mahu2021 ($13.29 in chips) 
Seat 6: Esk_moneyy ($15.76 in chips) 
Jimmy19770704: posts small blind $0.05
Luffy V: posts big blind $0.10
*** HOLE CARDS ***
Dealt to Mahu2021 [5h 8d]
nDoelAidFme: folds 
Mahu2021: folds 
Esk_moneyy: raises $0.20 to $0.30
99solved: folds 
Jimmy19770704: folds 
Luffy V: raises $0.95 to $1.25
Esk_moneyy: calls $0.95
*** FLOP *** [Ad 7h Tc]
Luffy V: bets $0.81
Esk_moneyy: calls $0.81
*** TURN *** [Ad 7h Tc] [9d]
Luffy V: bets $2.99
Esk_moneyy: calls $2.99
*** RIVER *** [Ad 7h Tc 9d] [Ah]
Luffy V: checks 
Esk_moneyy: bets $3.55
Luffy V: folds 
Uncalled bet ($3.55) returned to Esk_moneyy
Esk_moneyy collected $9.69 from pot
Esk_moneyy: doesn't show hand 
*** SUMMARY ***
Total pot $10.15 | Rake $0.46 
Board [Ad 7h Tc 9d Ah]
Seat 1: 99solved (button) folded before Flop (didn't bet)
Seat 2: Jimmy19770704 (small blind) folded before Flop
Seat 3: Luffy V (big blind) folded on the River
Seat 4: nDoelAidFme folded before Flop (didn't bet)
Seat 5: Mahu2021 folded before Flop (didn't bet)
Seat 6: Esk_moneyy collected ($9.69)



PokerStars Zoom Hand #255757866879:  Hold'em No Limit ($0.05/$0.10) - 2025/04/16 14:40:36 CET [2025/04/16 8:40:36 ET]
Table 'Aludra' 6-max Seat #1 is the button
Seat 1: Chiarelli99 ($10 in chips) 
Seat 2: Mahu2021 ($13.44 in chips) 
Seat 3: Matzet1ka ($10 in chips) 
Seat 4: Thiguin9 ($11.59 in chips) 
Seat 5: NoSkill1112 ($12.40 in chips) 
Seat 6: pokerkiran04 ($5.98 in chips) 
Mahu2021: posts small blind $0.05
Matzet1ka: posts big blind $0.10
*** HOLE CARDS ***
Dealt to Mahu2021 [Ks 8c]
Thiguin9: raises $0.15 to $0.25
NoSkill1112: folds 
pokerkiran04: raises $0.65 to $0.90
Chiarelli99: folds 
Mahu2021: folds 
Matzet1ka: folds 
Thiguin9: folds 
Uncalled bet ($0.65) returned to pokerkiran04
pokerkiran04 collected $0.65 from pot
pokerkiran04: doesn't show hand 
*** SUMMARY ***
Total pot $0.65 | Rake $0 
Seat 1: Chiarelli99 (button) folded before Flop (didn't bet)
Seat 2: Mahu2021 (small blind) folded before Flop
Seat 3: Matzet1ka (big blind) folded before Flop
Seat 4: Thiguin9 folded before Flop
Seat 5: NoSkill1112 folded before Flop (didn't bet)
Seat 6: pokerkiran04 collected ($0.65)



PokerStars Zoom Hand #255757863650:  Hold'em No Limit ($0.05/$0.10) - 2025/04/16 14:40:13 CET [2025/04/16 8:40:13 ET]
Table 'Aludra' 6-max Seat #1 is the button
Seat 1: PaDenV ($15.39 in chips) 
Seat 2: seignior ($10.85 in chips) 
Seat 3: NoSkill1112 ($12.50 in chips) 
Seat 4: Ilimp72o ($11.25 in chips) 
Seat 5: Baldeagle555 ($9.64 in chips) 
Seat 6: Mahu2021 ($13.29 in chips) 
seignior: posts small blind $0.05
NoSkill1112: posts big blind $0.10
*** HOLE CARDS ***
Dealt to Mahu2021 [Jd 8d]
Ilimp72o: raises $0.10 to $0.20
Baldeagle555: folds 
Mahu2021: folds 
PaDenV: folds 
seignior: raises $0.50 to $0.70
NoSkill1112: folds 
Ilimp72o: calls $0.50
*** FLOP *** [3d 2h 9d]
seignior: bets $0.80
Ilimp72o: folds 
Uncalled bet ($0.80) returned to seignior
seignior collected $1.43 from pot
seignior: doesn't show hand 
*** SUMMARY ***
Total pot $1.50 | Rake $0.07 
Board [3d 2h 9d]
Seat 1: PaDenV (button) folded before Flop (didn't bet)
Seat 2: seignior (small blind) collected ($1.43)
Seat 3: NoSkill1112 (big blind) folded before Flop
Seat 4: Ilimp72o folded on the Flop
Seat 5: Baldeagle555 folded before Flop (didn't bet)
Seat 6: Mahu2021 folded before Flop (didn't bet)



PokerStars Zoom Hand #255757869801:  Hold'em No Limit ($0.05/$0.10) - 2025/04/16 14:40:57 CET [2025/04/16 8:40:57 ET]
Table 'Aludra' 6-max Seat #1 is the button
Seat 1: Mahu2021 ($13.29 in chips) 
Seat 2: Luffy V ($12.93 in chips) 
Seat 3: IMMPORT@L ($20.66 in chips) 
Seat 4: nDoelAidFme ($10.24 in chips) 
Seat 5: Baratrum777 ($10.69 in chips) 
Seat 6: nicolas1112 ($23.95 in chips) 
Luffy V: posts small blind $0.05
IMMPORT@L: posts big blind $0.10
*** HOLE CARDS ***
Dealt to Mahu2021 [Ad 3c]
nDoelAidFme: folds 
Baratrum777: folds 
nicolas1112: folds 
Mahu2021: folds 
Luffy V: folds 
Uncalled bet ($0.05) returned to IMMPORT@L
IMMPORT@L collected $0.10 from pot
IMMPORT@L: doesn't show hand 
*** SUMMARY ***
Total pot $0.10 | Rake $0 
Seat 1: Mahu2021 (button) folded before Flop (didn't bet)
Seat 2: Luffy V (small blind) folded before Flop
Seat 3: IMMPORT@L (big blind) collected ($0.10)
Seat 4: nDoelAidFme folded before Flop (didn't bet)
Seat 5: Baratrum777 folded before Flop (didn't bet)
Seat 6: nicolas1112 folded before Flop (didn't bet)



PokerStars Zoom Hand #255757864225:  Hold'em No Limit ($0.05/$0.10) - 2025/04/16 14:40:17 CET [2025/04/16 8:40:17 ET]
Table 'Aludra' 6-max Seat #1 is the button
Seat 1: Dodaari ($10 in chips) 
Seat 2: Luffy V ($19.96 in chips) 
Seat 3: Ericholger ($7.15 in chips) 
Seat 4: IMMPORT@L ($10.78 in chips) 
Seat 5: Mahu2021 ($13.29 in chips) 
Seat 6: Baldeagle555 ($9.64 in chips) 
Luffy V: posts small blind $0.05
Ericholger: posts big blind $0.10
*** HOLE CARDS ***
Dealt to Mahu2021 [3h 6s]
IMMPORT@L: folds 
Mahu2021: folds 
Baldeagle555: calls $0.10
Dodaari: folds 
Luffy V: folds 
Ericholger: raises $0.25 to $0.35
Baldeagle555: calls $0.25
*** FLOP *** [Ah Tc Js]
Ericholger: bets $0.53
Baldeagle555: folds 
Uncalled bet ($0.53) returned to Ericholger
Ericholger collected $0.72 from pot
Ericholger: doesn't show hand 
*** SUMMARY ***
Total pot $0.75 | Rake $0.03 
Board [Ah Tc Js]
Seat 1: Dodaari (button) folded before Flop (didn't bet)
Seat 2: Luffy V (small blind) folded before Flop
Seat 3: Ericholger (big blind) collected ($0.72)
Seat 4: IMMPORT@L folded before Flop (didn't bet)
Seat 5: Mahu2021 folded before Flop (didn't bet)
Seat 6: Baldeagle555 folded on the Flop



PokerStars Zoom Hand #255757867427:  Hold'em No Limit ($0.05/$0.10) - 2025/04/16 14:40:40 CET [2025/04/16 8:40:40 ET]
Table 'Aludra' 6-max Seat #1 is the button
Seat 1: afwing16 ($14.13 in chips) 
Seat 2: nicolas1112 ($24 in chips) 
Seat 3: Mahu2021 ($13.39 in chips) 
Seat 4: ItWasDuke ($10.15 in chips) 
Seat 5: Chiarelli99 ($10 in chips) 
Seat 6: alexswe974 ($10.35 in chips) 
nicolas1112: posts small blind $0.05
Mahu2021: posts big blind $0.10
*** HOLE CARDS ***
Dealt to Mahu2021 [4h 5c]
ItWasDuke: folds 
Chiarelli99: raises $0.10 to $0.20
alexswe974: folds 
afwing16: raises $0.55 to $0.75
nicolas1112: folds 
Mahu2021: folds 
Chiarelli99: folds 
Uncalled bet ($0.55) returned to afwing16
afwing16 collected $0.55 from pot
afwing16: doesn't show hand 
*** SUMMARY ***
Total pot $0.55 | Rake $0 
Seat 1: afwing16 (button) collected ($0.55)
Seat 2: nicolas1112 (small blind) folded before Flop
Seat 3: Mahu2021 (big blind) folded before Flop
Seat 4: ItWasDuke folded before Flop (didn't bet)
Seat 5: Chiarelli99 folded before Flop
Seat 6: alexswe974 folded before Flop (didn't bet)



PokerStars Zoom Hand #255757870902:  Hold'em No Limit ($0.05/$0.10) - 2025/04/16 14:41:05 CET [2025/04/16 8:41:05 ET]
Table 'Aludra' 6-max Seat #1 is the button
Seat 1: Matzet1ka ($10.12 in chips) 
Seat 2: IMMPORT@L ($15.67 in chips) 
Seat 3: mannym10 ($11.72 in chips) 
Seat 4: Mahu2021 ($13.29 in chips) 
Seat 5: Dodaari ($10.32 in chips) 
Seat 6: Baratrum777 ($10.69 in chips) 
IMMPORT@L: posts small blind $0.05
mannym10: posts big blind $0.10
*** HOLE CARDS ***
Dealt to Mahu2021 [As 9h]
Mahu2021: folds 
Dodaari has timed out
Dodaari: folds 
Baratrum777: folds 
Matzet1ka: folds 
IMMPORT@L: folds 
Uncalled bet ($0.05) returned to mannym10
mannym10 collected $0.10 from pot
mannym10: doesn't show hand 
*** SUMMARY ***
Total pot $0.10 | Rake $0 
Seat 1: Matzet1ka (button) folded before Flop (didn't bet)
Seat 2: IMMPORT@L (small blind) folded before Flop
Seat 3: mannym10 (big blind) collected ($0.10)
Seat 4: Mahu2021 folded before Flop (didn't bet)
Seat 5: Dodaari folded before Flop (didn't bet)
Seat 6: Baratrum777 folded before Flop (didn't bet)



PokerStars Zoom Hand #255757872716:  Hold'em No Limit ($0.05/$0.10) - 2025/04/16 14:41:18 CET [2025/04/16 8:41:18 ET]
Table 'Aludra' 6-max Seat #1 is the button
Seat 1: Mahu2021 ($13.24 in chips) 
Seat 2: Freimik15 ($11.31 in chips) 
Seat 3: JulianGuimaraes ($11.99 in chips) 
Seat 4: seignior ($11.73 in chips) 
Seat 5: Ericholger ($10.43 in chips) 
Seat 6: PaDenV ($15.09 in chips) 
Freimik15: posts small blind $0.05
JulianGuimaraes: posts big blind $0.10
*** HOLE CARDS ***
Dealt to Mahu2021 [Ah 2d]
seignior: folds 
Ericholger: folds 
PaDenV: folds 
Mahu2021: folds 
Freimik15: folds 
Uncalled bet ($0.05) returned to JulianGuimaraes
JulianGuimaraes collected $0.10 from pot
JulianGuimaraes: doesn't show hand 
*** SUMMARY ***
Total pot $0.10 | Rake $0 
Seat 1: Mahu2021 (button) folded before Flop (didn't bet)
Seat 2: Freimik15 (small blind) folded before Flop
Seat 3: JulianGuimaraes (big blind) collected ($0.10)
Seat 4: seignior folded before Flop (didn't bet)
Seat 5: Ericholger folded before Flop (didn't bet)
Seat 6: PaDenV folded before Flop (didn't bet)



PokerStars Zoom Hand #255757870390:  Hold'em No Limit ($0.05/$0.10) - 2025/04/16 14:41:01 CET [2025/04/16 8:41:01 ET]
Table 'Aludra' 6-max Seat #1 is the button
Seat 1: Freimik15 ($11.31 in chips) 
Seat 2: Ericholger ($10.48 in chips) 
Seat 3: gricharen ($12.96 in chips) 
Seat 4: mannym10 ($11.72 in chips) 
Seat 5: NoSkill1112 ($15 in chips) 
Seat 6: Mahu2021 ($13.29 in chips) 
Ericholger: posts small blind $0.05
gricharen: posts big blind $0.10
*** HOLE CARDS ***
Dealt to Mahu2021 [8s Ac]
mannym10: folds 
NoSkill1112: raises $0.16 to $0.26
Mahu2021: folds 
Freimik15: folds 
Ericholger: folds 
gricharen: calls $0.16
*** FLOP *** [Qd 9c 7c]
gricharen: checks 
NoSkill1112: checks 
*** TURN *** [Qd 9c 7c] [3h]
gricharen: bets $0.18
NoSkill1112: folds 
Uncalled bet ($0.18) returned to gricharen
gricharen collected $0.54 from pot
gricharen: doesn't show hand 
*** SUMMARY ***
Total pot $0.57 | Rake $0.03 
Board [Qd 9c 7c 3h]
Seat 1: Freimik15 (button) folded before Flop (didn't bet)
Seat 2: Ericholger (small blind) folded before Flop
Seat 3: gricharen (big blind) collected ($0.54)
Seat 4: mannym10 folded before Flop (didn't bet)
Seat 5: NoSkill1112 folded on the Turn
Seat 6: Mahu2021 folded before Flop (didn't bet)



PokerStars Zoom Hand #255757873191:  Hold'em No Limit ($0.05/$0.10) - 2025/04/16 14:41:22 CET [2025/04/16 8:41:22 ET]
Table 'Aludra' 6-max Seat #1 is the button
Seat 1: IMMPORT@L ($12.14 in chips) 
Seat 2: 999DADDY ($13.27 in chips) 
Seat 3: Mahu2021 ($13.24 in chips) 
Seat 4: Losimas(LT) ($10.34 in chips) 
Seat 5: mvdh90 ($10.74 in chips) 
Seat 6: Ilimp72o ($10 in chips) 
999DADDY: posts small blind $0.05
Mahu2021: posts big blind $0.10
*** HOLE CARDS ***
Dealt to Mahu2021 [Ks Kd]
Losimas(LT): folds 
mvdh90: folds 
Ilimp72o: folds 
IMMPORT@L: folds 
999DADDY: raises $0.10 to $0.20
Mahu2021: raises $0.90 to $1.10
999DADDY: calls $0.90
*** FLOP *** [3d 8c Td]
999DADDY: checks 
Mahu2021: bets $12.14 and is all-in
999DADDY: calls $12.14
*** TURN *** [3d 8c Td] [5c]
*** RIVER *** [3d 8c Td 5c] [Ac]
*** SHOW DOWN ***
999DADDY: shows [Kc Th] (a pair of Tens)
Mahu2021: shows [Ks Kd] (a pair of Kings)
Mahu2021 cashed out the hand for $22.65 | Cash Out Fee $0.46
*** SUMMARY ***
Total pot $26.48 | Rake $1.19 
Board [3d 8c Td 5c Ac]
Seat 1: IMMPORT@L (button) folded before Flop (didn't bet)
Seat 2: 999DADDY (small blind) showed [Kc Th] and lost with a pair of Tens
Seat 3: Mahu2021 (big blind) showed [Ks Kd] and won ($25.29) with a pair of Kings (pot not awarded as player cashed out)
Seat 4: Losimas(LT) folded before Flop (didn't bet)
Seat 5: mvdh90 folded before Flop (didn't bet)
Seat 6: Ilimp72o folded before Flop (didn't bet)



PokerStars Zoom Hand #255757871883:  Hold'em No Limit ($0.05/$0.10) - 2025/04/16 14:41:12 CET [2025/04/16 8:41:12 ET]
Table 'Aludra' 6-max Seat #1 is the button
Seat 1: seignior ($11.73 in chips) 
Seat 2: Mahu2021 ($13.29 in chips) 
Seat 3: Luffy V ($15.54 in chips) 
Seat 4: 1goodreason ($18.26 in chips) 
Seat 5: ilynskiy ($13.58 in chips) 
Seat 6: sergM87 ($10.79 in chips) 
Mahu2021: posts small blind $0.05
Luffy V: posts big blind $0.10
*** HOLE CARDS ***
Dealt to Mahu2021 [3d 2s]
1goodreason: folds 
ilynskiy: raises $0.15 to $0.25
sergM87: folds 
seignior: folds 
Mahu2021: folds 
Luffy V: calls $0.15
*** FLOP *** [Kd Qd 4s]
Luffy V: checks 
ilynskiy: checks 
*** TURN *** [Kd Qd 4s] [3c]
Luffy V: bets $0.40
ilynskiy: calls $0.40
*** RIVER *** [Kd Qd 4s 3c] [Qh]
Luffy V: bets $0.43
ilynskiy: folds 
Uncalled bet ($0.43) returned to Luffy V
Luffy V collected $1.29 from pot
Luffy V: doesn't show hand 
*** SUMMARY ***
Total pot $1.35 | Rake $0.06 
Board [Kd Qd 4s 3c Qh]
Seat 1: seignior (button) folded before Flop (didn't bet)
Seat 2: Mahu2021 (small blind) folded before Flop
Seat 3: Luffy V (big blind) collected ($1.29)
Seat 4: 1goodreason folded before Flop (didn't bet)
Seat 5: ilynskiy folded on the River
Seat 6: sergM87 folded before Flop (didn't bet)



PokerStars Zoom Hand #255757878315:  Hold'em No Limit ($0.05/$0.10) - 2025/04/16 14:41:59 CET [2025/04/16 8:41:59 ET]
Table 'Aludra' 6-max Seat #1 is the button
Seat 1: Tozsy17 ($10 in chips) 
Seat 2: Die8 ($10 in chips) 
Seat 3: Chiarelli99 ($11.74 in chips) 
Seat 4: Thiguin9 ($11.27 in chips) 
Seat 5: IMMPORT@L ($10.83 in chips) 
Seat 6: Mahu2021 ($22.65 in chips) 
Die8: posts small blind $0.05
Chiarelli99: posts big blind $0.10
*** HOLE CARDS ***
Dealt to Mahu2021 [4c Js]
Thiguin9: raises $0.15 to $0.25
IMMPORT@L: folds 
Mahu2021: folds 
Tozsy17: folds 
Die8: folds 
Chiarelli99: folds 
Uncalled bet ($0.15) returned to Thiguin9
Thiguin9 collected $0.25 from pot
Thiguin9: doesn't show hand 
*** SUMMARY ***
Total pot $0.25 | Rake $0 
Seat 1: Tozsy17 (button) folded before Flop (didn't bet)
Seat 2: Die8 (small blind) folded before Flop
Seat 3: Chiarelli99 (big blind) folded before Flop
Seat 4: Thiguin9 collected ($0.25)
Seat 5: IMMPORT@L folded before Flop (didn't bet)
Seat 6: Mahu2021 folded before Flop (didn't bet)



