PokerStars Zoom Hand #254445306177:  Hold'em No Limit ($0.05/$0.10) - 2025/01/19 12:03:19 CET [2025/01/19 6:03:19 ET]
Table 'Aludra' 6-max Seat #1 is the button
Seat 1: D.shadoww ($24.93 in chips) 
Seat 2: lost chans ($25.56 in chips) 
Seat 3: Mahu2021 ($10 in chips) 
Seat 4: BReDnaya89 ($9.90 in chips) 
Seat 5: 77irek ($12.39 in chips) 
Seat 6: bombayXIII ($4.76 in chips) 
lost chans: posts small blind $0.05
Mahu2021: posts big blind $0.10
*** HOLE CARDS ***
Dealt to Mahu2021 [3s 5s]
BReDnaya89: folds 
77irek: folds 
bombayXIII: folds 
D.shadoww: raises $0.14 to $0.24
lost chans: folds 
Mahu2021: calls $0.14
*** FLOP *** [6d 7s 8d]
Mahu2021: checks 
D.shadoww: bets $0.15
Mahu2021: calls $0.15
*** TURN *** [6d 7s 8d] [4h]
Mahu2021: checks 
D.shadoww: checks 
*** RIVER *** [6d 7s 8d 4h] [9h]
Mahu2021: checks 
D.shadoww: checks 
*** SHOW DOWN ***
Mahu2021: shows [3s 5s] (a straight, Five to Nine)
D.shadoww: mucks hand 
Mahu2021 collected $0.79 from pot
*** SUMMARY ***
Total pot $0.83 | Rake $0.04 
Board [6d 7s 8d 4h 9h]
Seat 1: D.shadoww (button) mucked [8s Ac]
Seat 2: lost chans (small blind) folded before Flop
Seat 3: Mahu2021 (big blind) showed [3s 5s] and won ($0.79) with a straight, Five to Nine
Seat 4: BReDnaya89 folded before Flop (didn't bet)
Seat 5: 77irek folded before Flop (didn't bet)
Seat 6: bombayXIII folded before Flop (didn't bet)



PokerStars Zoom Hand #254445313068:  Hold'em No Limit ($0.05/$0.10) - 2025/01/19 12:04:10 CET [2025/01/19 6:04:10 ET]
Table 'Aludra' 6-max Seat #1 is the button
Seat 1: Haesigster ($10.56 in chips) 
Seat 2: schmitinho ($12.05 in chips) 
Seat 3: 777aprilia ($6.78 in chips) 
Seat 4: seonghwee ($19.20 in chips) 
Seat 5: Mahu2021 ($10.35 in chips) 
Seat 6: kiks220272 ($10 in chips) 
schmitinho: posts small blind $0.05
777aprilia: posts big blind $0.10
*** HOLE CARDS ***
Dealt to Mahu2021 [4d Kh]
seonghwee: raises $0.15 to $0.25
Mahu2021: folds 
kiks220272: folds 
Haesigster: folds 
schmitinho: folds 
777aprilia: calls $0.15
*** FLOP *** [Kc 6d 2h]
777aprilia: bets $0.53
seonghwee: folds 
Uncalled bet ($0.53) returned to 777aprilia
777aprilia collected $0.53 from pot
777aprilia: doesn't show hand 
*** SUMMARY ***
Total pot $0.55 | Rake $0.02 
Board [Kc 6d 2h]
Seat 1: Haesigster (button) folded before Flop (didn't bet)
Seat 2: schmitinho (small blind) folded before Flop
Seat 3: 777aprilia (big blind) collected ($0.53)
Seat 4: seonghwee folded on the Flop
Seat 5: Mahu2021 folded before Flop (didn't bet)
Seat 6: kiks220272 folded before Flop (didn't bet)



PokerStars Zoom Hand #254445314253:  Hold'em No Limit ($0.05/$0.10) - 2025/01/19 12:04:19 CET [2025/01/19 6:04:19 ET]
Table 'Aludra' 6-max Seat #1 is the button
Seat 1: seonghwee ($42.25 in chips) 
Seat 2: D.shadoww ($24.44 in chips) 
Seat 3: 77irek ($18.39 in chips) 
Seat 4: royacht ($9.66 in chips) 
Seat 5: lost chans ($25.06 in chips) 
Seat 6: Mahu2021 ($10.35 in chips) 
D.shadoww: posts small blind $0.05
77irek: posts big blind $0.10
*** HOLE CARDS ***
Dealt to Mahu2021 [Td 7s]
royacht: folds 
lost chans: folds 
Mahu2021: folds 
seonghwee: raises $0.15 to $0.25
D.shadoww: folds 
77irek: folds 
Uncalled bet ($0.15) returned to seonghwee
seonghwee collected $0.25 from pot
seonghwee: doesn't show hand 
*** SUMMARY ***
Total pot $0.25 | Rake $0 
Seat 1: seonghwee (button) collected ($0.25)
Seat 2: D.shadoww (small blind) folded before Flop
Seat 3: 77irek (big blind) folded before Flop
Seat 4: royacht folded before Flop (didn't bet)
Seat 5: lost chans folded before Flop (didn't bet)
Seat 6: Mahu2021 folded before Flop (didn't bet)



PokerStars Zoom Hand #254445314799:  Hold'em No Limit ($0.05/$0.10) - 2025/01/19 12:04:23 CET [2025/01/19 6:04:23 ET]
Table 'Aludra' 6-max Seat #1 is the button
Seat 1: lost chans ($25.06 in chips) 
Seat 2: ValenFer777 ($10.46 in chips) 
Seat 3: georgerzs13 ($8.25 in chips) 
Seat 4: Mahu2021 ($10.35 in chips) 
Seat 5: bombayXIII ($4.46 in chips) 
Seat 6: schmitinho ($12 in chips) 
ValenFer777: posts small blind $0.05
georgerzs13: posts big blind $0.10
*** HOLE CARDS ***
Dealt to Mahu2021 [7s 8h]
Mahu2021: folds 
bombayXIII: folds 
schmitinho: folds 
lost chans: folds 
ValenFer777: folds 
Uncalled bet ($0.05) returned to georgerzs13
georgerzs13 collected $0.10 from pot
georgerzs13: doesn't show hand 
*** SUMMARY ***
Total pot $0.10 | Rake $0 
Seat 1: lost chans (button) folded before Flop (didn't bet)
Seat 2: ValenFer777 (small blind) folded before Flop
Seat 3: georgerzs13 (big blind) collected ($0.10)
Seat 4: Mahu2021 folded before Flop (didn't bet)
Seat 5: bombayXIII folded before Flop (didn't bet)
Seat 6: schmitinho folded before Flop (didn't bet)



PokerStars Zoom Hand #254445312495:  Hold'em No Limit ($0.05/$0.10) - 2025/01/19 12:04:06 CET [2025/01/19 6:04:06 ET]
Table 'Aludra' 6-max Seat #1 is the button
Seat 1: gogogo711 ($31.86 in chips) 
Seat 2: Mahu2021 ($10.40 in chips) 
Seat 3: allrauneR ($11.15 in chips) 
Seat 4: 777aprilia ($6.78 in chips) 
Seat 5: ChemBurt ($10 in chips) 
Seat 6: lost chans ($25.16 in chips) 
Mahu2021: posts small blind $0.05
allrauneR: posts big blind $0.10
*** HOLE CARDS ***
Dealt to Mahu2021 [6s 4c]
777aprilia: folds 
ChemBurt: folds 
lost chans: folds 
gogogo711: raises $0.15 to $0.25
Mahu2021: folds 
allrauneR: calls $0.15
*** FLOP *** [9h Qd 5c]
allrauneR: checks 
gogogo711: bets $0.17
allrauneR: calls $0.17
*** TURN *** [9h Qd 5c] [4s]
allrauneR: checks 
gogogo711: bets $0.64
allrauneR: folds 
Uncalled bet ($0.64) returned to gogogo711
gogogo711 collected $0.85 from pot
gogogo711: doesn't show hand 
*** SUMMARY ***
Total pot $0.89 | Rake $0.04 
Board [9h Qd 5c 4s]
Seat 1: gogogo711 (button) collected ($0.85)
Seat 2: Mahu2021 (small blind) folded before Flop
Seat 3: allrauneR (big blind) folded on the Turn
Seat 4: 777aprilia folded before Flop (didn't bet)
Seat 5: ChemBurt folded before Flop (didn't bet)
Seat 6: lost chans folded before Flop (didn't bet)



PokerStars Zoom Hand #254445313617:  Hold'em No Limit ($0.05/$0.10) - 2025/01/19 12:04:14 CET [2025/01/19 6:04:14 ET]
Table 'Aludra' 6-max Seat #1 is the button
Seat 1: Mahu2021 ($10.35 in chips) 
Seat 2: PiNe4ppLe ($19.58 in chips) 
Seat 3: SolitaryDan ($18.72 in chips) 
Seat 4: 77irek ($18.39 in chips) 
Seat 5: ValenFer777 ($4.06 in chips) 
Seat 6: Keiko14914 ($20.81 in chips) 
PiNe4ppLe: posts small blind $0.05
SolitaryDan: posts big blind $0.10
*** HOLE CARDS ***
Dealt to Mahu2021 [7c Qh]
77irek: folds 
ValenFer777: raises $0.14 to $0.24
Keiko14914: calls $0.24
Mahu2021: folds 
PiNe4ppLe: folds 
SolitaryDan: folds 
*** FLOP *** [8d 9s 3d]
ValenFer777: checks 
Keiko14914: checks 
*** TURN *** [8d 9s 3d] [2h]
ValenFer777: checks 
Keiko14914: checks 
*** RIVER *** [8d 9s 3d 2h] [Qd]
ValenFer777: checks 
Keiko14914: checks 
*** SHOW DOWN ***
ValenFer777: shows [As Th] (high card Ace)
Keiko14914: mucks hand 
ValenFer777 collected $0.60 from pot
*** SUMMARY ***
Total pot $0.63 | Rake $0.03 
Board [8d 9s 3d 2h Qd]
Seat 1: Mahu2021 (button) folded before Flop (didn't bet)
Seat 2: PiNe4ppLe (small blind) folded before Flop
Seat 3: SolitaryDan (big blind) folded before Flop
Seat 4: 77irek folded before Flop (didn't bet)
Seat 5: ValenFer777 showed [As Th] and won ($0.60) with high card Ace
Seat 6: Keiko14914 mucked [5d Jh]



PokerStars Zoom Hand #254445311454:  Hold'em No Limit ($0.05/$0.10) - 2025/01/19 12:03:58 CET [2025/01/19 6:03:58 ET]
Table 'Aludra' 6-max Seat #1 is the button
Seat 1: ChemBurt ($10 in chips) 
Seat 2: PiNe4ppLe ($10.87 in chips) 
Seat 3: Haesigster ($10.66 in chips) 
Seat 4: 77irek ($10.74 in chips) 
Seat 5: D.shadoww ($13.78 in chips) 
Seat 6: Mahu2021 ($10.40 in chips) 
PiNe4ppLe: posts small blind $0.05
Haesigster: posts big blind $0.10
*** HOLE CARDS ***
Dealt to Mahu2021 [6s 7c]
77irek: raises $0.20 to $0.30
D.shadoww: folds 
Mahu2021: folds 
ChemBurt: folds 
PiNe4ppLe: raises $0.70 to $1
Haesigster: folds 
77irek: calls $0.70
*** FLOP *** [Ac 9s 4s]
PiNe4ppLe: bets $0.45
77irek: calls $0.45
*** TURN *** [Ac 9s 4s] [3d]
PiNe4ppLe: bets $1.57
77irek: folds 
Uncalled bet ($1.57) returned to PiNe4ppLe
PiNe4ppLe collected $2.86 from pot
PiNe4ppLe: doesn't show hand 
*** SUMMARY ***
Total pot $3 | Rake $0.14 
Board [Ac 9s 4s 3d]
Seat 1: ChemBurt (button) folded before Flop (didn't bet)
Seat 2: PiNe4ppLe (small blind) collected ($2.86)
Seat 3: Haesigster (big blind) folded before Flop
Seat 4: 77irek folded on the Turn
Seat 5: D.shadoww folded before Flop (didn't bet)
Seat 6: Mahu2021 folded before Flop (didn't bet)



PokerStars Zoom Hand #254445315328:  Hold'em No Limit ($0.05/$0.10) - 2025/01/19 12:04:27 CET [2025/01/19 6:04:27 ET]
Table 'Aludra' 6-max Seat #1 is the button
Seat 1: bombayXIII ($4.46 in chips) 
Seat 2: godgift1980 ($35.64 in chips) 
Seat 3: Mahu2021 ($10.35 in chips) 
Seat 4: schmitinho ($12 in chips) 
Seat 5: PiNe4ppLe ($19.53 in chips) 
Seat 6: ChemBurt ($10 in chips) 
godgift1980: posts small blind $0.05
Mahu2021: posts big blind $0.10
*** HOLE CARDS ***
Dealt to Mahu2021 [Ad 4d]
schmitinho: folds 
PiNe4ppLe: raises $0.12 to $0.22
ChemBurt: folds 
bombayXIII: folds 
godgift1980: raises $0.42 to $0.64
Mahu2021: calls $0.54
PiNe4ppLe: calls $0.42
*** FLOP *** [2c 4c 9s]
godgift1980: bets $1.12
Mahu2021: folds 
PiNe4ppLe: folds 
Uncalled bet ($1.12) returned to godgift1980
godgift1980 collected $1.83 from pot
godgift1980: doesn't show hand 
*** SUMMARY ***
Total pot $1.92 | Rake $0.09 
Board [2c 4c 9s]
Seat 1: bombayXIII (button) folded before Flop (didn't bet)
Seat 2: godgift1980 (small blind) collected ($1.83)
Seat 3: Mahu2021 (big blind) folded on the Flop
Seat 4: schmitinho folded before Flop (didn't bet)
Seat 5: PiNe4ppLe folded on the Flop
Seat 6: ChemBurt folded before Flop (didn't bet)



PokerStars Zoom Hand #254445320658:  Hold'em No Limit ($0.05/$0.10) - 2025/01/19 12:05:06 CET [2025/01/19 6:05:06 ET]
Table 'Aludra' 6-max Seat #1 is the button
Seat 1: 777aprilia ($6.36 in chips) 
Seat 2: Mahu2021 ($9.71 in chips) 
Seat 3: thedude1320 ($10 in chips) 
Seat 4: D.shadoww ($10.87 in chips) 
Seat 5: PiNe4ppLe ($25.87 in chips) 
Seat 6: 77irek ($9.29 in chips) 
Mahu2021: posts small blind $0.05
thedude1320: posts big blind $0.10
*** HOLE CARDS ***
Dealt to Mahu2021 [Jd 6c]
D.shadoww: folds 
PiNe4ppLe: folds 
77irek: raises $0.10 to $0.20
777aprilia: folds 
Mahu2021: folds 
thedude1320: folds 
Uncalled bet ($0.10) returned to 77irek
77irek collected $0.25 from pot
77irek: doesn't show hand 
*** SUMMARY ***
Total pot $0.25 | Rake $0 
Seat 1: 777aprilia (button) folded before Flop (didn't bet)
Seat 2: Mahu2021 (small blind) folded before Flop
Seat 3: thedude1320 (big blind) folded before Flop
Seat 4: D.shadoww folded before Flop (didn't bet)
Seat 5: PiNe4ppLe folded before Flop (didn't bet)
Seat 6: 77irek collected ($0.25)



PokerStars Zoom Hand #254445326633:  Hold'em No Limit ($0.05/$0.10) - 2025/01/19 12:05:50 CET [2025/01/19 6:05:50 ET]
Table 'Aludra' 6-max Seat #1 is the button
Seat 1: totway ($28.34 in chips) 
Seat 2: looser00091 ($10 in chips) 
Seat 3: D.shadoww ($24.61 in chips) 
Seat 4: kyus83 ($10.48 in chips) 
Seat 5: Mahu2021 ($9.36 in chips) 
Seat 6: MarkRegen ($9.61 in chips) 
looser00091: posts small blind $0.05
D.shadoww: posts big blind $0.10
*** HOLE CARDS ***
Dealt to Mahu2021 [5d Qc]
kyus83: folds 
Mahu2021: folds 
MarkRegen: folds 
totway: folds 
looser00091: folds 
Uncalled bet ($0.05) returned to D.shadoww
D.shadoww collected $0.10 from pot
D.shadoww: doesn't show hand 
*** SUMMARY ***
Total pot $0.10 | Rake $0 
Seat 1: totway (button) folded before Flop (didn't bet)
Seat 2: looser00091 (small blind) folded before Flop
Seat 3: D.shadoww (big blind) collected ($0.10)
Seat 4: kyus83 folded before Flop (didn't bet)
Seat 5: Mahu2021 folded before Flop (didn't bet)
Seat 6: MarkRegen folded before Flop (didn't bet)



PokerStars Zoom Hand #254445327149:  Hold'em No Limit ($0.05/$0.10) - 2025/01/19 12:05:54 CET [2025/01/19 6:05:54 ET]
Table 'Aludra' 6-max Seat #1 is the button
Seat 1: schmitinho ($12.80 in chips) 
Seat 2: me have it ($10.55 in chips) 
Seat 3: totway ($15.08 in chips) 
Seat 4: Mahu2021 ($9.36 in chips) 
Seat 5: MarkRegen ($9.61 in chips) 
Seat 6: pokerfaceIRL ($36.38 in chips) 
me have it: posts small blind $0.05
totway: posts big blind $0.10
*** HOLE CARDS ***
Dealt to Mahu2021 [7c Kd]
Mahu2021: folds 
MarkRegen: folds 
pokerfaceIRL: folds 
schmitinho: folds 
me have it: raises $0.20 to $0.30
totway: folds 
Uncalled bet ($0.20) returned to me have it
me have it collected $0.20 from pot
me have it: doesn't show hand 
*** SUMMARY ***
Total pot $0.20 | Rake $0 
Seat 1: schmitinho (button) folded before Flop (didn't bet)
Seat 2: me have it (small blind) collected ($0.20)
Seat 3: totway (big blind) folded before Flop
Seat 4: Mahu2021 folded before Flop (didn't bet)
Seat 5: MarkRegen folded before Flop (didn't bet)
Seat 6: pokerfaceIRL folded before Flop (didn't bet)



PokerStars Zoom Hand #254445322494:  Hold'em No Limit ($0.05/$0.10) - 2025/01/19 12:05:20 CET [2025/01/19 6:05:20 ET]
Table 'Aludra' 6-max Seat #1 is the button
Seat 1: Mahu2021 ($9.66 in chips) 
Seat 2: PiNe4ppLe ($25.87 in chips) 
Seat 3: Keiko14914 ($21.96 in chips) 
Seat 4: ChoboPower ($27.27 in chips) 
Seat 5: gogogo711 ($32.14 in chips) 
Seat 6: royacht ($9.11 in chips) 
PiNe4ppLe: posts small blind $0.05
Keiko14914: posts big blind $0.10
*** HOLE CARDS ***
Dealt to Mahu2021 [Kc Tc]
ChoboPower: raises $0.20 to $0.30
gogogo711: folds 
royacht: calls $0.30
Mahu2021: calls $0.30
PiNe4ppLe: calls $0.25
Keiko14914: calls $0.20
*** FLOP *** [As 6s 2s]
PiNe4ppLe: checks 
Keiko14914: checks 
ChoboPower: checks 
royacht: checks 
Mahu2021: checks 
*** TURN *** [As 6s 2s] [8h]
PiNe4ppLe: checks 
Keiko14914: bets $0.10
ChoboPower: folds 
royacht: calls $0.10
Mahu2021: folds 
PiNe4ppLe: folds 
*** RIVER *** [As 6s 2s 8h] [5s]
Keiko14914: bets $0.10
royacht: calls $0.10
*** SHOW DOWN ***
Keiko14914: shows [8s 4s] (a flush, Ace high)
royacht: mucks hand 
Keiko14914 collected $1.81 from pot
*** SUMMARY ***
Total pot $1.90 | Rake $0.09 
Board [As 6s 2s 8h 5s]
Seat 1: Mahu2021 (button) folded on the Turn
Seat 2: PiNe4ppLe (small blind) folded on the Turn
Seat 3: Keiko14914 (big blind) showed [8s 4s] and won ($1.81) with a flush, Ace high
Seat 4: ChoboPower folded on the Turn
Seat 5: gogogo711 folded before Flop (didn't bet)
Seat 6: royacht mucked [7d 7s]



PokerStars Zoom Hand #254445327960:  Hold'em No Limit ($0.05/$0.10) - 2025/01/19 12:05:59 CET [2025/01/19 6:05:59 ET]
Table 'Aludra' 6-max Seat #1 is the button
Seat 1: DirtyShot ($6.16 in chips) 
Seat 2: 77irek ($11.44 in chips) 
Seat 3: Jajje7 ($10 in chips) 
Seat 4: Mahu2021 ($9.36 in chips) 
Seat 5: ValenFer777 ($3.79 in chips) 
Seat 6: D.shadoww ($10.72 in chips) 
77irek: posts small blind $0.05
Jajje7: posts big blind $0.10
*** HOLE CARDS ***
Dealt to Mahu2021 [2c 4c]
Mahu2021: folds 
ValenFer777: folds 
D.shadoww: raises $0.10 to $0.20
DirtyShot: folds 
77irek: folds 
Jajje7: folds 
Uncalled bet ($0.10) returned to D.shadoww
D.shadoww collected $0.25 from pot
D.shadoww: doesn't show hand 
*** SUMMARY ***
Total pot $0.25 | Rake $0 
Seat 1: DirtyShot (button) folded before Flop (didn't bet)
Seat 2: 77irek (small blind) folded before Flop
Seat 3: Jajje7 (big blind) folded before Flop
Seat 4: Mahu2021 folded before Flop (didn't bet)
Seat 5: ValenFer777 folded before Flop (didn't bet)
Seat 6: D.shadoww collected ($0.25)



PokerStars Zoom Hand #254445328459:  Hold'em No Limit ($0.05/$0.10) - 2025/01/19 12:06:03 CET [2025/01/19 6:06:03 ET]
Table 'Aludra' 6-max Seat #1 is the button
Seat 1: allrauneR ($4.85 in chips) 
Seat 2: Mahu2021 ($9.36 in chips) 
Seat 3: Jajje7 ($10 in chips) 
Seat 4: thedude1320 ($10 in chips) 
Seat 5: georgerzs13 ($13.18 in chips) 
Seat 6: PiNe4ppLe ($25.57 in chips) 
Mahu2021: posts small blind $0.05
Jajje7: posts big blind $0.10
*** HOLE CARDS ***
Dealt to Mahu2021 [Ah 6s]
thedude1320: folds 
georgerzs13: calls $0.10
PiNe4ppLe: folds 
allrauneR: folds 
Mahu2021: calls $0.05
Jajje7: checks 
*** FLOP *** [3c 4h 2s]
Mahu2021: checks 
Jajje7: checks 
georgerzs13: checks 
*** TURN *** [3c 4h 2s] [2d]
Mahu2021: checks 
Jajje7: bets $0.15
georgerzs13: folds 
Mahu2021: calls $0.15
*** RIVER *** [3c 4h 2s 2d] [3s]
Mahu2021: checks 
Jajje7: checks 
*** SHOW DOWN ***
Mahu2021: shows [Ah 6s] (two pair, Threes and Deuces)
Jajje7: shows [5c 4s] (two pair, Fours and Threes)
Jajje7 collected $0.57 from pot
*** SUMMARY ***
Total pot $0.60 | Rake $0.03 
Board [3c 4h 2s 2d 3s]
Seat 1: allrauneR (button) folded before Flop (didn't bet)
Seat 2: Mahu2021 (small blind) showed [Ah 6s] and lost with two pair, Threes and Deuces
Seat 3: Jajje7 (big blind) showed [5c 4s] and won ($0.57) with two pair, Fours and Threes
Seat 4: thedude1320 folded before Flop (didn't bet)
Seat 5: georgerzs13 folded on the Turn
Seat 6: PiNe4ppLe folded before Flop (didn't bet)



PokerStars Zoom Hand #254445335345:  Hold'em No Limit ($0.05/$0.10) - 2025/01/19 12:06:54 CET [2025/01/19 6:06:54 ET]
Table 'Aludra' 6-max Seat #1 is the button
Seat 1: Panda_Pooh_od ($10.63 in chips) 
Seat 2: JordiVieira ($10.05 in chips) 
Seat 3: Mahu2021 ($9.11 in chips) 
Seat 4: Jajje7 ($10.32 in chips) 
Seat 5: ValenFer777 ($10.64 in chips) 
Seat 6: steveisaak ($10 in chips) 
JordiVieira: posts small blind $0.05
Mahu2021: posts big blind $0.10
*** HOLE CARDS ***
Dealt to Mahu2021 [Ac 3h]
Jajje7: folds 
ValenFer777: raises $0.14 to $0.24
steveisaak: folds 
Panda_Pooh_od: folds 
JordiVieira: folds 
Mahu2021: calls $0.14
*** FLOP *** [9h As 3c]
Mahu2021: checks 
ValenFer777: bets $0.26
Mahu2021: calls $0.26
*** TURN *** [9h As 3c] [Kd]
Mahu2021: checks 
ValenFer777: bets $0.90
Mahu2021: calls $0.90
*** RIVER *** [9h As 3c Kd] [9d]
Mahu2021: checks 
ValenFer777: bets $2.72
Mahu2021: folds 
Uncalled bet ($2.72) returned to ValenFer777
ValenFer777 collected $2.72 from pot
ValenFer777: doesn't show hand 
*** SUMMARY ***
Total pot $2.85 | Rake $0.13 
Board [9h As 3c Kd 9d]
Seat 1: Panda_Pooh_od (button) folded before Flop (didn't bet)
Seat 2: JordiVieira (small blind) folded before Flop
Seat 3: Mahu2021 (big blind) folded on the River
Seat 4: Jajje7 folded before Flop (didn't bet)
Seat 5: ValenFer777 collected ($2.72)
Seat 6: steveisaak folded before Flop (didn't bet)



PokerStars Zoom Hand #254445343815:  Hold'em No Limit ($0.05/$0.10) - 2025/01/19 12:07:57 CET [2025/01/19 6:07:57 ET]
Table 'Aludra' 6-max Seat #1 is the button
Seat 1: Mahu2021 ($7.71 in chips) 
Seat 2: allrauneR ($4.42 in chips) 
Seat 3: BReDnaya89 ($10 in chips) 
Seat 4: kiks220272 ($12.46 in chips) 
Seat 5: 77irek ($9.85 in chips) 
Seat 6: pokerfaceIRL ($11.26 in chips) 
allrauneR: posts small blind $0.05
BReDnaya89: posts big blind $0.10
*** HOLE CARDS ***
Dealt to Mahu2021 [Td 9c]
kiks220272: folds 
77irek: folds 
pokerfaceIRL: folds 
Mahu2021: folds 
allrauneR: folds 
Uncalled bet ($0.05) returned to BReDnaya89
BReDnaya89 collected $0.10 from pot
BReDnaya89: doesn't show hand 
*** SUMMARY ***
Total pot $0.10 | Rake $0 
Seat 1: Mahu2021 (button) folded before Flop (didn't bet)
Seat 2: allrauneR (small blind) folded before Flop
Seat 3: BReDnaya89 (big blind) collected ($0.10)
Seat 4: kiks220272 folded before Flop (didn't bet)
Seat 5: 77irek folded before Flop (didn't bet)
Seat 6: pokerfaceIRL folded before Flop (didn't bet)



PokerStars Zoom Hand #254445346143:  Hold'em No Limit ($0.05/$0.10) - 2025/01/19 12:08:13 CET [2025/01/19 6:08:13 ET]
Table 'Aludra' 6-max Seat #1 is the button
Seat 1: Jajje7 ($10 in chips) 
Seat 2: JordiVieira ($19.05 in chips) 
Seat 3: PiNe4ppLe ($13.81 in chips) 
Seat 4: 77irek ($9.80 in chips) 
Seat 5: Mahu2021 ($7.61 in chips) 
Seat 6: kiks220272 ($12.46 in chips) 
JordiVieira: posts small blind $0.05
PiNe4ppLe: posts big blind $0.10
*** HOLE CARDS ***
Dealt to Mahu2021 [Td Kc]
77irek: folds 
Mahu2021: raises $0.14 to $0.24
kiks220272: folds 
Jajje7: folds 
JordiVieira: folds 
PiNe4ppLe: calls $0.14
*** FLOP *** [Qs 5c Jc]
PiNe4ppLe: checks 
Mahu2021: bets $0.51
PiNe4ppLe: folds 
Uncalled bet ($0.51) returned to Mahu2021
Mahu2021 collected $0.51 from pot
Mahu2021: doesn't show hand 
*** SUMMARY ***
Total pot $0.53 | Rake $0.02 
Board [Qs 5c Jc]
Seat 1: Jajje7 (button) folded before Flop (didn't bet)
Seat 2: JordiVieira (small blind) folded before Flop
Seat 3: PiNe4ppLe (big blind) folded on the Flop
Seat 4: 77irek folded before Flop (didn't bet)
Seat 5: Mahu2021 collected ($0.51)
Seat 6: kiks220272 folded before Flop (didn't bet)



PokerStars Zoom Hand #254445344770:  Hold'em No Limit ($0.05/$0.10) - 2025/01/19 12:08:03 CET [2025/01/19 6:08:03 ET]
Table 'Aludra' 6-max Seat #1 is the button
Seat 1: kiks220272 ($12.46 in chips) 
Seat 2: SoGoGi ($9.90 in chips) 
Seat 3: Mahu2021 ($7.71 in chips) 
Seat 4: 77irek ($9.85 in chips) 
Seat 5: DirtyShot ($5.71 in chips) 
Seat 6: seonghwee ($21.06 in chips) 
SoGoGi: posts small blind $0.05
Mahu2021: posts big blind $0.10
*** HOLE CARDS ***
Dealt to Mahu2021 [Th 4h]
77irek: folds 
DirtyShot: raises $0.25 to $0.35
seonghwee: folds 
kiks220272: folds 
SoGoGi: calls $0.30
Mahu2021: folds 
*** FLOP *** [7c 3c Kd]
SoGoGi: checks 
DirtyShot: checks 
*** TURN *** [7c 3c Kd] [7d]
SoGoGi: checks 
DirtyShot: checks 
*** RIVER *** [7c 3c Kd 7d] [4c]
SoGoGi: checks 
DirtyShot: checks 
*** SHOW DOWN ***
SoGoGi: shows [9c Ad] (a pair of Sevens)
DirtyShot: mucks hand 
SoGoGi collected $0.76 from pot
*** SUMMARY ***
Total pot $0.80 | Rake $0.04 
Board [7c 3c Kd 7d 4c]
Seat 1: kiks220272 (button) folded before Flop (didn't bet)
Seat 2: SoGoGi (small blind) showed [9c Ad] and won ($0.76) with a pair of Sevens
Seat 3: Mahu2021 (big blind) folded before Flop
Seat 4: 77irek folded before Flop (didn't bet)
Seat 5: DirtyShot mucked [9s Tc]
Seat 6: seonghwee folded before Flop (didn't bet)



PokerStars Zoom Hand #254445349810:  Hold'em No Limit ($0.05/$0.10) - 2025/01/19 12:08:41 CET [2025/01/19 6:08:41 ET]
Table 'Aludra' 6-max Seat #1 is the button
Seat 1: D.shadoww ($13.73 in chips) 
Seat 2: Mahu2021 ($7.88 in chips) 
Seat 3: SolitaryDan ($19.23 in chips) 
Seat 4: 77irek ($12.74 in chips) 
Seat 5: royacht ($8.35 in chips) 
Seat 6: kiks220272 ($12.36 in chips) 
Mahu2021: posts small blind $0.05
SolitaryDan: posts big blind $0.10
*** HOLE CARDS ***
Dealt to Mahu2021 [Kc Jd]
77irek: folds 
royacht: folds 
kiks220272: folds 
D.shadoww: raises $0.10 to $0.20
Mahu2021: calls $0.15
SolitaryDan: folds 
*** FLOP *** [2h 8d 7c]
Mahu2021: checks 
D.shadoww: checks 
*** TURN *** [2h 8d 7c] [5c]
Mahu2021: bets $0.20
D.shadoww: folds 
Uncalled bet ($0.20) returned to Mahu2021
Mahu2021 collected $0.48 from pot
Mahu2021: doesn't show hand 
*** SUMMARY ***
Total pot $0.50 | Rake $0.02 
Board [2h 8d 7c 5c]
Seat 1: D.shadoww (button) folded on the Turn
Seat 2: Mahu2021 (small blind) collected ($0.48)
Seat 3: SolitaryDan (big blind) folded before Flop
Seat 4: 77irek folded before Flop (didn't bet)
Seat 5: royacht folded before Flop (didn't bet)
Seat 6: kiks220272 folded before Flop (didn't bet)



PokerStars Zoom Hand #254445353553:  Hold'em No Limit ($0.05/$0.10) - 2025/01/19 12:09:09 CET [2025/01/19 6:09:09 ET]
Table 'Aludra' 6-max Seat #1 is the button
Seat 1: D.shadoww ($11.92 in chips) 
Seat 2: PiNe4ppLe ($10 in chips) 
Seat 3: thedude1320 ($10 in chips) 
Seat 4: Mahu2021 ($8.16 in chips) 
Seat 5: SoGoGi ($9.85 in chips) 
Seat 6: ChemBurt ($9.60 in chips) 
PiNe4ppLe: posts small blind $0.05
thedude1320: posts big blind $0.10
*** HOLE CARDS ***
Dealt to Mahu2021 [Qs 6d]
Mahu2021: folds 
SoGoGi: folds 
ChemBurt: folds 
D.shadoww: folds 
PiNe4ppLe: raises $0.20 to $0.30
thedude1320: folds 
Uncalled bet ($0.20) returned to PiNe4ppLe
PiNe4ppLe collected $0.20 from pot
PiNe4ppLe: doesn't show hand 
*** SUMMARY ***
Total pot $0.20 | Rake $0 
Seat 1: D.shadoww (button) folded before Flop (didn't bet)
Seat 2: PiNe4ppLe (small blind) collected ($0.20)
Seat 3: thedude1320 (big blind) folded before Flop
Seat 4: Mahu2021 folded before Flop (didn't bet)
Seat 5: SoGoGi folded before Flop (didn't bet)
Seat 6: ChemBurt folded before Flop (didn't bet)



PokerStars Zoom Hand #254445354264:  Hold'em No Limit ($0.05/$0.10) - 2025/01/19 12:09:14 CET [2025/01/19 6:09:14 ET]
Table 'Aludra' 6-max Seat #1 is the button
Seat 1: Mahu2021 ($8.16 in chips) 
Seat 2: me have it ($11.18 in chips) 
Seat 3: palpatine001 ($15.74 in chips) 
Seat 4: kyus83 ($10.05 in chips) 
Seat 5: Jajje7 ($10.35 in chips) 
Seat 6: JordiVieira ($12.26 in chips) 
me have it: posts small blind $0.05
palpatine001: posts big blind $0.10
*** HOLE CARDS ***
Dealt to Mahu2021 [8h Ah]
kyus83: folds 
Jajje7: folds 
JordiVieira: folds 
Mahu2021: raises $0.20 to $0.30
me have it: folds 
palpatine001: folds 
Uncalled bet ($0.20) returned to Mahu2021
Mahu2021 collected $0.25 from pot
Mahu2021: doesn't show hand 
*** SUMMARY ***
Total pot $0.25 | Rake $0 
Seat 1: Mahu2021 (button) collected ($0.25)
Seat 2: me have it (small blind) folded before Flop
Seat 3: palpatine001 (big blind) folded before Flop
Seat 4: kyus83 folded before Flop (didn't bet)
Seat 5: Jajje7 folded before Flop (didn't bet)
Seat 6: JordiVieira folded before Flop (didn't bet)



PokerStars Zoom Hand #254445349394:  Hold'em No Limit ($0.05/$0.10) - 2025/01/19 12:08:38 CET [2025/01/19 6:08:38 ET]
Table 'Aludra' 6-max Seat #1 is the button
Seat 1: JordiVieira ($18.77 in chips) 
Seat 2: bombayXIII ($8.99 in chips) 
Seat 3: pokerfaceIRL ($11.26 in chips) 
Seat 4: Panda_Pooh_od ($10.18 in chips) 
Seat 5: PiNe4ppLe ($18.81 in chips) 
Seat 6: Mahu2021 ($7.88 in chips) 
bombayXIII: posts small blind $0.05
pokerfaceIRL: posts big blind $0.10
*** HOLE CARDS ***
Dealt to Mahu2021 [Jc 8s]
bombayXIII is disconnected 
Panda_Pooh_od: raises $0.15 to $0.25
PiNe4ppLe: folds 
Mahu2021: folds 
JordiVieira: folds 
bombayXIII has timed out while disconnected
bombayXIII: folds 
pokerfaceIRL: calls $0.15
*** FLOP *** [Ks Ad 4s]
pokerfaceIRL: checks 
Panda_Pooh_od: checks 
*** TURN *** [Ks Ad 4s] [As]
pokerfaceIRL: checks 
Panda_Pooh_od: bets $0.40
pokerfaceIRL: folds 
Uncalled bet ($0.40) returned to Panda_Pooh_od
Panda_Pooh_od collected $0.53 from pot
Panda_Pooh_od: doesn't show hand 
*** SUMMARY ***
Total pot $0.55 | Rake $0.02 
Board [Ks Ad 4s As]
Seat 1: JordiVieira (button) folded before Flop (didn't bet)
Seat 2: bombayXIII (small blind) folded before Flop
Seat 3: pokerfaceIRL (big blind) folded on the Turn
Seat 4: Panda_Pooh_od collected ($0.53)
Seat 5: PiNe4ppLe folded before Flop (didn't bet)
Seat 6: Mahu2021 folded before Flop (didn't bet)



PokerStars Zoom Hand #254445343262:  Hold'em No Limit ($0.05/$0.10) - 2025/01/19 12:07:52 CET [2025/01/19 6:07:52 ET]
Table 'Aludra' 6-max Seat #1 is the button
Seat 1: SoGoGi ($8.06 in chips) 
Seat 2: xarmanas777 ($7.24 in chips) 
Seat 3: looser00091 ($10 in chips) 
Seat 4: allrauneR ($4.42 in chips) 
Seat 5: gogogo711 ($41.34 in chips) 
Seat 6: Mahu2021 ($7.71 in chips) 
xarmanas777: posts small blind $0.05
looser00091: posts big blind $0.10
*** HOLE CARDS ***
Dealt to Mahu2021 [7d 3h]
allrauneR: folds 
gogogo711: folds 
Mahu2021: folds 
SoGoGi: folds 
xarmanas777: raises $0.10 to $0.20
looser00091: calls $0.10
*** FLOP *** [7c 9s 9d]
xarmanas777: checks 
looser00091: bets $0.20
xarmanas777: raises $0.20 to $0.40
looser00091: calls $0.20
*** TURN *** [7c 9s 9d] [Ts]
xarmanas777: checks 
looser00091: checks 
*** RIVER *** [7c 9s 9d Ts] [3c]
xarmanas777: bets $0.58
looser00091: calls $0.58
*** SHOW DOWN ***
xarmanas777: shows [Ac As] (two pair, Aces and Nines)
looser00091: mucks hand 
xarmanas777 collected $2.25 from pot
*** SUMMARY ***
Total pot $2.36 | Rake $0.11 
Board [7c 9s 9d Ts 3c]
Seat 1: SoGoGi (button) folded before Flop (didn't bet)
Seat 2: xarmanas777 (small blind) showed [Ac As] and won ($2.25) with two pair, Aces and Nines
Seat 3: looser00091 (big blind) mucked [7s Ah]
Seat 4: allrauneR folded before Flop (didn't bet)
Seat 5: gogogo711 folded before Flop (didn't bet)
Seat 6: Mahu2021 folded before Flop (didn't bet)



PokerStars Zoom Hand #254445356465:  Hold'em No Limit ($0.05/$0.10) - 2025/01/19 12:09:30 CET [2025/01/19 6:09:30 ET]
Table 'Aludra' 6-max Seat #1 is the button
Seat 1: Panda_Pooh_od ($10 in chips) 
Seat 2: royacht ($8.40 in chips) 
Seat 3: Mahu2021 ($8.31 in chips) 
Seat 4: schmitinho ($14.87 in chips) 
Seat 5: palpatine001 ($15.64 in chips) 
Seat 6: pokerfaceIRL ($10.96 in chips) 
royacht: posts small blind $0.05
Mahu2021: posts big blind $0.10
*** HOLE CARDS ***
Dealt to Mahu2021 [Kc 5s]
schmitinho: folds 
palpatine001: folds 
pokerfaceIRL: folds 
Panda_Pooh_od: folds 
royacht: folds 
Uncalled bet ($0.05) returned to Mahu2021
Mahu2021 collected $0.10 from pot
Mahu2021: doesn't show hand 
*** SUMMARY ***
Total pot $0.10 | Rake $0 
Seat 1: Panda_Pooh_od (button) folded before Flop (didn't bet)
Seat 2: royacht (small blind) folded before Flop
Seat 3: Mahu2021 (big blind) collected ($0.10)
Seat 4: schmitinho folded before Flop (didn't bet)
Seat 5: palpatine001 folded before Flop (didn't bet)
Seat 6: pokerfaceIRL folded before Flop (didn't bet)



PokerStars Zoom Hand #254445355742:  Hold'em No Limit ($0.05/$0.10) - 2025/01/19 12:09:25 CET [2025/01/19 6:09:25 ET]
Table 'Aludra' 6-max Seat #1 is the button
Seat 1: MarkRegen ($8.37 in chips) 
Seat 2: D.shadoww ($13.53 in chips) 
Seat 3: JordiVieira ($12.21 in chips) 
Seat 4: me have it ($11.13 in chips) 
Seat 5: Mahu2021 ($8.31 in chips) 
Seat 6: kiks220272 ($12.21 in chips) 
D.shadoww: posts small blind $0.05
JordiVieira: posts big blind $0.10
*** HOLE CARDS ***
Dealt to Mahu2021 [4c 3s]
me have it: folds 
Mahu2021: folds 
kiks220272: folds 
MarkRegen: folds 
D.shadoww: calls $0.05
JordiVieira: checks 
*** FLOP *** [9d 2s 9c]
D.shadoww: bets $0.10
JordiVieira: folds 
Uncalled bet ($0.10) returned to D.shadoww
D.shadoww collected $0.19 from pot
D.shadoww: doesn't show hand 
*** SUMMARY ***
Total pot $0.20 | Rake $0.01 
Board [9d 2s 9c]
Seat 1: MarkRegen (button) folded before Flop (didn't bet)
Seat 2: D.shadoww (small blind) collected ($0.19)
Seat 3: JordiVieira (big blind) folded on the Flop
Seat 4: me have it folded before Flop (didn't bet)
Seat 5: Mahu2021 folded before Flop (didn't bet)
Seat 6: kiks220272 folded before Flop (didn't bet)



PokerStars Zoom Hand #254445357506:  Hold'em No Limit ($0.05/$0.10) - 2025/01/19 12:09:38 CET [2025/01/19 6:09:38 ET]
Table 'Aludra' 6-max Seat #1 is the button
Seat 1: ChoboPower ($24.67 in chips) 
Seat 2: Mahu2021 ($8.36 in chips) 
Seat 3: ChemBurt ($9.60 in chips) 
Seat 4: PiNe4ppLe ($26.31 in chips) 
Seat 5: andrew.startup4 ($9.85 in chips) 
Seat 6: kyus83 ($10 in chips) 
Mahu2021: posts small blind $0.05
ChemBurt: posts big blind $0.10
*** HOLE CARDS ***
Dealt to Mahu2021 [Ac 4d]
PiNe4ppLe: folds 
andrew.startup4: calls $0.10
kyus83: calls $0.10
ChoboPower: calls $0.10
Mahu2021: calls $0.05
ChemBurt: checks 
*** FLOP *** [6c 3h 3d]
Mahu2021: checks 
ChemBurt: checks 
andrew.startup4: checks 
kyus83: checks 
ChoboPower: checks 
*** TURN *** [6c 3h 3d] [Js]
Mahu2021: checks 
ChemBurt: checks 
andrew.startup4: checks 
kyus83: checks 
ChoboPower: checks 
*** RIVER *** [6c 3h 3d Js] [Jc]
Mahu2021: checks 
ChemBurt: checks 
andrew.startup4: checks 
kyus83: checks 
ChoboPower: checks 
*** SHOW DOWN ***
Mahu2021: shows [Ac 4d] (two pair, Jacks and Threes)
ChemBurt: shows [9h As] (two pair, Jacks and Threes)
andrew.startup4: mucks hand 
kyus83: mucks hand 
ChoboPower: shows [5d 5h] (two pair, Jacks and Fives)
ChoboPower collected $0.48 from pot
*** SUMMARY ***
Total pot $0.50 | Rake $0.02 
Board [6c 3h 3d Js Jc]
Seat 1: ChoboPower (button) showed [5d 5h] and won ($0.48) with two pair, Jacks and Fives
Seat 2: Mahu2021 (small blind) showed [Ac 4d] and lost with two pair, Jacks and Threes
Seat 3: ChemBurt (big blind) showed [9h As] and lost with two pair, Jacks and Threes
Seat 4: PiNe4ppLe folded before Flop (didn't bet)
Seat 5: andrew.startup4 mucked [Td Qh]
Seat 6: kyus83 mucked [Qs Kd]



PokerStars Zoom Hand #254445364428:  Hold'em No Limit ($0.05/$0.10) - 2025/01/19 12:10:29 CET [2025/01/19 6:10:29 ET]
Table 'Aludra' 6-max Seat #1 is the button
Seat 1: vitalis2828 ($10 in chips) 
Seat 2: SolitaryDan ($18.33 in chips) 
Seat 3: Jajje7 ($18.24 in chips) 
Seat 4: Mahu2021 ($8.26 in chips) 
Seat 5: royacht ($7.50 in chips) 
Seat 6: PiNe4ppLe ($14.24 in chips) 
SolitaryDan: posts small blind $0.05
Jajje7: posts big blind $0.10
*** HOLE CARDS ***
Dealt to Mahu2021 [8c 2h]
Mahu2021: folds 
royacht: folds 
PiNe4ppLe: folds 
vitalis2828: folds 
SolitaryDan: raises $0.15 to $0.25
Jajje7: folds 
Uncalled bet ($0.15) returned to SolitaryDan
SolitaryDan collected $0.20 from pot
SolitaryDan: doesn't show hand 
*** SUMMARY ***
Total pot $0.20 | Rake $0 
Seat 1: vitalis2828 (button) folded before Flop (didn't bet)
Seat 2: SolitaryDan (small blind) collected ($0.20)
Seat 3: Jajje7 (big blind) folded before Flop
Seat 4: Mahu2021 folded before Flop (didn't bet)
Seat 5: royacht folded before Flop (didn't bet)
Seat 6: PiNe4ppLe folded before Flop (didn't bet)



PokerStars Zoom Hand #254445365175:  Hold'em No Limit ($0.05/$0.10) - 2025/01/19 12:10:35 CET [2025/01/19 6:10:35 ET]
Table 'Aludra' 6-max Seat #1 is the button
Seat 1: JordiVieira ($11.96 in chips) 
Seat 2: Panda_Pooh_od ($10.47 in chips) 
Seat 3: totway ($14.32 in chips) 
Seat 4: looser00091 ($11.31 in chips) 
Seat 5: ValenFer777 ($12.72 in chips) 
Seat 6: Mahu2021 ($8.26 in chips) 
Panda_Pooh_od: posts small blind $0.05
totway: posts big blind $0.10
*** HOLE CARDS ***
Dealt to Mahu2021 [6d Ks]
looser00091: folds 
ValenFer777: folds 
Mahu2021: folds 
JordiVieira: raises $0.16 to $0.26
Panda_Pooh_od: folds 
totway: folds 
Uncalled bet ($0.16) returned to JordiVieira
JordiVieira collected $0.25 from pot
JordiVieira: doesn't show hand 
*** SUMMARY ***
Total pot $0.25 | Rake $0 
Seat 1: JordiVieira (button) collected ($0.25)
Seat 2: Panda_Pooh_od (small blind) folded before Flop
Seat 3: totway (big blind) folded before Flop
Seat 4: looser00091 folded before Flop (didn't bet)
Seat 5: ValenFer777 folded before Flop (didn't bet)
Seat 6: Mahu2021 folded before Flop (didn't bet)



PokerStars Zoom Hand #254445365442:  Hold'em No Limit ($0.05/$0.10) - 2025/01/19 12:10:37 CET [2025/01/19 6:10:37 ET]
Table 'Aludra' 6-max Seat #1 is the button
Seat 1: Mahu2021 ($8.26 in chips) 
Seat 2: kiks220272 ($12.21 in chips) 
Seat 3: D.shadoww ($24.94 in chips) 
Seat 4: ChoboPower ($25.05 in chips) 
Seat 5: MarkRegen ($7.68 in chips) 
Seat 6: Panda_Pooh_od ($10.16 in chips) 
kiks220272: posts small blind $0.05
D.shadoww: posts big blind $0.10
*** HOLE CARDS ***
Dealt to Mahu2021 [9d 4d]
ChoboPower: raises $0.20 to $0.30
MarkRegen: folds 
Panda_Pooh_od: folds 
Mahu2021: folds 
kiks220272: folds 
D.shadoww: folds 
Uncalled bet ($0.20) returned to ChoboPower
ChoboPower collected $0.25 from pot
ChoboPower: doesn't show hand 
*** SUMMARY ***
Total pot $0.25 | Rake $0 
Seat 1: Mahu2021 (button) folded before Flop (didn't bet)
Seat 2: kiks220272 (small blind) folded before Flop
Seat 3: D.shadoww (big blind) folded before Flop
Seat 4: ChoboPower collected ($0.25)
Seat 5: MarkRegen folded before Flop (didn't bet)
Seat 6: Panda_Pooh_od folded before Flop (didn't bet)



PokerStars Zoom Hand #254445367228:  Hold'em No Limit ($0.05/$0.10) - 2025/01/19 12:10:50 CET [2025/01/19 6:10:50 ET]
Table 'Aludra' 6-max Seat #1 is the button
Seat 1: pokerfaceIRL ($11.56 in chips) 
Seat 2: D.shadoww ($13.43 in chips) 
Seat 3: Mahu2021 ($8.21 in chips) 
Seat 4: isieisli ($35.75 in chips) 
Seat 5: JordiVieira ($12.11 in chips) 
Seat 6: Panda_Pooh_od ($10 in chips) 
D.shadoww: posts small blind $0.05
Mahu2021: posts big blind $0.10
*** HOLE CARDS ***
Dealt to Mahu2021 [3c Qd]
isieisli: folds 
JordiVieira: folds 
Panda_Pooh_od: raises $0.15 to $0.25
pokerfaceIRL: folds 
D.shadoww: folds 
Mahu2021: folds 
Uncalled bet ($0.15) returned to Panda_Pooh_od
Panda_Pooh_od collected $0.25 from pot
Panda_Pooh_od: doesn't show hand 
*** SUMMARY ***
Total pot $0.25 | Rake $0 
Seat 1: pokerfaceIRL (button) folded before Flop (didn't bet)
Seat 2: D.shadoww (small blind) folded before Flop
Seat 3: Mahu2021 (big blind) folded before Flop
Seat 4: isieisli folded before Flop (didn't bet)
Seat 5: JordiVieira folded before Flop (didn't bet)
Seat 6: Panda_Pooh_od collected ($0.25)



PokerStars Zoom Hand #254445368198:  Hold'em No Limit ($0.05/$0.10) - 2025/01/19 12:10:57 CET [2025/01/19 6:10:57 ET]
Table 'Aludra' 6-max Seat #1 is the button
Seat 1: SaucyPanther ($8.68 in chips) 
Seat 2: ChemBurt ($9.45 in chips) 
Seat 3: HaRdd___TRy ($10 in chips) 
Seat 4: gogogo711 ($10 in chips) 
Seat 5: BReDnaya89 ($8.23 in chips) 
Seat 6: Mahu2021 ($8.11 in chips) 
ChemBurt: posts small blind $0.05
HaRdd___TRy: posts big blind $0.10
*** HOLE CARDS ***
Dealt to Mahu2021 [Jc Tc]
gogogo711: folds 
BReDnaya89: folds 
Mahu2021: raises $0.20 to $0.30
SaucyPanther: folds 
ChemBurt: folds 
HaRdd___TRy: folds 
Uncalled bet ($0.20) returned to Mahu2021
Mahu2021 collected $0.25 from pot
Mahu2021: doesn't show hand 
*** SUMMARY ***
Total pot $0.25 | Rake $0 
Seat 1: SaucyPanther (button) folded before Flop (didn't bet)
Seat 2: ChemBurt (small blind) folded before Flop
Seat 3: HaRdd___TRy (big blind) folded before Flop
Seat 4: gogogo711 folded before Flop (didn't bet)
Seat 5: BReDnaya89 folded before Flop (didn't bet)
Seat 6: Mahu2021 collected ($0.25)



PokerStars Zoom Hand #254445370969:  Hold'em No Limit ($0.05/$0.10) - 2025/01/19 12:11:17 CET [2025/01/19 6:11:17 ET]
Table 'Aludra' 6-max Seat #1 is the button
Seat 1: Mahu2021 ($8.26 in chips) 
Seat 2: looser00091 ($19.31 in chips) 
Seat 3: royacht ($6.96 in chips) 
Seat 4: PiNe4ppLe ($19.49 in chips) 
Seat 5: Jajje7 ($10.59 in chips) 
Seat 6: edi.svr22 ($6.25 in chips) 
looser00091: posts small blind $0.05
royacht: posts big blind $0.10
*** HOLE CARDS ***
Dealt to Mahu2021 [7h Ks]
PiNe4ppLe: folds 
Jajje7: folds 
edi.svr22: folds 
Mahu2021: folds 
looser00091: folds 
Uncalled bet ($0.05) returned to royacht
royacht collected $0.10 from pot
royacht: doesn't show hand 
*** SUMMARY ***
Total pot $0.10 | Rake $0 
Seat 1: Mahu2021 (button) folded before Flop (didn't bet)
Seat 2: looser00091 (small blind) folded before Flop
Seat 3: royacht (big blind) collected ($0.10)
Seat 4: PiNe4ppLe folded before Flop (didn't bet)
Seat 5: Jajje7 folded before Flop (didn't bet)
Seat 6: edi.svr22 folded before Flop (didn't bet)



PokerStars Zoom Hand #254445366174:  Hold'em No Limit ($0.05/$0.10) - 2025/01/19 12:10:42 CET [2025/01/19 6:10:42 ET]
Table 'Aludra' 6-max Seat #1 is the button
Seat 1: Jajje7 ($18.14 in chips) 
Seat 2: kyus83 ($10 in chips) 
Seat 3: steveisaak ($10 in chips) 
Seat 4: DirtyShot ($6.28 in chips) 
Seat 5: Mahu2021 ($8.26 in chips) 
Seat 6: vitalis2828 ($10 in chips) 
kyus83: posts small blind $0.05
steveisaak: posts big blind $0.10
*** HOLE CARDS ***
Dealt to Mahu2021 [3s Jc]
DirtyShot: folds 
Mahu2021: folds 
vitalis2828: folds 
Jajje7: raises $0.15 to $0.25
kyus83: calls $0.20
steveisaak: calls $0.15
*** FLOP *** [9h 5d 6s]
kyus83: checks 
steveisaak: checks 
Jajje7: checks 
*** TURN *** [9h 5d 6s] [Ad]
kyus83: checks 
steveisaak: checks 
Jajje7: checks 
*** RIVER *** [9h 5d 6s Ad] [Ah]
kyus83: bets $0.36
steveisaak: calls $0.36
Jajje7: folds 
*** SHOW DOWN ***
kyus83: shows [Ks 9s] (two pair, Aces and Nines)
steveisaak: mucks hand 
kyus83 collected $1.40 from pot
*** SUMMARY ***
Total pot $1.47 | Rake $0.07 
Board [9h 5d 6s Ad Ah]
Seat 1: Jajje7 (button) folded on the River
Seat 2: kyus83 (small blind) showed [Ks 9s] and won ($1.40) with two pair, Aces and Nines
Seat 3: steveisaak (big blind) mucked [8s 9d]
Seat 4: DirtyShot folded before Flop (didn't bet)
Seat 5: Mahu2021 folded before Flop (didn't bet)
Seat 6: vitalis2828 folded before Flop (didn't bet)



PokerStars Zoom Hand #254445366703:  Hold'em No Limit ($0.05/$0.10) - 2025/01/19 12:10:46 CET [2025/01/19 6:10:46 ET]
Table 'Aludra' 6-max Seat #1 is the button
Seat 1: seonghwee ($21.90 in chips) 
Seat 2: Mahu2021 ($8.26 in chips) 
Seat 3: looser00091 ($11.31 in chips) 
Seat 4: Panda_Pooh_od ($10 in chips) 
Seat 5: vitalis2828 ($10 in chips) 
Seat 6: PiNe4ppLe ($14.19 in chips) 
Mahu2021: posts small blind $0.05
looser00091: posts big blind $0.10
*** HOLE CARDS ***
Dealt to Mahu2021 [Qs 4h]
Panda_Pooh_od: folds 
vitalis2828: folds 
PiNe4ppLe: raises $0.12 to $0.22
seonghwee: folds 
Mahu2021: folds 
looser00091: calls $0.12
*** FLOP *** [2d Kc As]
looser00091: checks 
PiNe4ppLe: bets $0.14
looser00091: calls $0.14
*** TURN *** [2d Kc As] [3d]
looser00091: checks 
PiNe4ppLe: bets $1
looser00091: calls $1
*** RIVER *** [2d Kc As 3d] [Ks]
looser00091: checks 
PiNe4ppLe: checks 
*** SHOW DOWN ***
looser00091: shows [Ac 9c] (two pair, Aces and Kings)
PiNe4ppLe: shows [Ah Td] (two pair, Aces and Kings - Ten kicker)
PiNe4ppLe collected $2.65 from pot
*** SUMMARY ***
Total pot $2.77 | Rake $0.12 
Board [2d Kc As 3d Ks]
Seat 1: seonghwee (button) folded before Flop (didn't bet)
Seat 2: Mahu2021 (small blind) folded before Flop
Seat 3: looser00091 (big blind) showed [Ac 9c] and lost with two pair, Aces and Kings
Seat 4: Panda_Pooh_od folded before Flop (didn't bet)
Seat 5: vitalis2828 folded before Flop (didn't bet)
Seat 6: PiNe4ppLe showed [Ah Td] and won ($2.65) with two pair, Aces and Kings



PokerStars Zoom Hand #254445371504:  Hold'em No Limit ($0.05/$0.10) - 2025/01/19 12:11:21 CET [2025/01/19 6:11:21 ET]
Table 'Aludra' 6-max Seat #1 is the button
Seat 1: HaRdd___TRy ($9.90 in chips) 
Seat 2: D.shadoww ($11.58 in chips) 
Seat 3: Mahu2021 ($8.26 in chips) 
Seat 4: PiNe4ppLe ($19.49 in chips) 
Seat 5: kiks220272 ($12.21 in chips) 
Seat 6: Jajje7 ($10 in chips) 
D.shadoww: posts small blind $0.05
Mahu2021: posts big blind $0.10
*** HOLE CARDS ***
Dealt to Mahu2021 [Kc 5h]
PiNe4ppLe: folds 
kiks220272: folds 
Jajje7: folds 
HaRdd___TRy: folds 
D.shadoww: calls $0.05
Mahu2021: checks 
*** FLOP *** [3h Qh 4h]
D.shadoww: checks 
Mahu2021: checks 
*** TURN *** [3h Qh 4h] [6c]
D.shadoww: checks 
Mahu2021: bets $0.20
D.shadoww: calls $0.20
*** RIVER *** [3h Qh 4h 6c] [5d]
D.shadoww: checks 
Mahu2021: checks 
*** SHOW DOWN ***
D.shadoww: shows [8h 6s] (a pair of Sixes)
Mahu2021: mucks hand 
D.shadoww collected $0.57 from pot
*** SUMMARY ***
Total pot $0.60 | Rake $0.03 
Board [3h Qh 4h 6c 5d]
Seat 1: HaRdd___TRy (button) folded before Flop (didn't bet)
Seat 2: D.shadoww (small blind) showed [8h 6s] and won ($0.57) with a pair of Sixes
Seat 3: Mahu2021 (big blind) mucked [Kc 5h]
Seat 4: PiNe4ppLe folded before Flop (didn't bet)
Seat 5: kiks220272 folded before Flop (didn't bet)
Seat 6: Jajje7 folded before Flop (didn't bet)



PokerStars Zoom Hand #254445375767:  Hold'em No Limit ($0.05/$0.10) - 2025/01/19 12:11:52 CET [2025/01/19 6:11:52 ET]
Table 'Aludra' 6-max Seat #1 is the button
Seat 1: D.shadoww ($11.85 in chips) 
Seat 2: Mahu2021 ($7.96 in chips) 
Seat 3: PiNe4ppLe ($28.21 in chips) 
Seat 4: allrauneR ($6.22 in chips) 
Seat 5: HaRdd___TRy ($9.85 in chips) 
Seat 6: looser00091 ($10 in chips) 
Mahu2021: posts small blind $0.05
PiNe4ppLe: posts big blind $0.10
*** HOLE CARDS ***
Dealt to Mahu2021 [3s 6h]
allrauneR: calls $0.10
HaRdd___TRy: folds 
looser00091: folds 
D.shadoww: folds 
Mahu2021: folds 
PiNe4ppLe: checks 
*** FLOP *** [Qd 3c 2h]
PiNe4ppLe: checks 
allrauneR: checks 
*** TURN *** [Qd 3c 2h] [Qc]
PiNe4ppLe: checks 
allrauneR: checks 
*** RIVER *** [Qd 3c 2h Qc] [8s]
PiNe4ppLe: bets $0.17
allrauneR: folds 
Uncalled bet ($0.17) returned to PiNe4ppLe
PiNe4ppLe collected $0.24 from pot
PiNe4ppLe: doesn't show hand 
*** SUMMARY ***
Total pot $0.25 | Rake $0.01 
Board [Qd 3c 2h Qc 8s]
Seat 1: D.shadoww (button) folded before Flop (didn't bet)
Seat 2: Mahu2021 (small blind) folded before Flop
Seat 3: PiNe4ppLe (big blind) collected ($0.24)
Seat 4: allrauneR folded on the River
Seat 5: HaRdd___TRy folded before Flop (didn't bet)
Seat 6: looser00091 folded before Flop (didn't bet)



PokerStars Zoom Hand #254445376970:  Hold'em No Limit ($0.05/$0.10) - 2025/01/19 12:12:01 CET [2025/01/19 6:12:01 ET]
Table 'Aludra' 6-max Seat #1 is the button
Seat 1: looser00091 ($10 in chips) 
Seat 2: pokerfaceIRL ($11.31 in chips) 
Seat 3: SoGoGi ($9.75 in chips) 
Seat 4: D.shadoww ($11.85 in chips) 
Seat 5: Mahu2021 ($7.91 in chips) 
Seat 6: vitalis2828 ($10 in chips) 
pokerfaceIRL: posts small blind $0.05
SoGoGi: posts big blind $0.10
*** HOLE CARDS ***
Dealt to Mahu2021 [Qs 6d]
D.shadoww: folds 
Mahu2021: folds 
vitalis2828: folds 
looser00091: raises $0.15 to $0.25
pokerfaceIRL: raises $11.06 to $11.31 and is all-in
SoGoGi: folds 
looser00091: folds 
Uncalled bet ($11.06) returned to pokerfaceIRL
pokerfaceIRL collected $0.60 from pot
pokerfaceIRL: doesn't show hand 
*** SUMMARY ***
Total pot $0.60 | Rake $0 
Seat 1: looser00091 (button) folded before Flop
Seat 2: pokerfaceIRL (small blind) collected ($0.60)
Seat 3: SoGoGi (big blind) folded before Flop
Seat 4: D.shadoww folded before Flop (didn't bet)
Seat 5: Mahu2021 folded before Flop (didn't bet)
Seat 6: vitalis2828 folded before Flop (didn't bet)



PokerStars Zoom Hand #254445378039:  Hold'em No Limit ($0.05/$0.10) - 2025/01/19 12:12:09 CET [2025/01/19 6:12:09 ET]
Table 'Aludra' 6-max Seat #1 is the button
Seat 1: BReDnaya89 ($8.55 in chips) 
Seat 2: Panda_Pooh_od ($10 in chips) 
Seat 3: D.shadoww ($24.34 in chips) 
Seat 4: Mahu2021 ($7.91 in chips) 
Seat 5: DirtyShot ($4.93 in chips) 
Seat 6: gogogo711 ($10 in chips) 
Panda_Pooh_od: posts small blind $0.05
D.shadoww: posts big blind $0.10
*** HOLE CARDS ***
Dealt to Mahu2021 [5h Th]
Mahu2021: folds 
DirtyShot: folds 
gogogo711: folds 
BReDnaya89: folds 
Panda_Pooh_od: folds 
Uncalled bet ($0.05) returned to D.shadoww
D.shadoww collected $0.10 from pot
D.shadoww: doesn't show hand 
*** SUMMARY ***
Total pot $0.10 | Rake $0 
Seat 1: BReDnaya89 (button) folded before Flop (didn't bet)
Seat 2: Panda_Pooh_od (small blind) folded before Flop
Seat 3: D.shadoww (big blind) collected ($0.10)
Seat 4: Mahu2021 folded before Flop (didn't bet)
Seat 5: DirtyShot folded before Flop (didn't bet)
Seat 6: gogogo711 folded before Flop (didn't bet)



PokerStars Zoom Hand #254445378871:  Hold'em No Limit ($0.05/$0.10) - 2025/01/19 12:12:15 CET [2025/01/19 6:12:15 ET]
Table 'Aludra' 6-max Seat #1 is the button
Seat 1: PiNe4ppLe ($19.74 in chips) 
Seat 2: kiks220272 ($10 in chips) 
Seat 3: allrauneR ($6.12 in chips) 
Seat 4: gogogo711 ($10 in chips) 
Seat 5: palpatine001 ($15.05 in chips) 
Seat 6: Mahu2021 ($7.91 in chips) 
kiks220272: posts small blind $0.05
allrauneR: posts big blind $0.10
*** HOLE CARDS ***
Dealt to Mahu2021 [2c Ah]
gogogo711: folds 
palpatine001: folds 
Mahu2021: folds 
PiNe4ppLe: raises $0.15 to $0.25
kiks220272: folds 
allrauneR: folds 
Uncalled bet ($0.15) returned to PiNe4ppLe
PiNe4ppLe collected $0.25 from pot
PiNe4ppLe: doesn't show hand 
*** SUMMARY ***
Total pot $0.25 | Rake $0 
Seat 1: PiNe4ppLe (button) collected ($0.25)
Seat 2: kiks220272 (small blind) folded before Flop
Seat 3: allrauneR (big blind) folded before Flop
Seat 4: gogogo711 folded before Flop (didn't bet)
Seat 5: palpatine001 folded before Flop (didn't bet)
Seat 6: Mahu2021 folded before Flop (didn't bet)



PokerStars Zoom Hand #254445379447:  Hold'em No Limit ($0.05/$0.10) - 2025/01/19 12:12:19 CET [2025/01/19 6:12:19 ET]
Table 'Aludra' 6-max Seat #1 is the button
Seat 1: Mahu2021 ($7.91 in chips) 
Seat 2: totway ($10 in chips) 
Seat 3: Jajje7 ($17.59 in chips) 
Seat 4: Panda_Pooh_od ($10 in chips) 
Seat 5: looser00091 ($10 in chips) 
Seat 6: D.shadoww ($11.75 in chips) 
totway: posts small blind $0.05
Jajje7: posts big blind $0.10
*** HOLE CARDS ***
Dealt to Mahu2021 [Th 8h]
Panda_Pooh_od: folds 
looser00091: folds 
D.shadoww: folds 
Mahu2021: raises $0.20 to $0.30
totway: folds 
Jajje7: folds 
Uncalled bet ($0.20) returned to Mahu2021
Mahu2021 collected $0.25 from pot
Mahu2021: doesn't show hand 
*** SUMMARY ***
Total pot $0.25 | Rake $0 
Seat 1: Mahu2021 (button) collected ($0.25)
Seat 2: totway (small blind) folded before Flop
Seat 3: Jajje7 (big blind) folded before Flop
Seat 4: Panda_Pooh_od folded before Flop (didn't bet)
Seat 5: looser00091 folded before Flop (didn't bet)
Seat 6: D.shadoww folded before Flop (didn't bet)



PokerStars Zoom Hand #254445377488:  Hold'em No Limit ($0.05/$0.10) - 2025/01/19 12:12:05 CET [2025/01/19 6:12:05 ET]
Table 'Aludra' 6-max Seat #1 is the button
Seat 1: gogogo711 ($10 in chips) 
Seat 2: schmitinho ($16.65 in chips) 
Seat 3: ChoboPower ($25.06 in chips) 
Seat 4: andrew.startup4 ($10.12 in chips) 
Seat 5: vitalis2828 ($10 in chips) 
Seat 6: Mahu2021 ($7.91 in chips) 
schmitinho: posts small blind $0.05
ChoboPower: posts big blind $0.10
*** HOLE CARDS ***
Dealt to Mahu2021 [3h Jd]
andrew.startup4: folds 
vitalis2828: folds 
Mahu2021: folds 
gogogo711: folds 
schmitinho: raises $0.20 to $0.30
ChoboPower: calls $0.20
*** FLOP *** [8h Jh Js]
schmitinho: bets $0.29
ChoboPower: calls $0.29
*** TURN *** [8h Jh Js] [Qd]
schmitinho: checks 
ChoboPower: checks 
*** RIVER *** [8h Jh Js Qd] [As]
schmitinho: checks 
ChoboPower: bets $1.30
schmitinho: folds 
Uncalled bet ($1.30) returned to ChoboPower
ChoboPower collected $1.13 from pot
ChoboPower: doesn't show hand 
*** SUMMARY ***
Total pot $1.18 | Rake $0.05 
Board [8h Jh Js Qd As]
Seat 1: gogogo711 (button) folded before Flop (didn't bet)
Seat 2: schmitinho (small blind) folded on the River
Seat 3: ChoboPower (big blind) collected ($1.13)
Seat 4: andrew.startup4 folded before Flop (didn't bet)
Seat 5: vitalis2828 folded before Flop (didn't bet)
Seat 6: Mahu2021 folded before Flop (didn't bet)



PokerStars Zoom Hand #254445382119:  Hold'em No Limit ($0.05/$0.10) - 2025/01/19 12:12:39 CET [2025/01/19 6:12:39 ET]
Table 'Aludra' 6-max Seat #1 is the button
Seat 1: DirtyShot ($4.71 in chips) 
Seat 2: HaRdd___TRy ($9.62 in chips) 
Seat 3: Mahu2021 ($8.06 in chips) 
Seat 4: JordiVieira ($17.11 in chips) 
Seat 5: Jajje7 ($14.31 in chips) 
Seat 6: PiNe4ppLe ($19.79 in chips) 
HaRdd___TRy: posts small blind $0.05
Mahu2021: posts big blind $0.10
*** HOLE CARDS ***
Dealt to Mahu2021 [5s 7c]
JordiVieira: folds 
Jajje7: folds 
PiNe4ppLe: folds 
DirtyShot: raises $0.20 to $0.30
HaRdd___TRy: folds 
Mahu2021: folds 
Uncalled bet ($0.20) returned to DirtyShot
DirtyShot collected $0.25 from pot
DirtyShot: doesn't show hand 
*** SUMMARY ***
Total pot $0.25 | Rake $0 
Seat 1: DirtyShot (button) collected ($0.25)
Seat 2: HaRdd___TRy (small blind) folded before Flop
Seat 3: Mahu2021 (big blind) folded before Flop
Seat 4: JordiVieira folded before Flop (didn't bet)
Seat 5: Jajje7 folded before Flop (didn't bet)
Seat 6: PiNe4ppLe folded before Flop (didn't bet)



PokerStars Zoom Hand #254445378362:  Hold'em No Limit ($0.05/$0.10) - 2025/01/19 12:12:11 CET [2025/01/19 6:12:11 ET]
Table 'Aludra' 6-max Seat #1 is the button
Seat 1: DJ JORDAN G. ($9.11 in chips) 
Seat 2: HaRdd___TRy ($11.11 in chips) 
Seat 3: georgerzs13 ($14.38 in chips) 
Seat 4: Mahu2021 ($7.91 in chips) 
Seat 5: PiNe4ppLe ($19.74 in chips) 
Seat 6: volkman10 ($9.05 in chips) 
HaRdd___TRy: posts small blind $0.05
georgerzs13: posts big blind $0.10
*** HOLE CARDS ***
Dealt to Mahu2021 [8d Kc]
Mahu2021: folds 
PiNe4ppLe: folds 
volkman10: folds 
DJ JORDAN G. has timed out
DJ JORDAN G.: folds 
HaRdd___TRy: raises $0.20 to $0.30
georgerzs13: calls $0.20
*** FLOP *** [Ks Td 9s]
HaRdd___TRy: bets $0.21
georgerzs13: calls $0.21
*** TURN *** [Ks Td 9s] [3h]
HaRdd___TRy: bets $0.36
georgerzs13: calls $0.36
*** RIVER *** [Ks Td 9s 3h] [2h]
HaRdd___TRy: checks 
georgerzs13: bets $0.83
HaRdd___TRy: calls $0.83
*** SHOW DOWN ***
georgerzs13: shows [4s 6s] (high card King)
HaRdd___TRy: shows [Jc Kh] (a pair of Kings)
HaRdd___TRy collected $3.25 from pot
*** SUMMARY ***
Total pot $3.40 | Rake $0.15 
Board [Ks Td 9s 3h 2h]
Seat 1: DJ JORDAN G. (button) folded before Flop (didn't bet)
Seat 2: HaRdd___TRy (small blind) showed [Jc Kh] and won ($3.25) with a pair of Kings
Seat 3: georgerzs13 (big blind) showed [4s 6s] and lost with high card King
Seat 4: Mahu2021 folded before Flop (didn't bet)
Seat 5: PiNe4ppLe folded before Flop (didn't bet)
Seat 6: volkman10 folded before Flop (didn't bet)



PokerStars Zoom Hand #254445383517:  Hold'em No Limit ($0.05/$0.10) - 2025/01/19 12:12:49 CET [2025/01/19 6:12:49 ET]
Table 'Aludra' 6-max Seat #1 is the button
Seat 1: gogogo711 ($42.20 in chips) 
Seat 2: Mahu2021 ($7.96 in chips) 
Seat 3: SaucyPanther ($10.05 in chips) 
Seat 4: PiNe4ppLe ($19.79 in chips) 
Seat 5: schmitinho ($16.06 in chips) 
Seat 6: BReDnaya89 ($8.45 in chips) 
Mahu2021: posts small blind $0.05
SaucyPanther: posts big blind $0.10
*** HOLE CARDS ***
Dealt to Mahu2021 [Td 3h]
PiNe4ppLe: folds 
schmitinho: raises $0.20 to $0.30
BReDnaya89: folds 
gogogo711: folds 
Mahu2021: folds 
SaucyPanther: calls $0.20
*** FLOP *** [Qh 6d 3s]
SaucyPanther: bets $0.31
schmitinho: folds 
Uncalled bet ($0.31) returned to SaucyPanther
SaucyPanther collected $0.62 from pot
SaucyPanther: doesn't show hand 
*** SUMMARY ***
Total pot $0.65 | Rake $0.03 
Board [Qh 6d 3s]
Seat 1: gogogo711 (button) folded before Flop (didn't bet)
Seat 2: Mahu2021 (small blind) folded before Flop
Seat 3: SaucyPanther (big blind) collected ($0.62)
Seat 4: PiNe4ppLe folded before Flop (didn't bet)
Seat 5: schmitinho folded on the Flop
Seat 6: BReDnaya89 folded before Flop (didn't bet)



PokerStars Zoom Hand #254445384073:  Hold'em No Limit ($0.05/$0.10) - 2025/01/19 12:12:53 CET [2025/01/19 6:12:53 ET]
Table 'Aludra' 6-max Seat #1 is the button
Seat 1: steveisaak ($10.37 in chips) 
Seat 2: DirtyShot ($4.86 in chips) 
Seat 3: Panda_Pooh_od ($10.81 in chips) 
Seat 4: JordiVieira ($17.01 in chips) 
Seat 5: MarkRegen ($7.01 in chips) 
Seat 6: Mahu2021 ($7.91 in chips) 
DirtyShot: posts small blind $0.05
Panda_Pooh_od: posts big blind $0.10
*** HOLE CARDS ***
Dealt to Mahu2021 [Tc 9c]
JordiVieira: folds 
MarkRegen: folds 
Mahu2021: raises $0.20 to $0.30
steveisaak: calls $0.30
DirtyShot: folds 
Panda_Pooh_od: folds 
*** FLOP *** [7d Kc Ah]
Mahu2021: checks 
steveisaak: checks 
*** TURN *** [7d Kc Ah] [9d]
Mahu2021: checks 
steveisaak: checks 
*** RIVER *** [7d Kc Ah 9d] [Ts]
Mahu2021: bets $0.72
steveisaak: raises $1.90 to $2.62
Mahu2021: calls $1.90
*** SHOW DOWN ***
steveisaak: shows [As Th] (two pair, Aces and Tens)
Mahu2021: mucks hand 
steveisaak collected $5.72 from pot
*** SUMMARY ***
Total pot $5.99 | Rake $0.27 
Board [7d Kc Ah 9d Ts]
Seat 1: steveisaak (button) showed [As Th] and won ($5.72) with two pair, Aces and Tens
Seat 2: DirtyShot (small blind) folded before Flop
Seat 3: Panda_Pooh_od (big blind) folded before Flop
Seat 4: JordiVieira folded before Flop (didn't bet)
Seat 5: MarkRegen folded before Flop (didn't bet)
Seat 6: Mahu2021 mucked [Tc 9c]



