PokerStars Zoom Hand #255722433813:  Hold'em No Limit ($0.50/$1.00) - 2025/04/13 22:42:42 CET [2025/04/13 16:42:42 ET]
Table 'Triangulum' 6-max Seat #1 is the button
Seat 1: EdgarYY ($113.88 in chips) 
Seat 2: rafoody90 ($390.19 in chips) 
Seat 3: Mahu2021 ($67.98 in chips) 
Seat 4: dzemeruk ($200.31 in chips) 
Seat 5: EternalEnd ($162.29 in chips) 
Seat 6: cavasola ($102.28 in chips) 
rafoody90: posts small blind $0.50
Mahu2021: posts big blind $1
*** HOLE CARDS ***
Dealt to Mahu2021 [3s 8s]
dzemeruk: folds 
EternalEnd: folds 
cavasola: folds 
EdgarYY: folds 
rafoody90: folds 
Uncalled bet ($0.50) returned to Mahu2021
Mahu2021 collected $1 from pot
Mahu2021: doesn't show hand 
*** SUMMARY ***
Total pot $1 | Rake $0 
Seat 1: EdgarYY (button) folded before Flop (didn't bet)
Seat 2: rafoody90 (small blind) folded before Flop
Seat 3: Mahu2021 (big blind) collected ($1)
Seat 4: dzemeruk folded before Flop (didn't bet)
Seat 5: EternalEnd folded before Flop (didn't bet)
Seat 6: cavasola folded before Flop (didn't bet)



PokerStars Zoom Hand #255722437004:  Hold'em No Limit ($0.50/$1.00) - 2025/04/13 22:42:52 CET [2025/04/13 16:42:52 ET]
Table 'Triangulum' 6-max Seat #1 is the button
Seat 1: nextlevel08 ($100 in chips) 
Seat 2: JicaTa321 ($164.83 in chips) 
Seat 3: I_muck_smuck ($100 in chips) 
Seat 4: Mahu2021 ($68.48 in chips) 
Seat 5: vadjkeee ($152.10 in chips) 
Seat 6: Superiorrrr ($322.17 in chips) 
JicaTa321: posts small blind $0.50
I_muck_smuck: posts big blind $1
*** HOLE CARDS ***
Dealt to Mahu2021 [9h 8c]
Mahu2021: folds 
vadjkeee: folds 
Superiorrrr: folds 
nextlevel08: folds 
JicaTa321: folds 
Uncalled bet ($0.50) returned to I_muck_smuck
I_muck_smuck collected $1 from pot
I_muck_smuck: doesn't show hand 
*** SUMMARY ***
Total pot $1 | Rake $0 
Seat 1: nextlevel08 (button) folded before Flop (didn't bet)
Seat 2: JicaTa321 (small blind) folded before Flop
Seat 3: I_muck_smuck (big blind) collected ($1)
Seat 4: Mahu2021 folded before Flop (didn't bet)
Seat 5: vadjkeee folded before Flop (didn't bet)
Seat 6: Superiorrrr folded before Flop (didn't bet)



PokerStars Zoom Hand #255722438310:  Hold'em No Limit ($0.50/$1.00) - 2025/04/13 22:42:56 CET [2025/04/13 16:42:56 ET]
Table 'Triangulum' 6-max Seat #1 is the button
Seat 1: CaHeQ ($109.03 in chips) 
Seat 2: Mahu2021 ($68.48 in chips) 
Seat 3: MB6762 ($41.25 in chips) 
Seat 4: nextlevel08 ($100 in chips) 
Seat 5: KerciRahyi ($102.72 in chips) 
Seat 6: Jacky456 ($135.43 in chips) 
Mahu2021: posts small blind $0.50
MB6762: posts big blind $1
*** HOLE CARDS ***
Dealt to Mahu2021 [2h Ks]
nextlevel08: folds 
KerciRahyi: folds 
Jacky456: folds 
CaHeQ: folds 
Mahu2021: folds 
Uncalled bet ($0.50) returned to MB6762
MB6762 collected $1 from pot
MB6762: doesn't show hand 
*** SUMMARY ***
Total pot $1 | Rake $0 
Seat 1: CaHeQ (button) folded before Flop (didn't bet)
Seat 2: Mahu2021 (small blind) folded before Flop
Seat 3: MB6762 (big blind) collected ($1)
Seat 4: nextlevel08 folded before Flop (didn't bet)
Seat 5: KerciRahyi folded before Flop (didn't bet)
Seat 6: Jacky456 folded before Flop (didn't bet)



PokerStars Zoom Hand #255722440718:  Hold'em No Limit ($0.50/$1.00) - 2025/04/13 22:43:04 CET [2025/04/13 16:43:04 ET]
Table 'Triangulum' 6-max Seat #1 is the button
Seat 1: Leiteboss1989 ($72.40 in chips) 
Seat 2: EdgarYY ($105.61 in chips) 
Seat 3: rafoody90 ($389.69 in chips) 
Seat 4: Mahu2021 ($67.98 in chips) 
Seat 5: dzemeruk ($90.72 in chips) 
Seat 6: EternalEnd ($208.76 in chips) 
EdgarYY: posts small blind $0.50
rafoody90: posts big blind $1
*** HOLE CARDS ***
Dealt to Mahu2021 [7s Jd]
Mahu2021: folds 
dzemeruk: raises $1 to $2
EternalEnd: raises $5 to $7
Leiteboss1989: folds 
EdgarYY: folds 
rafoody90: folds 
dzemeruk: folds 
Uncalled bet ($5) returned to EternalEnd
EternalEnd collected $5.50 from pot
EternalEnd: doesn't show hand 
*** SUMMARY ***
Total pot $5.50 | Rake $0 
Seat 1: Leiteboss1989 (button) folded before Flop (didn't bet)
Seat 2: EdgarYY (small blind) folded before Flop
Seat 3: rafoody90 (big blind) folded before Flop
Seat 4: Mahu2021 folded before Flop (didn't bet)
Seat 5: dzemeruk folded before Flop
Seat 6: EternalEnd collected ($5.50)



PokerStars Zoom Hand #255722441783:  Hold'em No Limit ($0.50/$1.00) - 2025/04/13 22:43:07 CET [2025/04/13 16:43:07 ET]
Table 'Triangulum' 6-max Seat #1 is the button
Seat 1: cavasola ($101.50 in chips) 
Seat 2: EdgarYY ($112.88 in chips) 
Seat 3: Mahu2021 ($67.98 in chips) 
Seat 4: båtjonas ($102 in chips) 
Seat 5: MB6762 ($41.75 in chips) 
Seat 6: Jona86-26 ($98.40 in chips) 
EdgarYY: posts small blind $0.50
Mahu2021: posts big blind $1
*** HOLE CARDS ***
Dealt to Mahu2021 [4s Td]
båtjonas: folds 
MB6762: folds 
Jona86-26: folds 
cavasola: folds 
EdgarYY: raises $2 to $3
Mahu2021: folds 
Uncalled bet ($2) returned to EdgarYY
EdgarYY collected $2 from pot
EdgarYY: doesn't show hand 
*** SUMMARY ***
Total pot $2 | Rake $0 
Seat 1: cavasola (button) folded before Flop (didn't bet)
Seat 2: EdgarYY (small blind) collected ($2)
Seat 3: Mahu2021 (big blind) folded before Flop
Seat 4: båtjonas folded before Flop (didn't bet)
Seat 5: MB6762 folded before Flop (didn't bet)
Seat 6: Jona86-26 folded before Flop (didn't bet)



PokerStars Zoom Hand #255722439564:  Hold'em No Limit ($0.50/$1.00) - 2025/04/13 22:43:00 CET [2025/04/13 16:43:00 ET]
Table 'Triangulum' 6-max Seat #1 is the button
Seat 1: Mahu2021 ($67.98 in chips) 
Seat 2: phjuninho ($109.96 in chips) 
Seat 3: strikeluca22 ($45.80 in chips) 
Seat 4: JicaTa321 ($164.33 in chips) 
Seat 5: EdgarYY ($100 in chips) 
Seat 6: nextlevel08 ($100 in chips) 
phjuninho: posts small blind $0.50
strikeluca22: posts big blind $1
*** HOLE CARDS ***
Dealt to Mahu2021 [2h Kh]
JicaTa321: raises $2 to $3
EdgarYY: folds 
nextlevel08: raises $6 to $9
Mahu2021: folds 
phjuninho: folds 
strikeluca22: folds 
JicaTa321: folds 
Uncalled bet ($6) returned to nextlevel08
nextlevel08 collected $7.50 from pot
nextlevel08: doesn't show hand 
*** SUMMARY ***
Total pot $7.50 | Rake $0 
Seat 1: Mahu2021 (button) folded before Flop (didn't bet)
Seat 2: phjuninho (small blind) folded before Flop
Seat 3: strikeluca22 (big blind) folded before Flop
Seat 4: JicaTa321 folded before Flop
Seat 5: EdgarYY folded before Flop (didn't bet)
Seat 6: nextlevel08 collected ($7.50)



PokerStars Zoom Hand #255722445577:  Hold'em No Limit ($0.50/$1.00) - 2025/04/13 22:43:19 CET [2025/04/13 16:43:19 ET]
Table 'Triangulum' 6-max Seat #1 is the button
Seat 1: vadjkeee ($151.60 in chips) 
Seat 2: cavasola ($172.16 in chips) 
Seat 3: teo692011 ($44.59 in chips) 
Seat 4: JicaTa321 ($104.50 in chips) 
Seat 5: IC1MALE ($194.40 in chips) 
Seat 6: Mahu2021 ($66.98 in chips) 
cavasola: posts small blind $0.50
teo692011: posts big blind $1
*** HOLE CARDS ***
Dealt to Mahu2021 [4c Tc]
JicaTa321: folds 
IC1MALE: folds 
Mahu2021: folds 
vadjkeee: folds 
cavasola: folds 
Uncalled bet ($0.50) returned to teo692011
teo692011 collected $1 from pot
teo692011: doesn't show hand 
*** SUMMARY ***
Total pot $1 | Rake $0 
Seat 1: vadjkeee (button) folded before Flop (didn't bet)
Seat 2: cavasola (small blind) folded before Flop
Seat 3: teo692011 (big blind) collected ($1)
Seat 4: JicaTa321 folded before Flop (didn't bet)
Seat 5: IC1MALE folded before Flop (didn't bet)
Seat 6: Mahu2021 folded before Flop (didn't bet)



PokerStars Zoom Hand #255722446872:  Hold'em No Limit ($0.50/$1.00) - 2025/04/13 22:43:23 CET [2025/04/13 16:43:23 ET]
Table 'Triangulum' 6-max Seat #1 is the button
Seat 1: IC1MALE ($194.40 in chips) 
Seat 2: Mahu2021 ($66.98 in chips) 
Seat 3: vadjkeee ($151.60 in chips) 
Seat 4: KQ69 ($114.77 in chips) 
Seat 5: EternalEnd ($136.42 in chips) 
Seat 6: I_muck_smuck ($100 in chips) 
Mahu2021: posts small blind $0.50
vadjkeee: posts big blind $1
*** HOLE CARDS ***
Dealt to Mahu2021 [Ts Qc]
KQ69: folds 
EternalEnd: folds 
I_muck_smuck: folds 
IC1MALE: folds 
Mahu2021: raises $1 to $2
vadjkeee: calls $1
*** FLOP *** [9s Ks 6s]
Mahu2021: bets $3
vadjkeee: folds 
Uncalled bet ($3) returned to Mahu2021
Mahu2021 collected $3.80 from pot
Mahu2021: doesn't show hand 
*** SUMMARY ***
Total pot $4 | Rake $0.20 
Board [9s Ks 6s]
Seat 1: IC1MALE (button) folded before Flop (didn't bet)
Seat 2: Mahu2021 (small blind) collected ($3.80)
Seat 3: vadjkeee (big blind) folded on the Flop
Seat 4: KQ69 folded before Flop (didn't bet)
Seat 5: EternalEnd folded before Flop (didn't bet)
Seat 6: I_muck_smuck folded before Flop (didn't bet)



PokerStars Zoom Hand #255722455502:  Hold'em No Limit ($0.50/$1.00) - 2025/04/13 22:43:50 CET [2025/04/13 16:43:50 ET]
Table 'Triangulum' 6-max Seat #1 is the button
Seat 1: Mahu2021 ($68.78 in chips) 
Seat 2: Attil0r ($130.87 in chips) 
Seat 3: KerciRahyi ($102.72 in chips) 
Seat 4: Noikul ($106.36 in chips) 
Seat 5: Jona86-26 ($96.40 in chips) 
Seat 6: chueko148 ($53.21 in chips) 
Attil0r: posts small blind $0.50
KerciRahyi: posts big blind $1
*** HOLE CARDS ***
Dealt to Mahu2021 [2c Qh]
Noikul: folds 
Jona86-26: folds 
chueko148: folds 
Mahu2021: folds 
Attil0r: folds 
Uncalled bet ($0.50) returned to KerciRahyi
KerciRahyi collected $1 from pot
KerciRahyi: doesn't show hand 
*** SUMMARY ***
Total pot $1 | Rake $0 
Seat 1: Mahu2021 (button) folded before Flop (didn't bet)
Seat 2: Attil0r (small blind) folded before Flop
Seat 3: KerciRahyi (big blind) collected ($1)
Seat 4: Noikul folded before Flop (didn't bet)
Seat 5: Jona86-26 folded before Flop (didn't bet)
Seat 6: chueko148 folded before Flop (didn't bet)



PokerStars Zoom Hand #255722459650:  Hold'em No Limit ($0.50/$1.00) - 2025/04/13 22:44:03 CET [2025/04/13 16:44:03 ET]
Table 'Triangulum' 6-max Seat #1 is the button
Seat 1: Luckbox1326 ($111.50 in chips) 
Seat 2: Jona86-26 ($93.26 in chips) 
Seat 3: Mahu2021 ($68.78 in chips) 
Seat 4: dzemeruk ($199.31 in chips) 
Seat 5: phjuninho ($110.70 in chips) 
Seat 6: KQ69 ($103.70 in chips) 
Jona86-26: posts small blind $0.50
Mahu2021: posts big blind $1
*** HOLE CARDS ***
Dealt to Mahu2021 [As 8d]
dzemeruk: raises $1 to $2
phjuninho: folds 
KQ69: folds 
Luckbox1326: folds 
Jona86-26: folds 
Mahu2021: folds 
Uncalled bet ($1) returned to dzemeruk
dzemeruk collected $2.50 from pot
dzemeruk: doesn't show hand 
*** SUMMARY ***
Total pot $2.50 | Rake $0 
Seat 1: Luckbox1326 (button) folded before Flop (didn't bet)
Seat 2: Jona86-26 (small blind) folded before Flop
Seat 3: Mahu2021 (big blind) folded before Flop
Seat 4: dzemeruk collected ($2.50)
Seat 5: phjuninho folded before Flop (didn't bet)
Seat 6: KQ69 folded before Flop (didn't bet)



PokerStars Zoom Hand #255722458111:  Hold'em No Limit ($0.50/$1.00) - 2025/04/13 22:43:58 CET [2025/04/13 16:43:58 ET]
Table 'Triangulum' 6-max Seat #1 is the button
Seat 1: Superiorrrr ($414.03 in chips) 
Seat 2: dzemeruk ($87.72 in chips) 
Seat 3: Kjøller ($272.01 in chips) 
Seat 4: Luckbox1326 ($111.50 in chips) 
Seat 5: KerciRahyi ($103.22 in chips) 
Seat 6: Mahu2021 ($68.78 in chips) 
dzemeruk: posts small blind $0.50
Kjøller: posts big blind $1
*** HOLE CARDS ***
Dealt to Mahu2021 [4s Js]
Luckbox1326: folds 
KerciRahyi: folds 
Mahu2021: folds 
Superiorrrr: raises $1.50 to $2.50
dzemeruk: folds 
Kjøller: folds 
Uncalled bet ($1.50) returned to Superiorrrr
Superiorrrr collected $2.50 from pot
Superiorrrr: doesn't show hand 
*** SUMMARY ***
Total pot $2.50 | Rake $0 
Seat 1: Superiorrrr (button) collected ($2.50)
Seat 2: dzemeruk (small blind) folded before Flop
Seat 3: Kjøller (big blind) folded before Flop
Seat 4: Luckbox1326 folded before Flop (didn't bet)
Seat 5: KerciRahyi folded before Flop (didn't bet)
Seat 6: Mahu2021 folded before Flop (didn't bet)



PokerStars Zoom Hand #255722456809:  Hold'em No Limit ($0.50/$1.00) - 2025/04/13 22:43:54 CET [2025/04/13 16:43:54 ET]
Table 'Triangulum' 6-max Seat #1 is the button
Seat 1: Attil0r ($130.37 in chips) 
Seat 2: Rory8 ($49.60 in chips) 
Seat 3: teo692011 ($44.59 in chips) 
Seat 4: vadjkeee ($149.60 in chips) 
Seat 5: Mahu2021 ($68.78 in chips) 
Seat 6: Jona86-26 ($96.40 in chips) 
Rory8: posts small blind $0.50
teo692011: posts big blind $1
*** HOLE CARDS ***
Dealt to Mahu2021 [Jc 7d]
vadjkeee: raises $1.50 to $2.50
Mahu2021: folds 
Jona86-26: folds 
Attil0r: calls $2.50
Rory8: folds 
teo692011: folds 
*** FLOP *** [3s Ad 5d]
vadjkeee: checks 
Attil0r: checks 
*** TURN *** [3s Ad 5d] [Qd]
vadjkeee: bets $2.04
Attil0r: folds 
Uncalled bet ($2.04) returned to vadjkeee
vadjkeee collected $6.18 from pot
vadjkeee: doesn't show hand 
*** SUMMARY ***
Total pot $6.50 | Rake $0.32 
Board [3s Ad 5d Qd]
Seat 1: Attil0r (button) folded on the Turn
Seat 2: Rory8 (small blind) folded before Flop
Seat 3: teo692011 (big blind) folded before Flop
Seat 4: vadjkeee collected ($6.18)
Seat 5: Mahu2021 folded before Flop (didn't bet)
Seat 6: Jona86-26 folded before Flop (didn't bet)



PokerStars Zoom Hand #255722463223:  Hold'em No Limit ($0.50/$1.00) - 2025/04/13 22:44:14 CET [2025/04/13 16:44:14 ET]
Table 'Triangulum' 6-max Seat #1 is the button
Seat 1: KerciRahyi ($102.72 in chips) 
Seat 2: dzemeruk ($200.81 in chips) 
Seat 3: BiGedd9000 ($166.21 in chips) 
Seat 4: Mahu2021 ($67.78 in chips) 
Seat 5: mindreader007 ($61.28 in chips) 
Seat 6: Rory8 ($49.10 in chips) 
dzemeruk: posts small blind $0.50
BiGedd9000: posts big blind $1
*** HOLE CARDS ***
Dealt to Mahu2021 [3c 5c]
Mahu2021: folds 
mindreader007: folds 
Rory8: raises $1 to $2
KerciRahyi: folds 
dzemeruk: folds 
BiGedd9000: folds 
Uncalled bet ($1) returned to Rory8
Rory8 collected $2.50 from pot
Rory8: doesn't show hand 
*** SUMMARY ***
Total pot $2.50 | Rake $0 
Seat 1: KerciRahyi (button) folded before Flop (didn't bet)
Seat 2: dzemeruk (small blind) folded before Flop
Seat 3: BiGedd9000 (big blind) folded before Flop
Seat 4: Mahu2021 folded before Flop (didn't bet)
Seat 5: mindreader007 folded before Flop (didn't bet)
Seat 6: Rory8 collected ($2.50)



PokerStars Zoom Hand #255722467756:  Hold'em No Limit ($0.50/$1.00) - 2025/04/13 22:44:29 CET [2025/04/13 16:44:29 ET]
Table 'Triangulum' 6-max Seat #1 is the button
Seat 1: Rory8 ($50.60 in chips) 
Seat 2: KQ69 ($100 in chips) 
Seat 3: WanttobeGus ($118.22 in chips) 
Seat 4: Y_19 ($101.98 in chips) 
Seat 5: Attil0r ($127.87 in chips) 
Seat 6: Mahu2021 ($67.28 in chips) 
KQ69: posts small blind $0.50
WanttobeGus: posts big blind $1
*** HOLE CARDS ***
Dealt to Mahu2021 [5h 7h]
Y_19: folds 
Attil0r: folds 
Mahu2021: raises $1 to $2
Rory8: folds 
KQ69: folds 
WanttobeGus: folds 
Uncalled bet ($1) returned to Mahu2021
Mahu2021 collected $2.50 from pot
Mahu2021: doesn't show hand 
*** SUMMARY ***
Total pot $2.50 | Rake $0 
Seat 1: Rory8 (button) folded before Flop (didn't bet)
Seat 2: KQ69 (small blind) folded before Flop
Seat 3: WanttobeGus (big blind) folded before Flop
Seat 4: Y_19 folded before Flop (didn't bet)
Seat 5: Attil0r folded before Flop (didn't bet)
Seat 6: Mahu2021 collected ($2.50)



PokerStars Zoom Hand #255722471453:  Hold'em No Limit ($0.50/$1.00) - 2025/04/13 22:44:40 CET [2025/04/13 16:44:40 ET]
Table 'Triangulum' 6-max Seat #1 is the button
Seat 1: Fliese023 ($87.35 in chips) 
Seat 2: Jona86-26 ($91.76 in chips) 
Seat 3: EternalEnd ($257.15 in chips) 
Seat 4: Superiorrrr ($364.63 in chips) 
Seat 5: Mahu2021 ($68.78 in chips) 
Seat 6: dzemeruk ($88.54 in chips) 
Jona86-26: posts small blind $0.50
EternalEnd: posts big blind $1
*** HOLE CARDS ***
Dealt to Mahu2021 [Ts Kd]
Superiorrrr: folds 
Mahu2021: folds 
dzemeruk: raises $1.50 to $2.50
Fliese023: folds 
Jona86-26: folds 
EternalEnd: calls $1.50
*** FLOP *** [9h 9s 6c]
EternalEnd: checks 
dzemeruk: bets $1.31
EternalEnd: folds 
Uncalled bet ($1.31) returned to dzemeruk
dzemeruk collected $5.22 from pot
dzemeruk: doesn't show hand 
*** SUMMARY ***
Total pot $5.50 | Rake $0.28 
Board [9h 9s 6c]
Seat 1: Fliese023 (button) folded before Flop (didn't bet)
Seat 2: Jona86-26 (small blind) folded before Flop
Seat 3: EternalEnd (big blind) folded on the Flop
Seat 4: Superiorrrr folded before Flop (didn't bet)
Seat 5: Mahu2021 folded before Flop (didn't bet)
Seat 6: dzemeruk collected ($5.22)



PokerStars Zoom Hand #255722472499:  Hold'em No Limit ($0.50/$1.00) - 2025/04/13 22:44:44 CET [2025/04/13 16:44:44 ET]
Table 'Triangulum' 6-max Seat #1 is the button
Seat 1: EdgarYY ($108.60 in chips) 
Seat 2: KQ69 ($107.12 in chips) 
Seat 3: Mahu2021 ($68.78 in chips) 
Seat 4: Stepooo ($110.10 in chips) 
Seat 5: Luckbox1326 ($148.57 in chips) 
Seat 6: Fliese023 ($87.35 in chips) 
KQ69: posts small blind $0.50
Mahu2021: posts big blind $1
*** HOLE CARDS ***
Dealt to Mahu2021 [9s 5h]
Stepooo: folds 
Luckbox1326: folds 
Fliese023: folds 
EdgarYY: raises $1.20 to $2.20
KQ69: raises $8.80 to $11
Mahu2021: folds 
EdgarYY: folds 
Uncalled bet ($8.80) returned to KQ69
KQ69 collected $5.40 from pot
KQ69: doesn't show hand 
*** SUMMARY ***
Total pot $5.40 | Rake $0 
Seat 1: EdgarYY (button) folded before Flop
Seat 2: KQ69 (small blind) collected ($5.40)
Seat 3: Mahu2021 (big blind) folded before Flop
Seat 4: Stepooo folded before Flop (didn't bet)
Seat 5: Luckbox1326 folded before Flop (didn't bet)
Seat 6: Fliese023 folded before Flop (didn't bet)



PokerStars Zoom Hand #255722477649:  Hold'em No Limit ($0.50/$1.00) - 2025/04/13 22:44:59 CET [2025/04/13 16:44:59 ET]
Table 'Triangulum' 6-max Seat #1 is the button
Seat 1: Mahu2021 ($67.28 in chips) 
Seat 2: BiGedd9000 ($162.71 in chips) 
Seat 3: MrJD1943 ($55 in chips) 
Seat 4: bubbles1155 ($159.77 in chips) 
Seat 5: vadjkeee ($153.28 in chips) 
Seat 6: EternalEnd ($254.65 in chips) 
BiGedd9000: posts small blind $0.50
MrJD1943: posts big blind $1
*** HOLE CARDS ***
Dealt to Mahu2021 [3c Kd]
bubbles1155: folds 
vadjkeee: folds 
EternalEnd: folds 
Mahu2021: folds 
BiGedd9000: folds 
Uncalled bet ($0.50) returned to MrJD1943
MrJD1943 collected $1 from pot
MrJD1943: doesn't show hand 
*** SUMMARY ***
Total pot $1 | Rake $0 
Seat 1: Mahu2021 (button) folded before Flop (didn't bet)
Seat 2: BiGedd9000 (small blind) folded before Flop
Seat 3: MrJD1943 (big blind) collected ($1)
Seat 4: bubbles1155 folded before Flop (didn't bet)
Seat 5: vadjkeee folded before Flop (didn't bet)
Seat 6: EternalEnd folded before Flop (didn't bet)



PokerStars Zoom Hand #255722464446:  Hold'em No Limit ($0.50/$1.00) - 2025/04/13 22:44:18 CET [2025/04/13 16:44:18 ET]
Table 'Triangulum' 6-max Seat #1 is the button
Seat 1: chueko148 ($51.71 in chips) 
Seat 2: Mahu2021 ($67.78 in chips) 
Seat 3: Jona86-26 ($92.76 in chips) 
Seat 4: mindreader007 ($61.28 in chips) 
Seat 5: Superiorrrr ($415.53 in chips) 
Seat 6: KerciRahyi ($102.72 in chips) 
Mahu2021: posts small blind $0.50
Jona86-26: posts big blind $1
*** HOLE CARDS ***
Dealt to Mahu2021 [8d 6h]
mindreader007: folds 
Superiorrrr: raises $1 to $2
KerciRahyi: folds 
chueko148: raises $5.50 to $7.50
Mahu2021: folds 
Jona86-26: folds 
Superiorrrr: calls $5.50
*** FLOP *** [Ks 7d 7h]
Superiorrrr: checks 
chueko148: bets $15.68
Superiorrrr: raises $31.05 to $46.73
chueko148: folds 
Uncalled bet ($31.05) returned to Superiorrrr
Superiorrrr collected $45.47 from pot
Superiorrrr: doesn't show hand 
*** SUMMARY ***
Total pot $47.86 | Rake $2.39 
Board [Ks 7d 7h]
Seat 1: chueko148 (button) folded on the Flop
Seat 2: Mahu2021 (small blind) folded before Flop
Seat 3: Jona86-26 (big blind) folded before Flop
Seat 4: mindreader007 folded before Flop (didn't bet)
Seat 5: Superiorrrr collected ($45.47)
Seat 6: KerciRahyi folded before Flop (didn't bet)



PokerStars Zoom Hand #255722466017:  Hold'em No Limit ($0.50/$1.00) - 2025/04/13 22:44:23 CET [2025/04/13 16:44:23 ET]
Table 'Triangulum' 6-max Seat #1 is the button
Seat 1: Mahu2021 ($67.28 in chips) 
Seat 2: mindreader007 ($61.28 in chips) 
Seat 3: Noikul ($104.06 in chips) 
Seat 4: rafoody90 ($386.69 in chips) 
Seat 5: REFEREE7777 ($142.53 in chips) 
Seat 6: dzemeruk ($200.31 in chips) 
mindreader007: posts small blind $0.50
Noikul: posts big blind $1
*** HOLE CARDS ***
Dealt to Mahu2021 [3d 4s]
rafoody90: folds 
REFEREE7777: raises $3 to $4
dzemeruk: folds 
Mahu2021: folds 
mindreader007: folds 
Noikul: calls $3
*** FLOP *** [5s 6s Ah]
Noikul: checks 
REFEREE7777: bets $3
Noikul: calls $3
*** TURN *** [5s 6s Ah] [Js]
Noikul: checks 
REFEREE7777: bets $5
Noikul: calls $5
*** RIVER *** [5s 6s Ah Js] [7s]
Noikul: checks 
REFEREE7777: checks 
*** SHOW DOWN ***
Noikul: shows [As Jd] (a flush, Ace high)
REFEREE7777: mucks hand 
Noikul collected $23.28 from pot
*** SUMMARY ***
Total pot $24.50 | Rake $1.22 
Board [5s 6s Ah Js 7s]
Seat 1: Mahu2021 (button) folded before Flop (didn't bet)
Seat 2: mindreader007 (small blind) folded before Flop
Seat 3: Noikul (big blind) showed [As Jd] and won ($23.28) with a flush, Ace high
Seat 4: rafoody90 folded before Flop (didn't bet)
Seat 5: REFEREE7777 mucked [Td Ts]
Seat 6: dzemeruk folded before Flop (didn't bet)



PokerStars Zoom Hand #255722478831:  Hold'em No Limit ($0.50/$1.00) - 2025/04/13 22:45:03 CET [2025/04/13 16:45:03 ET]
Table 'Triangulum' 6-max Seat #1 is the button
Seat 1: Superiorrrr ($103.70 in chips) 
Seat 2: Fang759 ($74.45 in chips) 
Seat 3: BiGedd9000 ($162.21 in chips) 
Seat 4: MuUkR ($169.20 in chips) 
Seat 5: EternalEnd ($254.65 in chips) 
Seat 6: Mahu2021 ($67.28 in chips) 
Fang759: posts small blind $0.50
BiGedd9000: posts big blind $1
*** HOLE CARDS ***
Dealt to Mahu2021 [6d As]
MuUkR: folds 
EternalEnd: folds 
Mahu2021: folds 
Superiorrrr: folds 
Fang759: folds 
Uncalled bet ($0.50) returned to BiGedd9000
BiGedd9000 collected $1 from pot
BiGedd9000: doesn't show hand 
*** SUMMARY ***
Total pot $1 | Rake $0 
Seat 1: Superiorrrr (button) folded before Flop (didn't bet)
Seat 2: Fang759 (small blind) folded before Flop
Seat 3: BiGedd9000 (big blind) collected ($1)
Seat 4: MuUkR folded before Flop (didn't bet)
Seat 5: EternalEnd folded before Flop (didn't bet)
Seat 6: Mahu2021 folded before Flop (didn't bet)



PokerStars Zoom Hand #255722480010:  Hold'em No Limit ($0.50/$1.00) - 2025/04/13 22:45:07 CET [2025/04/13 16:45:07 ET]
Table 'Triangulum' 6-max Seat #1 is the button
Seat 1: dzemeruk ($91.26 in chips) 
Seat 2: Luckbox1326 ($147.42 in chips) 
Seat 3: rafoody90 ($391.31 in chips) 
Seat 4: Mahu2021 ($67.28 in chips) 
Seat 5: KQ69 ($113.93 in chips) 
Seat 6: Fang759 ($73.95 in chips) 
Luckbox1326: posts small blind $0.50
rafoody90: posts big blind $1
*** HOLE CARDS ***
Dealt to Mahu2021 [3s 5c]
Mahu2021: folds 
KQ69: folds 
Fang759: folds 
dzemeruk: folds 
Luckbox1326: folds 
Uncalled bet ($0.50) returned to rafoody90
rafoody90 collected $1 from pot
rafoody90: doesn't show hand 
*** SUMMARY ***
Total pot $1 | Rake $0 
Seat 1: dzemeruk (button) folded before Flop (didn't bet)
Seat 2: Luckbox1326 (small blind) folded before Flop
Seat 3: rafoody90 (big blind) collected ($1)
Seat 4: Mahu2021 folded before Flop (didn't bet)
Seat 5: KQ69 folded before Flop (didn't bet)
Seat 6: Fang759 folded before Flop (didn't bet)



PokerStars Zoom Hand #255722461387:  Hold'em No Limit ($0.50/$1.00) - 2025/04/13 22:44:09 CET [2025/04/13 16:44:09 ET]
Table 'Triangulum' 6-max Seat #1 is the button
Seat 1: rafoody90 ($386.69 in chips) 
Seat 2: EternalEnd ($165.99 in chips) 
Seat 3: Jona86-26 ($98.50 in chips) 
Seat 4: mindreader007 ($61.28 in chips) 
Seat 5: Mahu2021 ($67.78 in chips) 
Seat 6: archy40 ($45.52 in chips) 
EternalEnd: posts small blind $0.50
Jona86-26: posts big blind $1
*** HOLE CARDS ***
Dealt to Mahu2021 [Qs 5d]
mindreader007: folds 
Mahu2021: folds 
archy40: folds 
rafoody90: folds 
EternalEnd: raises $2 to $3
Jona86-26: calls $2
*** FLOP *** [7d Js 4d]
EternalEnd: checks 
Jona86-26: checks 
*** TURN *** [7d Js 4d] [7h]
EternalEnd: checks 
Jona86-26: bets $3.88
EternalEnd: calls $3.88
*** RIVER *** [7d Js 4d 7h] [6d]
EternalEnd: checks 
Jona86-26: bets $10
EternalEnd: folds 
Uncalled bet ($10) returned to Jona86-26
Jona86-26 collected $13.07 from pot
Jona86-26: doesn't show hand 
*** SUMMARY ***
Total pot $13.76 | Rake $0.69 
Board [7d Js 4d 7h 6d]
Seat 1: rafoody90 (button) folded before Flop (didn't bet)
Seat 2: EternalEnd (small blind) folded on the River
Seat 3: Jona86-26 (big blind) collected ($13.07)
Seat 4: mindreader007 folded before Flop (didn't bet)
Seat 5: Mahu2021 folded before Flop (didn't bet)
Seat 6: archy40 folded before Flop (didn't bet)



PokerStars Zoom Hand #255722476005:  Hold'em No Limit ($0.50/$1.00) - 2025/04/13 22:44:54 CET [2025/04/13 16:44:54 ET]
Table 'Triangulum' 6-max Seat #1 is the button
Seat 1: Jona86-26 ($91.26 in chips) 
Seat 2: Mahu2021 ($67.78 in chips) 
Seat 3: dzemeruk ($76.22 in chips) 
Seat 4: JicaTa321 ($100 in chips) 
Seat 5: Fang759 ($74.45 in chips) 
Seat 6: BiGedd9000 ($162.71 in chips) 
Mahu2021: posts small blind $0.50
dzemeruk: posts big blind $1
*** HOLE CARDS ***
Dealt to Mahu2021 [8d 5c]
JicaTa321: folds 
Fang759: folds 
BiGedd9000: folds 
Jona86-26: raises $1.50 to $2.50
Mahu2021: folds 
dzemeruk: raises $8 to $10.50
Jona86-26: calls $8
*** FLOP *** [Jc Ks 4s]
dzemeruk: bets $10.41
Jona86-26: folds 
Uncalled bet ($10.41) returned to dzemeruk
dzemeruk collected $20.42 from pot
dzemeruk: doesn't show hand 
*** SUMMARY ***
Total pot $21.50 | Rake $1.08 
Board [Jc Ks 4s]
Seat 1: Jona86-26 (button) folded on the Flop
Seat 2: Mahu2021 (small blind) folded before Flop
Seat 3: dzemeruk (big blind) collected ($20.42)
Seat 4: JicaTa321 folded before Flop (didn't bet)
Seat 5: Fang759 folded before Flop (didn't bet)
Seat 6: BiGedd9000 folded before Flop (didn't bet)



PokerStars Zoom Hand #255722474676:  Hold'em No Limit ($0.50/$1.00) - 2025/04/13 22:44:50 CET [2025/04/13 16:44:50 ET]
Table 'Triangulum' 6-max Seat #1 is the button
Seat 1: I_muck_smuck ($100 in chips) 
Seat 2: Stepooo ($110.10 in chips) 
Seat 3: nextlevel08 ($101.80 in chips) 
Seat 4: Mahu2021 ($67.78 in chips) 
Seat 5: phjuninho ($116.21 in chips) 
Seat 6: båtjonas ($114.48 in chips) 
Stepooo: posts small blind $0.50
nextlevel08: posts big blind $1
*** HOLE CARDS ***
Dealt to Mahu2021 [5c Ks]
Mahu2021: folds 
phjuninho: raises $1 to $2
båtjonas: folds 
I_muck_smuck: folds 
Stepooo: calls $1.50
nextlevel08: calls $1
*** FLOP *** [4d 8s 7h]
Stepooo: checks 
nextlevel08: checks 
phjuninho: checks 
*** TURN *** [4d 8s 7h] [8h]
Stepooo: bets $6
nextlevel08: calls $6
phjuninho: folds 
*** RIVER *** [4d 8s 7h 8h] [Th]
Stepooo: checks 
nextlevel08: checks 
*** SHOW DOWN ***
Stepooo: shows [Jh Kd] (a pair of Eights)
nextlevel08: shows [9d 8d] (three of a kind, Eights)
nextlevel08 collected $16.88 from pot
*** SUMMARY ***
Total pot $18 | Rake $1.12 
Board [4d 8s 7h 8h Th]
Seat 1: I_muck_smuck (button) folded before Flop (didn't bet)
Seat 2: Stepooo (small blind) showed [Jh Kd] and lost with a pair of Eights
Seat 3: nextlevel08 (big blind) showed [9d 8d] and won ($16.88) with three of a kind, Eights
Seat 4: Mahu2021 folded before Flop (didn't bet)
Seat 5: phjuninho folded on the Turn
Seat 6: båtjonas folded before Flop (didn't bet)



PokerStars Zoom Hand #255722481078:  Hold'em No Limit ($0.50/$1.00) - 2025/04/13 22:45:10 CET [2025/04/13 16:45:10 ET]
Table 'Triangulum' 6-max Seat #1 is the button
Seat 1: I_muck_smuck ($100 in chips) 
Seat 2: vadjkeee ($153.28 in chips) 
Seat 3: Mahu2021 ($67.28 in chips) 
Seat 4: Jona86-26 ($96.39 in chips) 
Seat 5: nextlevel08 ($100 in chips) 
Seat 6: EdgarYY ($119.73 in chips) 
vadjkeee: posts small blind $0.50
Mahu2021: posts big blind $1
*** HOLE CARDS ***
Dealt to Mahu2021 [Jh 8d]
Jona86-26: raises $1.50 to $2.50
nextlevel08: folds 
EdgarYY: folds 
I_muck_smuck: folds 
vadjkeee: folds 
Mahu2021: calls $1.50
*** FLOP *** [5c 8h Qd]
Mahu2021: checks 
Jona86-26: checks 
*** TURN *** [5c 8h Qd] [6c]
Mahu2021: checks 
Jona86-26: checks 
*** RIVER *** [5c 8h Qd 6c] [4c]
Mahu2021: bets $3
Jona86-26: calls $3
*** SHOW DOWN ***
Mahu2021: shows [Jh 8d] (a pair of Eights)
Jona86-26: mucks hand 
Mahu2021 collected $10.92 from pot
*** SUMMARY ***
Total pot $11.50 | Rake $0.58 
Board [5c 8h Qd 6c 4c]
Seat 1: I_muck_smuck (button) folded before Flop (didn't bet)
Seat 2: vadjkeee (small blind) folded before Flop
Seat 3: Mahu2021 (big blind) showed [Jh 8d] and won ($10.92) with a pair of Eights
Seat 4: Jona86-26 mucked [Ac Ks]
Seat 5: nextlevel08 folded before Flop (didn't bet)
Seat 6: EdgarYY folded before Flop (didn't bet)



PokerStars Zoom Hand #255722494952:  Hold'em No Limit ($0.50/$1.00) - 2025/04/13 22:45:54 CET [2025/04/13 16:45:54 ET]
Table 'Triangulum' 6-max Seat #1 is the button
Seat 1: EternalEnd ($148.96 in chips) 
Seat 2: Jona86-26 ($105.19 in chips) 
Seat 3: Y_19 ($101.48 in chips) 
Seat 4: Marcoasdf ($100.27 in chips) 
Seat 5: nextlevel08 ($110.68 in chips) 
Seat 6: Mahu2021 ($72.70 in chips) 
Jona86-26: posts small blind $0.50
Y_19: posts big blind $1
*** HOLE CARDS ***
Dealt to Mahu2021 [4h 5s]
Marcoasdf: folds 
nextlevel08: folds 
Mahu2021: folds 
EternalEnd: raises $1.50 to $2.50
Jona86-26: folds 
Y_19: folds 
Uncalled bet ($1.50) returned to EternalEnd
EternalEnd collected $2.50 from pot
EternalEnd: doesn't show hand 
*** SUMMARY ***
Total pot $2.50 | Rake $0 
Seat 1: EternalEnd (button) collected ($2.50)
Seat 2: Jona86-26 (small blind) folded before Flop
Seat 3: Y_19 (big blind) folded before Flop
Seat 4: Marcoasdf folded before Flop (didn't bet)
Seat 5: nextlevel08 folded before Flop (didn't bet)
Seat 6: Mahu2021 folded before Flop (didn't bet)



PokerStars Zoom Hand #255722496892:  Hold'em No Limit ($0.50/$1.00) - 2025/04/13 22:45:59 CET [2025/04/13 16:45:59 ET]
Table 'Triangulum' 6-max Seat #1 is the button
Seat 1: Luckbox1326 ($121.88 in chips) 
Seat 2: Mahu2021 ($72.70 in chips) 
Seat 3: EdgarYY ($123.91 in chips) 
Seat 4: JicaTa321 ($212.07 in chips) 
Seat 5: I_muck_smuck ($100 in chips) 
Seat 6: bubbles1155 ($161.27 in chips) 
Mahu2021: posts small blind $0.50
EdgarYY: posts big blind $1
*** HOLE CARDS ***
Dealt to Mahu2021 [5s 3c]
JicaTa321: folds 
I_muck_smuck: folds 
bubbles1155: folds 
Luckbox1326: folds 
Mahu2021: folds 
Uncalled bet ($0.50) returned to EdgarYY
EdgarYY collected $1 from pot
EdgarYY: doesn't show hand 
*** SUMMARY ***
Total pot $1 | Rake $0 
Seat 1: Luckbox1326 (button) folded before Flop (didn't bet)
Seat 2: Mahu2021 (small blind) folded before Flop
Seat 3: EdgarYY (big blind) collected ($1)
Seat 4: JicaTa321 folded before Flop (didn't bet)
Seat 5: I_muck_smuck folded before Flop (didn't bet)
Seat 6: bubbles1155 folded before Flop (didn't bet)



PokerStars Zoom Hand #255722492566:  Hold'em No Limit ($0.50/$1.00) - 2025/04/13 22:45:46 CET [2025/04/13 16:45:46 ET]
Table 'Triangulum' 6-max Seat #1 is the button
Seat 1: Mahu2021 ($72.70 in chips) 
Seat 2: EternalEnd ($149.46 in chips) 
Seat 3: Superiorrrr ($107.20 in chips) 
Seat 4: Jona86-26 ($90.89 in chips) 
Seat 5: EdgarYY ($106.40 in chips) 
Seat 6: WanttobeGus ($123.36 in chips) 
EternalEnd: posts small blind $0.50
Superiorrrr: posts big blind $1
*** HOLE CARDS ***
Dealt to Mahu2021 [Tc 7s]
Jona86-26: folds 
EdgarYY: raises $1 to $2
WanttobeGus: folds 
Mahu2021: folds 
EternalEnd: folds 
Superiorrrr: folds 
Uncalled bet ($1) returned to EdgarYY
EdgarYY collected $2.50 from pot
EdgarYY: doesn't show hand 
*** SUMMARY ***
Total pot $2.50 | Rake $0 
Seat 1: Mahu2021 (button) folded before Flop (didn't bet)
Seat 2: EternalEnd (small blind) folded before Flop
Seat 3: Superiorrrr (big blind) folded before Flop
Seat 4: Jona86-26 folded before Flop (didn't bet)
Seat 5: EdgarYY collected ($2.50)
Seat 6: WanttobeGus folded before Flop (didn't bet)



PokerStars Zoom Hand #255722500649:  Hold'em No Limit ($0.50/$1.00) - 2025/04/13 22:46:11 CET [2025/04/13 16:46:11 ET]
Table 'Triangulum' 6-max Seat #1 is the button
Seat 1: Superiorrrr ($363.13 in chips) 
Seat 2: WanttobeGus ($122.36 in chips) 
Seat 3: dzemeruk ($89.76 in chips) 
Seat 4: Jona86-26 ($104.69 in chips) 
Seat 5: EternalEnd ($156.02 in chips) 
Seat 6: Mahu2021 ($72.20 in chips) 
WanttobeGus: posts small blind $0.50
dzemeruk: posts big blind $1
*** HOLE CARDS ***
Dealt to Mahu2021 [Kc 6h]
Jona86-26: folds 
EternalEnd: folds 
Mahu2021: folds 
Superiorrrr: raises $1.50 to $2.50
WanttobeGus: folds 
dzemeruk: folds 
Uncalled bet ($1.50) returned to Superiorrrr
Superiorrrr collected $2.50 from pot
Superiorrrr: doesn't show hand 
*** SUMMARY ***
Total pot $2.50 | Rake $0 
Seat 1: Superiorrrr (button) collected ($2.50)
Seat 2: WanttobeGus (small blind) folded before Flop
Seat 3: dzemeruk (big blind) folded before Flop
Seat 4: Jona86-26 folded before Flop (didn't bet)
Seat 5: EternalEnd folded before Flop (didn't bet)
Seat 6: Mahu2021 folded before Flop (didn't bet)



PokerStars Zoom Hand #255722505229:  Hold'em No Limit ($0.50/$1.00) - 2025/04/13 22:46:26 CET [2025/04/13 16:46:26 ET]
Table 'Triangulum' 6-max Seat #1 is the button
Seat 1: chueko148 ($37.61 in chips) 
Seat 2: vadjkeee ($152.78 in chips) 
Seat 3: EdgarYY ($107.90 in chips) 
Seat 4: I_muck_smuck ($100 in chips) 
Seat 5: Mahu2021 ($71.20 in chips) 
Seat 6: phjuninho ($112.71 in chips) 
vadjkeee: posts small blind $0.50
EdgarYY: posts big blind $1
*** HOLE CARDS ***
Dealt to Mahu2021 [Qh 4h]
I_muck_smuck: folds 
Mahu2021: folds 
phjuninho: raises $1.50 to $2.50
chueko148: folds 
vadjkeee: folds 
EdgarYY: folds 
Uncalled bet ($1.50) returned to phjuninho
phjuninho collected $2.50 from pot
phjuninho: doesn't show hand 
*** SUMMARY ***
Total pot $2.50 | Rake $0 
Seat 1: chueko148 (button) folded before Flop (didn't bet)
Seat 2: vadjkeee (small blind) folded before Flop
Seat 3: EdgarYY (big blind) folded before Flop
Seat 4: I_muck_smuck folded before Flop (didn't bet)
Seat 5: Mahu2021 folded before Flop (didn't bet)
Seat 6: phjuninho collected ($2.50)



PokerStars Zoom Hand #255722499340:  Hold'em No Limit ($0.50/$1.00) - 2025/04/13 22:46:07 CET [2025/04/13 16:46:07 ET]
Table 'Triangulum' 6-max Seat #1 is the button
Seat 1: KQ69 ($103.40 in chips) 
Seat 2: nextlevel08 ($101 in chips) 
Seat 3: EternalEnd ($150.46 in chips) 
Seat 4: Jona86-26 ($78.26 in chips) 
Seat 5: Mahu2021 ($72.20 in chips) 
Seat 6: Attil0r ($125.67 in chips) 
nextlevel08: posts small blind $0.50
EternalEnd: posts big blind $1
*** HOLE CARDS ***
Dealt to Mahu2021 [9d Kc]
Jona86-26: raises $1 to $2
Mahu2021: folds 
Attil0r: calls $2
KQ69: folds 
nextlevel08: raises $10 to $12
EternalEnd: folds 
Jona86-26: folds 
Attil0r: folds 
Uncalled bet ($10) returned to nextlevel08
nextlevel08 collected $7 from pot
nextlevel08: doesn't show hand 
*** SUMMARY ***
Total pot $7 | Rake $0 
Seat 1: KQ69 (button) folded before Flop (didn't bet)
Seat 2: nextlevel08 (small blind) collected ($7)
Seat 3: EternalEnd (big blind) folded before Flop
Seat 4: Jona86-26 folded before Flop
Seat 5: Mahu2021 folded before Flop (didn't bet)
Seat 6: Attil0r folded before Flop



PokerStars Zoom Hand #255722508076:  Hold'em No Limit ($0.50/$1.00) - 2025/04/13 22:46:35 CET [2025/04/13 16:46:35 ET]
Table 'Triangulum' 6-max Seat #1 is the button
Seat 1: IC1MALE ($242.37 in chips) 
Seat 2: Superiorrrr ($106.20 in chips) 
Seat 3: rafoody90 ($390.31 in chips) 
Seat 4: Mahu2021 ($70.70 in chips) 
Seat 5: KQ69 ($100 in chips) 
Seat 6: Luckbox1326 ($106.25 in chips) 
Superiorrrr: posts small blind $0.50
rafoody90: posts big blind $1
*** HOLE CARDS ***
Dealt to Mahu2021 [7d 8h]
Mahu2021: folds 
KQ69: folds 
Luckbox1326: folds 
IC1MALE: folds 
Superiorrrr: raises $2 to $3
rafoody90: folds 
Uncalled bet ($2) returned to Superiorrrr
Superiorrrr collected $2 from pot
Superiorrrr: doesn't show hand 
*** SUMMARY ***
Total pot $2 | Rake $0 
Seat 1: IC1MALE (button) folded before Flop (didn't bet)
Seat 2: Superiorrrr (small blind) collected ($2)
Seat 3: rafoody90 (big blind) folded before Flop
Seat 4: Mahu2021 folded before Flop (didn't bet)
Seat 5: KQ69 folded before Flop (didn't bet)
Seat 6: Luckbox1326 folded before Flop (didn't bet)



PokerStars Zoom Hand #255722501649:  Hold'em No Limit ($0.50/$1.00) - 2025/04/13 22:46:15 CET [2025/04/13 16:46:15 ET]
Table 'Triangulum' 6-max Seat #1 is the button
Seat 1: Jacky456 ($128.24 in chips) 
Seat 2: Marcoasdf ($103.50 in chips) 
Seat 3: Mahu2021 ($72.20 in chips) 
Seat 4: KerciRahyi ($107.80 in chips) 
Seat 5: EternalEnd ($156.02 in chips) 
Seat 6: KQ69 ($103.40 in chips) 
Marcoasdf: posts small blind $0.50
Mahu2021: posts big blind $1
*** HOLE CARDS ***
Dealt to Mahu2021 [8c 2d]
KerciRahyi: folds 
EternalEnd: raises $1.20 to $2.20
KQ69: folds 
Jacky456: calls $2.20
Marcoasdf: folds 
Mahu2021: folds 
*** FLOP *** [Qd 4s Js]
EternalEnd: checks 
Jacky456: checks 
*** TURN *** [Qd 4s Js] [3s]
EternalEnd: checks 
Jacky456: checks 
*** RIVER *** [Qd 4s Js 3s] [Th]
EternalEnd: bets $10
Jacky456: folds 
Uncalled bet ($10) returned to EternalEnd
EternalEnd collected $5.60 from pot
EternalEnd: doesn't show hand 
*** SUMMARY ***
Total pot $5.90 | Rake $0.30 
Board [Qd 4s Js 3s Th]
Seat 1: Jacky456 (button) folded on the River
Seat 2: Marcoasdf (small blind) folded before Flop
Seat 3: Mahu2021 (big blind) folded before Flop
Seat 4: KerciRahyi folded before Flop (didn't bet)
Seat 5: EternalEnd collected ($5.60)
Seat 6: KQ69 folded before Flop (didn't bet)



PokerStars Zoom Hand #255722498222:  Hold'em No Limit ($0.50/$1.00) - 2025/04/13 22:46:04 CET [2025/04/13 16:46:04 ET]
Table 'Triangulum' 6-max Seat #1 is the button
Seat 1: dzemeruk ($89.76 in chips) 
Seat 2: JicaTa321 ($100 in chips) 
Seat 3: Fliese023 ($86.70 in chips) 
Seat 4: bubbles1155 ($161.27 in chips) 
Seat 5: Mahu2021 ($72.20 in chips) 
Seat 6: båtjonas ($116.98 in chips) 
JicaTa321: posts small blind $0.50
Fliese023: posts big blind $1
*** HOLE CARDS ***
Dealt to Mahu2021 [6c Kh]
bubbles1155: folds 
Mahu2021: folds 
båtjonas: folds 
dzemeruk: folds 
JicaTa321: raises $2 to $3
Fliese023: calls $2
*** FLOP *** [6s 7h Kd]
JicaTa321: bets $2.85
Fliese023: calls $2.85
*** TURN *** [6s 7h Kd] [Jd]
JicaTa321: checks 
Fliese023: bets $3
JicaTa321: calls $3
*** RIVER *** [6s 7h Kd Jd] [8c]
JicaTa321: checks 
Fliese023: bets $8.41
JicaTa321: folds 
Uncalled bet ($8.41) returned to Fliese023
Fliese023 collected $16.60 from pot
Fliese023: doesn't show hand 
*** SUMMARY ***
Total pot $17.70 | Rake $1.10 
Board [6s 7h Kd Jd 8c]
Seat 1: dzemeruk (button) folded before Flop (didn't bet)
Seat 2: JicaTa321 (small blind) folded on the River
Seat 3: Fliese023 (big blind) collected ($16.60)
Seat 4: bubbles1155 folded before Flop (didn't bet)
Seat 5: Mahu2021 folded before Flop (didn't bet)
Seat 6: båtjonas folded before Flop (didn't bet)



PokerStars Zoom Hand #255722506477:  Hold'em No Limit ($0.50/$1.00) - 2025/04/13 22:46:30 CET [2025/04/13 16:46:30 ET]
Table 'Triangulum' 6-max Seat #1 is the button
Seat 1: JicaTa321 ($212.07 in chips) 
Seat 2: Mahu2021 ($71.20 in chips) 
Seat 3: Jona86-26 ($104.19 in chips) 
Seat 4: Superiorrrr ($364.63 in chips) 
Seat 5: tavinel ($75.93 in chips) 
Seat 6: dzemeruk ($88.56 in chips) 
Mahu2021: posts small blind $0.50
Jona86-26: posts big blind $1
*** HOLE CARDS ***
Dealt to Mahu2021 [5d 9c]
Superiorrrr: folds 
tavinel: folds 
dzemeruk: raises $1.50 to $2.50
JicaTa321: folds 
Mahu2021: folds 
Jona86-26: calls $1.50
*** FLOP *** [Tc 9h 4s]
Jona86-26: checks 
dzemeruk: bets $3.92
Jona86-26: calls $3.92
*** TURN *** [Tc 9h 4s] [Jc]
Jona86-26: checks 
dzemeruk: checks 
*** RIVER *** [Tc 9h 4s Jc] [3c]
Jona86-26: bets $5
dzemeruk: calls $5
*** SHOW DOWN ***
Jona86-26: shows [Kc Qc] (a flush, King high)
dzemeruk: mucks hand 
Jona86-26 collected $22.17 from pot
*** SUMMARY ***
Total pot $23.34 | Rake $1.17 
Board [Tc 9h 4s Jc 3c]
Seat 1: JicaTa321 (button) folded before Flop (didn't bet)
Seat 2: Mahu2021 (small blind) folded before Flop
Seat 3: Jona86-26 (big blind) showed [Kc Qc] and won ($22.17) with a flush, King high
Seat 4: Superiorrrr folded before Flop (didn't bet)
Seat 5: tavinel folded before Flop (didn't bet)
Seat 6: dzemeruk mucked [Qd Jd]



PokerStars Zoom Hand #255722509381:  Hold'em No Limit ($0.50/$1.00) - 2025/04/13 22:46:39 CET [2025/04/13 16:46:39 ET]
Table 'Triangulum' 6-max Seat #1 is the button
Seat 1: Mahu2021 ($70.70 in chips) 
Seat 2: archy40 ($68.17 in chips) 
Seat 3: Superiorrrr ($364.63 in chips) 
Seat 4: I_muck_smuck ($101.50 in chips) 
Seat 5: WanttobeGus ($123.36 in chips) 
Seat 6: Luckbox1326 ($140.06 in chips) 
archy40: posts small blind $0.50
Superiorrrr: posts big blind $1
*** HOLE CARDS ***
Dealt to Mahu2021 [Td 8d]
I_muck_smuck: folds 
WanttobeGus: folds 
Luckbox1326: raises $1.20 to $2.20
Mahu2021: calls $2.20
archy40: calls $1.70
Superiorrrr: folds 
*** FLOP *** [Jh 7s As]
archy40: checks 
Luckbox1326: bets $2.38
Mahu2021: folds 
archy40: folds 
Uncalled bet ($2.38) returned to Luckbox1326
Luckbox1326 collected $7.22 from pot
Luckbox1326: doesn't show hand 
*** SUMMARY ***
Total pot $7.60 | Rake $0.38 
Board [Jh 7s As]
Seat 1: Mahu2021 (button) folded on the Flop
Seat 2: archy40 (small blind) folded on the Flop
Seat 3: Superiorrrr (big blind) folded before Flop
Seat 4: I_muck_smuck folded before Flop (didn't bet)
Seat 5: WanttobeGus folded before Flop (didn't bet)
Seat 6: Luckbox1326 collected ($7.22)



PokerStars Zoom Hand #255722516933:  Hold'em No Limit ($0.50/$1.00) - 2025/04/13 22:47:02 CET [2025/04/13 16:47:02 ET]
Table 'Triangulum' 6-max Seat #1 is the button
Seat 1: phjuninho ($115.21 in chips) 
Seat 2: Fang759 ($69.45 in chips) 
Seat 3: Mahu2021 ($68.50 in chips) 
Seat 4: Attil0r ($125.17 in chips) 
Seat 5: dzemeruk ($73.64 in chips) 
Seat 6: strikeluca22 ($51.38 in chips) 
Fang759: posts small blind $0.50
Mahu2021: posts big blind $1
*** HOLE CARDS ***
Dealt to Mahu2021 [Qs Ts]
Attil0r: raises $2 to $3
dzemeruk: folds 
strikeluca22: calls $3
phjuninho: folds 
Fang759: calls $2.50
Mahu2021: calls $2
*** FLOP *** [6d Jh Ac]
Fang759: checks 
Mahu2021: checks 
Attil0r: checks 
strikeluca22: checks 
*** TURN *** [6d Jh Ac] [9h]
Fang759: checks 
Mahu2021: bets $3
Attil0r: calls $3
strikeluca22: calls $3
Fang759: calls $3
*** RIVER *** [6d Jh Ac 9h] [5h]
Fang759: checks 
Mahu2021: checks 
Attil0r: checks 
strikeluca22: checks 
*** SHOW DOWN ***
Fang759: shows [Js Qh] (a pair of Jacks)
Mahu2021: mucks hand 
Attil0r: mucks hand 
strikeluca22: shows [Tc As] (a pair of Aces)
strikeluca22 collected $22.80 from pot
*** SUMMARY ***
Total pot $24 | Rake $1.20 
Board [6d Jh Ac 9h 5h]
Seat 1: phjuninho (button) folded before Flop (didn't bet)
Seat 2: Fang759 (small blind) showed [Js Qh] and lost with a pair of Jacks
Seat 3: Mahu2021 (big blind) mucked [Qs Ts]
Seat 4: Attil0r mucked [Td Qd]
Seat 5: dzemeruk folded before Flop (didn't bet)
Seat 6: strikeluca22 showed [Tc As] and won ($22.80) with a pair of Aces



PokerStars Zoom Hand #255722547145:  Hold'em No Limit ($0.50/$1.00) - 2025/04/13 22:48:35 CET [2025/04/13 16:48:35 ET]
Table 'Triangulum' 6-max Seat #1 is the button
Seat 1: strikeluca22 ($68.18 in chips) 
Seat 2: EternalEnd ($267.95 in chips) 
Seat 3: Attil0r ($119.17 in chips) 
Seat 4: Mahu2021 ($62.50 in chips) 
Seat 5: Fang759 ($63.45 in chips) 
Seat 6: tavinel ($73.93 in chips) 
EternalEnd: posts small blind $0.50
Attil0r: posts big blind $1
*** HOLE CARDS ***
Dealt to Mahu2021 [4h Qh]
Mahu2021: folds 
Fang759: calls $1
tavinel: folds 
strikeluca22: folds 
EternalEnd: folds 
Attil0r: checks 
*** FLOP *** [2s 7h Jh]
Attil0r: checks 
Fang759: bets $1.19
Attil0r: folds 
Uncalled bet ($1.19) returned to Fang759
Fang759 collected $2.38 from pot
Fang759: doesn't show hand 
*** SUMMARY ***
Total pot $2.50 | Rake $0.12 
Board [2s 7h Jh]
Seat 1: strikeluca22 (button) folded before Flop (didn't bet)
Seat 2: EternalEnd (small blind) folded before Flop
Seat 3: Attil0r (big blind) folded on the Flop
Seat 4: Mahu2021 folded before Flop (didn't bet)
Seat 5: Fang759 collected ($2.38)
Seat 6: tavinel folded before Flop (didn't bet)



PokerStars Zoom Hand #255722550504:  Hold'em No Limit ($0.50/$1.00) - 2025/04/13 22:48:46 CET [2025/04/13 16:48:46 ET]
Table 'Triangulum' 6-max Seat #1 is the button
Seat 1: Mahu2021 ($62 in chips) 
Seat 2: dzemeruk ($85.34 in chips) 
Seat 3: båtjonas ($112.78 in chips) 
Seat 4: teo692011 ($44.86 in chips) 
Seat 5: EternalEnd ($267.45 in chips) 
Seat 6: IC1MALE ($290.22 in chips) 
dzemeruk: posts small blind $0.50
båtjonas: posts big blind $1
*** HOLE CARDS ***
Dealt to Mahu2021 [Ts Jc]
teo692011: folds 
EternalEnd: folds 
IC1MALE: folds 
Mahu2021: raises $1 to $2
dzemeruk: folds 
båtjonas: calls $1
*** FLOP *** [2s Ad 6h]
båtjonas: checks 
Mahu2021: bets $3
båtjonas: calls $3
*** TURN *** [2s Ad 6h] [3c]
båtjonas: checks 
Mahu2021: checks 
*** RIVER *** [2s Ad 6h 3c] [5h]
båtjonas: checks 
Mahu2021: checks 
*** SHOW DOWN ***
båtjonas: shows [8d 8c] (a pair of Eights)
Mahu2021: mucks hand 
båtjonas collected $9.98 from pot
*** SUMMARY ***
Total pot $10.50 | Rake $0.52 
Board [2s Ad 6h 3c 5h]
Seat 1: Mahu2021 (button) mucked [Ts Jc]
Seat 2: dzemeruk (small blind) folded before Flop
Seat 3: båtjonas (big blind) showed [8d 8c] and won ($9.98) with a pair of Eights
Seat 4: teo692011 folded before Flop (didn't bet)
Seat 5: EternalEnd folded before Flop (didn't bet)
Seat 6: IC1MALE folded before Flop (didn't bet)



PokerStars Zoom Hand #255722561188:  Hold'em No Limit ($0.50/$1.00) - 2025/04/13 22:49:19 CET [2025/04/13 16:49:19 ET]
Table 'Triangulum' 6-max Seat #1 is the button
Seat 1: Attil0r ($119.17 in chips) 
Seat 2: I_muck_smuck ($100 in chips) 
Seat 3: nextlevel08 ($105 in chips) 
Seat 4: Noikul ($125.20 in chips) 
Seat 5: båtjonas ($117.76 in chips) 
Seat 6: Mahu2021 ($57 in chips) 
I_muck_smuck: posts small blind $0.50
nextlevel08: posts big blind $1
*** HOLE CARDS ***
Dealt to Mahu2021 [5s 6s]
Noikul: folds 
båtjonas: folds 
Mahu2021: raises $1 to $2
Attil0r: folds 
I_muck_smuck: folds 
nextlevel08: folds 
Uncalled bet ($1) returned to Mahu2021
Mahu2021 collected $2.50 from pot
Mahu2021: doesn't show hand 
*** SUMMARY ***
Total pot $2.50 | Rake $0 
Seat 1: Attil0r (button) folded before Flop (didn't bet)
Seat 2: I_muck_smuck (small blind) folded before Flop
Seat 3: nextlevel08 (big blind) folded before Flop
Seat 4: Noikul folded before Flop (didn't bet)
Seat 5: båtjonas folded before Flop (didn't bet)
Seat 6: Mahu2021 collected ($2.50)



PokerStars Zoom Hand #255722549150:  Hold'em No Limit ($0.50/$1.00) - 2025/04/13 22:48:42 CET [2025/04/13 16:48:42 ET]
Table 'Triangulum' 6-max Seat #1 is the button
Seat 1: KQ69 ($110.30 in chips) 
Seat 2: Mahu2021 ($62.50 in chips) 
Seat 3: Jona86-26 ($85.18 in chips) 
Seat 4: tavinel ($73.93 in chips) 
Seat 5: EdgarYY ($105.37 in chips) 
Seat 6: båtjonas ($112.78 in chips) 
Mahu2021: posts small blind $0.50
Jona86-26: posts big blind $1
*** HOLE CARDS ***
Dealt to Mahu2021 [Qs 8d]
tavinel: folds 
EdgarYY: folds 
båtjonas: folds 
KQ69: raises $2 to $3
Mahu2021: folds 
Jona86-26: calls $2
*** FLOP *** [4h 5s 2s]
Jona86-26: checks 
KQ69: checks 
*** TURN *** [4h 5s 2s] [Kh]
Jona86-26: checks 
KQ69: checks 
*** RIVER *** [4h 5s 2s Kh] [8c]
Jona86-26: bets $3
KQ69: folds 
Uncalled bet ($3) returned to Jona86-26
Jona86-26 collected $6.18 from pot
Jona86-26: doesn't show hand 
*** SUMMARY ***
Total pot $6.50 | Rake $0.32 
Board [4h 5s 2s Kh 8c]
Seat 1: KQ69 (button) folded on the River
Seat 2: Mahu2021 (small blind) folded before Flop
Seat 3: Jona86-26 (big blind) collected ($6.18)
Seat 4: tavinel folded before Flop (didn't bet)
Seat 5: EdgarYY folded before Flop (didn't bet)
Seat 6: båtjonas folded before Flop (didn't bet)



PokerStars Zoom Hand #255722566348:  Hold'em No Limit ($0.50/$1.00) - 2025/04/13 22:49:35 CET [2025/04/13 16:49:35 ET]
Table 'Triangulum' 6-max Seat #1 is the button
Seat 1: KQ69 ($130.38 in chips) 
Seat 2: Superiorrrr ($380.49 in chips) 
Seat 3: I_muck_smuck ($100 in chips) 
Seat 4: Mahu2021 ($58.50 in chips) 
Seat 5: Luckbox1326 ($139 in chips) 
Seat 6: nextlevel08 ($100 in chips) 
Superiorrrr: posts small blind $0.50
I_muck_smuck: posts big blind $1
*** HOLE CARDS ***
Dealt to Mahu2021 [Qc Jh]
Mahu2021: folds 
Luckbox1326: folds 
nextlevel08: folds 
KQ69: folds 
Superiorrrr: folds 
Uncalled bet ($0.50) returned to I_muck_smuck
I_muck_smuck collected $1 from pot
I_muck_smuck: doesn't show hand 
*** SUMMARY ***
Total pot $1 | Rake $0 
Seat 1: KQ69 (button) folded before Flop (didn't bet)
Seat 2: Superiorrrr (small blind) folded before Flop
Seat 3: I_muck_smuck (big blind) collected ($1)
Seat 4: Mahu2021 folded before Flop (didn't bet)
Seat 5: Luckbox1326 folded before Flop (didn't bet)
Seat 6: nextlevel08 folded before Flop (didn't bet)



PokerStars Zoom Hand #255722564980:  Hold'em No Limit ($0.50/$1.00) - 2025/04/13 22:49:31 CET [2025/04/13 16:49:31 ET]
Table 'Triangulum' 6-max Seat #1 is the button
Seat 1: tavinel ($79.39 in chips) 
Seat 2: EternalEnd ($152.41 in chips) 
Seat 3: Stepooo ($136.14 in chips) 
Seat 4: REFEREE7777 ($111.44 in chips) 
Seat 5: EdgarYY ($115.43 in chips) 
Seat 6: Mahu2021 ($58.50 in chips) 
EternalEnd: posts small blind $0.50
Stepooo: posts big blind $1
*** HOLE CARDS ***
Dealt to Mahu2021 [Jh 2c]
REFEREE7777: folds 
EdgarYY: folds 
Mahu2021: folds 
tavinel: folds 
EternalEnd: raises $2 to $3
Stepooo: folds 
Uncalled bet ($2) returned to EternalEnd
EternalEnd collected $2 from pot
EternalEnd: doesn't show hand 
*** SUMMARY ***
Total pot $2 | Rake $0 
Seat 1: tavinel (button) folded before Flop (didn't bet)
Seat 2: EternalEnd (small blind) collected ($2)
Seat 3: Stepooo (big blind) folded before Flop
Seat 4: REFEREE7777 folded before Flop (didn't bet)
Seat 5: EdgarYY folded before Flop (didn't bet)
Seat 6: Mahu2021 folded before Flop (didn't bet)



PokerStars Zoom Hand #255722568640:  Hold'em No Limit ($0.50/$1.00) - 2025/04/13 22:49:42 CET [2025/04/13 16:49:42 ET]
Table 'Triangulum' 6-max Seat #1 is the button
Seat 1: Noikul ($123.70 in chips) 
Seat 2: Luckbox1326 ($100 in chips) 
Seat 3: Marcoasdf ($100 in chips) 
Seat 4: KQ69 ($107.30 in chips) 
Seat 5: Mahu2021 ($58.50 in chips) 
Seat 6: Attil0r ($119.67 in chips) 
Luckbox1326: posts small blind $0.50
Marcoasdf: posts big blind $1
*** HOLE CARDS ***
Dealt to Mahu2021 [9h 6s]
KQ69: raises $1 to $2
Mahu2021: folds 
Attil0r: folds 
Noikul: folds 
Luckbox1326: folds 
Marcoasdf: folds 
Uncalled bet ($1) returned to KQ69
KQ69 collected $2.50 from pot
KQ69: doesn't show hand 
*** SUMMARY ***
Total pot $2.50 | Rake $0 
Seat 1: Noikul (button) folded before Flop (didn't bet)
Seat 2: Luckbox1326 (small blind) folded before Flop
Seat 3: Marcoasdf (big blind) folded before Flop
Seat 4: KQ69 collected ($2.50)
Seat 5: Mahu2021 folded before Flop (didn't bet)
Seat 6: Attil0r folded before Flop (didn't bet)



PokerStars Zoom Hand #255722569701:  Hold'em No Limit ($0.50/$1.00) - 2025/04/13 22:49:46 CET [2025/04/13 16:49:46 ET]
Table 'Triangulum' 6-max Seat #1 is the button
Seat 1: I_muck_smuck ($108 in chips) 
Seat 2: KQ69 ($130.38 in chips) 
Seat 3: Mahu2021 ($58.50 in chips) 
Seat 4: Jona86-26 ($135.98 in chips) 
Seat 5: nextlevel08 ($100 in chips) 
Seat 6: IC1MALE ($236.37 in chips) 
KQ69: posts small blind $0.50
Mahu2021: posts big blind $1
*** HOLE CARDS ***
Dealt to Mahu2021 [5s 3s]
Jona86-26: folds 
nextlevel08: raises $1.50 to $2.50
IC1MALE: folds 
I_muck_smuck: folds 
KQ69: folds 
Mahu2021: folds 
Uncalled bet ($1.50) returned to nextlevel08
nextlevel08 collected $2.50 from pot
nextlevel08: doesn't show hand 
*** SUMMARY ***
Total pot $2.50 | Rake $0 
Seat 1: I_muck_smuck (button) folded before Flop (didn't bet)
Seat 2: KQ69 (small blind) folded before Flop
Seat 3: Mahu2021 (big blind) folded before Flop
Seat 4: Jona86-26 folded before Flop (didn't bet)
Seat 5: nextlevel08 collected ($2.50)
Seat 6: IC1MALE folded before Flop (didn't bet)



PokerStars Zoom Hand #255722573937:  Hold'em No Limit ($0.50/$1.00) - 2025/04/13 22:49:59 CET [2025/04/13 16:49:59 ET]
Table 'Triangulum' 6-max Seat #1 is the button
Seat 1: I_muck_smuck ($100.50 in chips) 
Seat 2: Mahu2021 ($57.50 in chips) 
Seat 3: Luckbox1326 ($107.90 in chips) 
Seat 4: Rory8 ($60.47 in chips) 
Seat 5: KQ69 ($100 in chips) 
Seat 6: Superiorrrr ($378.99 in chips) 
Mahu2021: posts small blind $0.50
Luckbox1326: posts big blind $1
*** HOLE CARDS ***
Dealt to Mahu2021 [7d Ks]
Rory8: folds 
KQ69: folds 
Superiorrrr: raises $1.30 to $2.30
I_muck_smuck: folds 
Mahu2021: folds 
Luckbox1326: folds 
Uncalled bet ($1.30) returned to Superiorrrr
Superiorrrr collected $2.50 from pot
Superiorrrr: doesn't show hand 
*** SUMMARY ***
Total pot $2.50 | Rake $0 
Seat 1: I_muck_smuck (button) folded before Flop (didn't bet)
Seat 2: Mahu2021 (small blind) folded before Flop
Seat 3: Luckbox1326 (big blind) folded before Flop
Seat 4: Rory8 folded before Flop (didn't bet)
Seat 5: KQ69 folded before Flop (didn't bet)
Seat 6: Superiorrrr collected ($2.50)



PokerStars Zoom Hand #255722575286:  Hold'em No Limit ($0.50/$1.00) - 2025/04/13 22:50:03 CET [2025/04/13 16:50:03 ET]
Table 'Triangulum' 6-max Seat #1 is the button
Seat 1: Mahu2021 ($57 in chips) 
Seat 2: I_muck_smuck ($100.50 in chips) 
Seat 3: Rory8 ($60.47 in chips) 
Seat 4: Jona86-26 ($123.76 in chips) 
Seat 5: strikeluca22 ($132.86 in chips) 
Seat 6: Marcoasdf ($100 in chips) 
I_muck_smuck: posts small blind $0.50
Rory8: posts big blind $1
*** HOLE CARDS ***
Dealt to Mahu2021 [8c As]
Jona86-26: folds 
strikeluca22 is disconnected 
strikeluca22 has timed out while disconnected
strikeluca22: folds 
Marcoasdf: raises $1.30 to $2.30
Mahu2021: folds 
I_muck_smuck: folds 
Rory8: folds 
Uncalled bet ($1.30) returned to Marcoasdf
Marcoasdf collected $2.50 from pot
Marcoasdf: doesn't show hand 
*** SUMMARY ***
Total pot $2.50 | Rake $0 
Seat 1: Mahu2021 (button) folded before Flop (didn't bet)
Seat 2: I_muck_smuck (small blind) folded before Flop
Seat 3: Rory8 (big blind) folded before Flop
Seat 4: Jona86-26 folded before Flop (didn't bet)
Seat 5: strikeluca22 folded before Flop (didn't bet)
Seat 6: Marcoasdf collected ($2.50)



PokerStars Zoom Hand #255722578580:  Hold'em No Limit ($0.50/$1.00) - 2025/04/13 22:50:14 CET [2025/04/13 16:50:14 ET]
Table 'Triangulum' 6-max Seat #1 is the button
Seat 1: Luckbox1326 ($100 in chips) 
Seat 2: nextlevel08 ($101.50 in chips) 
Seat 3: KQ69 ($100 in chips) 
Seat 4: Mahu2021 ($57 in chips) 
Seat 5: EternalEnd ($243.64 in chips) 
Seat 6: EdgarYY ($108.89 in chips) 
nextlevel08: posts small blind $0.50
KQ69: posts big blind $1
*** HOLE CARDS ***
Dealt to Mahu2021 [Ks Kh]
Mahu2021: raises $1 to $2
EternalEnd: folds 
EdgarYY: folds 
Luckbox1326: folds 
nextlevel08: folds 
KQ69: folds 
Uncalled bet ($1) returned to Mahu2021
Mahu2021 collected $2.50 from pot
Mahu2021: doesn't show hand 
*** SUMMARY ***
Total pot $2.50 | Rake $0 
Seat 1: Luckbox1326 (button) folded before Flop (didn't bet)
Seat 2: nextlevel08 (small blind) folded before Flop
Seat 3: KQ69 (big blind) folded before Flop
Seat 4: Mahu2021 collected ($2.50)
Seat 5: EternalEnd folded before Flop (didn't bet)
Seat 6: EdgarYY folded before Flop (didn't bet)



PokerStars Zoom Hand #255722582893:  Hold'em No Limit ($0.50/$1.00) - 2025/04/13 22:50:27 CET [2025/04/13 16:50:27 ET]
Table 'Triangulum' 6-max Seat #1 is the button
Seat 1: phjuninho ($110.68 in chips) 
Seat 2: vadjkeee ($153.50 in chips) 
Seat 3: dzemeruk ($139.02 in chips) 
Seat 4: Mahu2021 ($58.50 in chips) 
Seat 5: EdgarYY ($127.01 in chips) 
Seat 6: KerciRahyi ($108.45 in chips) 
vadjkeee: posts small blind $0.50
dzemeruk: posts big blind $1
*** HOLE CARDS ***
Dealt to Mahu2021 [7c Js]
Mahu2021: folds 
EdgarYY: folds 
KerciRahyi: folds 
phjuninho: folds 
vadjkeee: folds 
Uncalled bet ($0.50) returned to dzemeruk
dzemeruk collected $1 from pot
dzemeruk: doesn't show hand 
*** SUMMARY ***
Total pot $1 | Rake $0 
Seat 1: phjuninho (button) folded before Flop (didn't bet)
Seat 2: vadjkeee (small blind) folded before Flop
Seat 3: dzemeruk (big blind) collected ($1)
Seat 4: Mahu2021 folded before Flop (didn't bet)
Seat 5: EdgarYY folded before Flop (didn't bet)
Seat 6: KerciRahyi folded before Flop (didn't bet)



PokerStars Zoom Hand #255722583959:  Hold'em No Limit ($0.50/$1.00) - 2025/04/13 22:50:31 CET [2025/04/13 16:50:31 ET]
Table 'Triangulum' 6-max Seat #1 is the button
Seat 1: Stepooo ($135.14 in chips) 
Seat 2: I_muck_smuck ($108.50 in chips) 
Seat 3: Mahu2021 ($58.50 in chips) 
Seat 4: JicaTa321 ($188.24 in chips) 
Seat 5: KQ69 ($100 in chips) 
Seat 6: BiGedd9000 ($142.78 in chips) 
I_muck_smuck: posts small blind $0.50
Mahu2021: posts big blind $1
*** HOLE CARDS ***
Dealt to Mahu2021 [7s 9s]
JicaTa321: folds 
KQ69: folds 
BiGedd9000: folds 
Stepooo: folds 
I_muck_smuck: raises $1.55 to $2.55
Mahu2021: calls $1.55
*** FLOP *** [2d Qd 5s]
I_muck_smuck: bets $2.57
Mahu2021: folds 
Uncalled bet ($2.57) returned to I_muck_smuck
I_muck_smuck collected $4.84 from pot
I_muck_smuck: doesn't show hand 
*** SUMMARY ***
Total pot $5.10 | Rake $0.26 
Board [2d Qd 5s]
Seat 1: Stepooo (button) folded before Flop (didn't bet)
Seat 2: I_muck_smuck (small blind) collected ($4.84)
Seat 3: Mahu2021 (big blind) folded on the Flop
Seat 4: JicaTa321 folded before Flop (didn't bet)
Seat 5: KQ69 folded before Flop (didn't bet)
Seat 6: BiGedd9000 folded before Flop (didn't bet)



PokerStars Zoom Hand #255722590292:  Hold'em No Limit ($0.50/$1.00) - 2025/04/13 22:50:50 CET [2025/04/13 16:50:50 ET]
Table 'Triangulum' 6-max Seat #1 is the button
Seat 1: I_muck_smuck ($110.79 in chips) 
Seat 2: Fliese023 ($121.73 in chips) 
Seat 3: båtjonas ($100 in chips) 
Seat 4: Superiorrrr ($331.67 in chips) 
Seat 5: Mahu2021 ($55.95 in chips) 
Seat 6: JicaTa321 ($100 in chips) 
Fliese023: posts small blind $0.50
båtjonas: posts big blind $1
*** HOLE CARDS ***
Dealt to Mahu2021 [Qh 4c]
Superiorrrr: folds 
Mahu2021: folds 
JicaTa321: folds 
I_muck_smuck: raises $1.55 to $2.55
Fliese023: folds 
båtjonas: folds 
Uncalled bet ($1.55) returned to I_muck_smuck
I_muck_smuck collected $2.50 from pot
I_muck_smuck: doesn't show hand 
*** SUMMARY ***
Total pot $2.50 | Rake $0 
Seat 1: I_muck_smuck (button) collected ($2.50)
Seat 2: Fliese023 (small blind) folded before Flop
Seat 3: båtjonas (big blind) folded before Flop
Seat 4: Superiorrrr folded before Flop (didn't bet)
Seat 5: Mahu2021 folded before Flop (didn't bet)
Seat 6: JicaTa321 folded before Flop (didn't bet)



PokerStars Zoom Hand #255722592517:  Hold'em No Limit ($0.50/$1.00) - 2025/04/13 22:50:57 CET [2025/04/13 16:50:57 ET]
Table 'Triangulum' 6-max Seat #1 is the button
Seat 1: Fang759 ($51.33 in chips) 
Seat 2: Mahu2021 ($55.95 in chips) 
Seat 3: IC1MALE ($311.17 in chips) 
Seat 4: Leiteboss1989 ($55.13 in chips) 
Seat 5: Cuca Moruca ($101.50 in chips) 
Seat 6: Rory8 ($60.47 in chips) 
Mahu2021: posts small blind $0.50
IC1MALE: posts big blind $1
*** HOLE CARDS ***
Dealt to Mahu2021 [Ah 5d]
Leiteboss1989: folds 
Cuca Moruca: folds 
Rory8: folds 
Fang759: folds 
Mahu2021: folds 
Uncalled bet ($0.50) returned to IC1MALE
IC1MALE collected $1 from pot
IC1MALE: doesn't show hand 
*** SUMMARY ***
Total pot $1 | Rake $0 
Seat 1: Fang759 (button) folded before Flop (didn't bet)
Seat 2: Mahu2021 (small blind) folded before Flop
Seat 3: IC1MALE (big blind) collected ($1)
Seat 4: Leiteboss1989 folded before Flop (didn't bet)
Seat 5: Cuca Moruca folded before Flop (didn't bet)
Seat 6: Rory8 folded before Flop (didn't bet)



PokerStars Zoom Hand #255722595749:  Hold'em No Limit ($0.50/$1.00) - 2025/04/13 22:51:08 CET [2025/04/13 16:51:08 ET]
Table 'Triangulum' 6-max Seat #1 is the button
Seat 1: Stepooo ($133.64 in chips) 
Seat 2: Luckbox1326 ($108.40 in chips) 
Seat 3: I_muck_smuck ($112.29 in chips) 
Seat 4: EternalEnd ($161.41 in chips) 
Seat 5: BiGedd9000 ($141.28 in chips) 
Seat 6: Mahu2021 ($55.45 in chips) 
Luckbox1326: posts small blind $0.50
I_muck_smuck: posts big blind $1
*** HOLE CARDS ***
Dealt to Mahu2021 [9h 7d]
EternalEnd: raises $1.20 to $2.20
BiGedd9000: folds 
Mahu2021: folds 
Stepooo: folds 
Luckbox1326: folds 
I_muck_smuck: folds 
Uncalled bet ($1.20) returned to EternalEnd
EternalEnd collected $2.50 from pot
EternalEnd: doesn't show hand 
*** SUMMARY ***
Total pot $2.50 | Rake $0 
Seat 1: Stepooo (button) folded before Flop (didn't bet)
Seat 2: Luckbox1326 (small blind) folded before Flop
Seat 3: I_muck_smuck (big blind) folded before Flop
Seat 4: EternalEnd collected ($2.50)
Seat 5: BiGedd9000 folded before Flop (didn't bet)
Seat 6: Mahu2021 folded before Flop (didn't bet)



PokerStars Zoom Hand #255722597657:  Hold'em No Limit ($0.50/$1.00) - 2025/04/13 22:51:13 CET [2025/04/13 16:51:13 ET]
Table 'Triangulum' 6-max Seat #1 is the button
Seat 1: BiGedd9000 ($141.28 in chips) 
Seat 2: nextlevel08 ($100 in chips) 
Seat 3: Luckbox1326 ($129.67 in chips) 
Seat 4: Mahu2021 ($55.45 in chips) 
Seat 5: KQ69 ($101 in chips) 
Seat 6: REFEREE7777 ($74.60 in chips) 
nextlevel08: posts small blind $0.50
Luckbox1326: posts big blind $1
*** HOLE CARDS ***
Dealt to Mahu2021 [7s 8s]
Mahu2021: folds 
KQ69: raises $1 to $2
REFEREE7777: raises $1 to $3
BiGedd9000: folds 
nextlevel08: folds 
Luckbox1326: folds 
KQ69: calls $1
*** FLOP *** [Kh 7h Jh]
KQ69: checks 
REFEREE7777: bets $3.56
KQ69: calls $3.56
*** TURN *** [Kh 7h Jh] [3s]
KQ69: checks 
REFEREE7777: checks 
*** RIVER *** [Kh 7h Jh 3s] [Jd]
KQ69: checks 
REFEREE7777: checks 
*** SHOW DOWN ***
KQ69: shows [Kd Qc] (two pair, Kings and Jacks)
REFEREE7777: mucks hand 
KQ69 collected $13.89 from pot
*** SUMMARY ***
Total pot $14.62 | Rake $0.73 
Board [Kh 7h Jh 3s Jd]
Seat 1: BiGedd9000 (button) folded before Flop (didn't bet)
Seat 2: nextlevel08 (small blind) folded before Flop
Seat 3: Luckbox1326 (big blind) folded before Flop
Seat 4: Mahu2021 folded before Flop (didn't bet)
Seat 5: KQ69 showed [Kd Qc] and won ($13.89) with two pair, Kings and Jacks
Seat 6: REFEREE7777 mucked [Ts 9c]



PokerStars Zoom Hand #255722599067:  Hold'em No Limit ($0.50/$1.00) - 2025/04/13 22:51:18 CET [2025/04/13 16:51:18 ET]
Table 'Triangulum' 6-max Seat #1 is the button
Seat 1: Mahu2021 ($55.45 in chips) 
Seat 2: KQ69 ($101.50 in chips) 
Seat 3: Rory8 ($60.47 in chips) 
Seat 4: Noikul ($113.20 in chips) 
Seat 5: Y_19 ($100 in chips) 
Seat 6: WanttobeGus ($133.88 in chips) 
KQ69: posts small blind $0.50
Rory8: posts big blind $1
*** HOLE CARDS ***
Dealt to Mahu2021 [Jc Tc]
Noikul: folds 
Y_19: raises $1.23 to $2.23
WanttobeGus: folds 
Mahu2021: calls $2.23
KQ69: folds 
Rory8: calls $1.23
*** FLOP *** [Qs Kd 2h]
Rory8: checks 
Y_19: bets $2.25
Mahu2021: calls $2.25
Rory8: calls $2.25
*** TURN *** [Qs Kd 2h] [Jd]
Rory8: checks 
Y_19: checks 
Mahu2021: checks 
*** RIVER *** [Qs Kd 2h Jd] [7s]
Rory8: bets $7.31
Y_19: folds 
Mahu2021: folds 
Uncalled bet ($7.31) returned to Rory8
Rory8 collected $13.24 from pot
Rory8: doesn't show hand 
*** SUMMARY ***
Total pot $13.94 | Rake $0.70 
Board [Qs Kd 2h Jd 7s]
Seat 1: Mahu2021 (button) folded on the River
Seat 2: KQ69 (small blind) folded before Flop
Seat 3: Rory8 (big blind) collected ($13.24)
Seat 4: Noikul folded before Flop (didn't bet)
Seat 5: Y_19 folded on the River
Seat 6: WanttobeGus folded before Flop (didn't bet)



PokerStars Zoom Hand #255722621731:  Hold'em No Limit ($0.50/$1.00) - 2025/04/13 22:52:29 CET [2025/04/13 16:52:29 ET]
Table 'Triangulum' 6-max Seat #1 is the button
Seat 1: Savanahhh ($117.35 in chips) 
Seat 2: KQ69 ($100 in chips) 
Seat 3: Mahu2021 ($50.97 in chips) 
Seat 4: Fang759 ($44.85 in chips) 
Seat 5: Superiorrrr ($100 in chips) 
Seat 6: LaPhenomene ($31.01 in chips) 
KQ69: posts small blind $0.50
Mahu2021: posts big blind $1
*** HOLE CARDS ***
Dealt to Mahu2021 [8d 5h]
Fang759: folds 
Superiorrrr: folds 
LaPhenomene: folds 
Savanahhh: folds 
KQ69: raises $2 to $3
Mahu2021: folds 
Uncalled bet ($2) returned to KQ69
KQ69 collected $2 from pot
KQ69: doesn't show hand 
*** SUMMARY ***
Total pot $2 | Rake $0 
Seat 1: Savanahhh (button) folded before Flop (didn't bet)
Seat 2: KQ69 (small blind) collected ($2)
Seat 3: Mahu2021 (big blind) folded before Flop
Seat 4: Fang759 folded before Flop (didn't bet)
Seat 5: Superiorrrr folded before Flop (didn't bet)
Seat 6: LaPhenomene folded before Flop (didn't bet)



PokerStars Zoom Hand #255722630028:  Hold'em No Limit ($0.50/$1.00) - 2025/04/13 22:52:55 CET [2025/04/13 16:52:55 ET]
Table 'Triangulum' 6-max Seat #1 is the button
Seat 1: Attil0r ($224.12 in chips) 
Seat 2: Rounder19852 ($99 in chips) 
Seat 3: Mahu2021 ($49.97 in chips) 
Seat 4: vadjkeee ($158.98 in chips) 
Seat 5: dzemeruk ($86.82 in chips) 
Seat 6: I_muck_smuck ($105.11 in chips) 
Rounder19852: posts small blind $0.50
Mahu2021: posts big blind $1
*** HOLE CARDS ***
Dealt to Mahu2021 [5h Qs]
vadjkeee: folds 
dzemeruk: folds 
I_muck_smuck: folds 
Attil0r: raises $2 to $3
Rounder19852: folds 
Mahu2021: folds 
Uncalled bet ($2) returned to Attil0r
Attil0r collected $2.50 from pot
Attil0r: doesn't show hand 
*** SUMMARY ***
Total pot $2.50 | Rake $0 
Seat 1: Attil0r (button) collected ($2.50)
Seat 2: Rounder19852 (small blind) folded before Flop
Seat 3: Mahu2021 (big blind) folded before Flop
Seat 4: vadjkeee folded before Flop (didn't bet)
Seat 5: dzemeruk folded before Flop (didn't bet)
Seat 6: I_muck_smuck folded before Flop (didn't bet)



PokerStars Zoom Hand #255722626470:  Hold'em No Limit ($0.50/$1.00) - 2025/04/13 22:52:44 CET [2025/04/13 16:52:44 ET]
Table 'Triangulum' 6-max Seat #1 is the button
Seat 1: Luckbox1326 ($107.64 in chips) 
Seat 2: MrJD1943 ($54.74 in chips) 
Seat 3: Jacky456 ($94.76 in chips) 
Seat 4: Cuca Moruca ($100.50 in chips) 
Seat 5: KerciRahyi ($106.57 in chips) 
Seat 6: Mahu2021 ($49.97 in chips) 
MrJD1943: posts small blind $0.50
Jacky456: posts big blind $1
*** HOLE CARDS ***
Dealt to Mahu2021 [Kc 8d]
Cuca Moruca: folds 
KerciRahyi: folds 
Mahu2021: folds 
Luckbox1326: folds 
MrJD1943: raises $1 to $2
Jacky456: folds 
Uncalled bet ($1) returned to MrJD1943
MrJD1943 collected $2 from pot
MrJD1943: doesn't show hand 
*** SUMMARY ***
Total pot $2 | Rake $0 
Seat 1: Luckbox1326 (button) folded before Flop (didn't bet)
Seat 2: MrJD1943 (small blind) collected ($2)
Seat 3: Jacky456 (big blind) folded before Flop
Seat 4: Cuca Moruca folded before Flop (didn't bet)
Seat 5: KerciRahyi folded before Flop (didn't bet)
Seat 6: Mahu2021 folded before Flop (didn't bet)



PokerStars Zoom Hand #255722628103:  Hold'em No Limit ($0.50/$1.00) - 2025/04/13 22:52:49 CET [2025/04/13 16:52:49 ET]
Table 'Triangulum' 6-max Seat #1 is the button
Seat 1: dzemeruk ($83.24 in chips) 
Seat 2: Luckbox1326 ($102.46 in chips) 
Seat 3: phjuninho ($112.49 in chips) 
Seat 4: WanttobeGus ($131.68 in chips) 
Seat 5: Mahu2021 ($49.97 in chips) 
Seat 6: Rory8 ($68.73 in chips) 
Luckbox1326: posts small blind $0.50
phjuninho: posts big blind $1
*** HOLE CARDS ***
Dealt to Mahu2021 [Kc 8h]
WanttobeGus: folds 
Mahu2021: folds 
Rory8: raises $1.50 to $2.50
dzemeruk: raises $4.50 to $7
Luckbox1326: folds 
phjuninho: folds 
Rory8: folds 
Uncalled bet ($4.50) returned to dzemeruk
dzemeruk collected $6.50 from pot
dzemeruk: doesn't show hand 
*** SUMMARY ***
Total pot $6.50 | Rake $0 
Seat 1: dzemeruk (button) collected ($6.50)
Seat 2: Luckbox1326 (small blind) folded before Flop
Seat 3: phjuninho (big blind) folded before Flop
Seat 4: WanttobeGus folded before Flop (didn't bet)
Seat 5: Mahu2021 folded before Flop (didn't bet)
Seat 6: Rory8 folded before Flop



PokerStars Zoom Hand #255722634316:  Hold'em No Limit ($0.50/$1.00) - 2025/04/13 22:53:08 CET [2025/04/13 16:53:08 ET]
Table 'Triangulum' 6-max Seat #1 is the button
Seat 1: Mahu2021 ($48.47 in chips) 
Seat 2: IC1MALE ($228.65 in chips) 
Seat 3: KQ69 ($106.51 in chips) 
Seat 4: MrJD1943 ($55.74 in chips) 
Seat 5: Y_19 ($100 in chips) 
Seat 6: EdgarYY ($124.99 in chips) 
IC1MALE: posts small blind $0.50
KQ69: posts big blind $1
*** HOLE CARDS ***
Dealt to Mahu2021 [8h 8c]
MrJD1943: folds 
Y_19: folds 
EdgarYY: raises $1.20 to $2.20
Mahu2021: calls $2.20
IC1MALE: folds 
KQ69: folds 
*** FLOP *** [4d 5c Ac]
EdgarYY: checks 
Mahu2021: bets $3
EdgarYY: folds 
Uncalled bet ($3) returned to Mahu2021
Mahu2021 collected $5.60 from pot
Mahu2021: doesn't show hand 
*** SUMMARY ***
Total pot $5.90 | Rake $0.30 
Board [4d 5c Ac]
Seat 1: Mahu2021 (button) collected ($5.60)
Seat 2: IC1MALE (small blind) folded before Flop
Seat 3: KQ69 (big blind) folded before Flop
Seat 4: MrJD1943 folded before Flop (didn't bet)
Seat 5: Y_19 folded before Flop (didn't bet)
Seat 6: EdgarYY folded on the Flop



PokerStars Zoom Hand #255722633220:  Hold'em No Limit ($0.50/$1.00) - 2025/04/13 22:53:05 CET [2025/04/13 16:53:05 ET]
Table 'Triangulum' 6-max Seat #1 is the button
Seat 1: vadjkeee ($158.98 in chips) 
Seat 2: Mahu2021 ($48.97 in chips) 
Seat 3: REFEREE7777 ($67.54 in chips) 
Seat 4: EdgarYY ($126.85 in chips) 
Seat 5: LaPhenomene ($31.51 in chips) 
Seat 6: KQ69 ($121.37 in chips) 
Mahu2021: posts small blind $0.50
REFEREE7777: posts big blind $1
*** HOLE CARDS ***
Dealt to Mahu2021 [Jc 9d]
EdgarYY: folds 
LaPhenomene: raises $1.50 to $2.50
KQ69: folds 
vadjkeee: folds 
Mahu2021: folds 
REFEREE7777: raises $1.50 to $4
LaPhenomene: raises $27.51 to $31.51 and is all-in
REFEREE7777: calls $27.51
*** FLOP *** [2s 3h 4h]
*** TURN *** [2s 3h 4h] [3c]
*** RIVER *** [2s 3h 4h 3c] [Qc]
*** SHOW DOWN ***
REFEREE7777: shows [Ad Th] (a pair of Threes)
LaPhenomene: shows [Js Jd] (two pair, Jacks and Threes)
LaPhenomene collected $60.40 from pot
*** SUMMARY ***
Total pot $63.52 | Rake $3.12 
Board [2s 3h 4h 3c Qc]
Seat 1: vadjkeee (button) folded before Flop (didn't bet)
Seat 2: Mahu2021 (small blind) folded before Flop
Seat 3: REFEREE7777 (big blind) showed [Ad Th] and lost with a pair of Threes
Seat 4: EdgarYY folded before Flop (didn't bet)
Seat 5: LaPhenomene showed [Js Jd] and won ($60.40) with two pair, Jacks and Threes
Seat 6: KQ69 folded before Flop (didn't bet)



PokerStars Zoom Hand #255722647151:  Hold'em No Limit ($0.50/$1.00) - 2025/04/13 22:53:49 CET [2025/04/13 16:53:49 ET]
Table 'Triangulum' 6-max Seat #1 is the button
Seat 1: KerciRahyi ($101.85 in chips) 
Seat 2: nextlevel08 ($100 in chips) 
Seat 3: båtjonas ($124.45 in chips) 
Seat 4: cavasola ($104.68 in chips) 
Seat 5: Mahu2021 ($51.87 in chips) 
Seat 6: dzemeruk ($144.47 in chips) 
nextlevel08: posts small blind $0.50
båtjonas: posts big blind $1
*** HOLE CARDS ***
Dealt to Mahu2021 [Ah 4h]
cavasola: raises $1 to $2
Mahu2021: folds 
dzemeruk: folds 
KerciRahyi: folds 
nextlevel08: folds 
båtjonas: folds 
Uncalled bet ($1) returned to cavasola
cavasola collected $2.50 from pot
cavasola: doesn't show hand 
*** SUMMARY ***
Total pot $2.50 | Rake $0 
Seat 1: KerciRahyi (button) folded before Flop (didn't bet)
Seat 2: nextlevel08 (small blind) folded before Flop
Seat 3: båtjonas (big blind) folded before Flop
Seat 4: cavasola collected ($2.50)
Seat 5: Mahu2021 folded before Flop (didn't bet)
Seat 6: dzemeruk folded before Flop (didn't bet)



PokerStars Zoom Hand #255722649047:  Hold'em No Limit ($0.50/$1.00) - 2025/04/13 22:53:55 CET [2025/04/13 16:53:55 ET]
Table 'Triangulum' 6-max Seat #1 is the button
Seat 1: Stepooo ($179.84 in chips) 
Seat 2: Mahu2021 ($51.87 in chips) 
Seat 3: EdgarYY ($105.32 in chips) 
Seat 4: Superiorrrr ($106 in chips) 
Seat 5: Savanahhh ($119.55 in chips) 
Seat 6: dzemeruk ($84.74 in chips) 
Mahu2021: posts small blind $0.50
EdgarYY: posts big blind $1
*** HOLE CARDS ***
Dealt to Mahu2021 [Ac 3h]
Superiorrrr: folds 
Savanahhh: folds 
dzemeruk: raises $1.50 to $2.50
Stepooo: folds 
Mahu2021: folds 
EdgarYY: folds 
Uncalled bet ($1.50) returned to dzemeruk
dzemeruk collected $2.50 from pot
dzemeruk: doesn't show hand 
*** SUMMARY ***
Total pot $2.50 | Rake $0 
Seat 1: Stepooo (button) folded before Flop (didn't bet)
Seat 2: Mahu2021 (small blind) folded before Flop
Seat 3: EdgarYY (big blind) folded before Flop
Seat 4: Superiorrrr folded before Flop (didn't bet)
Seat 5: Savanahhh folded before Flop (didn't bet)
Seat 6: dzemeruk collected ($2.50)



PokerStars Zoom Hand #255722645187:  Hold'em No Limit ($0.50/$1.00) - 2025/04/13 22:53:43 CET [2025/04/13 16:53:43 ET]
Table 'Triangulum' 6-max Seat #1 is the button
Seat 1: darthballs23 ($76.77 in chips) 
Seat 2: Superiorrrr ($106.50 in chips) 
Seat 3: IC1MALE ($225.95 in chips) 
Seat 4: JicaTa321 ($184.24 in chips) 
Seat 5: EdgarYY ($122.79 in chips) 
Seat 6: Mahu2021 ($51.87 in chips) 
Superiorrrr: posts small blind $0.50
IC1MALE: posts big blind $1
*** HOLE CARDS ***
Dealt to Mahu2021 [2h Th]
JicaTa321: raises $2 to $3
EdgarYY: folds 
Mahu2021: folds 
darthballs23: calls $3
Superiorrrr: folds 
IC1MALE: folds 
*** FLOP *** [4s Jd 9d]
JicaTa321: checks 
darthballs23: bets $3
JicaTa321: folds 
Uncalled bet ($3) returned to darthballs23
darthballs23 collected $7.12 from pot
darthballs23: doesn't show hand 
*** SUMMARY ***
Total pot $7.50 | Rake $0.38 
Board [4s Jd 9d]
Seat 1: darthballs23 (button) collected ($7.12)
Seat 2: Superiorrrr (small blind) folded before Flop
Seat 3: IC1MALE (big blind) folded before Flop
Seat 4: JicaTa321 folded on the Flop
Seat 5: EdgarYY folded before Flop (didn't bet)
Seat 6: Mahu2021 folded before Flop (didn't bet)



PokerStars Zoom Hand #255722651831:  Hold'em No Limit ($0.50/$1.00) - 2025/04/13 22:54:04 CET [2025/04/13 16:54:04 ET]
Table 'Triangulum' 6-max Seat #1 is the button
Seat 1: Mahu2021 ($51.37 in chips) 
Seat 2: teo692011 ($31.87 in chips) 
Seat 3: Stepooo ($179.84 in chips) 
Seat 4: Luckbox1326 ($109.82 in chips) 
Seat 5: costelakw ($104.18 in chips) 
Seat 6: båtjonas ($122.95 in chips) 
teo692011: posts small blind $0.50
Stepooo: posts big blind $1
*** HOLE CARDS ***
Dealt to Mahu2021 [2s 9c]
Luckbox1326: folds 
costelakw: folds 
båtjonas: folds 
Mahu2021: folds 
teo692011: raises $1 to $2
Stepooo: folds 
Uncalled bet ($1) returned to teo692011
teo692011 collected $2 from pot
teo692011: doesn't show hand 
*** SUMMARY ***
Total pot $2 | Rake $0 
Seat 1: Mahu2021 (button) folded before Flop (didn't bet)
Seat 2: teo692011 (small blind) collected ($2)
Seat 3: Stepooo (big blind) folded before Flop
Seat 4: Luckbox1326 folded before Flop (didn't bet)
Seat 5: costelakw folded before Flop (didn't bet)
Seat 6: båtjonas folded before Flop (didn't bet)



PokerStars Zoom Hand #255722654766:  Hold'em No Limit ($0.50/$1.00) - 2025/04/13 22:54:13 CET [2025/04/13 16:54:13 ET]
Table 'Triangulum' 6-max Seat #1 is the button
Seat 1: JicaTa321 ($103.28 in chips) 
Seat 2: Luckbox1326 ($128.64 in chips) 
Seat 3: Mahu2021 ($51.37 in chips) 
Seat 4: bubbles1155 ($163.05 in chips) 
Seat 5: EdgarYY ($129.31 in chips) 
Seat 6: cavasola ($106.18 in chips) 
Luckbox1326: posts small blind $0.50
Mahu2021: posts big blind $1
*** HOLE CARDS ***
Dealt to Mahu2021 [6c 8s]
bubbles1155: folds 
EdgarYY: raises $1 to $2
cavasola: folds 
JicaTa321: folds 
Luckbox1326: folds 
Mahu2021: folds 
Uncalled bet ($1) returned to EdgarYY
EdgarYY collected $2.50 from pot
EdgarYY: doesn't show hand 
*** SUMMARY ***
Total pot $2.50 | Rake $0 
Seat 1: JicaTa321 (button) folded before Flop (didn't bet)
Seat 2: Luckbox1326 (small blind) folded before Flop
Seat 3: Mahu2021 (big blind) folded before Flop
Seat 4: bubbles1155 folded before Flop (didn't bet)
Seat 5: EdgarYY collected ($2.50)
Seat 6: cavasola folded before Flop (didn't bet)



PokerStars Zoom Hand #255722656665:  Hold'em No Limit ($0.50/$1.00) - 2025/04/13 22:54:19 CET [2025/04/13 16:54:19 ET]
Table 'Triangulum' 6-max Seat #1 is the button
Seat 1: bubbles1155 ($163.05 in chips) 
Seat 2: Noikul ($143.61 in chips) 
Seat 3: MrJD1943 ($57.59 in chips) 
Seat 4: Mahu2021 ($50.37 in chips) 
Seat 5: Marcoasdf ($107.81 in chips) 
Seat 6: strikeluca22 ($49.37 in chips) 
Noikul: posts small blind $0.50
MrJD1943: posts big blind $1
*** HOLE CARDS ***
Dealt to Mahu2021 [8h 8s]
Mahu2021: raises $1 to $2
Marcoasdf: folds 
strikeluca22: folds 
bubbles1155: folds 
Noikul: folds 
MrJD1943: calls $1
*** FLOP *** [7h Qc 5d]
MrJD1943: checks 
Mahu2021: bets $3
MrJD1943: calls $3
*** TURN *** [7h Qc 5d] [Ad]
MrJD1943: checks 
Mahu2021: bets $9.98
MrJD1943: raises $42.61 to $52.59 and is all-in
Mahu2021: folds 
Uncalled bet ($42.61) returned to MrJD1943
MrJD1943 collected $28.94 from pot
MrJD1943: doesn't show hand 
*** SUMMARY ***
Total pot $30.46 | Rake $1.52 
Board [7h Qc 5d Ad]
Seat 1: bubbles1155 (button) folded before Flop (didn't bet)
Seat 2: Noikul (small blind) folded before Flop
Seat 3: MrJD1943 (big blind) collected ($28.94)
Seat 4: Mahu2021 folded on the Turn
Seat 5: Marcoasdf folded before Flop (didn't bet)
Seat 6: strikeluca22 folded before Flop (didn't bet)



PokerStars Zoom Hand #255722653190:  Hold'em No Limit ($0.50/$1.00) - 2025/04/13 22:54:08 CET [2025/04/13 16:54:08 ET]
Table 'Triangulum' 6-max Seat #1 is the button
Seat 1: IC1MALE ($306.52 in chips) 
Seat 2: I_muck_smuck ($103.21 in chips) 
Seat 3: Marcoasdf ($108.81 in chips) 
Seat 4: JicaTa321 ($103.28 in chips) 
Seat 5: Mahu2021 ($51.37 in chips) 
Seat 6: Superiorrrr ($308.17 in chips) 
I_muck_smuck: posts small blind $0.50
Marcoasdf: posts big blind $1
*** HOLE CARDS ***
Dealt to Mahu2021 [Td 9h]
JicaTa321: folds 
Mahu2021: folds 
Superiorrrr: raises $1.30 to $2.30
IC1MALE: folds 
I_muck_smuck: raises $6.20 to $8.50
Marcoasdf: folds 
Superiorrrr: calls $6.20
*** FLOP *** [6h Qh Th]
I_muck_smuck: checks 
Superiorrrr: checks 
*** TURN *** [6h Qh Th] [2c]
I_muck_smuck: bets $10
Superiorrrr: folds 
Uncalled bet ($10) returned to I_muck_smuck
I_muck_smuck collected $17.10 from pot
I_muck_smuck: doesn't show hand 
*** SUMMARY ***
Total pot $18 | Rake $0.90 
Board [6h Qh Th 2c]
Seat 1: IC1MALE (button) folded before Flop (didn't bet)
Seat 2: I_muck_smuck (small blind) collected ($17.10)
Seat 3: Marcoasdf (big blind) folded before Flop
Seat 4: JicaTa321 folded before Flop (didn't bet)
Seat 5: Mahu2021 folded before Flop (didn't bet)
Seat 6: Superiorrrr folded on the Turn



PokerStars Zoom Hand #255722671205:  Hold'em No Limit ($0.50/$1.00) - 2025/04/13 22:55:05 CET [2025/04/13 16:55:05 ET]
Table 'Triangulum' 6-max Seat #1 is the button
Seat 1: chueko148 ($57.34 in chips) 
Seat 2: Mahu2021 ($35.39 in chips) 
Seat 3: EdgarYY ($100 in chips) 
Seat 4: Noikul ($143.11 in chips) 
Seat 5: Luckbox1326 ($132.21 in chips) 
Seat 6: dzemeruk ($86.24 in chips) 
Mahu2021: posts small blind $0.50
EdgarYY: posts big blind $1
*** HOLE CARDS ***
Dealt to Mahu2021 [Qc Qd]
Noikul: folds 
Luckbox1326: folds 
dzemeruk: folds 
chueko148: folds 
Mahu2021: raises $2 to $3
EdgarYY: folds 
Uncalled bet ($2) returned to Mahu2021
Mahu2021 collected $2 from pot
Mahu2021: doesn't show hand 
*** SUMMARY ***
Total pot $2 | Rake $0 
Seat 1: chueko148 (button) folded before Flop (didn't bet)
Seat 2: Mahu2021 (small blind) collected ($2)
Seat 3: EdgarYY (big blind) folded before Flop
Seat 4: Noikul folded before Flop (didn't bet)
Seat 5: Luckbox1326 folded before Flop (didn't bet)
Seat 6: dzemeruk folded before Flop (didn't bet)



PokerStars Zoom Hand #255722670090:  Hold'em No Limit ($0.50/$1.00) - 2025/04/13 22:55:02 CET [2025/04/13 16:55:02 ET]
Table 'Triangulum' 6-max Seat #1 is the button
Seat 1: Marcoasdf ($128.61 in chips) 
Seat 2: teo692011 ($31.87 in chips) 
Seat 3: WanttobeGus ($147.65 in chips) 
Seat 4: Mahu2021 ($35.39 in chips) 
Seat 5: Luckbox1326 ($132.21 in chips) 
Seat 6: EdgarYY ($133.31 in chips) 
teo692011: posts small blind $0.50
WanttobeGus: posts big blind $1
*** HOLE CARDS ***
Dealt to Mahu2021 [Qs 6d]
Mahu2021: folds 
Luckbox1326: folds 
EdgarYY: folds 
Marcoasdf: raises $1.30 to $2.30
teo692011: calls $1.80
WanttobeGus: folds 
*** FLOP *** [3h 5h 4d]
teo692011: bets $5.32
Marcoasdf: raises $11.97 to $17.29
teo692011: folds 
Uncalled bet ($11.97) returned to Marcoasdf
Marcoasdf collected $15.43 from pot
Marcoasdf: doesn't show hand 
*** SUMMARY ***
Total pot $16.24 | Rake $0.81 
Board [3h 5h 4d]
Seat 1: Marcoasdf (button) collected ($15.43)
Seat 2: teo692011 (small blind) folded on the Flop
Seat 3: WanttobeGus (big blind) folded before Flop
Seat 4: Mahu2021 folded before Flop (didn't bet)
Seat 5: Luckbox1326 folded before Flop (didn't bet)
Seat 6: EdgarYY folded before Flop (didn't bet)



PokerStars Zoom Hand #255722674424:  Hold'em No Limit ($0.50/$1.00) - 2025/04/13 22:55:21 CET [2025/04/13 16:55:21 ET]
Table 'Triangulum' 6-max Seat #1 is the button
Seat 1: EdgarYY ($100 in chips) 
Seat 2: KQ69 ($123.87 in chips) 
Seat 3: Mahu2021 ($36.39 in chips) 
Seat 4: Rounder19852 ($106.25 in chips) 
Seat 5: dzemeruk ($162.75 in chips) 
Seat 6: Y_19 ($100 in chips) 
KQ69: posts small blind $0.50
Mahu2021: posts big blind $1
*** HOLE CARDS ***
Dealt to Mahu2021 [Kc Qc]
Rounder19852: folds 
dzemeruk: folds 
Y_19: folds 
EdgarYY: folds 
KQ69: raises $2 to $3
Mahu2021: calls $2
*** FLOP *** [8h Jc 8c]
KQ69: checks 
Mahu2021: bets $5.70
KQ69: calls $5.70
*** TURN *** [8h Jc 8c] [Th]
KQ69: checks 
Mahu2021: checks 
*** RIVER *** [8h Jc 8c Th] [As]
KQ69: checks 
Mahu2021: bets $6
KQ69: raises $26.25 to $32.25
Mahu2021: calls $21.69 and is all-in
Uncalled bet ($4.56) returned to KQ69
*** SHOW DOWN ***
KQ69: shows [8s Jh] (a full house, Eights full of Jacks)
Mahu2021: shows [Kc Qc] (a straight, Ten to Ace)
KQ69 collected $70.28 from pot
*** SUMMARY ***
Total pot $72.78 | Rake $2.50 
Board [8h Jc 8c Th As]
Seat 1: EdgarYY (button) folded before Flop (didn't bet)
Seat 2: KQ69 (small blind) showed [8s Jh] and won ($70.28) with a full house, Eights full of Jacks
Seat 3: Mahu2021 (big blind) showed [Kc Qc] and lost with a straight, Ten to Ace
Seat 4: Rounder19852 folded before Flop (didn't bet)
Seat 5: dzemeruk folded before Flop (didn't bet)
Seat 6: Y_19 folded before Flop (didn't bet)



