PokerStars Zoom Hand #254531309759:  Hold'em No Limit ($0.05/$0.10) - 2025/01/24 18:14:35 CET [2025/01/24 12:14:35 ET]
Table 'Aludra' 6-max Seat #1 is the button
Seat 1: Mahu2021 ($10 in chips) 
Seat 2: ciceron86 ($10.15 in chips) 
Seat 3: mynutsmakemoney ($10 in chips) 
Seat 4: pokeripuikko ($33.28 in chips) 
Seat 5: Ganbarimasyou ($11.13 in chips) 
Seat 6: Rubbernicks ($14.73 in chips) 
ciceron86: posts small blind $0.05
mynutsmakemoney: posts big blind $0.10
*** HOLE CARDS ***
Dealt to Mahu2021 [3c 2s]
pokeripuikko: folds 
Ganbarimasyou: folds 
Rubbernicks: raises $0.20 to $0.30
Mahu2021: folds 
ciceron86: folds 
mynutsmakemoney: folds 
Uncalled bet ($0.20) returned to Rubbernicks
Rubbernicks collected $0.25 from pot
Rubbernicks: doesn't show hand 
*** SUMMARY ***
Total pot $0.25 | Rake $0 
Seat 1: Mahu2021 (button) folded before Flop (didn't bet)
Seat 2: ciceron86 (small blind) folded before Flop
Seat 3: mynutsmakemoney (big blind) folded before Flop
Seat 4: pokeripuikko folded before Flop (didn't bet)
Seat 5: Ganbarimasyou folded before Flop (didn't bet)
Seat 6: Rubbernicks collected ($0.25)



PokerStars Zoom Hand #254531313060:  Hold'em No Limit ($0.05/$0.10) - 2025/01/24 18:14:48 CET [2025/01/24 12:14:48 ET]
Table 'Aludra' 6-max Seat #1 is the button
Seat 1: hotchpotch17 ($13.90 in chips) 
Seat 2: dodeer ($10.80 in chips) 
Seat 3: Mahu2021 ($10 in chips) 
Seat 4: Ganbarimasyou ($11.13 in chips) 
Seat 5: Elvisc8_96 ($10.57 in chips) 
Seat 6: Dastik 5 ($10 in chips) 
dodeer: posts small blind $0.05
Mahu2021: posts big blind $0.10
*** HOLE CARDS ***
Dealt to Mahu2021 [2s Ks]
Ganbarimasyou: folds 
Elvisc8_96: raises $0.15 to $0.25
Dastik 5: folds 
hotchpotch17: folds 
dodeer: folds 
Mahu2021: calls $0.15
*** FLOP *** [3h Kd Js]
Mahu2021: checks 
Elvisc8_96: bets $0.17
Mahu2021: calls $0.17
*** TURN *** [3h Kd Js] [Jc]
Mahu2021: checks 
Elvisc8_96: checks 
*** RIVER *** [3h Kd Js Jc] [Kh]
Mahu2021: bets $9.58 and is all-in
Elvisc8_96: folds 
Uncalled bet ($9.58) returned to Mahu2021
Mahu2021 collected $0.85 from pot
Mahu2021: doesn't show hand 
*** SUMMARY ***
Total pot $0.89 | Rake $0.04 
Board [3h Kd Js Jc Kh]
Seat 1: hotchpotch17 (button) folded before Flop (didn't bet)
Seat 2: dodeer (small blind) folded before Flop
Seat 3: Mahu2021 (big blind) collected ($0.85)
Seat 4: Ganbarimasyou folded before Flop (didn't bet)
Seat 5: Elvisc8_96 folded on the River
Seat 6: Dastik 5 folded before Flop (didn't bet)



PokerStars Zoom Hand #254531321995:  Hold'em No Limit ($0.05/$0.10) - 2025/01/24 18:15:23 CET [2025/01/24 12:15:23 ET]
Table 'Aludra' 6-max Seat #1 is the button
Seat 1: jeff-fa-faa ($11.92 in chips) 
Seat 2: Mahu2021 ($10.43 in chips) 
Seat 3: mynutsmakemoney ($10 in chips) 
Seat 4: {•FredBeck•} 7 ($7.62 in chips) 
Seat 5: Bbyoda79 ($26.13 in chips) 
Seat 6: Dastik 5 ($12.19 in chips) 
Mahu2021: posts small blind $0.05
mynutsmakemoney: posts big blind $0.10
*** HOLE CARDS ***
Dealt to Mahu2021 [9s 7c]
{•FredBeck•} 7: folds 
Bbyoda79: folds 
Dastik 5: folds 
jeff-fa-faa: raises $0.15 to $0.25
Mahu2021: folds 
mynutsmakemoney: calls $0.15
*** FLOP *** [2d 7s 7h]
mynutsmakemoney: checks 
jeff-fa-faa: checks 
*** TURN *** [2d 7s 7h] [7d]
mynutsmakemoney: checks 
jeff-fa-faa: bets $0.10
mynutsmakemoney: calls $0.10
*** RIVER *** [2d 7s 7h 7d] [As]
mynutsmakemoney: checks 
jeff-fa-faa: bets $1.50
mynutsmakemoney: folds 
Uncalled bet ($1.50) returned to jeff-fa-faa
jeff-fa-faa collected $0.72 from pot
jeff-fa-faa: doesn't show hand 
*** SUMMARY ***
Total pot $0.75 | Rake $0.03 
Board [2d 7s 7h 7d As]
Seat 1: jeff-fa-faa (button) collected ($0.72)
Seat 2: Mahu2021 (small blind) folded before Flop
Seat 3: mynutsmakemoney (big blind) folded on the River
Seat 4: {•FredBeck•} 7 folded before Flop (didn't bet)
Seat 5: Bbyoda79 folded before Flop (didn't bet)
Seat 6: Dastik 5 folded before Flop (didn't bet)



PokerStars Zoom Hand #254531322980:  Hold'em No Limit ($0.05/$0.10) - 2025/01/24 18:15:27 CET [2025/01/24 12:15:27 ET]
Table 'Aludra' 6-max Seat #1 is the button
Seat 1: kris_bjork ($10 in chips) 
Seat 2: BloaterW ($13.58 in chips) 
Seat 3: {•FredBeck•} 7 ($7.62 in chips) 
Seat 4: Andrius2407 ($6.62 in chips) 
Seat 5: Karelliacastle ($22.10 in chips) 
Seat 6: Mahu2021 ($10.38 in chips) 
BloaterW: posts small blind $0.05
{•FredBeck•} 7: posts big blind $0.10
*** HOLE CARDS ***
Dealt to Mahu2021 [6s 6d]
Andrius2407: folds 
Karelliacastle: folds 
Mahu2021: raises $0.14 to $0.24
kris_bjork: folds 
BloaterW: calls $0.19
{•FredBeck•} 7: folds 
*** FLOP *** [Jd 6c 8s]
BloaterW: checks 
Mahu2021: checks 
*** TURN *** [Jd 6c 8s] [Jc]
BloaterW: checks 
Mahu2021: checks 
*** RIVER *** [Jd 6c 8s Jc] [Qs]
BloaterW: checks 
Mahu2021: bets $10.14 and is all-in
BloaterW: folds 
Uncalled bet ($10.14) returned to Mahu2021
Mahu2021 collected $0.55 from pot
Mahu2021: doesn't show hand 
*** SUMMARY ***
Total pot $0.58 | Rake $0.03 
Board [Jd 6c 8s Jc Qs]
Seat 1: kris_bjork (button) folded before Flop (didn't bet)
Seat 2: BloaterW (small blind) folded on the River
Seat 3: {•FredBeck•} 7 (big blind) folded before Flop
Seat 4: Andrius2407 folded before Flop (didn't bet)
Seat 5: Karelliacastle folded before Flop (didn't bet)
Seat 6: Mahu2021 collected ($0.55)



PokerStars Zoom Hand #254531333269:  Hold'em No Limit ($0.05/$0.10) - 2025/01/24 18:16:07 CET [2025/01/24 12:16:07 ET]
Table 'Aludra' 6-max Seat #1 is the button
Seat 1: Mokbabull ($11.92 in chips) 
Seat 2: Mahu2021 ($10.69 in chips) 
Seat 3: batalhafbf ($17.79 in chips) 
Seat 4: suikaa ($15.63 in chips) 
Seat 5: metel-sky ($4.30 in chips) 
Seat 6: schitzophone ($10.37 in chips) 
Mahu2021: posts small blind $0.05
batalhafbf: posts big blind $0.10
*** HOLE CARDS ***
Dealt to Mahu2021 [Jc 5s]
suikaa: folds 
metel-sky: raises $0.20 to $0.30
schitzophone: folds 
Mokbabull: folds 
Mahu2021: folds 
batalhafbf: folds 
Uncalled bet ($0.20) returned to metel-sky
metel-sky collected $0.25 from pot
metel-sky: doesn't show hand 
*** SUMMARY ***
Total pot $0.25 | Rake $0 
Seat 1: Mokbabull (button) folded before Flop (didn't bet)
Seat 2: Mahu2021 (small blind) folded before Flop
Seat 3: batalhafbf (big blind) folded before Flop
Seat 4: suikaa folded before Flop (didn't bet)
Seat 5: metel-sky collected ($0.25)
Seat 6: schitzophone folded before Flop (didn't bet)



PokerStars Zoom Hand #254531334571:  Hold'em No Limit ($0.05/$0.10) - 2025/01/24 18:16:12 CET [2025/01/24 12:16:12 ET]
Table 'Aludra' 6-max Seat #1 is the button
Seat 1: doubleturtle7 ($9.62 in chips) 
Seat 2: Silva 5758 ($10.26 in chips) 
Seat 3: Mahu2021 ($10.64 in chips) 
Seat 4: Chasing Joy ($11.81 in chips) 
Seat 5: COVEIROANCAP ($27.08 in chips) 
Seat 6: reynaldo2092 ($8.97 in chips) 
Silva 5758: posts small blind $0.05
Mahu2021: posts big blind $0.10
*** HOLE CARDS ***
Dealt to Mahu2021 [Jc Ts]
Chasing Joy: folds 
COVEIROANCAP: raises $0.15 to $0.25
reynaldo2092: folds 
doubleturtle7: folds 
Silva 5758: folds 
Mahu2021: calls $0.15
*** FLOP *** [5d 2h 3s]
Mahu2021: checks 
COVEIROANCAP: checks 
*** TURN *** [5d 2h 3s] [Kh]
Mahu2021: checks 
COVEIROANCAP: bets $0.30
Mahu2021: folds 
Uncalled bet ($0.30) returned to COVEIROANCAP
COVEIROANCAP collected $0.53 from pot
COVEIROANCAP: doesn't show hand 
*** SUMMARY ***
Total pot $0.55 | Rake $0.02 
Board [5d 2h 3s Kh]
Seat 1: doubleturtle7 (button) folded before Flop (didn't bet)
Seat 2: Silva 5758 (small blind) folded before Flop
Seat 3: Mahu2021 (big blind) folded on the Turn
Seat 4: Chasing Joy folded before Flop (didn't bet)
Seat 5: COVEIROANCAP collected ($0.53)
Seat 6: reynaldo2092 folded before Flop (didn't bet)



PokerStars Zoom Hand #254531339799:  Hold'em No Limit ($0.05/$0.10) - 2025/01/24 18:16:33 CET [2025/01/24 12:16:33 ET]
Table 'Aludra' 6-max Seat #1 is the button
Seat 1: Mahu2021 ($10.39 in chips) 
Seat 2: chessismorefun ($11.61 in chips) 
Seat 3: Bbyoda79 ($26.68 in chips) 
Seat 4: anderetsu ($10.97 in chips) 
Seat 5: 8ujn ($9.42 in chips) 
Seat 6: Luffy V ($12.79 in chips) 
chessismorefun: posts small blind $0.05
Bbyoda79: posts big blind $0.10
*** HOLE CARDS ***
Dealt to Mahu2021 [3h 6s]
anderetsu: folds 
8ujn: folds 
Luffy V: folds 
Mahu2021: folds 
chessismorefun: raises $0.20 to $0.30
Bbyoda79: folds 
Uncalled bet ($0.20) returned to chessismorefun
chessismorefun collected $0.20 from pot
chessismorefun: doesn't show hand 
*** SUMMARY ***
Total pot $0.20 | Rake $0 
Seat 1: Mahu2021 (button) folded before Flop (didn't bet)
Seat 2: chessismorefun (small blind) collected ($0.20)
Seat 3: Bbyoda79 (big blind) folded before Flop
Seat 4: anderetsu folded before Flop (didn't bet)
Seat 5: 8ujn folded before Flop (didn't bet)
Seat 6: Luffy V folded before Flop (didn't bet)



PokerStars Zoom Hand #254531342888:  Hold'em No Limit ($0.05/$0.10) - 2025/01/24 18:16:45 CET [2025/01/24 12:16:45 ET]
Table 'Aludra' 6-max Seat #1 is the button
Seat 1: anderetsu ($9.85 in chips) 
Seat 2: lichistoria ($10.05 in chips) 
Seat 3: Diligent377 ($10.88 in chips) 
Seat 4: dali0511 ($20.61 in chips) 
Seat 5: Sao77 ($12.17 in chips) 
Seat 6: Mahu2021 ($10.39 in chips) 
lichistoria: posts small blind $0.05
Diligent377: posts big blind $0.10
*** HOLE CARDS ***
Dealt to Mahu2021 [7s Ad]
dali0511: folds 
Sao77: folds 
Mahu2021: folds 
anderetsu: folds 
lichistoria: folds 
Uncalled bet ($0.05) returned to Diligent377
Diligent377 collected $0.10 from pot
Diligent377: doesn't show hand 
*** SUMMARY ***
Total pot $0.10 | Rake $0 
Seat 1: anderetsu (button) folded before Flop (didn't bet)
Seat 2: lichistoria (small blind) folded before Flop
Seat 3: Diligent377 (big blind) collected ($0.10)
Seat 4: dali0511 folded before Flop (didn't bet)
Seat 5: Sao77 folded before Flop (didn't bet)
Seat 6: Mahu2021 folded before Flop (didn't bet)



PokerStars Zoom Hand #254531343928:  Hold'em No Limit ($0.05/$0.10) - 2025/01/24 18:16:49 CET [2025/01/24 12:16:49 ET]
Table 'Aludra' 6-max Seat #1 is the button
Seat 1: Elvisc8_96 ($10.05 in chips) 
Seat 2: Sao77 ($12.17 in chips) 
Seat 3: OeTen101 ($10.59 in chips) 
Seat 4: miu_0716 ($10 in chips) 
Seat 5: Mahu2021 ($10.39 in chips) 
Seat 6: mynutsmakemoney ($10 in chips) 
Sao77: posts small blind $0.05
OeTen101: posts big blind $0.10
*** HOLE CARDS ***
Dealt to Mahu2021 [6s Kh]
miu_0716: folds 
Mahu2021: folds 
mynutsmakemoney: folds 
Elvisc8_96: folds 
Sao77: folds 
Uncalled bet ($0.05) returned to OeTen101
OeTen101 collected $0.10 from pot
OeTen101: doesn't show hand 
*** SUMMARY ***
Total pot $0.10 | Rake $0 
Seat 1: Elvisc8_96 (button) folded before Flop (didn't bet)
Seat 2: Sao77 (small blind) folded before Flop
Seat 3: OeTen101 (big blind) collected ($0.10)
Seat 4: miu_0716 folded before Flop (didn't bet)
Seat 5: Mahu2021 folded before Flop (didn't bet)
Seat 6: mynutsmakemoney folded before Flop (didn't bet)



PokerStars Zoom Hand #254531345124:  Hold'em No Limit ($0.05/$0.10) - 2025/01/24 18:16:54 CET [2025/01/24 12:16:54 ET]
Table 'Aludra' 6-max Seat #1 is the button
Seat 1: GinthersRift ($10.74 in chips) 
Seat 2: Mahu2021 ($10.39 in chips) 
Seat 3: anderetsu ($7.20 in chips) 
Seat 4: OeTen101 ($14.74 in chips) 
Seat 5: Karina2707 ($16.16 in chips) 
Seat 6: Diligent377 ($10.23 in chips) 
Mahu2021: posts small blind $0.05
anderetsu: posts big blind $0.10
*** HOLE CARDS ***
Dealt to Mahu2021 [Th Qc]
OeTen101: folds 
Karina2707: folds 
Diligent377: folds 
GinthersRift: folds 
Mahu2021: raises $0.20 to $0.30
anderetsu: folds 
Uncalled bet ($0.20) returned to Mahu2021
Mahu2021 collected $0.20 from pot
Mahu2021: doesn't show hand 
*** SUMMARY ***
Total pot $0.20 | Rake $0 
Seat 1: GinthersRift (button) folded before Flop (didn't bet)
Seat 2: Mahu2021 (small blind) collected ($0.20)
Seat 3: anderetsu (big blind) folded before Flop
Seat 4: OeTen101 folded before Flop (didn't bet)
Seat 5: Karina2707 folded before Flop (didn't bet)
Seat 6: Diligent377 folded before Flop (didn't bet)



PokerStars Zoom Hand #254531340905:  Hold'em No Limit ($0.05/$0.10) - 2025/01/24 18:16:37 CET [2025/01/24 12:16:37 ET]
Table 'Aludra' 6-max Seat #1 is the button
Seat 1: shoromonoko ($10.76 in chips) 
Seat 2: aergaerhf ($5.05 in chips) 
Seat 3: doubleturtle7 ($9.20 in chips) 
Seat 4: miu_0716 ($10.05 in chips) 
Seat 5: Mahu2021 ($10.39 in chips) 
Seat 6: Grimeyyyy ($46.56 in chips) 
aergaerhf: posts small blind $0.05
doubleturtle7: posts big blind $0.10
*** HOLE CARDS ***
Dealt to Mahu2021 [6c 5c]
miu_0716: folds 
Mahu2021: folds 
Grimeyyyy: raises $0.12 to $0.22
shoromonoko: calls $0.22
aergaerhf: folds 
doubleturtle7: folds 
*** FLOP *** [8d Ts 3s]
Grimeyyyy: checks 
shoromonoko: checks 
*** TURN *** [8d Ts 3s] [9c]
Grimeyyyy: checks 
shoromonoko: checks 
*** RIVER *** [8d Ts 3s 9c] [9h]
Grimeyyyy: bets $0.29
shoromonoko: folds 
Uncalled bet ($0.29) returned to Grimeyyyy
Grimeyyyy collected $0.56 from pot
Grimeyyyy: doesn't show hand 
*** SUMMARY ***
Total pot $0.59 | Rake $0.03 
Board [8d Ts 3s 9c 9h]
Seat 1: shoromonoko (button) folded on the River
Seat 2: aergaerhf (small blind) folded before Flop
Seat 3: doubleturtle7 (big blind) folded before Flop
Seat 4: miu_0716 folded before Flop (didn't bet)
Seat 5: Mahu2021 folded before Flop (didn't bet)
Seat 6: Grimeyyyy collected ($0.56)



PokerStars Zoom Hand #254531349544:  Hold'em No Limit ($0.05/$0.10) - 2025/01/24 18:17:11 CET [2025/01/24 12:17:11 ET]
Table 'Aludra' 6-max Seat #1 is the button
Seat 1: Mahu2021 ($10.49 in chips) 
Seat 2: Peter 091964 ($7.41 in chips) 
Seat 3: TGVon ($10 in chips) 
Seat 4: COVEIROANCAP ($13.86 in chips) 
Seat 5: Diligent377 ($10.88 in chips) 
Seat 6: honEybOOx ($10.20 in chips) 
Peter 091964: posts small blind $0.05
TGVon: posts big blind $0.10
*** HOLE CARDS ***
Dealt to Mahu2021 [Kc Tc]
Peter 091964 is disconnected 
COVEIROANCAP: folds 
Diligent377: folds 
honEybOOx: folds 
Mahu2021: raises $0.20 to $0.30
Peter 091964 has timed out while disconnected
Peter 091964: folds 
TGVon: folds 
Uncalled bet ($0.20) returned to Mahu2021
Mahu2021 collected $0.25 from pot
Mahu2021: doesn't show hand 
*** SUMMARY ***
Total pot $0.25 | Rake $0 
Seat 1: Mahu2021 (button) collected ($0.25)
Seat 2: Peter 091964 (small blind) folded before Flop
Seat 3: TGVon (big blind) folded before Flop
Seat 4: COVEIROANCAP folded before Flop (didn't bet)
Seat 5: Diligent377 folded before Flop (didn't bet)
Seat 6: honEybOOx folded before Flop (didn't bet)



PokerStars Zoom Hand #254531341946:  Hold'em No Limit ($0.05/$0.10) - 2025/01/24 18:16:41 CET [2025/01/24 12:16:41 ET]
Table 'Aludra' 6-max Seat #1 is the button
Seat 1: Dastik 5 ($10.05 in chips) 
Seat 2: TGVon ($14.02 in chips) 
Seat 3: eriktnt ($13.96 in chips) 
Seat 4: Mahu2021 ($10.39 in chips) 
Seat 5: kris_bjork ($10.30 in chips) 
Seat 6: AlexanderSweden ($1.04 in chips) 
TGVon: posts small blind $0.05
eriktnt: posts big blind $0.10
*** HOLE CARDS ***
Dealt to Mahu2021 [5c 9s]
Mahu2021: folds 
kris_bjork: folds 
AlexanderSweden: calls $0.10
Dastik 5: folds 
TGVon: folds 
eriktnt: raises $3.10 to $3.20
AlexanderSweden: calls $0.94 and is all-in
Uncalled bet ($2.16) returned to eriktnt
*** FLOP *** [2h Th 3c]
*** TURN *** [2h Th 3c] [3h]
*** RIVER *** [2h Th 3c 3h] [8s]
*** SHOW DOWN ***
eriktnt: shows [Ad Qs] (a pair of Threes)
AlexanderSweden: shows [9d 6d] (a pair of Threes - lower kicker)
eriktnt collected $2.01 from pot
*** SUMMARY ***
Total pot $2.13 | Rake $0.12 
Board [2h Th 3c 3h 8s]
Seat 1: Dastik 5 (button) folded before Flop (didn't bet)
Seat 2: TGVon (small blind) folded before Flop
Seat 3: eriktnt (big blind) showed [Ad Qs] and won ($2.01) with a pair of Threes
Seat 4: Mahu2021 folded before Flop (didn't bet)
Seat 5: kris_bjork folded before Flop (didn't bet)
Seat 6: AlexanderSweden showed [9d 6d] and lost with a pair of Threes



PokerStars Zoom Hand #254531361737:  Hold'em No Limit ($0.05/$0.10) - 2025/01/24 18:17:59 CET [2025/01/24 12:17:59 ET]
Table 'Aludra' 6-max Seat #1 is the button
Seat 1: Elvisc8_96 ($19.47 in chips) 
Seat 2: Blast4Sure ($10.20 in chips) 
Seat 3: Mahu2021 ($10.49 in chips) 
Seat 4: JusticeHunter ($9.06 in chips) 
Seat 5: poker99111 ($9.90 in chips) 
Seat 6: looser00091 ($12.56 in chips) 
Blast4Sure: posts small blind $0.05
Mahu2021: posts big blind $0.10
*** HOLE CARDS ***
Dealt to Mahu2021 [Kd 4c]
JusticeHunter: folds 
poker99111: folds 
looser00091: raises $0.15 to $0.25
Elvisc8_96: folds 
Blast4Sure: folds 
Mahu2021: folds 
Uncalled bet ($0.15) returned to looser00091
looser00091 collected $0.25 from pot
looser00091: doesn't show hand 
*** SUMMARY ***
Total pot $0.25 | Rake $0 
Seat 1: Elvisc8_96 (button) folded before Flop (didn't bet)
Seat 2: Blast4Sure (small blind) folded before Flop
Seat 3: Mahu2021 (big blind) folded before Flop
Seat 4: JusticeHunter folded before Flop (didn't bet)
Seat 5: poker99111 folded before Flop (didn't bet)
Seat 6: looser00091 collected ($0.25)



PokerStars Zoom Hand #254531358646:  Hold'em No Limit ($0.05/$0.10) - 2025/01/24 18:17:47 CET [2025/01/24 12:17:47 ET]
Table 'Aludra' 6-max Seat #1 is the button
Seat 1: e-raze786 ($3.95 in chips) 
Seat 2: mrfreaky1989 ($10.20 in chips) 
Seat 3: looser00091 ($22.48 in chips) 
Seat 4: Dastik 5 ($10.05 in chips) 
Seat 5: {•FredBeck•} 7 ($7.30 in chips) 
Seat 6: Mahu2021 ($10.54 in chips) 
mrfreaky1989: posts small blind $0.05
looser00091: posts big blind $0.10
*** HOLE CARDS ***
Dealt to Mahu2021 [9c 7d]
Dastik 5: folds 
{•FredBeck•} 7: folds 
Mahu2021: folds 
e-raze786: raises $0.10 to $0.20
mrfreaky1989: raises $0.45 to $0.65
looser00091: folds 
e-raze786: calls $0.45
*** FLOP *** [Ac 8c 8s]
mrfreaky1989: bets $0.44
e-raze786: raises $2.86 to $3.30 and is all-in
mrfreaky1989: folds 
Uncalled bet ($2.86) returned to e-raze786
e-raze786 collected $2.18 from pot
e-raze786: doesn't show hand 
*** SUMMARY ***
Total pot $2.28 | Rake $0.10 
Board [Ac 8c 8s]
Seat 1: e-raze786 (button) collected ($2.18)
Seat 2: mrfreaky1989 (small blind) folded on the Flop
Seat 3: looser00091 (big blind) folded before Flop
Seat 4: Dastik 5 folded before Flop (didn't bet)
Seat 5: {•FredBeck•} 7 folded before Flop (didn't bet)
Seat 6: Mahu2021 folded before Flop (didn't bet)



PokerStars Zoom Hand #254531359671:  Hold'em No Limit ($0.05/$0.10) - 2025/01/24 18:17:51 CET [2025/01/24 12:17:51 ET]
Table 'Aludra' 6-max Seat #1 is the button
Seat 1: honEybOOx ($10.20 in chips) 
Seat 2: Ganbarimasyou ($11.89 in chips) 
Seat 3: mrfreaky1989 ($10 in chips) 
Seat 4: Dastik 5 ($10.05 in chips) 
Seat 5: Mahu2021 ($10.54 in chips) 
Seat 6: OeTen101 ($12.31 in chips) 
Ganbarimasyou: posts small blind $0.05
mrfreaky1989: posts big blind $0.10
*** HOLE CARDS ***
Dealt to Mahu2021 [Jh 6s]
Dastik 5: folds 
Mahu2021: folds 
OeTen101: folds 
honEybOOx: raises $0.12 to $0.22
Ganbarimasyou: folds 
mrfreaky1989: calls $0.12
*** FLOP *** [Ad 4h Ah]
mrfreaky1989: checks 
honEybOOx: bets $0.14
mrfreaky1989: folds 
Uncalled bet ($0.14) returned to honEybOOx
honEybOOx collected $0.47 from pot
honEybOOx: doesn't show hand 
*** SUMMARY ***
Total pot $0.49 | Rake $0.02 
Board [Ad 4h Ah]
Seat 1: honEybOOx (button) collected ($0.47)
Seat 2: Ganbarimasyou (small blind) folded before Flop
Seat 3: mrfreaky1989 (big blind) folded on the Flop
Seat 4: Dastik 5 folded before Flop (didn't bet)
Seat 5: Mahu2021 folded before Flop (didn't bet)
Seat 6: OeTen101 folded before Flop (didn't bet)



PokerStars Zoom Hand #254531357051:  Hold'em No Limit ($0.05/$0.10) - 2025/01/24 18:17:41 CET [2025/01/24 12:17:41 ET]
Table 'Aludra' 6-max Seat #1 is the button
Seat 1: osfp7john ($17.21 in chips) 
Seat 2: Darwivan ($10.28 in chips) 
Seat 3: Mahu2021 ($10.64 in chips) 
Seat 4: v4valter88 ($11.36 in chips) 
Seat 5: AllMenMstSrv ($10.10 in chips) 
Seat 6: Nadie2110 ($5.68 in chips) 
Darwivan: posts small blind $0.05
Mahu2021: posts big blind $0.10
*** HOLE CARDS ***
Dealt to Mahu2021 [5d 8s]
v4valter88: folds 
AllMenMstSrv: raises $0.15 to $0.25
Nadie2110: folds 
osfp7john: folds 
Darwivan: calls $0.20
Mahu2021: folds 
*** FLOP *** [5h 4c 9h]
Darwivan: checks 
AllMenMstSrv: checks 
*** TURN *** [5h 4c 9h] [3d]
Darwivan: bets $0.29
AllMenMstSrv: calls $0.29
*** RIVER *** [5h 4c 9h 3d] [7s]
Darwivan: bets $1.13
AllMenMstSrv: raises $1.70 to $2.83
Darwivan: folds 
Uncalled bet ($1.70) returned to AllMenMstSrv
AllMenMstSrv collected $3.29 from pot
AllMenMstSrv: doesn't show hand 
*** SUMMARY ***
Total pot $3.44 | Rake $0.15 
Board [5h 4c 9h 3d 7s]
Seat 1: osfp7john (button) folded before Flop (didn't bet)
Seat 2: Darwivan (small blind) folded on the River
Seat 3: Mahu2021 (big blind) folded before Flop
Seat 4: v4valter88 folded before Flop (didn't bet)
Seat 5: AllMenMstSrv collected ($3.29)
Seat 6: Nadie2110 folded before Flop (didn't bet)



PokerStars Zoom Hand #254531360556:  Hold'em No Limit ($0.05/$0.10) - 2025/01/24 18:17:55 CET [2025/01/24 12:17:55 ET]
Table 'Aludra' 6-max Seat #1 is the button
Seat 1: Dastik 5 ($10.05 in chips) 
Seat 2: Mahu2021 ($10.54 in chips) 
Seat 3: coolio1984 ($12.75 in chips) 
Seat 4: Zaztar ($3.39 in chips) 
Seat 5: ciceron86 ($10 in chips) 
Seat 6: Silva 5758 ($10.63 in chips) 
Mahu2021: posts small blind $0.05
coolio1984: posts big blind $0.10
*** HOLE CARDS ***
Dealt to Mahu2021 [8h 4s]
Zaztar: calls $0.10
ciceron86: folds 
Silva 5758: calls $0.10
Dastik 5: folds 
Mahu2021: folds 
coolio1984: checks 
*** FLOP *** [Tc 7c 6h]
coolio1984: bets $0.30
Zaztar: calls $0.30
Silva 5758: calls $0.30
*** TURN *** [Tc 7c 6h] [Ah]
coolio1984: checks 
Zaztar: checks 
Silva 5758: bets $0.89
coolio1984: folds 
Zaztar: calls $0.89
*** RIVER *** [Tc 7c 6h Ah] [2h]
Zaztar: checks 
Silva 5758: checks 
*** SHOW DOWN ***
Zaztar: shows [Kc 5c] (high card Ace)
Silva 5758: shows [As 7d] (two pair, Aces and Sevens)
Silva 5758 collected $2.89 from pot
*** SUMMARY ***
Total pot $3.03 | Rake $0.14 
Board [Tc 7c 6h Ah 2h]
Seat 1: Dastik 5 (button) folded before Flop (didn't bet)
Seat 2: Mahu2021 (small blind) folded before Flop
Seat 3: coolio1984 (big blind) folded on the Turn
Seat 4: Zaztar showed [Kc 5c] and lost with high card Ace
Seat 5: ciceron86 folded before Flop (didn't bet)
Seat 6: Silva 5758 showed [As 7d] and won ($2.89) with two pair, Aces and Sevens



PokerStars Zoom Hand #254531372467:  Hold'em No Limit ($0.05/$0.10) - 2025/01/24 18:18:41 CET [2025/01/24 12:18:41 ET]
Table 'Aludra' 6-max Seat #1 is the button
Seat 1: v4valter88 ($10.60 in chips) 
Seat 2: shin_0831 ($10.03 in chips) 
Seat 3: looser00091 ($12.66 in chips) 
Seat 4: petekuntz ($11.68 in chips) 
Seat 5: Titsamach ($41.75 in chips) 
Seat 6: Mahu2021 ($10.17 in chips) 
shin_0831: posts small blind $0.05
looser00091: posts big blind $0.10
*** HOLE CARDS ***
Dealt to Mahu2021 [3h Qc]
petekuntz: folds 
Titsamach: folds 
Mahu2021: folds 
v4valter88: folds 
shin_0831: folds 
Uncalled bet ($0.05) returned to looser00091
looser00091 collected $0.10 from pot
looser00091: doesn't show hand 
*** SUMMARY ***
Total pot $0.10 | Rake $0 
Seat 1: v4valter88 (button) folded before Flop (didn't bet)
Seat 2: shin_0831 (small blind) folded before Flop
Seat 3: looser00091 (big blind) collected ($0.10)
Seat 4: petekuntz folded before Flop (didn't bet)
Seat 5: Titsamach folded before Flop (didn't bet)
Seat 6: Mahu2021 folded before Flop (didn't bet)



PokerStars Zoom Hand #254531365576:  Hold'em No Limit ($0.05/$0.10) - 2025/01/24 18:18:14 CET [2025/01/24 12:18:14 ET]
Table 'Aludra' 6-max Seat #1 is the button
Seat 1: Mahu2021 ($10.39 in chips) 
Seat 2: batalhafbf ($11.30 in chips) 
Seat 3: hotchpotch17 ($10 in chips) 
Seat 4: looser00091 ($12.71 in chips) 
Seat 5: dodeer ($9.95 in chips) 
Seat 6: eriktnt ($14.88 in chips) 
batalhafbf: posts small blind $0.05
hotchpotch17: posts big blind $0.10
*** HOLE CARDS ***
Dealt to Mahu2021 [6c 7c]
looser00091: folds 
dodeer: folds 
eriktnt: raises $0.12 to $0.22
Mahu2021: calls $0.22
batalhafbf: raises $1.28 to $1.50
hotchpotch17: raises $2 to $3.50
eriktnt: folds 
Mahu2021: folds 
batalhafbf: folds 
Uncalled bet ($2) returned to hotchpotch17
hotchpotch17 collected $3.44 from pot
hotchpotch17: doesn't show hand 
*** SUMMARY ***
Total pot $3.44 | Rake $0 
Seat 1: Mahu2021 (button) folded before Flop
Seat 2: batalhafbf (small blind) folded before Flop
Seat 3: hotchpotch17 (big blind) collected ($3.44)
Seat 4: looser00091 folded before Flop (didn't bet)
Seat 5: dodeer folded before Flop (didn't bet)
Seat 6: eriktnt folded before Flop



PokerStars Zoom Hand #254531375322:  Hold'em No Limit ($0.05/$0.10) - 2025/01/24 18:18:52 CET [2025/01/24 12:18:52 ET]
Table 'Aludra' 6-max Seat #1 is the button
Seat 1: Mahu2021 ($10.17 in chips) 
Seat 2: Sao77 ($12.15 in chips) 
Seat 3: Mokbabull ($10 in chips) 
Seat 4: eriktnt ($10.63 in chips) 
Seat 5: Titsamach ($22.76 in chips) 
Seat 6: 8ujn ($9.85 in chips) 
Sao77: posts small blind $0.05
Mokbabull: posts big blind $0.10
*** HOLE CARDS ***
Dealt to Mahu2021 [Jh 9c]
eriktnt: folds 
Titsamach: folds 
8ujn: folds 
Mahu2021: folds 
Sao77: folds 
Uncalled bet ($0.05) returned to Mokbabull
Mokbabull collected $0.10 from pot
Mokbabull: doesn't show hand 
*** SUMMARY ***
Total pot $0.10 | Rake $0 
Seat 1: Mahu2021 (button) folded before Flop (didn't bet)
Seat 2: Sao77 (small blind) folded before Flop
Seat 3: Mokbabull (big blind) collected ($0.10)
Seat 4: eriktnt folded before Flop (didn't bet)
Seat 5: Titsamach folded before Flop (didn't bet)
Seat 6: 8ujn folded before Flop (didn't bet)



PokerStars Zoom Hand #254531377861:  Hold'em No Limit ($0.05/$0.10) - 2025/01/24 18:19:02 CET [2025/01/24 12:19:02 ET]
Table 'Aludra' 6-max Seat #1 is the button
Seat 1: miu_0716 ($10 in chips) 
Seat 2: COVEIROANCAP ($13.86 in chips) 
Seat 3: AlMihalich ($4.95 in chips) 
Seat 4: Mahu2021 ($10.17 in chips) 
Seat 5: Nadie2110 ($5.78 in chips) 
Seat 6: Paragon96 ($6.52 in chips) 
COVEIROANCAP: posts small blind $0.05
AlMihalich: posts big blind $0.10
*** HOLE CARDS ***
Dealt to Mahu2021 [Td Jc]
Mahu2021: folds 
Nadie2110: folds 
Paragon96: folds 
miu_0716: raises $0.12 to $0.22
COVEIROANCAP: folds 
AlMihalich: folds 
Uncalled bet ($0.12) returned to miu_0716
miu_0716 collected $0.25 from pot
miu_0716: doesn't show hand 
*** SUMMARY ***
Total pot $0.25 | Rake $0 
Seat 1: miu_0716 (button) collected ($0.25)
Seat 2: COVEIROANCAP (small blind) folded before Flop
Seat 3: AlMihalich (big blind) folded before Flop
Seat 4: Mahu2021 folded before Flop (didn't bet)
Seat 5: Nadie2110 folded before Flop (didn't bet)
Seat 6: Paragon96 folded before Flop (didn't bet)



PokerStars Zoom Hand #254531374561:  Hold'em No Limit ($0.05/$0.10) - 2025/01/24 18:18:49 CET [2025/01/24 12:18:49 ET]
Table 'Aludra' 6-max Seat #1 is the button
Seat 1: GinthersRift ($10 in chips) 
Seat 2: abbi555 ($16.08 in chips) 
Seat 3: JavaSAP ($4.46 in chips) 
Seat 4: Mahu2021 ($10.17 in chips) 
Seat 5: COVEIROANCAP ($14.11 in chips) 
Seat 6: Titsamach ($13.29 in chips) 
abbi555: posts small blind $0.05
JavaSAP: posts big blind $0.10
*** HOLE CARDS ***
Dealt to Mahu2021 [3c Ah]
Mahu2021: folds 
COVEIROANCAP: raises $0.15 to $0.25
Titsamach: folds 
GinthersRift: calls $0.25
abbi555: folds 
JavaSAP: raises $4.21 to $4.46 and is all-in
COVEIROANCAP: folds 
GinthersRift: calls $4.21
*** FLOP *** [Th Jc Td]
*** TURN *** [Th Jc Td] [9c]
*** RIVER *** [Th Jc Td 9c] [7s]
*** SHOW DOWN ***
JavaSAP: shows [Qs 8c] (a straight, Eight to Queen)
GinthersRift: shows [As Qc] (a pair of Tens)
JavaSAP collected $8.81 from pot
*** SUMMARY ***
Total pot $9.22 | Rake $0.41 
Board [Th Jc Td 9c 7s]
Seat 1: GinthersRift (button) showed [As Qc] and lost with a pair of Tens
Seat 2: abbi555 (small blind) folded before Flop
Seat 3: JavaSAP (big blind) showed [Qs 8c] and won ($8.81) with a straight, Eight to Queen
Seat 4: Mahu2021 folded before Flop (didn't bet)
Seat 5: COVEIROANCAP folded before Flop
Seat 6: Titsamach folded before Flop (didn't bet)



PokerStars Zoom Hand #254531379039:  Hold'em No Limit ($0.05/$0.10) - 2025/01/24 18:19:07 CET [2025/01/24 12:19:07 ET]
Table 'Aludra' 6-max Seat #1 is the button
Seat 1: AJKJ67 ($7.10 in chips) 
Seat 2: Mokbabull ($10.05 in chips) 
Seat 3: Mahu2021 ($10.17 in chips) 
Seat 4: coolio1984 ($14.01 in chips) 
Seat 5: OeTen101 ($15.74 in chips) 
Seat 6: Nadie2110 ($5.78 in chips) 
Mokbabull: posts small blind $0.05
Mahu2021: posts big blind $0.10
*** HOLE CARDS ***
Dealt to Mahu2021 [6s 3d]
coolio1984: folds 
OeTen101: raises $0.10 to $0.20
Nadie2110: folds 
AJKJ67: folds 
Mokbabull: raises $0.70 to $0.90
Mahu2021: folds 
OeTen101: folds 
Uncalled bet ($0.70) returned to Mokbabull
Mokbabull collected $0.50 from pot
Mokbabull: doesn't show hand 
*** SUMMARY ***
Total pot $0.50 | Rake $0 
Seat 1: AJKJ67 (button) folded before Flop (didn't bet)
Seat 2: Mokbabull (small blind) collected ($0.50)
Seat 3: Mahu2021 (big blind) folded before Flop
Seat 4: coolio1984 folded before Flop (didn't bet)
Seat 5: OeTen101 folded before Flop
Seat 6: Nadie2110 folded before Flop (didn't bet)



PokerStars Zoom Hand #254531373594:  Hold'em No Limit ($0.05/$0.10) - 2025/01/24 18:18:45 CET [2025/01/24 12:18:45 ET]
Table 'Aludra' 6-max Seat #1 is the button
Seat 1: sp1der91 ($9.85 in chips) 
Seat 2: anderetsu ($8.01 in chips) 
Seat 3: osfp7john ($17.21 in chips) 
Seat 4: Diligent377 ($10.73 in chips) 
Seat 5: Mahu2021 ($10.17 in chips) 
Seat 6: Karina2707 ($12.95 in chips) 
anderetsu: posts small blind $0.05
osfp7john: posts big blind $0.10
*** HOLE CARDS ***
Dealt to Mahu2021 [6s Kd]
Diligent377: folds 
Mahu2021: folds 
Karina2707: raises $0.10 to $0.20
sp1der91: raises $0.40 to $0.60
anderetsu: folds 
osfp7john: folds 
Karina2707: calls $0.40
*** FLOP *** [Qc 7s 5s]
Karina2707: bets $0.45
sp1der91: calls $0.45
*** TURN *** [Qc 7s 5s] [Qd]
Karina2707: checks 
sp1der91: bets $0.80
Karina2707: folds 
Uncalled bet ($0.80) returned to sp1der91
sp1der91 collected $2.15 from pot
sp1der91: doesn't show hand 
*** SUMMARY ***
Total pot $2.25 | Rake $0.10 
Board [Qc 7s 5s Qd]
Seat 1: sp1der91 (button) collected ($2.15)
Seat 2: anderetsu (small blind) folded before Flop
Seat 3: osfp7john (big blind) folded before Flop
Seat 4: Diligent377 folded before Flop (didn't bet)
Seat 5: Mahu2021 folded before Flop (didn't bet)
Seat 6: Karina2707 folded on the Turn



PokerStars Zoom Hand #254531382142:  Hold'em No Limit ($0.05/$0.10) - 2025/01/24 18:19:19 CET [2025/01/24 12:19:19 ET]
Table 'Aludra' 6-max Seat #1 is the button
Seat 1: Diligent377 ($17.89 in chips) 
Seat 2: Mahu2021 ($10.07 in chips) 
Seat 3: CJLongers ($9.85 in chips) 
Seat 4: aaasss422 ($6.70 in chips) 
Seat 5: Nelliey ($9.70 in chips) 
Seat 6: batalhafbf ($18.33 in chips) 
Mahu2021: posts small blind $0.05
CJLongers: posts big blind $0.10
*** HOLE CARDS ***
Dealt to Mahu2021 [7h 3s]
aaasss422: folds 
Nelliey: folds 
batalhafbf: folds 
Diligent377: folds 
Mahu2021: folds 
Uncalled bet ($0.05) returned to CJLongers
CJLongers collected $0.10 from pot
CJLongers: doesn't show hand 
*** SUMMARY ***
Total pot $0.10 | Rake $0 
Seat 1: Diligent377 (button) folded before Flop (didn't bet)
Seat 2: Mahu2021 (small blind) folded before Flop
Seat 3: CJLongers (big blind) collected ($0.10)
Seat 4: aaasss422 folded before Flop (didn't bet)
Seat 5: Nelliey folded before Flop (didn't bet)
Seat 6: batalhafbf folded before Flop (didn't bet)



PokerStars Zoom Hand #254531383449:  Hold'em No Limit ($0.05/$0.10) - 2025/01/24 18:19:24 CET [2025/01/24 12:19:24 ET]
Table 'Aludra' 6-max Seat #1 is the button
Seat 1: Luffy V ($17.88 in chips) 
Seat 2: Paragon96 ($6.52 in chips) 
Seat 3: fransisco 234 ($10 in chips) 
Seat 4: strashilisht ($15.44 in chips) 
Seat 5: Darwivan ($16.54 in chips) 
Seat 6: Mahu2021 ($10.02 in chips) 
Paragon96: posts small blind $0.05
fransisco 234: posts big blind $0.10
*** HOLE CARDS ***
Dealt to Mahu2021 [6s 2c]
strashilisht: folds 
Darwivan: folds 
Mahu2021: folds 
Luffy V: folds 
Paragon96: folds 
Uncalled bet ($0.05) returned to fransisco 234
fransisco 234 collected $0.10 from pot
fransisco 234: doesn't show hand 
*** SUMMARY ***
Total pot $0.10 | Rake $0 
Seat 1: Luffy V (button) folded before Flop (didn't bet)
Seat 2: Paragon96 (small blind) folded before Flop
Seat 3: fransisco 234 (big blind) collected ($0.10)
Seat 4: strashilisht folded before Flop (didn't bet)
Seat 5: Darwivan folded before Flop (didn't bet)
Seat 6: Mahu2021 folded before Flop (didn't bet)



PokerStars Zoom Hand #254531376784:  Hold'em No Limit ($0.05/$0.10) - 2025/01/24 18:18:58 CET [2025/01/24 12:18:58 ET]
Table 'Aludra' 6-max Seat #1 is the button
Seat 1: AllMenMstSrv ($11.62 in chips) 
Seat 2: Hopewar ($13.60 in chips) 
Seat 3: eriktnt ($10 in chips) 
Seat 4: anderetsu ($8.14 in chips) 
Seat 5: Mahu2021 ($10.17 in chips) 
Seat 6: miu_0716 ($10 in chips) 
Hopewar: posts small blind $0.05
eriktnt: posts big blind $0.10
*** HOLE CARDS ***
Dealt to Mahu2021 [Jh 2s]
anderetsu: folds 
Mahu2021: folds 
miu_0716: folds 
AllMenMstSrv: raises $0.15 to $0.25
Hopewar: calls $0.20
eriktnt: raises $1.15 to $1.40
AllMenMstSrv: folds 
Hopewar: folds 
Uncalled bet ($1.15) returned to eriktnt
eriktnt collected $0.75 from pot
eriktnt: doesn't show hand 
*** SUMMARY ***
Total pot $0.75 | Rake $0 
Seat 1: AllMenMstSrv (button) folded before Flop
Seat 2: Hopewar (small blind) folded before Flop
Seat 3: eriktnt (big blind) collected ($0.75)
Seat 4: anderetsu folded before Flop (didn't bet)
Seat 5: Mahu2021 folded before Flop (didn't bet)
Seat 6: miu_0716 folded before Flop (didn't bet)



PokerStars Zoom Hand #254531384453:  Hold'em No Limit ($0.05/$0.10) - 2025/01/24 18:19:28 CET [2025/01/24 12:19:28 ET]
Table 'Aludra' 6-max Seat #1 is the button
Seat 1: Mahu2021 ($10.02 in chips) 
Seat 2: strashilisht ($15.44 in chips) 
Seat 3: aaasss422 ($6.70 in chips) 
Seat 4: OeTen101 ($15.49 in chips) 
Seat 5: GinthersRift ($10 in chips) 
Seat 6: doubleturtle7 ($11.27 in chips) 
strashilisht: posts small blind $0.05
aaasss422: posts big blind $0.10
*** HOLE CARDS ***
Dealt to Mahu2021 [2c 4h]
OeTen101: folds 
GinthersRift: folds 
doubleturtle7: folds 
Mahu2021: folds 
strashilisht: folds 
Uncalled bet ($0.05) returned to aaasss422
aaasss422 collected $0.10 from pot
aaasss422: doesn't show hand 
*** SUMMARY ***
Total pot $0.10 | Rake $0 
Seat 1: Mahu2021 (button) folded before Flop (didn't bet)
Seat 2: strashilisht (small blind) folded before Flop
Seat 3: aaasss422 (big blind) collected ($0.10)
Seat 4: OeTen101 folded before Flop (didn't bet)
Seat 5: GinthersRift folded before Flop (didn't bet)
Seat 6: doubleturtle7 folded before Flop (didn't bet)



PokerStars Zoom Hand #254531387352:  Hold'em No Limit ($0.05/$0.10) - 2025/01/24 18:19:39 CET [2025/01/24 12:19:39 ET]
Table 'Aludra' 6-max Seat #1 is the button
Seat 1: eriktnt ($14.51 in chips) 
Seat 2: OnlyJordy ($9.49 in chips) 
Seat 3: Mahu2021 ($10.02 in chips) 
Seat 4: maciejass83 ($13.77 in chips) 
Seat 5: alexber1111 ($26.42 in chips) 
Seat 6: COVEIROANCAP ($13.96 in chips) 
OnlyJordy: posts small blind $0.05
Mahu2021: posts big blind $0.10
*** HOLE CARDS ***
Dealt to Mahu2021 [2h 4c]
maciejass83: folds 
alexber1111: raises $0.12 to $0.22
COVEIROANCAP: raises $0.53 to $0.75
eriktnt: folds 
OnlyJordy: folds 
Mahu2021: folds 
alexber1111: raises $1.05 to $1.80
COVEIROANCAP: folds 
Uncalled bet ($1.05) returned to alexber1111
alexber1111 collected $1.65 from pot
alexber1111: doesn't show hand 
*** SUMMARY ***
Total pot $1.65 | Rake $0 
Seat 1: eriktnt (button) folded before Flop (didn't bet)
Seat 2: OnlyJordy (small blind) folded before Flop
Seat 3: Mahu2021 (big blind) folded before Flop
Seat 4: maciejass83 folded before Flop (didn't bet)
Seat 5: alexber1111 collected ($1.65)
Seat 6: COVEIROANCAP folded before Flop



PokerStars Zoom Hand #254531385729:  Hold'em No Limit ($0.05/$0.10) - 2025/01/24 18:19:33 CET [2025/01/24 12:19:33 ET]
Table 'Aludra' 6-max Seat #1 is the button
Seat 1: 8ujn ($9.70 in chips) 
Seat 2: CJLongers ($9.90 in chips) 
Seat 3: AJKJ67 ($6.95 in chips) 
Seat 4: Mahu2021 ($10.02 in chips) 
Seat 5: chessismorefun ($11.56 in chips) 
Seat 6: mrfreaky1989 ($10.10 in chips) 
CJLongers: posts small blind $0.05
AJKJ67: posts big blind $0.10
*** HOLE CARDS ***
Dealt to Mahu2021 [4c Ts]
Mahu2021: folds 
chessismorefun: raises $0.10 to $0.20
mrfreaky1989: folds 
8ujn: folds 
CJLongers: calls $0.15
AJKJ67: folds 
*** FLOP *** [6c 8s 7d]
CJLongers: checks 
chessismorefun: checks 
*** TURN *** [6c 8s 7d] [Jc]
CJLongers: bets $0.20
chessismorefun: calls $0.20
*** RIVER *** [6c 8s 7d Jc] [6h]
CJLongers: checks 
chessismorefun: bets $0.65
CJLongers: folds 
Uncalled bet ($0.65) returned to chessismorefun
chessismorefun collected $0.86 from pot
chessismorefun: doesn't show hand 
*** SUMMARY ***
Total pot $0.90 | Rake $0.04 
Board [6c 8s 7d Jc 6h]
Seat 1: 8ujn (button) folded before Flop (didn't bet)
Seat 2: CJLongers (small blind) folded on the River
Seat 3: AJKJ67 (big blind) folded before Flop
Seat 4: Mahu2021 folded before Flop (didn't bet)
Seat 5: chessismorefun collected ($0.86)
Seat 6: mrfreaky1989 folded before Flop (didn't bet)



PokerStars Zoom Hand #254531390114:  Hold'em No Limit ($0.05/$0.10) - 2025/01/24 18:19:50 CET [2025/01/24 12:19:50 ET]
Table 'Aludra' 6-max Seat #1 is the button
Seat 1: Blast4Sure ($10.22 in chips) 
Seat 2: Mahu2021 ($9.92 in chips) 
Seat 3: schitzophone ($9.05 in chips) 
Seat 4: anderetsu ($8.63 in chips) 
Seat 5: v4valter88 ($11.66 in chips) 
Seat 6: mrfreaky1989 ($10.40 in chips) 
Mahu2021: posts small blind $0.05
schitzophone: posts big blind $0.10
*** HOLE CARDS ***
Dealt to Mahu2021 [5h Kd]
anderetsu: folds 
v4valter88: folds 
mrfreaky1989: folds 
Blast4Sure has timed out
Blast4Sure: folds 
Mahu2021: folds 
Uncalled bet ($0.05) returned to schitzophone
schitzophone collected $0.10 from pot
schitzophone: doesn't show hand 
*** SUMMARY ***
Total pot $0.10 | Rake $0 
Seat 1: Blast4Sure (button) folded before Flop (didn't bet)
Seat 2: Mahu2021 (small blind) folded before Flop
Seat 3: schitzophone (big blind) collected ($0.10)
Seat 4: anderetsu folded before Flop (didn't bet)
Seat 5: v4valter88 folded before Flop (didn't bet)
Seat 6: mrfreaky1989 folded before Flop (didn't bet)



PokerStars Zoom Hand #254531391535:  Hold'em No Limit ($0.05/$0.10) - 2025/01/24 18:19:56 CET [2025/01/24 12:19:56 ET]
Table 'Aludra' 6-max Seat #1 is the button
Seat 1: AJKJ67 ($6.80 in chips) 
Seat 2: hiding.by ($10 in chips) 
Seat 3: Mokbabull ($10.50 in chips) 
Seat 4: Mahu2021 ($9.87 in chips) 
Seat 5: honEybOOx ($63.11 in chips) 
Seat 6: Karelliacastle ($23.90 in chips) 
hiding.by: posts small blind $0.05
Mokbabull: posts big blind $0.10
*** HOLE CARDS ***
Dealt to Mahu2021 [Tc Th]
Mahu2021: raises $0.14 to $0.24
honEybOOx: folds 
Karelliacastle: folds 
AJKJ67: folds 
hiding.by: folds 
Mokbabull: folds 
Uncalled bet ($0.14) returned to Mahu2021
Mahu2021 collected $0.25 from pot
Mahu2021: doesn't show hand 
*** SUMMARY ***
Total pot $0.25 | Rake $0 
Seat 1: AJKJ67 (button) folded before Flop (didn't bet)
Seat 2: hiding.by (small blind) folded before Flop
Seat 3: Mokbabull (big blind) folded before Flop
Seat 4: Mahu2021 collected ($0.25)
Seat 5: honEybOOx folded before Flop (didn't bet)
Seat 6: Karelliacastle folded before Flop (didn't bet)



PokerStars Zoom Hand #254531397218:  Hold'em No Limit ($0.05/$0.10) - 2025/01/24 18:20:17 CET [2025/01/24 12:20:17 ET]
Table 'Aludra' 6-max Seat #1 is the button
Seat 1: gabrigomez ($10.28 in chips) 
Seat 2: seonghwee ($11.17 in chips) 
Seat 3: Mahu2021 ($10.02 in chips) 
Seat 4: chessismorefun ($13.88 in chips) 
Seat 5: C-MAJORIS ($23.82 in chips) 
Seat 6: mintyu ($10.28 in chips) 
seonghwee: posts small blind $0.05
Mahu2021: posts big blind $0.10
*** HOLE CARDS ***
Dealt to Mahu2021 [2c 4h]
chessismorefun: folds 
C-MAJORIS: folds 
mintyu: folds 
gabrigomez: folds 
seonghwee: raises $0.20 to $0.30
Mahu2021: folds 
Uncalled bet ($0.20) returned to seonghwee
seonghwee collected $0.20 from pot
seonghwee: doesn't show hand 
*** SUMMARY ***
Total pot $0.20 | Rake $0 
Seat 1: gabrigomez (button) folded before Flop (didn't bet)
Seat 2: seonghwee (small blind) collected ($0.20)
Seat 3: Mahu2021 (big blind) folded before Flop
Seat 4: chessismorefun folded before Flop (didn't bet)
Seat 5: C-MAJORIS folded before Flop (didn't bet)
Seat 6: mintyu folded before Flop (didn't bet)



PokerStars Zoom Hand #254531390760:  Hold'em No Limit ($0.05/$0.10) - 2025/01/24 18:19:53 CET [2025/01/24 12:19:53 ET]
Table 'Aludra' 6-max Seat #1 is the button
Seat 1: looser00091 ($22.68 in chips) 
Seat 2: v4valter88 ($11.66 in chips) 
Seat 3: JAT333 ($10.32 in chips) 
Seat 4: Karina2707 ($11.80 in chips) 
Seat 5: Mahu2021 ($9.87 in chips) 
Seat 6: Titsamach ($22.56 in chips) 
v4valter88: posts small blind $0.05
JAT333: posts big blind $0.10
*** HOLE CARDS ***
Dealt to Mahu2021 [7h Jd]
Karina2707: raises $0.10 to $0.20
Mahu2021: folds 
Titsamach: folds 
looser00091: folds 
v4valter88: folds 
JAT333: calls $0.10
*** FLOP *** [9d Ks Jh]
JAT333: checks 
Karina2707: bets $0.15
JAT333: calls $0.15
*** TURN *** [9d Ks Jh] [4c]
JAT333: checks 
Karina2707: checks 
*** RIVER *** [9d Ks Jh 4c] [3c]
JAT333: bets $0.40
Karina2707: folds 
Uncalled bet ($0.40) returned to JAT333
JAT333 collected $0.72 from pot
JAT333: doesn't show hand 
*** SUMMARY ***
Total pot $0.75 | Rake $0.03 
Board [9d Ks Jh 4c 3c]
Seat 1: looser00091 (button) folded before Flop (didn't bet)
Seat 2: v4valter88 (small blind) folded before Flop
Seat 3: JAT333 (big blind) collected ($0.72)
Seat 4: Karina2707 folded on the River
Seat 5: Mahu2021 folded before Flop (didn't bet)
Seat 6: Titsamach folded before Flop (didn't bet)



PokerStars Zoom Hand #254531400793:  Hold'em No Limit ($0.05/$0.10) - 2025/01/24 18:20:32 CET [2025/01/24 12:20:32 ET]
Table 'Aludra' 6-max Seat #1 is the button
Seat 1: GinthersRift ($27.23 in chips) 
Seat 2: Mahu2021 ($9.92 in chips) 
Seat 3: looser00091 ($12.91 in chips) 
Seat 4: ciceron86 ($10.15 in chips) 
Seat 5: Karina2707 ($15.05 in chips) 
Seat 6: AllMenMstSrv ($12.39 in chips) 
Mahu2021: posts small blind $0.05
looser00091: posts big blind $0.10
*** HOLE CARDS ***
Dealt to Mahu2021 [7d 3s]
ciceron86: folds 
Karina2707: raises $0.10 to $0.20
AllMenMstSrv: folds 
GinthersRift: folds 
Mahu2021: folds 
looser00091: folds 
Uncalled bet ($0.10) returned to Karina2707
Karina2707 collected $0.25 from pot
Karina2707: doesn't show hand 
*** SUMMARY ***
Total pot $0.25 | Rake $0 
Seat 1: GinthersRift (button) folded before Flop (didn't bet)
Seat 2: Mahu2021 (small blind) folded before Flop
Seat 3: looser00091 (big blind) folded before Flop
Seat 4: ciceron86 folded before Flop (didn't bet)
Seat 5: Karina2707 collected ($0.25)
Seat 6: AllMenMstSrv folded before Flop (didn't bet)



PokerStars Zoom Hand #254531386613:  Hold'em No Limit ($0.05/$0.10) - 2025/01/24 18:19:36 CET [2025/01/24 12:19:36 ET]
Table 'Aludra' 6-max Seat #1 is the button
Seat 1: alexber1111 ($26.42 in chips) 
Seat 2: Schorschel66 ($18.05 in chips) 
Seat 3: lEternamente ($10.30 in chips) 
Seat 4: Sao77 ($12.25 in chips) 
Seat 5: Ganbarimasyou ($11.92 in chips) 
Seat 6: Mahu2021 ($10.02 in chips) 
Schorschel66: posts small blind $0.05
lEternamente: posts big blind $0.10
*** HOLE CARDS ***
Dealt to Mahu2021 [6s 2c]
Sao77: folds 
Ganbarimasyou: folds 
Mahu2021: folds 
alexber1111: folds 
Schorschel66: raises $0.16 to $0.26
lEternamente: calls $0.16
*** FLOP *** [7s Qc Jd]
Schorschel66: checks 
lEternamente: checks 
*** TURN *** [7s Qc Jd] [6h]
Schorschel66: bets $0.21
lEternamente: calls $0.21
*** RIVER *** [7s Qc Jd 6h] [6d]
Schorschel66: bets $0.42
lEternamente: calls $0.42
*** SHOW DOWN ***
Schorschel66: shows [Kc 9s] (a pair of Sixes)
lEternamente: shows [Jc Ad] (two pair, Jacks and Sixes)
lEternamente collected $1.70 from pot
*** SUMMARY ***
Total pot $1.78 | Rake $0.08 
Board [7s Qc Jd 6h 6d]
Seat 1: alexber1111 (button) folded before Flop (didn't bet)
Seat 2: Schorschel66 (small blind) showed [Kc 9s] and lost with a pair of Sixes
Seat 3: lEternamente (big blind) showed [Jc Ad] and won ($1.70) with two pair, Jacks and Sixes
Seat 4: Sao77 folded before Flop (didn't bet)
Seat 5: Ganbarimasyou folded before Flop (didn't bet)
Seat 6: Mahu2021 folded before Flop (didn't bet)



PokerStars Zoom Hand #254531399760:  Hold'em No Limit ($0.05/$0.10) - 2025/01/24 18:20:27 CET [2025/01/24 12:20:27 ET]
Table 'Aludra' 6-max Seat #1 is the button
Seat 1: COVEIROANCAP ($10.43 in chips) 
Seat 2: Ed_banany ($10 in chips) 
Seat 3: Blast4Sure ($10.27 in chips) 
Seat 4: Dr.EMW ($20.66 in chips) 
Seat 5: Mahu2021 ($9.92 in chips) 
Seat 6: Sao77 ($12.42 in chips) 
Ed_banany: posts small blind $0.05
Blast4Sure: posts big blind $0.10
*** HOLE CARDS ***
Dealt to Mahu2021 [8d Kc]
Dr.EMW: folds 
Mahu2021: folds 
Sao77: folds 
COVEIROANCAP: folds 
Ed_banany: folds 
Uncalled bet ($0.05) returned to Blast4Sure
Blast4Sure collected $0.10 from pot
Blast4Sure: doesn't show hand 
*** SUMMARY ***
Total pot $0.10 | Rake $0 
Seat 1: COVEIROANCAP (button) folded before Flop (didn't bet)
Seat 2: Ed_banany (small blind) folded before Flop
Seat 3: Blast4Sure (big blind) collected ($0.10)
Seat 4: Dr.EMW folded before Flop (didn't bet)
Seat 5: Mahu2021 folded before Flop (didn't bet)
Seat 6: Sao77 folded before Flop (didn't bet)



PokerStars Zoom Hand #254531402827:  Hold'em No Limit ($0.05/$0.10) - 2025/01/24 18:20:39 CET [2025/01/24 12:20:39 ET]
Table 'Aludra' 6-max Seat #1 is the button
Seat 1: Mahu2021 ($9.87 in chips) 
Seat 2: Karina2707 ($11.45 in chips) 
Seat 3: v4valter88 ($10.11 in chips) 
Seat 4: looser00091 ($12.81 in chips) 
Seat 5: AllMenMstSrv ($10 in chips) 
Seat 6: Elvisc8_96 ($20.24 in chips) 
Karina2707: posts small blind $0.05
v4valter88: posts big blind $0.10
*** HOLE CARDS ***
Dealt to Mahu2021 [4d 3h]
looser00091: folds 
AllMenMstSrv: folds 
Elvisc8_96: folds 
Mahu2021: folds 
Karina2707: folds 
Uncalled bet ($0.05) returned to v4valter88
v4valter88 collected $0.10 from pot
v4valter88: doesn't show hand 
*** SUMMARY ***
Total pot $0.10 | Rake $0 
Seat 1: Mahu2021 (button) folded before Flop (didn't bet)
Seat 2: Karina2707 (small blind) folded before Flop
Seat 3: v4valter88 (big blind) collected ($0.10)
Seat 4: looser00091 folded before Flop (didn't bet)
Seat 5: AllMenMstSrv folded before Flop (didn't bet)
Seat 6: Elvisc8_96 folded before Flop (didn't bet)



PokerStars Zoom Hand #254531396136:  Hold'em No Limit ($0.05/$0.10) - 2025/01/24 18:20:13 CET [2025/01/24 12:20:13 ET]
Table 'Aludra' 6-max Seat #1 is the button
Seat 1: Mahu2021 ($10.02 in chips) 
Seat 2: Karelliacastle ($15.64 in chips) 
Seat 3: v4valter88 ($10.60 in chips) 
Seat 4: Nadie2110 ($5.90 in chips) 
Seat 5: EISKORTA ($11.38 in chips) 
Seat 6: miu_0716 ($10.35 in chips) 
Karelliacastle: posts small blind $0.05
v4valter88: posts big blind $0.10
*** HOLE CARDS ***
Dealt to Mahu2021 [2s 6c]
Nadie2110: raises $0.10 to $0.20
EISKORTA: raises $0.10 to $0.30
miu_0716: folds 
Mahu2021: folds 
Karelliacastle: folds 
v4valter88: folds 
Nadie2110: raises $0.75 to $1.05
EISKORTA: calls $0.75
*** FLOP *** [5d Kc 6s]
Nadie2110: checks 
EISKORTA: checks 
*** TURN *** [5d Kc 6s] [Jd]
Nadie2110: checks 
EISKORTA: checks 
*** RIVER *** [5d Kc 6s Jd] [3c]
Nadie2110: bets $1.61
EISKORTA: calls $1.61
*** SHOW DOWN ***
Nadie2110: shows [Qd Ad] (high card Ace)
EISKORTA: shows [6d 7d] (a pair of Sixes)
EISKORTA collected $5.22 from pot
*** SUMMARY ***
Total pot $5.47 | Rake $0.25 
Board [5d Kc 6s Jd 3c]
Seat 1: Mahu2021 (button) folded before Flop (didn't bet)
Seat 2: Karelliacastle (small blind) folded before Flop
Seat 3: v4valter88 (big blind) folded before Flop
Seat 4: Nadie2110 showed [Qd Ad] and lost with high card Ace
Seat 5: EISKORTA showed [6d 7d] and won ($5.22) with a pair of Sixes
Seat 6: miu_0716 folded before Flop (didn't bet)



PokerStars Zoom Hand #254531401788:  Hold'em No Limit ($0.05/$0.10) - 2025/01/24 18:20:35 CET [2025/01/24 12:20:35 ET]
Table 'Aludra' 6-max Seat #1 is the button
Seat 1: fransisco 234 ($10 in chips) 
Seat 2: poker99111 ($9.97 in chips) 
Seat 3: TGVon ($10 in chips) 
Seat 4: eriktnt ($10.65 in chips) 
Seat 5: osfp7john ($18.68 in chips) 
Seat 6: Mahu2021 ($9.87 in chips) 
poker99111: posts small blind $0.05
TGVon: posts big blind $0.10
*** HOLE CARDS ***
Dealt to Mahu2021 [5c Qh]
eriktnt: folds 
osfp7john: folds 
Mahu2021: folds 
fransisco 234: folds 
poker99111: raises $0.20 to $0.30
TGVon: calls $0.20
*** FLOP *** [Qc Kd As]
poker99111: checks 
TGVon: checks 
*** TURN *** [Qc Kd As] [Tc]
poker99111: bets $0.19
TGVon: folds 
Uncalled bet ($0.19) returned to poker99111
poker99111 collected $0.57 from pot
poker99111: doesn't show hand 
*** SUMMARY ***
Total pot $0.60 | Rake $0.03 
Board [Qc Kd As Tc]
Seat 1: fransisco 234 (button) folded before Flop (didn't bet)
Seat 2: poker99111 (small blind) collected ($0.57)
Seat 3: TGVon (big blind) folded on the Turn
Seat 4: eriktnt folded before Flop (didn't bet)
Seat 5: osfp7john folded before Flop (didn't bet)
Seat 6: Mahu2021 folded before Flop (didn't bet)



PokerStars Zoom Hand #254531406453:  Hold'em No Limit ($0.05/$0.10) - 2025/01/24 18:20:53 CET [2025/01/24 12:20:53 ET]
Table 'Aludra' 6-max Seat #1 is the button
Seat 1: doubleturtle7 ($11.09 in chips) 
Seat 2: Mahu2021 ($9.77 in chips) 
Seat 3: AllMenMstSrv ($14.14 in chips) 
Seat 4: hotchpotch17 ($13.83 in chips) 
Seat 5: lEternamente ($11.64 in chips) 
Seat 6: lichistoria ($12.37 in chips) 
Mahu2021: posts small blind $0.05
AllMenMstSrv: posts big blind $0.10
*** HOLE CARDS ***
Dealt to Mahu2021 [5c 3c]
hotchpotch17: folds 
lEternamente: folds 
lichistoria: raises $0.15 to $0.25
doubleturtle7: folds 
Mahu2021: calls $0.20
AllMenMstSrv: folds 
*** FLOP *** [Jh 9d 2d]
Mahu2021: checks 
lichistoria: bets $0.17
Mahu2021: folds 
Uncalled bet ($0.17) returned to lichistoria
lichistoria collected $0.57 from pot
lichistoria: doesn't show hand 
*** SUMMARY ***
Total pot $0.60 | Rake $0.03 
Board [Jh 9d 2d]
Seat 1: doubleturtle7 (button) folded before Flop (didn't bet)
Seat 2: Mahu2021 (small blind) folded on the Flop
Seat 3: AllMenMstSrv (big blind) folded before Flop
Seat 4: hotchpotch17 folded before Flop (didn't bet)
Seat 5: lEternamente folded before Flop (didn't bet)
Seat 6: lichistoria collected ($0.57)



PokerStars Zoom Hand #254531404086:  Hold'em No Limit ($0.05/$0.10) - 2025/01/24 18:20:44 CET [2025/01/24 12:20:44 ET]
Table 'Aludra' 6-max Seat #1 is the button
Seat 1: Nadie2110 ($7.06 in chips) 
Seat 2: ciceron86 ($10 in chips) 
Seat 3: Mahu2021 ($9.87 in chips) 
Seat 4: fransisco 234 ($10 in chips) 
Seat 5: Blast4Sure ($10.32 in chips) 
Seat 6: 8ujn ($9.40 in chips) 
ciceron86: posts small blind $0.05
Mahu2021: posts big blind $0.10
*** HOLE CARDS ***
Dealt to Mahu2021 [5s Qc]
fransisco 234: folds 
Blast4Sure: folds 
8ujn: folds 
Nadie2110: raises $0.25 to $0.35
ciceron86: raises $0.97 to $1.32
Mahu2021: folds 
Nadie2110: raises $5.74 to $7.06 and is all-in
ciceron86: folds 
Uncalled bet ($5.74) returned to Nadie2110
Nadie2110 collected $2.74 from pot
Nadie2110: doesn't show hand 
*** SUMMARY ***
Total pot $2.74 | Rake $0 
Seat 1: Nadie2110 (button) collected ($2.74)
Seat 2: ciceron86 (small blind) folded before Flop
Seat 3: Mahu2021 (big blind) folded before Flop
Seat 4: fransisco 234 folded before Flop (didn't bet)
Seat 5: Blast4Sure folded before Flop (didn't bet)
Seat 6: 8ujn folded before Flop (didn't bet)



PokerStars Zoom Hand #254531413463:  Hold'em No Limit ($0.05/$0.10) - 2025/01/24 18:21:21 CET [2025/01/24 12:21:21 ET]
Table 'Aludra' 6-max Seat #1 is the button
Seat 1: Luffy V ($19.08 in chips) 
Seat 2: Mokbabull ($10.55 in chips) 
Seat 3: batalhafbf ($14.90 in chips) 
Seat 4: Dastik 5 ($12.50 in chips) 
Seat 5: OnlyJordy ($9.14 in chips) 
Seat 6: Mahu2021 ($9.52 in chips) 
Mokbabull: posts small blind $0.05
batalhafbf: posts big blind $0.10
*** HOLE CARDS ***
Dealt to Mahu2021 [7s 8c]
Dastik 5: folds 
OnlyJordy: raises $0.20 to $0.30
Mahu2021: folds 
Luffy V: folds 
Mokbabull: folds 
batalhafbf: calls $0.20
*** FLOP *** [7h 8h Ts]
batalhafbf: checks 
OnlyJordy: bets $0.31
batalhafbf: folds 
Uncalled bet ($0.31) returned to OnlyJordy
OnlyJordy collected $0.62 from pot
OnlyJordy: doesn't show hand 
*** SUMMARY ***
Total pot $0.65 | Rake $0.03 
Board [7h 8h Ts]
Seat 1: Luffy V (button) folded before Flop (didn't bet)
Seat 2: Mokbabull (small blind) folded before Flop
Seat 3: batalhafbf (big blind) folded on the Flop
Seat 4: Dastik 5 folded before Flop (didn't bet)
Seat 5: OnlyJordy collected ($0.62)
Seat 6: Mahu2021 folded before Flop (didn't bet)



PokerStars Zoom Hand #254531417041:  Hold'em No Limit ($0.05/$0.10) - 2025/01/24 18:21:34 CET [2025/01/24 12:21:34 ET]
Table 'Aludra' 6-max Seat #1 is the button
Seat 1: stiucarul ($10 in chips) 
Seat 2: WolcharaAP ($11.21 in chips) 
Seat 3: anderetsu ($9.95 in chips) 
Seat 4: Mahu2021 ($9.52 in chips) 
Seat 5: COVEIROANCAP ($11.12 in chips) 
Seat 6: miu_0716 ($10.20 in chips) 
WolcharaAP: posts small blind $0.05
anderetsu: posts big blind $0.10
*** HOLE CARDS ***
Dealt to Mahu2021 [Js 4d]
Mahu2021: folds 
COVEIROANCAP: folds 
miu_0716: raises $0.12 to $0.22
stiucarul: folds 
WolcharaAP: calls $0.17
anderetsu: folds 
*** FLOP *** [3s 4s Kd]
WolcharaAP: checks 
miu_0716: bets $0.26
WolcharaAP: folds 
Uncalled bet ($0.26) returned to miu_0716
miu_0716 collected $0.52 from pot
miu_0716: doesn't show hand 
*** SUMMARY ***
Total pot $0.54 | Rake $0.02 
Board [3s 4s Kd]
Seat 1: stiucarul (button) folded before Flop (didn't bet)
Seat 2: WolcharaAP (small blind) folded on the Flop
Seat 3: anderetsu (big blind) folded before Flop
Seat 4: Mahu2021 folded before Flop (didn't bet)
Seat 5: COVEIROANCAP folded before Flop (didn't bet)
Seat 6: miu_0716 collected ($0.52)



PokerStars Zoom Hand #254531414764:  Hold'em No Limit ($0.05/$0.10) - 2025/01/24 18:21:26 CET [2025/01/24 12:21:26 ET]
Table 'Aludra' 6-max Seat #1 is the button
Seat 1: Mahu2021 ($9.52 in chips) 
Seat 2: Mokbabull ($10.15 in chips) 
Seat 3: mrfreaky1989 ($10 in chips) 
Seat 4: Karina2707 ($11.25 in chips) 
Seat 5: anderetsu ($9.95 in chips) 
Seat 6: hiding.by ($10.25 in chips) 
Mokbabull: posts small blind $0.05
mrfreaky1989: posts big blind $0.10
*** HOLE CARDS ***
Dealt to Mahu2021 [Jc 7h]
Karina2707: folds 
anderetsu: raises $0.10 to $0.20
hiding.by: calls $0.20
Mahu2021: folds 
Mokbabull: folds 
mrfreaky1989: folds 
*** FLOP *** [Kd 3c 8d]
anderetsu: bets $0.17
hiding.by: calls $0.17
*** TURN *** [Kd 3c 8d] [2c]
anderetsu: checks 
hiding.by: checks 
*** RIVER *** [Kd 3c 8d 2c] [9c]
anderetsu: checks 
hiding.by: checks 
*** SHOW DOWN ***
anderetsu: shows [Jh As] (high card Ace)
hiding.by: shows [7c 7s] (a pair of Sevens)
hiding.by collected $0.85 from pot
*** SUMMARY ***
Total pot $0.89 | Rake $0.04 
Board [Kd 3c 8d 2c 9c]
Seat 1: Mahu2021 (button) folded before Flop (didn't bet)
Seat 2: Mokbabull (small blind) folded before Flop
Seat 3: mrfreaky1989 (big blind) folded before Flop
Seat 4: Karina2707 folded before Flop (didn't bet)
Seat 5: anderetsu showed [Jh As] and lost with high card Ace
Seat 6: hiding.by showed [7c 7s] and won ($0.85) with a pair of Sevens



PokerStars Zoom Hand #254531416031:  Hold'em No Limit ($0.05/$0.10) - 2025/01/24 18:21:31 CET [2025/01/24 12:21:31 ET]
Table 'Aludra' 6-max Seat #1 is the button
Seat 1: jeff-fa-faa ($10 in chips) 
Seat 2: ciceron86 ($10 in chips) 
Seat 3: OeTen101 ($11.94 in chips) 
Seat 4: osfp7john ($18.48 in chips) 
Seat 5: andreuler ($16.77 in chips) 
Seat 6: Mahu2021 ($9.52 in chips) 
ciceron86: posts small blind $0.05
OeTen101: posts big blind $0.10
*** HOLE CARDS ***
Dealt to Mahu2021 [3d 5s]
osfp7john: folds 
andreuler: folds 
Mahu2021: folds 
jeff-fa-faa: folds 
ciceron86: raises $0.20 to $0.30
OeTen101: calls $0.20
*** FLOP *** [Td 8s Jh]
ciceron86: checks 
OeTen101: checks 
*** TURN *** [Td 8s Jh] [7s]
ciceron86: checks 
OeTen101: bets $0.86
ciceron86: calls $0.86
*** RIVER *** [Td 8s Jh 7s] [9c]
ciceron86: checks 
OeTen101: checks 
*** SHOW DOWN ***
ciceron86: shows [Qh Ac] (a straight, Eight to Queen)
OeTen101: mucks hand 
ciceron86 collected $2.22 from pot
*** SUMMARY ***
Total pot $2.32 | Rake $0.10 
Board [Td 8s Jh 7s 9c]
Seat 1: jeff-fa-faa (button) folded before Flop (didn't bet)
Seat 2: ciceron86 (small blind) showed [Qh Ac] and won ($2.22) with a straight, Eight to Queen
Seat 3: OeTen101 (big blind) mucked [3c 4c]
Seat 4: osfp7john folded before Flop (didn't bet)
Seat 5: andreuler folded before Flop (didn't bet)
Seat 6: Mahu2021 folded before Flop (didn't bet)



PokerStars Zoom Hand #254531420404:  Hold'em No Limit ($0.05/$0.10) - 2025/01/24 18:21:47 CET [2025/01/24 12:21:47 ET]
Table 'Aludra' 6-max Seat #1 is the button
Seat 1: Sao77 ($11.97 in chips) 
Seat 2: oiciruam07 ($2.27 in chips) 
Seat 3: Mahu2021 ($9.52 in chips) 
Seat 4: batalhafbf ($22.38 in chips) 
Seat 5: mynutsmakemoney ($11.49 in chips) 
Seat 6: Bbyoda79 ($11.45 in chips) 
oiciruam07: posts small blind $0.05
Mahu2021: posts big blind $0.10
*** HOLE CARDS ***
Dealt to Mahu2021 [8d 9s]
batalhafbf: raises $0.14 to $0.24
mynutsmakemoney: folds 
Bbyoda79: folds 
Sao77: folds 
oiciruam07: folds 
Mahu2021: calls $0.14
*** FLOP *** [2s Jc 4d]
Mahu2021: checks 
batalhafbf: checks 
*** TURN *** [2s Jc 4d] [2d]
Mahu2021: checks 
batalhafbf: checks 
*** RIVER *** [2s Jc 4d 2d] [Qd]
Mahu2021: checks 
batalhafbf: bets $0.28
Mahu2021: folds 
Uncalled bet ($0.28) returned to batalhafbf
batalhafbf collected $0.51 from pot
batalhafbf: doesn't show hand 
*** SUMMARY ***
Total pot $0.53 | Rake $0.02 
Board [2s Jc 4d 2d Qd]
Seat 1: Sao77 (button) folded before Flop (didn't bet)
Seat 2: oiciruam07 (small blind) folded before Flop
Seat 3: Mahu2021 (big blind) folded on the River
Seat 4: batalhafbf collected ($0.51)
Seat 5: mynutsmakemoney folded before Flop (didn't bet)
Seat 6: Bbyoda79 folded before Flop (didn't bet)



PokerStars Zoom Hand #254531418526:  Hold'em No Limit ($0.05/$0.10) - 2025/01/24 18:21:40 CET [2025/01/24 12:21:40 ET]
Table 'Aludra' 6-max Seat #1 is the button
Seat 1: Karina2707 ($15.15 in chips) 
Seat 2: Karelliacastle ($16.12 in chips) 
Seat 3: Ed_banany ($10 in chips) 
Seat 4: Nadie2110 ($3.29 in chips) 
Seat 5: Mahu2021 ($9.52 in chips) 
Seat 6: mrfreaky1989 ($10 in chips) 
Karelliacastle: posts small blind $0.05
Ed_banany: posts big blind $0.10
*** HOLE CARDS ***
Dealt to Mahu2021 [5h 7h]
Nadie2110: folds 
Mahu2021: folds 
mrfreaky1989: folds 
Karina2707: raises $0.20 to $0.30
Karelliacastle: folds 
Ed_banany: calls $0.20
*** FLOP *** [2h Js Qc]
Ed_banany: checks 
Karina2707: bets $0.31
Ed_banany: calls $0.31
*** TURN *** [2h Js Qc] [6h]
Ed_banany has timed out
Ed_banany: checks 
Karina2707: checks 
*** RIVER *** [2h Js Qc 6h] [Qd]
Ed_banany: bets $0.80
Karina2707: folds 
Uncalled bet ($0.80) returned to Ed_banany
Ed_banany collected $1.21 from pot
Ed_banany: doesn't show hand 
*** SUMMARY ***
Total pot $1.27 | Rake $0.06 
Board [2h Js Qc 6h Qd]
Seat 1: Karina2707 (button) folded on the River
Seat 2: Karelliacastle (small blind) folded before Flop
Seat 3: Ed_banany (big blind) collected ($1.21)
Seat 4: Nadie2110 folded before Flop (didn't bet)
Seat 5: Mahu2021 folded before Flop (didn't bet)
Seat 6: mrfreaky1989 folded before Flop (didn't bet)



PokerStars Zoom Hand #254531428218:  Hold'em No Limit ($0.05/$0.10) - 2025/01/24 18:22:17 CET [2025/01/24 12:22:17 ET]
Table 'Aludra' 6-max Seat #1 is the button
Seat 1: jeisus232 ($9.96 in chips) 
Seat 2: Mahu2021 ($9.28 in chips) 
Seat 3: Bbyoda79 ($11.60 in chips) 
Seat 4: e-raze786 ($15.79 in chips) 
Seat 5: COVEIROANCAP ($12.61 in chips) 
Seat 6: Atty1az ($10 in chips) 
Mahu2021: posts small blind $0.05
Bbyoda79: posts big blind $0.10
*** HOLE CARDS ***
Dealt to Mahu2021 [As 6s]
e-raze786: folds 
COVEIROANCAP: folds 
Atty1az: calls $0.10
jeisus232: folds 
Mahu2021: calls $0.05
Bbyoda79: checks 
*** FLOP *** [3d 5d Jc]
Mahu2021: checks 
Bbyoda79: checks 
Atty1az: checks 
*** TURN *** [3d 5d Jc] [9s]
Mahu2021: checks 
Bbyoda79: bets $0.10
Atty1az: calls $0.10
Mahu2021: folds 
*** RIVER *** [3d 5d Jc 9s] [9d]
Bbyoda79: bets $0.10
Atty1az: raises $0.30 to $0.40
Bbyoda79: calls $0.30
*** SHOW DOWN ***
Atty1az: shows [9h 4h] (three of a kind, Nines)
Bbyoda79: mucks hand 
Atty1az collected $1.24 from pot
*** SUMMARY ***
Total pot $1.30 | Rake $0.06 
Board [3d 5d Jc 9s 9d]
Seat 1: jeisus232 (button) folded before Flop (didn't bet)
Seat 2: Mahu2021 (small blind) folded on the Turn
Seat 3: Bbyoda79 (big blind) mucked [Js 6c]
Seat 4: e-raze786 folded before Flop (didn't bet)
Seat 5: COVEIROANCAP folded before Flop (didn't bet)
Seat 6: Atty1az showed [9h 4h] and won ($1.24) with three of a kind, Nines



PokerStars Zoom Hand #254531435493:  Hold'em No Limit ($0.05/$0.10) - 2025/01/24 18:22:46 CET [2025/01/24 12:22:46 ET]
Table 'Aludra' 6-max Seat #1 is the button
Seat 1: anderetsu ($12.19 in chips) 
Seat 2: cheddarman24 ($10.63 in chips) 
Seat 3: COVEIROANCAP ($12.56 in chips) 
Seat 4: EISKORTA ($16.18 in chips) 
Seat 5: Mahu2021 ($9.18 in chips) 
Seat 6: oiciruam07 ($1.89 in chips) 
cheddarman24: posts small blind $0.05
COVEIROANCAP: posts big blind $0.10
*** HOLE CARDS ***
Dealt to Mahu2021 [Ah 7d]
EISKORTA: raises $0.70 to $0.80
Mahu2021: folds 
oiciruam07: folds 
anderetsu: folds 
cheddarman24: folds 
COVEIROANCAP: folds 
Uncalled bet ($0.70) returned to EISKORTA
EISKORTA collected $0.25 from pot
EISKORTA: doesn't show hand 
*** SUMMARY ***
Total pot $0.25 | Rake $0 
Seat 1: anderetsu (button) folded before Flop (didn't bet)
Seat 2: cheddarman24 (small blind) folded before Flop
Seat 3: COVEIROANCAP (big blind) folded before Flop
Seat 4: EISKORTA collected ($0.25)
Seat 5: Mahu2021 folded before Flop (didn't bet)
Seat 6: oiciruam07 folded before Flop (didn't bet)



PokerStars Zoom Hand #254531439355:  Hold'em No Limit ($0.05/$0.10) - 2025/01/24 18:23:01 CET [2025/01/24 12:23:01 ET]
Table 'Aludra' 6-max Seat #1 is the button
Seat 1: 8ujn ($9.40 in chips) 
Seat 2: cheddarman24 ($25.94 in chips) 
Seat 3: Atty1az ($10.64 in chips) 
Seat 4: Diligent377 ($23.97 in chips) 
Seat 5: Paragon96 ($6.28 in chips) 
Seat 6: Mahu2021 ($9.18 in chips) 
cheddarman24: posts small blind $0.05
Atty1az: posts big blind $0.10
*** HOLE CARDS ***
Dealt to Mahu2021 [5c 7s]
Diligent377: folds 
Paragon96: folds 
Mahu2021: folds 
8ujn: folds 
cheddarman24: folds 
Uncalled bet ($0.05) returned to Atty1az
Atty1az collected $0.10 from pot
Atty1az: doesn't show hand 
*** SUMMARY ***
Total pot $0.10 | Rake $0 
Seat 1: 8ujn (button) folded before Flop (didn't bet)
Seat 2: cheddarman24 (small blind) folded before Flop
Seat 3: Atty1az (big blind) collected ($0.10)
Seat 4: Diligent377 folded before Flop (didn't bet)
Seat 5: Paragon96 folded before Flop (didn't bet)
Seat 6: Mahu2021 folded before Flop (didn't bet)



PokerStars Zoom Hand #254531440361:  Hold'em No Limit ($0.05/$0.10) - 2025/01/24 18:23:05 CET [2025/01/24 12:23:05 ET]
Table 'Aludra' 6-max Seat #1 is the button
Seat 1: Mahu2021 ($9.18 in chips) 
Seat 2: fransisco 234 ($10 in chips) 
Seat 3: sp1der91 ($9.85 in chips) 
Seat 4: cheddarman24 ($25.89 in chips) 
Seat 5: ciceron86 ($10.80 in chips) 
Seat 6: stiucarul ($9.48 in chips) 
fransisco 234: posts small blind $0.05
sp1der91: posts big blind $0.10
*** HOLE CARDS ***
Dealt to Mahu2021 [2c Kd]
cheddarman24: folds 
ciceron86: folds 
stiucarul: folds 
Mahu2021: folds 
fransisco 234: raises $0.15 to $0.25
sp1der91: folds 
Uncalled bet ($0.15) returned to fransisco 234
fransisco 234 collected $0.20 from pot
fransisco 234: doesn't show hand 
*** SUMMARY ***
Total pot $0.20 | Rake $0 
Seat 1: Mahu2021 (button) folded before Flop (didn't bet)
Seat 2: fransisco 234 (small blind) collected ($0.20)
Seat 3: sp1der91 (big blind) folded before Flop
Seat 4: cheddarman24 folded before Flop (didn't bet)
Seat 5: ciceron86 folded before Flop (didn't bet)
Seat 6: stiucarul folded before Flop (didn't bet)



PokerStars Zoom Hand #254531441294:  Hold'em No Limit ($0.05/$0.10) - 2025/01/24 18:23:08 CET [2025/01/24 12:23:08 ET]
Table 'Aludra' 6-max Seat #1 is the button
Seat 1: osfp7john ($18.58 in chips) 
Seat 2: Luffy V ($18.39 in chips) 
Seat 3: Mahu2021 ($9.18 in chips) 
Seat 4: Mokbabull ($10.48 in chips) 
Seat 5: chessismorefun ($12.34 in chips) 
Seat 6: EISKORTA ($16.33 in chips) 
Luffy V: posts small blind $0.05
Mahu2021: posts big blind $0.10
*** HOLE CARDS ***
Dealt to Mahu2021 [6s Kc]
Mokbabull has timed out
Mokbabull: folds 
chessismorefun: folds 
EISKORTA: folds 
osfp7john: raises $0.15 to $0.25
Luffy V: raises $1.10 to $1.35
Mahu2021: folds 
osfp7john: folds 
Uncalled bet ($1.10) returned to Luffy V
Luffy V collected $0.60 from pot
Luffy V: doesn't show hand 
*** SUMMARY ***
Total pot $0.60 | Rake $0 
Seat 1: osfp7john (button) folded before Flop
Seat 2: Luffy V (small blind) collected ($0.60)
Seat 3: Mahu2021 (big blind) folded before Flop
Seat 4: Mokbabull folded before Flop (didn't bet)
Seat 5: chessismorefun folded before Flop (didn't bet)
Seat 6: EISKORTA folded before Flop (didn't bet)



PokerStars Zoom Hand #254531449636:  Hold'em No Limit ($0.05/$0.10) - 2025/01/24 18:23:41 CET [2025/01/24 12:23:41 ET]
Table 'Aludra' 6-max Seat #1 is the button
Seat 1: v4valter88 ($12.81 in chips) 
Seat 2: Chasing Joy ($10.17 in chips) 
Seat 3: honEybOOx ($13.40 in chips) 
Seat 4: Mahu2021 ($9.08 in chips) 
Seat 5: Garateguy ($10.31 in chips) 
Seat 6: mintyu ($11.52 in chips) 
Chasing Joy: posts small blind $0.05
honEybOOx: posts big blind $0.10
*** HOLE CARDS ***
Dealt to Mahu2021 [Qd 2d]
Mahu2021: folds 
Garateguy: folds 
mintyu: folds 
v4valter88: folds 
Chasing Joy: folds 
Uncalled bet ($0.05) returned to honEybOOx
honEybOOx collected $0.10 from pot
honEybOOx: doesn't show hand 
*** SUMMARY ***
Total pot $0.10 | Rake $0 
Seat 1: v4valter88 (button) folded before Flop (didn't bet)
Seat 2: Chasing Joy (small blind) folded before Flop
Seat 3: honEybOOx (big blind) collected ($0.10)
Seat 4: Mahu2021 folded before Flop (didn't bet)
Seat 5: Garateguy folded before Flop (didn't bet)
Seat 6: mintyu folded before Flop (didn't bet)



PokerStars Zoom Hand #254531450514:  Hold'em No Limit ($0.05/$0.10) - 2025/01/24 18:23:44 CET [2025/01/24 12:23:44 ET]
Table 'Aludra' 6-max Seat #1 is the button
Seat 1: Silva 5758 ($9.02 in chips) 
Seat 2: Mahu2021 ($9.08 in chips) 
Seat 3: v4valter88 ($12.81 in chips) 
Seat 4: 8ujn ($9.08 in chips) 
Seat 5: mishanissi ($10 in chips) 
Seat 6: EMH55 ($5.84 in chips) 
Mahu2021: posts small blind $0.05
v4valter88: posts big blind $0.10
*** HOLE CARDS ***
Dealt to Mahu2021 [7d Qc]
8ujn: folds 
mishanissi: folds 
EMH55: raises $0.20 to $0.30
Silva 5758: calls $0.30
Mahu2021: folds 
v4valter88: folds 
*** FLOP *** [7c 8c 4s]
EMH55: bets $0.72
Silva 5758: folds 
Uncalled bet ($0.72) returned to EMH55
EMH55 collected $0.71 from pot
EMH55: doesn't show hand 
*** SUMMARY ***
Total pot $0.75 | Rake $0.04 
Board [7c 8c 4s]
Seat 1: Silva 5758 (button) folded on the Flop
Seat 2: Mahu2021 (small blind) folded before Flop
Seat 3: v4valter88 (big blind) folded before Flop
Seat 4: 8ujn folded before Flop (didn't bet)
Seat 5: mishanissi folded before Flop (didn't bet)
Seat 6: EMH55 collected ($0.71)



PokerStars Zoom Hand #254531453367:  Hold'em No Limit ($0.05/$0.10) - 2025/01/24 18:23:55 CET [2025/01/24 12:23:55 ET]
Table 'Aludra' 6-max Seat #1 is the button
Seat 1: pisti76 ($8.32 in chips) 
Seat 2: osfp7john ($29.04 in chips) 
Seat 3: ciceron86 ($10.91 in chips) 
Seat 4: Mahu2021 ($9.03 in chips) 
Seat 5: alexber1111 ($16.07 in chips) 
Seat 6: petekuntz ($12.33 in chips) 
osfp7john: posts small blind $0.05
ciceron86: posts big blind $0.10
*** HOLE CARDS ***
Dealt to Mahu2021 [9s Jh]
Mahu2021: folds 
alexber1111: folds 
petekuntz: folds 
pisti76: folds 
osfp7john: raises $0.20 to $0.30
ciceron86: folds 
Uncalled bet ($0.20) returned to osfp7john
osfp7john collected $0.20 from pot
osfp7john: doesn't show hand 
*** SUMMARY ***
Total pot $0.20 | Rake $0 
Seat 1: pisti76 (button) folded before Flop (didn't bet)
Seat 2: osfp7john (small blind) collected ($0.20)
Seat 3: ciceron86 (big blind) folded before Flop
Seat 4: Mahu2021 folded before Flop (didn't bet)
Seat 5: alexber1111 folded before Flop (didn't bet)
Seat 6: petekuntz folded before Flop (didn't bet)



PokerStars Zoom Hand #254531454207:  Hold'em No Limit ($0.05/$0.10) - 2025/01/24 18:23:59 CET [2025/01/24 12:23:59 ET]
Table 'Aludra' 6-max Seat #1 is the button
Seat 1: Mahu2021 ($9.03 in chips) 
Seat 2: C-MAJORIS ($23.47 in chips) 
Seat 3: Mokbabull ($12.94 in chips) 
Seat 4: AllMenMstSrv ($13.59 in chips) 
Seat 5: v4valter88 ($12.71 in chips) 
Seat 6: Ganbarimasyou ($11.64 in chips) 
C-MAJORIS: posts small blind $0.05
Mokbabull: posts big blind $0.10
*** HOLE CARDS ***
Dealt to Mahu2021 [3h Td]
AllMenMstSrv: folds 
v4valter88: folds 
Ganbarimasyou: folds 
Mahu2021: folds 
C-MAJORIS: folds 
Uncalled bet ($0.05) returned to Mokbabull
Mokbabull collected $0.10 from pot
Mokbabull: doesn't show hand 
*** SUMMARY ***
Total pot $0.10 | Rake $0 
Seat 1: Mahu2021 (button) folded before Flop (didn't bet)
Seat 2: C-MAJORIS (small blind) folded before Flop
Seat 3: Mokbabull (big blind) collected ($0.10)
Seat 4: AllMenMstSrv folded before Flop (didn't bet)
Seat 5: v4valter88 folded before Flop (didn't bet)
Seat 6: Ganbarimasyou folded before Flop (didn't bet)



PokerStars Zoom Hand #254531455299:  Hold'em No Limit ($0.05/$0.10) - 2025/01/24 18:24:03 CET [2025/01/24 12:24:03 ET]
Table 'Aludra' 6-max Seat #1 is the button
Seat 1: kris_bjork ($10.26 in chips) 
Seat 2: Mahu2021 ($9.03 in chips) 
Seat 3: OeTen101 ($12.08 in chips) 
Seat 4: seonghwee ($15.05 in chips) 
Seat 5: Nadie2110 ($7.83 in chips) 
Seat 6: GinthersRift ($16.96 in chips) 
Mahu2021: posts small blind $0.05
OeTen101: posts big blind $0.10
*** HOLE CARDS ***
Dealt to Mahu2021 [Kh Qc]
seonghwee: folds 
Nadie2110: folds 
GinthersRift: folds 
kris_bjork: folds 
Mahu2021: raises $0.20 to $0.30
OeTen101: folds 
Uncalled bet ($0.20) returned to Mahu2021
Mahu2021 collected $0.20 from pot
Mahu2021: doesn't show hand 
*** SUMMARY ***
Total pot $0.20 | Rake $0 
Seat 1: kris_bjork (button) folded before Flop (didn't bet)
Seat 2: Mahu2021 (small blind) collected ($0.20)
Seat 3: OeTen101 (big blind) folded before Flop
Seat 4: seonghwee folded before Flop (didn't bet)
Seat 5: Nadie2110 folded before Flop (didn't bet)
Seat 6: GinthersRift folded before Flop (didn't bet)



PokerStars Zoom Hand #254531451431:  Hold'em No Limit ($0.05/$0.10) - 2025/01/24 18:23:48 CET [2025/01/24 12:23:48 ET]
Table 'Aludra' 6-max Seat #1 is the button
Seat 1: cheddarman24 ($25.79 in chips) 
Seat 2: 8ujn ($9.08 in chips) 
Seat 3: doubleturtle7 ($7.83 in chips) 
Seat 4: JAT333 ($10 in chips) 
Seat 5: Mahu2021 ($9.03 in chips) 
Seat 6: stiucarul ($9.25 in chips) 
8ujn: posts small blind $0.05
doubleturtle7: posts big blind $0.10
*** HOLE CARDS ***
Dealt to Mahu2021 [6h 5c]
JAT333: folds 
Mahu2021: folds 
stiucarul: folds 
cheddarman24: folds 
8ujn: raises $0.20 to $0.30
doubleturtle7: calls $0.20
*** FLOP *** [Ah Qh 2d]
8ujn: bets $0.57
doubleturtle7: calls $0.57
*** TURN *** [Ah Qh 2d] [8c]
8ujn: bets $1.46
doubleturtle7: calls $1.46
*** RIVER *** [Ah Qh 2d 8c] [3d]
8ujn: bets $3.75
doubleturtle7: calls $3.75
*** SHOW DOWN ***
8ujn: shows [2s 2h] (three of a kind, Deuces)
doubleturtle7: mucks hand 
8ujn collected $11.61 from pot
*** SUMMARY ***
Total pot $12.16 | Rake $0.55 
Board [Ah Qh 2d 8c 3d]
Seat 1: cheddarman24 (button) folded before Flop (didn't bet)
Seat 2: 8ujn (small blind) showed [2s 2h] and won ($11.61) with three of a kind, Deuces
Seat 3: doubleturtle7 (big blind) mucked [Ac 9s]
Seat 4: JAT333 folded before Flop (didn't bet)
Seat 5: Mahu2021 folded before Flop (didn't bet)
Seat 6: stiucarul folded before Flop (didn't bet)



PokerStars Zoom Hand #254531457863:  Hold'em No Limit ($0.05/$0.10) - 2025/01/24 18:24:13 CET [2025/01/24 12:24:13 ET]
Table 'Aludra' 6-max Seat #1 is the button
Seat 1: honEybOOx ($61.62 in chips) 
Seat 2: OeTen101 ($12.14 in chips) 
Seat 3: Mahu2021 ($9.13 in chips) 
Seat 4: Luffy V ($19.03 in chips) 
Seat 5: daisuke.ars ($13.04 in chips) 
Seat 6: mishanissi ($10 in chips) 
OeTen101: posts small blind $0.05
Mahu2021: posts big blind $0.10
*** HOLE CARDS ***
Dealt to Mahu2021 [3c Jh]
Luffy V: raises $0.15 to $0.25
daisuke.ars: folds 
mishanissi: folds 
honEybOOx: folds 
OeTen101: folds 
Mahu2021: folds 
Uncalled bet ($0.15) returned to Luffy V
Luffy V collected $0.25 from pot
Luffy V: doesn't show hand 
*** SUMMARY ***
Total pot $0.25 | Rake $0 
Seat 1: honEybOOx (button) folded before Flop (didn't bet)
Seat 2: OeTen101 (small blind) folded before Flop
Seat 3: Mahu2021 (big blind) folded before Flop
Seat 4: Luffy V collected ($0.25)
Seat 5: daisuke.ars folded before Flop (didn't bet)
Seat 6: mishanissi folded before Flop (didn't bet)



PokerStars Zoom Hand #254531459384:  Hold'em No Limit ($0.05/$0.10) - 2025/01/24 18:24:19 CET [2025/01/24 12:24:19 ET]
Table 'Aludra' 6-max Seat #1 is the button
Seat 1: Ganbarimasyou ($11.64 in chips) 
Seat 2: GinthersRift ($16.86 in chips) 
Seat 3: samurai34 ($2.65 in chips) 
Seat 4: seonghwee ($12.96 in chips) 
Seat 5: Karina2707 ($11.57 in chips) 
Seat 6: Mahu2021 ($9.03 in chips) 
GinthersRift: posts small blind $0.05
samurai34: posts big blind $0.10
*** HOLE CARDS ***
Dealt to Mahu2021 [Ah Qs]
seonghwee: folds 
Karina2707: folds 
Mahu2021: raises $0.14 to $0.24
Ganbarimasyou: folds 
GinthersRift: folds 
samurai34: folds 
Uncalled bet ($0.14) returned to Mahu2021
Mahu2021 collected $0.25 from pot
Mahu2021: doesn't show hand 
*** SUMMARY ***
Total pot $0.25 | Rake $0 
Seat 1: Ganbarimasyou (button) folded before Flop (didn't bet)
Seat 2: GinthersRift (small blind) folded before Flop
Seat 3: samurai34 (big blind) folded before Flop
Seat 4: seonghwee folded before Flop (didn't bet)
Seat 5: Karina2707 folded before Flop (didn't bet)
Seat 6: Mahu2021 collected ($0.25)



PokerStars Zoom Hand #254531452435:  Hold'em No Limit ($0.05/$0.10) - 2025/01/24 18:23:52 CET [2025/01/24 12:23:52 ET]
Table 'Aludra' 6-max Seat #1 is the button
Seat 1: Luffy V ($13.23 in chips) 
Seat 2: Nadie2110 ($3.39 in chips) 
Seat 3: andreuler ($16.12 in chips) 
Seat 4: Atty1az ($10.54 in chips) 
Seat 5: Mahu2021 ($9.03 in chips) 
Seat 6: YouBetterFold11 ($33.96 in chips) 
Nadie2110: posts small blind $0.05
andreuler: posts big blind $0.10
*** HOLE CARDS ***
Dealt to Mahu2021 [Js 2d]
Atty1az: calls $0.10
Mahu2021: folds 
YouBetterFold11: calls $0.10
Luffy V: raises $0.40 to $0.50
Nadie2110: folds 
andreuler: folds 
Atty1az: calls $0.40
YouBetterFold11: calls $0.40
*** FLOP *** [7d 4s 2c]
Atty1az: checks 
YouBetterFold11: checks 
Luffy V: bets $0.50
Atty1az: calls $0.50
YouBetterFold11: folds 
*** TURN *** [7d 4s 2c] [3d]
Atty1az: checks 
Luffy V: checks 
*** RIVER *** [7d 4s 2c 3d] [Kd]
Atty1az: bets $1
Luffy V: calls $1
*** SHOW DOWN ***
Atty1az: shows [Ks 4h] (two pair, Kings and Fours)
Luffy V: mucks hand 
Atty1az collected $4.44 from pot
*** SUMMARY ***
Total pot $4.65 | Rake $0.21 
Board [7d 4s 2c 3d Kd]
Seat 1: Luffy V (button) mucked [As 2s]
Seat 2: Nadie2110 (small blind) folded before Flop
Seat 3: andreuler (big blind) folded before Flop
Seat 4: Atty1az showed [Ks 4h] and won ($4.44) with two pair, Kings and Fours
Seat 5: Mahu2021 folded before Flop (didn't bet)
Seat 6: YouBetterFold11 folded on the Flop



PokerStars Zoom Hand #254531462257:  Hold'em No Limit ($0.05/$0.10) - 2025/01/24 18:24:30 CET [2025/01/24 12:24:30 ET]
Table 'Aludra' 6-max Seat #1 is the button
Seat 1: Mahu2021 ($9.18 in chips) 
Seat 2: BloaterW ($15.46 in chips) 
Seat 3: eriktnt ($12.65 in chips) 
Seat 4: coolio1984 ($12.56 in chips) 
Seat 5: JusticeHunter ($13.03 in chips) 
Seat 6: samurai34 ($2.50 in chips) 
BloaterW: posts small blind $0.05
eriktnt: posts big blind $0.10
*** HOLE CARDS ***
Dealt to Mahu2021 [7h Ad]
coolio1984: folds 
JusticeHunter: folds 
samurai34: raises $0.25 to $0.35
Mahu2021: folds 
BloaterW: folds 
eriktnt: folds 
Uncalled bet ($0.25) returned to samurai34
samurai34 collected $0.25 from pot
samurai34: doesn't show hand 
*** SUMMARY ***
Total pot $0.25 | Rake $0 
Seat 1: Mahu2021 (button) folded before Flop (didn't bet)
Seat 2: BloaterW (small blind) folded before Flop
Seat 3: eriktnt (big blind) folded before Flop
Seat 4: coolio1984 folded before Flop (didn't bet)
Seat 5: JusticeHunter folded before Flop (didn't bet)
Seat 6: samurai34 collected ($0.25)



PokerStars Zoom Hand #254531465468:  Hold'em No Limit ($0.05/$0.10) - 2025/01/24 18:24:42 CET [2025/01/24 12:24:42 ET]
Table 'Aludra' 6-max Seat #1 is the button
Seat 1: pisti76 ($7.97 in chips) 
Seat 2: GinthersRift ($16.71 in chips) 
Seat 3: JAT333 ($11.05 in chips) 
Seat 4: Sao77 ($12.08 in chips) 
Seat 5: Mahu2021 ($9.18 in chips) 
Seat 6: Luffy V ($11.23 in chips) 
GinthersRift: posts small blind $0.05
JAT333: posts big blind $0.10
*** HOLE CARDS ***
Dealt to Mahu2021 [5s Ac]
Sao77: folds 
Mahu2021: folds 
Luffy V: raises $0.15 to $0.25
pisti76: folds 
GinthersRift: folds 
JAT333: folds 
Uncalled bet ($0.15) returned to Luffy V
Luffy V collected $0.25 from pot
Luffy V: doesn't show hand 
*** SUMMARY ***
Total pot $0.25 | Rake $0 
Seat 1: pisti76 (button) folded before Flop (didn't bet)
Seat 2: GinthersRift (small blind) folded before Flop
Seat 3: JAT333 (big blind) folded before Flop
Seat 4: Sao77 folded before Flop (didn't bet)
Seat 5: Mahu2021 folded before Flop (didn't bet)
Seat 6: Luffy V collected ($0.25)



PokerStars Zoom Hand #254531466612:  Hold'em No Limit ($0.05/$0.10) - 2025/01/24 18:24:47 CET [2025/01/24 12:24:47 ET]
Table 'Aludra' 6-max Seat #1 is the button
Seat 1: Ganbarimasyou ($11 in chips) 
Seat 2: Ed_banany ($15.10 in chips) 
Seat 3: Mahu2021 ($9.18 in chips) 
Seat 4: schitzophone ($9.17 in chips) 
Seat 5: andreuler ($16.32 in chips) 
Seat 6: daisuke.ars ($23.07 in chips) 
Ed_banany: posts small blind $0.05
Mahu2021: posts big blind $0.10
*** HOLE CARDS ***
Dealt to Mahu2021 [6h 5s]
schitzophone: folds 
andreuler: folds 
daisuke.ars: raises $0.14 to $0.24
Ganbarimasyou: raises $0.48 to $0.72
Ed_banany: raises $1.38 to $2.10
Mahu2021: folds 
daisuke.ars: folds 
Ganbarimasyou: folds 
Uncalled bet ($1.38) returned to Ed_banany
Ed_banany collected $1.78 from pot
Ed_banany: doesn't show hand 
*** SUMMARY ***
Total pot $1.78 | Rake $0 
Seat 1: Ganbarimasyou (button) folded before Flop
Seat 2: Ed_banany (small blind) collected ($1.78)
Seat 3: Mahu2021 (big blind) folded before Flop
Seat 4: schitzophone folded before Flop (didn't bet)
Seat 5: andreuler folded before Flop (didn't bet)
Seat 6: daisuke.ars folded before Flop



PokerStars Zoom Hand #254531471549:  Hold'em No Limit ($0.05/$0.10) - 2025/01/24 18:25:06 CET [2025/01/24 12:25:06 ET]
Table 'Aludra' 6-max Seat #1 is the button
Seat 1: hiding.by ($10.22 in chips) 
Seat 2: mishanissi ($10.15 in chips) 
Seat 3: mrfreaky1989 ($10.63 in chips) 
Seat 4: lEternamente ($12.72 in chips) 
Seat 5: CJLongers ($10.72 in chips) 
Seat 6: Mahu2021 ($9.08 in chips) 
mishanissi: posts small blind $0.05
mrfreaky1989: posts big blind $0.10
*** HOLE CARDS ***
Dealt to Mahu2021 [Ah Js]
lEternamente: folds 
CJLongers: folds 
Mahu2021: raises $0.14 to $0.24
hiding.by: calls $0.24
mishanissi: folds 
mrfreaky1989: folds 
*** FLOP *** [5s 9h Kc]
Mahu2021: checks 
hiding.by: checks 
*** TURN *** [5s 9h Kc] [9c]
Mahu2021: bets $0.20
hiding.by: calls $0.20
*** RIVER *** [5s 9h Kc 9c] [8s]
Mahu2021: checks 
hiding.by: checks 
*** SHOW DOWN ***
Mahu2021: shows [Ah Js] (a pair of Nines)
hiding.by: shows [4h 4d] (two pair, Nines and Fours)
hiding.by collected $0.98 from pot
*** SUMMARY ***
Total pot $1.03 | Rake $0.05 
Board [5s 9h Kc 9c 8s]
Seat 1: hiding.by (button) showed [4h 4d] and won ($0.98) with two pair, Nines and Fours
Seat 2: mishanissi (small blind) folded before Flop
Seat 3: mrfreaky1989 (big blind) folded before Flop
Seat 4: lEternamente folded before Flop (didn't bet)
Seat 5: CJLongers folded before Flop (didn't bet)
Seat 6: Mahu2021 showed [Ah Js] and lost with a pair of Nines



PokerStars Zoom Hand #254531481684:  Hold'em No Limit ($0.05/$0.10) - 2025/01/24 18:25:45 CET [2025/01/24 12:25:45 ET]
Table 'Aludra' 6-max Seat #1 is the button
Seat 1: Ed_banany ($10 in chips) 
Seat 2: Mahu2021 ($8.64 in chips) 
Seat 3: Karina2707 ($13.01 in chips) 
Seat 4: chessismorefun ($12.23 in chips) 
Seat 5: 00O-2Z ($25.98 in chips) 
Seat 6: hiding.by ($10.76 in chips) 
Mahu2021: posts small blind $0.05
Karina2707: posts big blind $0.10
*** HOLE CARDS ***
Dealt to Mahu2021 [Ts Js]
chessismorefun: folds 
00O-2Z: folds 
hiding.by: raises $0.20 to $0.30
Ed_banany: folds 
Mahu2021: calls $0.25
Karina2707: folds 
*** FLOP *** [5s Jc 4s]
Mahu2021: checks 
hiding.by: checks 
*** TURN *** [5s Jc 4s] [4c]
Mahu2021: checks 
hiding.by: bets $0.45
Mahu2021: calls $0.45
*** RIVER *** [5s Jc 4s 4c] [2c]
Mahu2021: checks 
hiding.by: checks 
*** SHOW DOWN ***
Mahu2021: shows [Ts Js] (two pair, Jacks and Fours)
hiding.by: mucks hand 
Mahu2021 collected $1.53 from pot
*** SUMMARY ***
Total pot $1.60 | Rake $0.07 
Board [5s Jc 4s 4c 2c]
Seat 1: Ed_banany (button) folded before Flop (didn't bet)
Seat 2: Mahu2021 (small blind) showed [Ts Js] and won ($1.53) with two pair, Jacks and Fours
Seat 3: Karina2707 (big blind) folded before Flop
Seat 4: chessismorefun folded before Flop (didn't bet)
Seat 5: 00O-2Z folded before Flop (didn't bet)
Seat 6: hiding.by mucked [6h 6d]



PokerStars Zoom Hand #254531490826:  Hold'em No Limit ($0.05/$0.10) - 2025/01/24 18:26:21 CET [2025/01/24 12:26:21 ET]
Table 'Aludra' 6-max Seat #1 is the button
Seat 1: v4valter88 ($20.78 in chips) 
Seat 2: eriktnt ($10 in chips) 
Seat 3: miu_0716 ($11.66 in chips) 
Seat 4: Mahu2021 ($9.42 in chips) 
Seat 5: Paragon96 ($7.54 in chips) 
Seat 6: TGVon ($12.88 in chips) 
eriktnt: posts small blind $0.05
miu_0716: posts big blind $0.10
*** HOLE CARDS ***
Dealt to Mahu2021 [Tc 6d]
Mahu2021: folds 
Paragon96: folds 
TGVon: folds 
v4valter88: folds 
eriktnt: folds 
Uncalled bet ($0.05) returned to miu_0716
miu_0716 collected $0.10 from pot
miu_0716: doesn't show hand 
*** SUMMARY ***
Total pot $0.10 | Rake $0 
Seat 1: v4valter88 (button) folded before Flop (didn't bet)
Seat 2: eriktnt (small blind) folded before Flop
Seat 3: miu_0716 (big blind) collected ($0.10)
Seat 4: Mahu2021 folded before Flop (didn't bet)
Seat 5: Paragon96 folded before Flop (didn't bet)
Seat 6: TGVon folded before Flop (didn't bet)



PokerStars Zoom Hand #254531492621:  Hold'em No Limit ($0.05/$0.10) - 2025/01/24 18:26:28 CET [2025/01/24 12:26:28 ET]
Table 'Aludra' 6-max Seat #1 is the button
Seat 1: looser00091 ($13.03 in chips) 
Seat 2: JusticeHunter ($12.78 in chips) 
Seat 3: GinthersRift ($17.21 in chips) 
Seat 4: Mahu2021 ($9.42 in chips) 
Seat 5: TGVon ($15.53 in chips) 
Seat 6: Karina2707 ($14.31 in chips) 
JusticeHunter: posts small blind $0.05
GinthersRift: posts big blind $0.10
*** HOLE CARDS ***
Dealt to Mahu2021 [Td Tc]
Mahu2021: raises $0.14 to $0.24
TGVon: raises $0.56 to $0.80
Karina2707: folds 
looser00091: folds 
JusticeHunter: folds 
GinthersRift: folds 
Mahu2021: calls $0.56
*** FLOP *** [4c 6d Kd]
Mahu2021: checks 
TGVon: bets $0.55
Mahu2021: calls $0.55
*** TURN *** [4c 6d Kd] [9h]
Mahu2021: checks 
TGVon: bets $2.04
Mahu2021: folds 
Uncalled bet ($2.04) returned to TGVon
TGVon collected $2.72 from pot
TGVon: doesn't show hand 
*** SUMMARY ***
Total pot $2.85 | Rake $0.13 
Board [4c 6d Kd 9h]
Seat 1: looser00091 (button) folded before Flop (didn't bet)
Seat 2: JusticeHunter (small blind) folded before Flop
Seat 3: GinthersRift (big blind) folded before Flop
Seat 4: Mahu2021 folded on the Turn
Seat 5: TGVon collected ($2.72)
Seat 6: Karina2707 folded before Flop (didn't bet)



PokerStars Zoom Hand #254531504617:  Hold'em No Limit ($0.05/$0.10) - 2025/01/24 18:27:15 CET [2025/01/24 12:27:15 ET]
Table 'Aludra' 6-max Seat #1 is the button
Seat 1: Garateguy ($10.15 in chips) 
Seat 2: Mahu2021 ($8.07 in chips) 
Seat 3: Sao77 ($10.53 in chips) 
Seat 4: eriktnt ($15.44 in chips) 
Seat 5: Chasing Joy ($11.17 in chips) 
Seat 6: GinthersRift ($16.91 in chips) 
Mahu2021: posts small blind $0.05
Sao77: posts big blind $0.10
*** HOLE CARDS ***
Dealt to Mahu2021 [Td Ks]
eriktnt: folds 
Chasing Joy: folds 
GinthersRift: folds 
Garateguy: folds 
Mahu2021: raises $0.20 to $0.30
Sao77: raises $0.60 to $0.90
Mahu2021: calls $0.60
*** FLOP *** [Tc 5c 5s]
Mahu2021: bets $7.17 and is all-in
Sao77: calls $7.17
*** TURN *** [Tc 5c 5s] [Ac]
*** RIVER *** [Tc 5c 5s Ac] [3d]
*** SHOW DOWN ***
Mahu2021: shows [Td Ks] (two pair, Tens and Fives)
Sao77: shows [Ts Kc] (two pair, Tens and Fives)
Mahu2021 collected $7.71 from pot
Sao77 collected $7.70 from pot
*** SUMMARY ***
Total pot $16.14 | Rake $0.73 
Board [Tc 5c 5s Ac 3d]
Seat 1: Garateguy (button) folded before Flop (didn't bet)
Seat 2: Mahu2021 (small blind) showed [Td Ks] and won ($7.71) with two pair, Tens and Fives
Seat 3: Sao77 (big blind) showed [Ts Kc] and won ($7.70) with two pair, Tens and Fives
Seat 4: eriktnt folded before Flop (didn't bet)
Seat 5: Chasing Joy folded before Flop (didn't bet)
Seat 6: GinthersRift folded before Flop (didn't bet)



PokerStars Zoom Hand #254531513790:  Hold'em No Limit ($0.05/$0.10) - 2025/01/24 18:27:51 CET [2025/01/24 12:27:51 ET]
Table 'Aludra' 6-max Seat #1 is the button
Seat 1: JavaSAP ($13.35 in chips) 
Seat 2: COVEIROANCAP ($10 in chips) 
Seat 3: serotonine91 ($13.37 in chips) 
Seat 4: CJLongers ($11.62 in chips) 
Seat 5: Mahu2021 ($7.71 in chips) 
Seat 6: mrfreaky1989 ($10.25 in chips) 
COVEIROANCAP: posts small blind $0.05
serotonine91: posts big blind $0.10
*** HOLE CARDS ***
Dealt to Mahu2021 [7h 8s]
CJLongers: folds 
Mahu2021: folds 
mrfreaky1989: folds 
JavaSAP: raises $0.25 to $0.35
COVEIROANCAP: folds 
serotonine91: folds 
Uncalled bet ($0.25) returned to JavaSAP
JavaSAP collected $0.25 from pot
JavaSAP: doesn't show hand 
*** SUMMARY ***
Total pot $0.25 | Rake $0 
Seat 1: JavaSAP (button) collected ($0.25)
Seat 2: COVEIROANCAP (small blind) folded before Flop
Seat 3: serotonine91 (big blind) folded before Flop
Seat 4: CJLongers folded before Flop (didn't bet)
Seat 5: Mahu2021 folded before Flop (didn't bet)
Seat 6: mrfreaky1989 folded before Flop (didn't bet)



PokerStars Zoom Hand #254531512359:  Hold'em No Limit ($0.05/$0.10) - 2025/01/24 18:27:45 CET [2025/01/24 12:27:45 ET]
Table 'Aludra' 6-max Seat #1 is the button
Seat 1: Mahu2021 ($7.71 in chips) 
Seat 2: Sao77 ($10.16 in chips) 
Seat 3: lokomotywa80 ($10 in chips) 
Seat 4: OeTen101 ($22.43 in chips) 
Seat 5: ciceron86 ($10.30 in chips) 
Seat 6: fransisco 234 ($11.50 in chips) 
Sao77: posts small blind $0.05
lokomotywa80: posts big blind $0.10
*** HOLE CARDS ***
Dealt to Mahu2021 [2d 9h]
OeTen101: folds 
ciceron86: folds 
fransisco 234: folds 
Mahu2021: folds 
Sao77: raises $0.20 to $0.30
lokomotywa80: calls $0.20
*** FLOP *** [3c Qd Kd]
Sao77: bets $0.29
lokomotywa80: folds 
Uncalled bet ($0.29) returned to Sao77
Sao77 collected $0.57 from pot
Sao77: doesn't show hand 
*** SUMMARY ***
Total pot $0.60 | Rake $0.03 
Board [3c Qd Kd]
Seat 1: Mahu2021 (button) folded before Flop (didn't bet)
Seat 2: Sao77 (small blind) collected ($0.57)
Seat 3: lokomotywa80 (big blind) folded on the Flop
Seat 4: OeTen101 folded before Flop (didn't bet)
Seat 5: ciceron86 folded before Flop (didn't bet)
Seat 6: fransisco 234 folded before Flop (didn't bet)



PokerStars Zoom Hand #254531514576:  Hold'em No Limit ($0.05/$0.10) - 2025/01/24 18:27:54 CET [2025/01/24 12:27:54 ET]
Table 'Aludra' 6-max Seat #1 is the button
Seat 1: ciceron86 ($11.50 in chips) 
Seat 2: stiucarul ($10.73 in chips) 
Seat 3: mrfreaky1989 ($10 in chips) 
Seat 4: Deox666 ($10.96 in chips) 
Seat 5: Chasing Joy ($10.82 in chips) 
Seat 6: Mahu2021 ($7.71 in chips) 
stiucarul: posts small blind $0.05
mrfreaky1989: posts big blind $0.10
*** HOLE CARDS ***
Dealt to Mahu2021 [7h 7s]
Deox666: folds 
Chasing Joy: raises $0.14 to $0.24
Mahu2021: calls $0.24
ciceron86: folds 
stiucarul: calls $0.19
mrfreaky1989: folds 
*** FLOP *** [8h 2s Jh]
stiucarul: checks 
Chasing Joy: bets $0.55
Mahu2021: folds 
stiucarul: folds 
Uncalled bet ($0.55) returned to Chasing Joy
Chasing Joy collected $0.78 from pot
Chasing Joy: doesn't show hand 
*** SUMMARY ***
Total pot $0.82 | Rake $0.04 
Board [8h 2s Jh]
Seat 1: ciceron86 (button) folded before Flop (didn't bet)
Seat 2: stiucarul (small blind) folded on the Flop
Seat 3: mrfreaky1989 (big blind) folded before Flop
Seat 4: Deox666 folded before Flop (didn't bet)
Seat 5: Chasing Joy collected ($0.78)
Seat 6: Mahu2021 folded on the Flop



PokerStars Zoom Hand #254531527287:  Hold'em No Limit ($0.05/$0.10) - 2025/01/24 18:28:45 CET [2025/01/24 12:28:45 ET]
Table 'Aludra' 6-max Seat #1 is the button
Seat 1: Mahu2021 ($7.37 in chips) 
Seat 2: Mokbabull ($11.21 in chips) 
Seat 3: daisuke.ars ($20.14 in chips) 
Seat 4: lichistoria ($11.33 in chips) 
Seat 5: honEybOOx ($14.35 in chips) 
Seat 6: dodeer ($11.46 in chips) 
Mokbabull: posts small blind $0.05
daisuke.ars: posts big blind $0.10
*** HOLE CARDS ***
Dealt to Mahu2021 [8d Kh]
lichistoria: folds 
honEybOOx: folds 
dodeer: raises $0.15 to $0.25
Mahu2021: folds 
Mokbabull: folds 
daisuke.ars: folds 
Uncalled bet ($0.15) returned to dodeer
dodeer collected $0.25 from pot
dodeer: doesn't show hand 
*** SUMMARY ***
Total pot $0.25 | Rake $0 
Seat 1: Mahu2021 (button) folded before Flop (didn't bet)
Seat 2: Mokbabull (small blind) folded before Flop
Seat 3: daisuke.ars (big blind) folded before Flop
Seat 4: lichistoria folded before Flop (didn't bet)
Seat 5: honEybOOx folded before Flop (didn't bet)
Seat 6: dodeer collected ($0.25)



PokerStars Zoom Hand #254531529080:  Hold'em No Limit ($0.05/$0.10) - 2025/01/24 18:28:52 CET [2025/01/24 12:28:52 ET]
Table 'Aludra' 6-max Seat #1 is the button
Seat 1: CELESTINA979 ($15.13 in chips) 
Seat 2: OeTen101 ($13.70 in chips) 
Seat 3: miu_0716 ($14.44 in chips) 
Seat 4: Mahu2021 ($7.37 in chips) 
Seat 5: stiucarul ($10.49 in chips) 
Seat 6: DropIceoleito ($9.54 in chips) 
OeTen101: posts small blind $0.05
miu_0716: posts big blind $0.10
*** HOLE CARDS ***
Dealt to Mahu2021 [2d Ac]
Mahu2021: folds 
stiucarul: folds 
DropIceoleito: folds 
CELESTINA979: raises $0.10 to $0.20
OeTen101: raises $0.80 to $1
miu_0716: folds 
CELESTINA979: folds 
Uncalled bet ($0.80) returned to OeTen101
OeTen101 collected $0.50 from pot
OeTen101: doesn't show hand 
*** SUMMARY ***
Total pot $0.50 | Rake $0 
Seat 1: CELESTINA979 (button) folded before Flop
Seat 2: OeTen101 (small blind) collected ($0.50)
Seat 3: miu_0716 (big blind) folded before Flop
Seat 4: Mahu2021 folded before Flop (didn't bet)
Seat 5: stiucarul folded before Flop (didn't bet)
Seat 6: DropIceoleito folded before Flop (didn't bet)



PokerStars Zoom Hand #254531528328:  Hold'em No Limit ($0.05/$0.10) - 2025/01/24 18:28:49 CET [2025/01/24 12:28:49 ET]
Table 'Aludra' 6-max Seat #1 is the button
Seat 1: Ed_banany ($10.46 in chips) 
Seat 2: Dastik 5 ($10 in chips) 
Seat 3: oiciruam07 ($5.39 in chips) 
Seat 4: coolio1984 ($16.96 in chips) 
Seat 5: Mahu2021 ($7.37 in chips) 
Seat 6: yssf ($11.24 in chips) 
Dastik 5: posts small blind $0.05
oiciruam07: posts big blind $0.10
*** HOLE CARDS ***
Dealt to Mahu2021 [9s Qh]
coolio1984: folds 
Mahu2021: folds 
yssf: raises $0.20 to $0.30
Ed_banany: folds 
Dastik 5: folds 
oiciruam07: calls $0.20
*** FLOP *** [Qc 3d 8s]
oiciruam07: checks 
yssf: bets $0.31
oiciruam07: folds 
Uncalled bet ($0.31) returned to yssf
yssf collected $0.62 from pot
yssf: doesn't show hand 
*** SUMMARY ***
Total pot $0.65 | Rake $0.03 
Board [Qc 3d 8s]
Seat 1: Ed_banany (button) folded before Flop (didn't bet)
Seat 2: Dastik 5 (small blind) folded before Flop
Seat 3: oiciruam07 (big blind) folded on the Flop
Seat 4: coolio1984 folded before Flop (didn't bet)
Seat 5: Mahu2021 folded before Flop (didn't bet)
Seat 6: yssf collected ($0.62)



PokerStars Zoom Hand #254531530041:  Hold'em No Limit ($0.05/$0.10) - 2025/01/24 18:28:56 CET [2025/01/24 12:28:56 ET]
Table 'Aludra' 6-max Seat #1 is the button
Seat 1: doubleturtle7 ($9.70 in chips) 
Seat 2: Mahu2021 ($7.37 in chips) 
Seat 3: DropIceoleito ($9.54 in chips) 
Seat 4: samurai34 ($2.50 in chips) 
Seat 5: mrfreaky1989 ($10.43 in chips) 
Seat 6: Extecoetter25 ($15.37 in chips) 
Mahu2021: posts small blind $0.05
DropIceoleito: posts big blind $0.10
*** HOLE CARDS ***
Dealt to Mahu2021 [Ah Qd]
samurai34: folds 
mrfreaky1989: folds 
Extecoetter25: folds 
doubleturtle7: folds 
Mahu2021: raises $0.20 to $0.30
DropIceoleito: calls $0.20
*** FLOP *** [6d 4h 9s]
Mahu2021: checks 
DropIceoleito: checks 
*** TURN *** [6d 4h 9s] [2d]
Mahu2021: checks 
DropIceoleito: bets $0.29
Mahu2021: calls $0.29
*** RIVER *** [6d 4h 9s 2d] [5s]
Mahu2021: checks 
DropIceoleito: checks 
*** SHOW DOWN ***
Mahu2021: shows [Ah Qd] (high card Ace)
DropIceoleito: shows [7s 6s] (a pair of Sixes)
DropIceoleito collected $1.13 from pot
*** SUMMARY ***
Total pot $1.18 | Rake $0.05 
Board [6d 4h 9s 2d 5s]
Seat 1: doubleturtle7 (button) folded before Flop (didn't bet)
Seat 2: Mahu2021 (small blind) showed [Ah Qd] and lost with high card Ace
Seat 3: DropIceoleito (big blind) showed [7s 6s] and won ($1.13) with a pair of Sixes
Seat 4: samurai34 folded before Flop (didn't bet)
Seat 5: mrfreaky1989 folded before Flop (didn't bet)
Seat 6: Extecoetter25 folded before Flop (didn't bet)



PokerStars Zoom Hand #254531539749:  Hold'em No Limit ($0.05/$0.10) - 2025/01/24 18:29:34 CET [2025/01/24 12:29:34 ET]
Table 'Aludra' 6-max Seat #1 is the button
Seat 1: alexber1111 ($26.40 in chips) 
Seat 2: petekuntz ($12.75 in chips) 
Seat 3: Kuzeriits ($10 in chips) 
Seat 4: andreuler ($10.05 in chips) 
Seat 5: Mahu2021 ($6.78 in chips) 
Seat 6: aergaerhf ($4.75 in chips) 
petekuntz: posts small blind $0.05
Kuzeriits: posts big blind $0.10
*** HOLE CARDS ***
Dealt to Mahu2021 [Qs 3d]
andreuler: folds 
Mahu2021: folds 
aergaerhf: folds 
alexber1111: folds 
petekuntz: folds 
Uncalled bet ($0.05) returned to Kuzeriits
Kuzeriits collected $0.10 from pot
Kuzeriits: doesn't show hand 
*** SUMMARY ***
Total pot $0.10 | Rake $0 
Seat 1: alexber1111 (button) folded before Flop (didn't bet)
Seat 2: petekuntz (small blind) folded before Flop
Seat 3: Kuzeriits (big blind) collected ($0.10)
Seat 4: andreuler folded before Flop (didn't bet)
Seat 5: Mahu2021 folded before Flop (didn't bet)
Seat 6: aergaerhf folded before Flop (didn't bet)



PokerStars Zoom Hand #254531540745:  Hold'em No Limit ($0.05/$0.10) - 2025/01/24 18:29:38 CET [2025/01/24 12:29:38 ET]
Table 'Aludra' 6-max Seat #1 is the button
Seat 1: WolcharaAP ($13.61 in chips) 
Seat 2: TGVon ($16.70 in chips) 
Seat 3: Mahu2021 ($6.78 in chips) 
Seat 4: daisuke.ars ($10 in chips) 
Seat 5: dodeer ($10 in chips) 
Seat 6: mrfreaky1989 ($10.28 in chips) 
TGVon: posts small blind $0.05
Mahu2021: posts big blind $0.10
*** HOLE CARDS ***
Dealt to Mahu2021 [3d 6c]
daisuke.ars: folds 
dodeer: folds 
mrfreaky1989: folds 
WolcharaAP: folds 
TGVon: folds 
Uncalled bet ($0.05) returned to Mahu2021
Mahu2021 collected $0.10 from pot
Mahu2021: doesn't show hand 
*** SUMMARY ***
Total pot $0.10 | Rake $0 
Seat 1: WolcharaAP (button) folded before Flop (didn't bet)
Seat 2: TGVon (small blind) folded before Flop
Seat 3: Mahu2021 (big blind) collected ($0.10)
Seat 4: daisuke.ars folded before Flop (didn't bet)
Seat 5: dodeer folded before Flop (didn't bet)
Seat 6: mrfreaky1989 folded before Flop (didn't bet)



PokerStars Zoom Hand #254531538670:  Hold'em No Limit ($0.05/$0.10) - 2025/01/24 18:29:30 CET [2025/01/24 12:29:30 ET]
Table 'Aludra' 6-max Seat #1 is the button
Seat 1: dodeer ($10 in chips) 
Seat 2: honEybOOx ($59.90 in chips) 
Seat 3: coolio1984 ($12.22 in chips) 
Seat 4: EISKORTA ($14.44 in chips) 
Seat 5: anderetsu ($12.03 in chips) 
Seat 6: Mahu2021 ($6.78 in chips) 
honEybOOx: posts small blind $0.05
coolio1984: posts big blind $0.10
*** HOLE CARDS ***
Dealt to Mahu2021 [2c Kd]
EISKORTA: folds 
anderetsu: raises $0.10 to $0.20
Mahu2021: folds 
dodeer: folds 
honEybOOx: folds 
coolio1984: raises $0.80 to $1
anderetsu: folds 
Uncalled bet ($0.80) returned to coolio1984
coolio1984 collected $0.45 from pot
coolio1984: doesn't show hand 
*** SUMMARY ***
Total pot $0.45 | Rake $0 
Seat 1: dodeer (button) folded before Flop (didn't bet)
Seat 2: honEybOOx (small blind) folded before Flop
Seat 3: coolio1984 (big blind) collected ($0.45)
Seat 4: EISKORTA folded before Flop (didn't bet)
Seat 5: anderetsu folded before Flop
Seat 6: Mahu2021 folded before Flop (didn't bet)



PokerStars Zoom Hand #254531545227:  Hold'em No Limit ($0.05/$0.10) - 2025/01/24 18:29:54 CET [2025/01/24 12:29:54 ET]
Table 'Aludra' 6-max Seat #1 is the button
Seat 1: Mahu2021 ($6.83 in chips) 
Seat 2: ciceron86 ($10 in chips) 
Seat 3: v4valter88 ($10 in chips) 
Seat 4: miu_0716 ($10 in chips) 
Seat 5: AJKJ67 ($7.21 in chips) 
Seat 6: dodeer ($10.71 in chips) 
ciceron86: posts small blind $0.05
v4valter88: posts big blind $0.10
*** HOLE CARDS ***
Dealt to Mahu2021 [9s Qd]
miu_0716: folds 
AJKJ67: folds 
dodeer: folds 
Mahu2021: folds 
ciceron86: folds 
Uncalled bet ($0.05) returned to v4valter88
v4valter88 collected $0.10 from pot
v4valter88: doesn't show hand 
*** SUMMARY ***
Total pot $0.10 | Rake $0 
Seat 1: Mahu2021 (button) folded before Flop (didn't bet)
Seat 2: ciceron86 (small blind) folded before Flop
Seat 3: v4valter88 (big blind) collected ($0.10)
Seat 4: miu_0716 folded before Flop (didn't bet)
Seat 5: AJKJ67 folded before Flop (didn't bet)
Seat 6: dodeer folded before Flop (didn't bet)



PokerStars Zoom Hand #254531522268:  Hold'em No Limit ($0.05/$0.10) - 2025/01/24 18:28:25 CET [2025/01/24 12:28:25 ET]
Table 'Aludra' 6-max Seat #1 is the button
Seat 1: reynaldo2092 ($10.88 in chips) 
Seat 2: coolio1984 ($12.37 in chips) 
Seat 3: Mahu2021 ($7.47 in chips) 
Seat 4: Ganbarimasyou ($11.52 in chips) 
Seat 5: mrfreaky1989 ($10 in chips) 
Seat 6: fransisco 234 ($10 in chips) 
coolio1984: posts small blind $0.05
Mahu2021: posts big blind $0.10
*** HOLE CARDS ***
Dealt to Mahu2021 [Td 9h]
Ganbarimasyou: raises $0.10 to $0.20
mrfreaky1989: folds 
fransisco 234: raises $0.55 to $0.75
reynaldo2092: folds 
coolio1984: folds 
Mahu2021: folds 
Ganbarimasyou: calls $0.55
*** FLOP *** [2d Ac 8d]
Ganbarimasyou: checks 
fransisco 234: bets $0.42
Ganbarimasyou: calls $0.42
*** TURN *** [2d Ac 8d] [4d]
Ganbarimasyou: checks 
fransisco 234: bets $1.29
Ganbarimasyou: calls $1.29
*** RIVER *** [2d Ac 8d 4d] [Ad]
Ganbarimasyou: checks 
fransisco 234: bets $3.63
Ganbarimasyou: folds 
Uncalled bet ($3.63) returned to fransisco 234
fransisco 234 collected $4.84 from pot
fransisco 234: doesn't show hand 
*** SUMMARY ***
Total pot $5.07 | Rake $0.23 
Board [2d Ac 8d 4d Ad]
Seat 1: reynaldo2092 (button) folded before Flop (didn't bet)
Seat 2: coolio1984 (small blind) folded before Flop
Seat 3: Mahu2021 (big blind) folded before Flop
Seat 4: Ganbarimasyou folded on the River
Seat 5: mrfreaky1989 folded before Flop (didn't bet)
Seat 6: fransisco 234 collected ($4.84)



PokerStars Zoom Hand #254531546302:  Hold'em No Limit ($0.05/$0.10) - 2025/01/24 18:29:58 CET [2025/01/24 12:29:58 ET]
Table 'Aludra' 6-max Seat #1 is the button
Seat 1: Luca1234m146 ($9.59 in chips) 
Seat 2: Mahu2021 ($6.83 in chips) 
Seat 3: batalhafbf ($17.49 in chips) 
Seat 4: Karina2707 ($13.31 in chips) 
Seat 5: AllMenMstSrv ($15.59 in chips) 
Seat 6: Extecoetter25 ($14.97 in chips) 
Mahu2021: posts small blind $0.05
batalhafbf: posts big blind $0.10
*** HOLE CARDS ***
Dealt to Mahu2021 [4s Ah]
Karina2707: folds 
AllMenMstSrv: raises $0.15 to $0.25
Extecoetter25: folds 
Luca1234m146: folds 
Mahu2021: calls $0.20
batalhafbf: folds 
*** FLOP *** [9c 4d 4h]
Mahu2021: checks 
AllMenMstSrv: bets $0.15
Mahu2021: calls $0.15
*** TURN *** [9c 4d 4h] [Jd]
Mahu2021: checks 
AllMenMstSrv: bets $0.65
Mahu2021: raises $5.78 to $6.43 and is all-in
AllMenMstSrv: folds 
Uncalled bet ($5.78) returned to Mahu2021
Mahu2021 collected $2.10 from pot
Mahu2021: doesn't show hand 
*** SUMMARY ***
Total pot $2.20 | Rake $0.10 
Board [9c 4d 4h Jd]
Seat 1: Luca1234m146 (button) folded before Flop (didn't bet)
Seat 2: Mahu2021 (small blind) collected ($2.10)
Seat 3: batalhafbf (big blind) folded before Flop
Seat 4: Karina2707 folded before Flop (didn't bet)
Seat 5: AllMenMstSrv folded on the Turn
Seat 6: Extecoetter25 folded before Flop (didn't bet)



PokerStars Zoom Hand #254531562843:  Hold'em No Limit ($0.05/$0.10) - 2025/01/24 18:31:03 CET [2025/01/24 12:31:03 ET]
Table 'Aludra' 6-max Seat #1 is the button
Seat 1: 00O-2Z ($26.46 in chips) 
Seat 2: Blast4Sure ($10 in chips) 
Seat 3: Mahu2021 ($7.88 in chips) 
Seat 4: fransisco 234 ($10 in chips) 
Seat 5: chessismorefun ($11.67 in chips) 
Seat 6: hiding.by ($11.61 in chips) 
Blast4Sure: posts small blind $0.05
Mahu2021: posts big blind $0.10
*** HOLE CARDS ***
Dealt to Mahu2021 [4c Qs]
fransisco 234: folds 
chessismorefun: folds 
hiding.by: folds 
00O-2Z: raises $0.10 to $0.20
Blast4Sure: folds 
Mahu2021: calls $0.10
*** FLOP *** [Ts 8c Ad]
Mahu2021: checks 
00O-2Z: bets $0.20
Mahu2021: folds 
Uncalled bet ($0.20) returned to 00O-2Z
00O-2Z collected $0.43 from pot
00O-2Z: doesn't show hand 
*** SUMMARY ***
Total pot $0.45 | Rake $0.02 
Board [Ts 8c Ad]
Seat 1: 00O-2Z (button) collected ($0.43)
Seat 2: Blast4Sure (small blind) folded before Flop
Seat 3: Mahu2021 (big blind) folded on the Flop
Seat 4: fransisco 234 folded before Flop (didn't bet)
Seat 5: chessismorefun folded before Flop (didn't bet)
Seat 6: hiding.by folded before Flop (didn't bet)



PokerStars Zoom Hand #254531569497:  Hold'em No Limit ($0.05/$0.10) - 2025/01/24 18:31:28 CET [2025/01/24 12:31:28 ET]
Table 'Aludra' 6-max Seat #1 is the button
Seat 1: D.shadoww ($10 in chips) 
Seat 2: abbi555 ($21.78 in chips) 
Seat 3: golfer02939 ($8.42 in chips) 
Seat 4: DropIceoleito ($10.02 in chips) 
Seat 5: OeTen101 ($16.44 in chips) 
Seat 6: Mahu2021 ($7.68 in chips) 
abbi555: posts small blind $0.05
golfer02939: posts big blind $0.10
*** HOLE CARDS ***
Dealt to Mahu2021 [Jc 9d]
DropIceoleito: folds 
OeTen101: folds 
Mahu2021: folds 
D.shadoww: folds 
abbi555: folds 
Uncalled bet ($0.05) returned to golfer02939
golfer02939 collected $0.10 from pot
golfer02939: doesn't show hand 
*** SUMMARY ***
Total pot $0.10 | Rake $0 
Seat 1: D.shadoww (button) folded before Flop (didn't bet)
Seat 2: abbi555 (small blind) folded before Flop
Seat 3: golfer02939 (big blind) collected ($0.10)
Seat 4: DropIceoleito folded before Flop (didn't bet)
Seat 5: OeTen101 folded before Flop (didn't bet)
Seat 6: Mahu2021 folded before Flop (didn't bet)



PokerStars Zoom Hand #254531570839:  Hold'em No Limit ($0.05/$0.10) - 2025/01/24 18:31:33 CET [2025/01/24 12:31:33 ET]
Table 'Aludra' 6-max Seat #1 is the button
Seat 1: GinthersRift ($20.82 in chips) 
Seat 2: anderetsu ($9.16 in chips) 
Seat 3: jeff-fa-faa ($12.28 in chips) 
Seat 4: Mahu2021 ($7.68 in chips) 
Seat 5: YouBetterFold11 ($11.09 in chips) 
Seat 6: schitzophone ($10.51 in chips) 
anderetsu: posts small blind $0.05
jeff-fa-faa: posts big blind $0.10
*** HOLE CARDS ***
Dealt to Mahu2021 [Jc Qs]
Mahu2021: folds 
YouBetterFold11: folds 
schitzophone: folds 
GinthersRift: raises $0.12 to $0.22
anderetsu: folds 
jeff-fa-faa: folds 
Uncalled bet ($0.12) returned to GinthersRift
GinthersRift collected $0.25 from pot
GinthersRift: doesn't show hand 
*** SUMMARY ***
Total pot $0.25 | Rake $0 
Seat 1: GinthersRift (button) collected ($0.25)
Seat 2: anderetsu (small blind) folded before Flop
Seat 3: jeff-fa-faa (big blind) folded before Flop
Seat 4: Mahu2021 folded before Flop (didn't bet)
Seat 5: YouBetterFold11 folded before Flop (didn't bet)
Seat 6: schitzophone folded before Flop (didn't bet)



PokerStars Zoom Hand #254531571855:  Hold'em No Limit ($0.05/$0.10) - 2025/01/24 18:31:37 CET [2025/01/24 12:31:37 ET]
Table 'Aludra' 6-max Seat #1 is the button
Seat 1: fransisco 234 ($10.13 in chips) 
Seat 2: schitzophone ($10.51 in chips) 
Seat 3: chessismorefun ($11.62 in chips) 
Seat 4: Mahu2021 ($7.68 in chips) 
Seat 5: dodeer ($10.15 in chips) 
Seat 6: D.shadoww ($10 in chips) 
schitzophone: posts small blind $0.05
chessismorefun: posts big blind $0.10
*** HOLE CARDS ***
Dealt to Mahu2021 [9c Kc]
Mahu2021: folds 
dodeer: folds 
D.shadoww: raises $0.14 to $0.24
fransisco 234: folds 
schitzophone: folds 
chessismorefun: folds 
Uncalled bet ($0.14) returned to D.shadoww
D.shadoww collected $0.25 from pot
D.shadoww: doesn't show hand 
*** SUMMARY ***
Total pot $0.25 | Rake $0 
Seat 1: fransisco 234 (button) folded before Flop (didn't bet)
Seat 2: schitzophone (small blind) folded before Flop
Seat 3: chessismorefun (big blind) folded before Flop
Seat 4: Mahu2021 folded before Flop (didn't bet)
Seat 5: dodeer folded before Flop (didn't bet)
Seat 6: D.shadoww collected ($0.25)



PokerStars Zoom Hand #254531572763:  Hold'em No Limit ($0.05/$0.10) - 2025/01/24 18:31:41 CET [2025/01/24 12:31:41 ET]
Table 'Aludra' 6-max Seat #1 is the button
Seat 1: mrfreaky1989 ($11.04 in chips) 
Seat 2: 00O-2Z ($26.69 in chips) 
Seat 3: fransisco 234 ($11.97 in chips) 
Seat 4: Mahu2021 ($7.68 in chips) 
Seat 5: Mokbabull ($10 in chips) 
Seat 6: kris_bjork ($10.93 in chips) 
00O-2Z: posts small blind $0.05
fransisco 234: posts big blind $0.10
*** HOLE CARDS ***
Dealt to Mahu2021 [8d 4s]
Mahu2021: folds 
Mokbabull: folds 
kris_bjork: raises $0.15 to $0.25
mrfreaky1989: folds 
00O-2Z: folds 
fransisco 234: raises $0.55 to $0.80
kris_bjork: folds 
Uncalled bet ($0.55) returned to fransisco 234
fransisco 234 collected $0.55 from pot
fransisco 234: doesn't show hand 
*** SUMMARY ***
Total pot $0.55 | Rake $0 
Seat 1: mrfreaky1989 (button) folded before Flop (didn't bet)
Seat 2: 00O-2Z (small blind) folded before Flop
Seat 3: fransisco 234 (big blind) collected ($0.55)
Seat 4: Mahu2021 folded before Flop (didn't bet)
Seat 5: Mokbabull folded before Flop (didn't bet)
Seat 6: kris_bjork folded before Flop



PokerStars Zoom Hand #254531573733:  Hold'em No Limit ($0.05/$0.10) - 2025/01/24 18:31:44 CET [2025/01/24 12:31:44 ET]
Table 'Aludra' 6-max Seat #1 is the button
Seat 1: Ed_banany ($10.99 in chips) 
Seat 2: osfp7john ($31.25 in chips) 
Seat 3: COVEIROANCAP ($10.50 in chips) 
Seat 4: TGVon ($24.31 in chips) 
Seat 5: mishanissi ($10.25 in chips) 
Seat 6: Mahu2021 ($7.68 in chips) 
osfp7john: posts small blind $0.05
COVEIROANCAP: posts big blind $0.10
*** HOLE CARDS ***
Dealt to Mahu2021 [Jh Ad]
TGVon: folds 
mishanissi: folds 
Mahu2021: raises $0.14 to $0.24
Ed_banany: folds 
osfp7john: folds 
COVEIROANCAP: calls $0.14
*** FLOP *** [8h 3h 7h]
COVEIROANCAP: checks 
Mahu2021: checks 
*** TURN *** [8h 3h 7h] [8c]
COVEIROANCAP: bets $0.30
Mahu2021: calls $0.30
*** RIVER *** [8h 3h 7h 8c] [Qh]
COVEIROANCAP: checks 
Mahu2021: bets $1.08
COVEIROANCAP: calls $1.08
*** SHOW DOWN ***
Mahu2021: shows [Jh Ad] (a flush, Queen high)
COVEIROANCAP: mucks hand 
Mahu2021 collected $3.14 from pot
*** SUMMARY ***
Total pot $3.29 | Rake $0.15 
Board [8h 3h 7h 8c Qh]
Seat 1: Ed_banany (button) folded before Flop (didn't bet)
Seat 2: osfp7john (small blind) folded before Flop
Seat 3: COVEIROANCAP (big blind) mucked [Kd Qs]
Seat 4: TGVon folded before Flop (didn't bet)
Seat 5: mishanissi folded before Flop (didn't bet)
Seat 6: Mahu2021 showed [Jh Ad] and won ($3.14) with a flush, Queen high



PokerStars Zoom Hand #254531583564:  Hold'em No Limit ($0.05/$0.10) - 2025/01/24 18:32:22 CET [2025/01/24 12:32:22 ET]
Table 'Aludra' 6-max Seat #1 is the button
Seat 1: Mahu2021 ($9.20 in chips) 
Seat 2: serotonine91 ($12.61 in chips) 
Seat 3: chris18255 ($25.98 in chips) 
Seat 4: capitalista ($11.26 in chips) 
Seat 5: Darwivan ($14.83 in chips) 
Seat 6: Karina2707 ($10 in chips) 
serotonine91: posts small blind $0.05
chris18255: posts big blind $0.10
*** HOLE CARDS ***
Dealt to Mahu2021 [Jd 6c]
capitalista: folds 
Darwivan: folds 
Karina2707: raises $0.10 to $0.20
Mahu2021: folds 
serotonine91: folds 
chris18255: folds 
Uncalled bet ($0.10) returned to Karina2707
Karina2707 collected $0.25 from pot
Karina2707: doesn't show hand 
*** SUMMARY ***
Total pot $0.25 | Rake $0 
Seat 1: Mahu2021 (button) folded before Flop (didn't bet)
Seat 2: serotonine91 (small blind) folded before Flop
Seat 3: chris18255 (big blind) folded before Flop
Seat 4: capitalista folded before Flop (didn't bet)
Seat 5: Darwivan folded before Flop (didn't bet)
Seat 6: Karina2707 collected ($0.25)



PokerStars Zoom Hand #254531585730:  Hold'em No Limit ($0.05/$0.10) - 2025/01/24 18:32:31 CET [2025/01/24 12:32:31 ET]
Table 'Aludra' 6-max Seat #1 is the button
Seat 1: doubleturtle7 ($7.35 in chips) 
Seat 2: TGVon ($24.11 in chips) 
Seat 3: Mahu2021 ($9.20 in chips) 
Seat 4: D.shadoww ($10 in chips) 
Seat 5: JAT333 ($11.78 in chips) 
Seat 6: Deox666 ($12.31 in chips) 
TGVon: posts small blind $0.05
Mahu2021: posts big blind $0.10
*** HOLE CARDS ***
Dealt to Mahu2021 [4d Ac]
D.shadoww: folds 
JAT333: folds 
Deox666: folds 
doubleturtle7: folds 
TGVon: folds 
Uncalled bet ($0.05) returned to Mahu2021
Mahu2021 collected $0.10 from pot
Mahu2021: doesn't show hand 
*** SUMMARY ***
Total pot $0.10 | Rake $0 
Seat 1: doubleturtle7 (button) folded before Flop (didn't bet)
Seat 2: TGVon (small blind) folded before Flop
Seat 3: Mahu2021 (big blind) collected ($0.10)
Seat 4: D.shadoww folded before Flop (didn't bet)
Seat 5: JAT333 folded before Flop (didn't bet)
Seat 6: Deox666 folded before Flop (didn't bet)



PokerStars Zoom Hand #254531589898:  Hold'em No Limit ($0.05/$0.10) - 2025/01/24 18:32:46 CET [2025/01/24 12:32:46 ET]
Table 'Aludra' 6-max Seat #1 is the button
Seat 1: osfp7john ($31.10 in chips) 
Seat 2: Mahu2021 ($9.25 in chips) 
Seat 3: dodeer ($10 in chips) 
Seat 4: andreuler ($21.52 in chips) 
Seat 5: 46lloyd ($11.05 in chips) 
Seat 6: mrfreaky1989 ($10 in chips) 
Mahu2021: posts small blind $0.05
dodeer: posts big blind $0.10
*** HOLE CARDS ***
Dealt to Mahu2021 [9c Ts]
andreuler: folds 
46lloyd: folds 
mrfreaky1989: raises $0.15 to $0.25
osfp7john: folds 
Mahu2021: calls $0.20
dodeer: folds 
*** FLOP *** [9s 9h 5d]
Mahu2021: checks 
mrfreaky1989: bets $0.18
Mahu2021: calls $0.18
*** TURN *** [9s 9h 5d] [4s]
Mahu2021: checks 
mrfreaky1989: checks 
*** RIVER *** [9s 9h 5d 4s] [3d]
Mahu2021: bets $0.92
mrfreaky1989: folds 
Uncalled bet ($0.92) returned to Mahu2021
Mahu2021 collected $0.92 from pot
Mahu2021: doesn't show hand 
*** SUMMARY ***
Total pot $0.96 | Rake $0.04 
Board [9s 9h 5d 4s 3d]
Seat 1: osfp7john (button) folded before Flop (didn't bet)
Seat 2: Mahu2021 (small blind) collected ($0.92)
Seat 3: dodeer (big blind) folded before Flop
Seat 4: andreuler folded before Flop (didn't bet)
Seat 5: 46lloyd folded before Flop (didn't bet)
Seat 6: mrfreaky1989 folded on the River



PokerStars Zoom Hand #254531599976:  Hold'em No Limit ($0.05/$0.10) - 2025/01/24 18:33:25 CET [2025/01/24 12:33:25 ET]
Table 'Aludra' 6-max Seat #1 is the button
Seat 1: Luffy V ($13.67 in chips) 
Seat 2: fransisco 234 ($10.27 in chips) 
Seat 3: mr blue704 ($15.86 in chips) 
Seat 4: Garateguy ($10 in chips) 
Seat 5: Mahu2021 ($9.74 in chips) 
Seat 6: doubleturtle7 ($6.99 in chips) 
fransisco 234: posts small blind $0.05
mr blue704: posts big blind $0.10
*** HOLE CARDS ***
Dealt to Mahu2021 [4c 2s]
Garateguy: folds 
Mahu2021: folds 
doubleturtle7: folds 
Luffy V: folds 
fransisco 234: raises $0.15 to $0.25
mr blue704: folds 
Uncalled bet ($0.15) returned to fransisco 234
fransisco 234 collected $0.20 from pot
fransisco 234: doesn't show hand 
*** SUMMARY ***
Total pot $0.20 | Rake $0 
Seat 1: Luffy V (button) folded before Flop (didn't bet)
Seat 2: fransisco 234 (small blind) collected ($0.20)
Seat 3: mr blue704 (big blind) folded before Flop
Seat 4: Garateguy folded before Flop (didn't bet)
Seat 5: Mahu2021 folded before Flop (didn't bet)
Seat 6: doubleturtle7 folded before Flop (didn't bet)



PokerStars Zoom Hand #254531602058:  Hold'em No Limit ($0.05/$0.10) - 2025/01/24 18:33:33 CET [2025/01/24 12:33:33 ET]
Table 'Aludra' 6-max Seat #1 is the button
Seat 1: hotchpotch17 ($11.39 in chips) 
Seat 2: Karina2707 ($10 in chips) 
Seat 3: Ed_banany ($12.50 in chips) 
Seat 4: Mahu2021 ($9.74 in chips) 
Seat 5: mynutsmakemoney ($10 in chips) 
Seat 6: COVEIROANCAP ($10.05 in chips) 
Karina2707: posts small blind $0.05
Ed_banany: posts big blind $0.10
*** HOLE CARDS ***
Dealt to Mahu2021 [Js 9d]
Mahu2021: folds 
mynutsmakemoney: folds 
COVEIROANCAP: raises $0.15 to $0.25
hotchpotch17: raises $0.50 to $0.75
Karina2707: folds 
Ed_banany: folds 
COVEIROANCAP: folds 
Uncalled bet ($0.50) returned to hotchpotch17
hotchpotch17 collected $0.65 from pot
hotchpotch17: doesn't show hand 
*** SUMMARY ***
Total pot $0.65 | Rake $0 
Seat 1: hotchpotch17 (button) collected ($0.65)
Seat 2: Karina2707 (small blind) folded before Flop
Seat 3: Ed_banany (big blind) folded before Flop
Seat 4: Mahu2021 folded before Flop (didn't bet)
Seat 5: mynutsmakemoney folded before Flop (didn't bet)
Seat 6: COVEIROANCAP folded before Flop



PokerStars Zoom Hand #254531600993:  Hold'em No Limit ($0.05/$0.10) - 2025/01/24 18:33:29 CET [2025/01/24 12:33:29 ET]
Table 'Aludra' 6-max Seat #1 is the button
Seat 1: Mahu2021 ($9.74 in chips) 
Seat 2: GinthersRift ($20.57 in chips) 
Seat 3: dodeer ($11.68 in chips) 
Seat 4: WolcharaAP ($13.01 in chips) 
Seat 5: strashilisht ($11.10 in chips) 
Seat 6: D.shadoww ($10.08 in chips) 
GinthersRift: posts small blind $0.05
dodeer: posts big blind $0.10
*** HOLE CARDS ***
Dealt to Mahu2021 [6s Kd]
WolcharaAP: folds 
strashilisht: folds 
D.shadoww: folds 
Mahu2021: folds 
GinthersRift: raises $0.15 to $0.25
dodeer: raises $0.70 to $0.95
GinthersRift: folds 
Uncalled bet ($0.70) returned to dodeer
dodeer collected $0.50 from pot
dodeer: doesn't show hand 
*** SUMMARY ***
Total pot $0.50 | Rake $0 
Seat 1: Mahu2021 (button) folded before Flop (didn't bet)
Seat 2: GinthersRift (small blind) folded before Flop
Seat 3: dodeer (big blind) collected ($0.50)
Seat 4: WolcharaAP folded before Flop (didn't bet)
Seat 5: strashilisht folded before Flop (didn't bet)
Seat 6: D.shadoww folded before Flop (didn't bet)



PokerStars Zoom Hand #254531606718:  Hold'em No Limit ($0.05/$0.10) - 2025/01/24 18:33:51 CET [2025/01/24 12:33:51 ET]
Table 'Aludra' 6-max Seat #1 is the button
Seat 1: Mokbabull ($11.07 in chips) 
Seat 2: kris_bjork ($11.08 in chips) 
Seat 3: daisuke.ars ($10.30 in chips) 
Seat 4: Mahu2021 ($9.69 in chips) 
Seat 5: coolio1984 ($12.06 in chips) 
Seat 6: fransisco 234 ($12.71 in chips) 
kris_bjork: posts small blind $0.05
daisuke.ars: posts big blind $0.10
*** HOLE CARDS ***
Dealt to Mahu2021 [Ac Qh]
Mahu2021: raises $0.20 to $0.30
coolio1984: folds 
fransisco 234: calls $0.30
Mokbabull: folds 
kris_bjork: folds 
daisuke.ars: folds 
*** FLOP *** [5h 7d Qc]
Mahu2021: checks 
fransisco 234: checks 
*** TURN *** [5h 7d Qc] [2h]
Mahu2021: bets $0.72
fransisco 234: calls $0.72
*** RIVER *** [5h 7d Qc 2h] [3d]
Mahu2021: bets $2.09
fransisco 234: folds 
Uncalled bet ($2.09) returned to Mahu2021
Mahu2021 collected $2.09 from pot
Mahu2021: doesn't show hand 
*** SUMMARY ***
Total pot $2.19 | Rake $0.10 
Board [5h 7d Qc 2h 3d]
Seat 1: Mokbabull (button) folded before Flop (didn't bet)
Seat 2: kris_bjork (small blind) folded before Flop
Seat 3: daisuke.ars (big blind) folded before Flop
Seat 4: Mahu2021 collected ($2.09)
Seat 5: coolio1984 folded before Flop (didn't bet)
Seat 6: fransisco 234 folded on the River



PokerStars Zoom Hand #254531618444:  Hold'em No Limit ($0.05/$0.10) - 2025/01/24 18:34:36 CET [2025/01/24 12:34:36 ET]
Table 'Aludra' 6-max Seat #1 is the button
Seat 1: Sao77 ($10 in chips) 
Seat 2: chessismorefun ($15.50 in chips) 
Seat 3: Mahu2021 ($10.76 in chips) 
Seat 4: Rubbernicks ($10.58 in chips) 
Seat 5: Elvisc8_96 ($39.49 in chips) 
Seat 6: MrCangrejoTh ($10.40 in chips) 
chessismorefun: posts small blind $0.05
Mahu2021: posts big blind $0.10
*** HOLE CARDS ***
Dealt to Mahu2021 [4d 5c]
Rubbernicks: folds 
Elvisc8_96: folds 
MrCangrejoTh: folds 
Sao77: raises $0.15 to $0.25
chessismorefun: folds 
Mahu2021: calls $0.15
*** FLOP *** [2s 4c 2d]
Mahu2021: checks 
Sao77: bets $0.27
Mahu2021: calls $0.27
*** TURN *** [2s 4c 2d] [Ah]
Mahu2021: checks 
Sao77: bets $0.78
Mahu2021: calls $0.78
*** RIVER *** [2s 4c 2d Ah] [Ks]
Mahu2021: checks 
Sao77: checks 
*** SHOW DOWN ***
Mahu2021: shows [4d 5c] (two pair, Fours and Deuces)
Sao77: shows [7h Ad] (two pair, Aces and Deuces)
Sao77 collected $2.53 from pot
*** SUMMARY ***
Total pot $2.65 | Rake $0.12 
Board [2s 4c 2d Ah Ks]
Seat 1: Sao77 (button) showed [7h Ad] and won ($2.53) with two pair, Aces and Deuces
Seat 2: chessismorefun (small blind) folded before Flop
Seat 3: Mahu2021 (big blind) showed [4d 5c] and lost with two pair, Fours and Deuces
Seat 4: Rubbernicks folded before Flop (didn't bet)
Seat 5: Elvisc8_96 folded before Flop (didn't bet)
Seat 6: MrCangrejoTh folded before Flop (didn't bet)



PokerStars Zoom Hand #254531603143:  Hold'em No Limit ($0.05/$0.10) - 2025/01/24 18:33:37 CET [2025/01/24 12:33:37 ET]
Table 'Aludra' 6-max Seat #1 is the button
Seat 1: looser00091 ($18.86 in chips) 
Seat 2: Mahu2021 ($9.74 in chips) 
Seat 3: Titsamach ($12.19 in chips) 
Seat 4: AllMenMstSrv ($15.43 in chips) 
Seat 5: alexber1111 ($25.52 in chips) 
Seat 6: seonghwee ($10 in chips) 
Mahu2021: posts small blind $0.05
Titsamach: posts big blind $0.10
*** HOLE CARDS ***
Dealt to Mahu2021 [Ah 7h]
AllMenMstSrv: raises $0.15 to $0.25
alexber1111: folds 
seonghwee: raises $0.50 to $0.75
looser00091: folds 
Mahu2021: folds 
Titsamach: folds 
AllMenMstSrv: calls $0.50
*** FLOP *** [Th 9d Tc]
AllMenMstSrv: checks 
seonghwee: bets $0.52
AllMenMstSrv: calls $0.52
*** TURN *** [Th 9d Tc] [Ks]
AllMenMstSrv: checks 
seonghwee: bets $1.93
AllMenMstSrv: calls $1.93
*** RIVER *** [Th 9d Tc Ks] [Jh]
AllMenMstSrv: checks 
seonghwee: checks 
*** SHOW DOWN ***
AllMenMstSrv: shows [Qd Qs] (a straight, Nine to King)
seonghwee: mucks hand 
AllMenMstSrv collected $6.26 from pot
*** SUMMARY ***
Total pot $6.55 | Rake $0.29 
Board [Th 9d Tc Ks Jh]
Seat 1: looser00091 (button) folded before Flop (didn't bet)
Seat 2: Mahu2021 (small blind) folded before Flop
Seat 3: Titsamach (big blind) folded before Flop
Seat 4: AllMenMstSrv showed [Qd Qs] and won ($6.26) with a straight, Nine to King
Seat 5: alexber1111 folded before Flop (didn't bet)
Seat 6: seonghwee mucked [3s As]



PokerStars Zoom Hand #254531626460:  Hold'em No Limit ($0.05/$0.10) - 2025/01/24 18:35:07 CET [2025/01/24 12:35:07 ET]
Table 'Aludra' 6-max Seat #1 is the button
Seat 1: Harrister11 ($9.52 in chips) 
Seat 2: D.shadoww ($10.28 in chips) 
Seat 3: miu_0716 ($10 in chips) 
Seat 4: dodeer ($10 in chips) 
Seat 5: Dr.EMW ($20.08 in chips) 
Seat 6: Mahu2021 ($9.46 in chips) 
D.shadoww: posts small blind $0.05
miu_0716: posts big blind $0.10
*** HOLE CARDS ***
Dealt to Mahu2021 [5h 2h]
dodeer: folds 
Dr.EMW: folds 
Mahu2021: folds 
Harrister11: folds 
D.shadoww: raises $0.20 to $0.30
miu_0716: folds 
Uncalled bet ($0.20) returned to D.shadoww
D.shadoww collected $0.20 from pot
D.shadoww: doesn't show hand 
*** SUMMARY ***
Total pot $0.20 | Rake $0 
Seat 1: Harrister11 (button) folded before Flop (didn't bet)
Seat 2: D.shadoww (small blind) collected ($0.20)
Seat 3: miu_0716 (big blind) folded before Flop
Seat 4: dodeer folded before Flop (didn't bet)
Seat 5: Dr.EMW folded before Flop (didn't bet)
Seat 6: Mahu2021 folded before Flop (didn't bet)



PokerStars Zoom Hand #254531627805:  Hold'em No Limit ($0.05/$0.10) - 2025/01/24 18:35:12 CET [2025/01/24 12:35:12 ET]
Table 'Aludra' 6-max Seat #1 is the button
Seat 1: willpritchard ($13.22 in chips) 
Seat 2: FrostyBrain007 ($7.08 in chips) 
Seat 3: Orstednyan ($10.80 in chips) 
Seat 4: sp1der91 ($10.10 in chips) 
Seat 5: Mahu2021 ($9.46 in chips) 
Seat 6: Karina2707 ($14.92 in chips) 
FrostyBrain007: posts small blind $0.05
Orstednyan: posts big blind $0.10
*** HOLE CARDS ***
Dealt to Mahu2021 [7s 4h]
sp1der91: folds 
Mahu2021: folds 
Karina2707: raises $0.10 to $0.20
willpritchard: folds 
FrostyBrain007: raises $0.10 to $0.30
Orstednyan: calls $0.20
Karina2707: calls $0.10
*** FLOP *** [Jc 8h 4d]
FrostyBrain007: checks 
Orstednyan: checks 
Karina2707: bets $0.65
FrostyBrain007: folds 
Orstednyan: folds 
Uncalled bet ($0.65) returned to Karina2707
Karina2707 collected $0.86 from pot
Karina2707: doesn't show hand 
*** SUMMARY ***
Total pot $0.90 | Rake $0.04 
Board [Jc 8h 4d]
Seat 1: willpritchard (button) folded before Flop (didn't bet)
Seat 2: FrostyBrain007 (small blind) folded on the Flop
Seat 3: Orstednyan (big blind) folded on the Flop
Seat 4: sp1der91 folded before Flop (didn't bet)
Seat 5: Mahu2021 folded before Flop (didn't bet)
Seat 6: Karina2707 collected ($0.86)



PokerStars Zoom Hand #254531625186:  Hold'em No Limit ($0.05/$0.10) - 2025/01/24 18:35:02 CET [2025/01/24 12:35:02 ET]
Table 'Aludra' 6-max Seat #1 is the button
Seat 1: Mahu2021 ($9.46 in chips) 
Seat 2: Karina2707 ($14.97 in chips) 
Seat 3: andreuler ($19.44 in chips) 
Seat 4: Nadie2110 ($19.63 in chips) 
Seat 5: Blast4Sure ($10.49 in chips) 
Seat 6: hotchpotch17 ($11.79 in chips) 
Karina2707: posts small blind $0.05
andreuler: posts big blind $0.10
*** HOLE CARDS ***
Dealt to Mahu2021 [2c 6d]
Nadie2110: folds 
Blast4Sure: raises $0.10 to $0.20
hotchpotch17: folds 
Mahu2021: folds 
Karina2707: folds 
andreuler: calls $0.10
*** FLOP *** [7h 5h Jd]
andreuler: checks 
Blast4Sure: checks 
*** TURN *** [7h 5h Jd] [Js]
andreuler: bets $0.22
Blast4Sure: folds 
Uncalled bet ($0.22) returned to andreuler
andreuler collected $0.43 from pot
andreuler: doesn't show hand 
*** SUMMARY ***
Total pot $0.45 | Rake $0.02 
Board [7h 5h Jd Js]
Seat 1: Mahu2021 (button) folded before Flop (didn't bet)
Seat 2: Karina2707 (small blind) folded before Flop
Seat 3: andreuler (big blind) collected ($0.43)
Seat 4: Nadie2110 folded before Flop (didn't bet)
Seat 5: Blast4Sure folded on the Turn
Seat 6: hotchpotch17 folded before Flop (didn't bet)



PokerStars Zoom Hand #254531630357:  Hold'em No Limit ($0.05/$0.10) - 2025/01/24 18:35:22 CET [2025/01/24 12:35:22 ET]
Table 'Aludra' 6-max Seat #1 is the button
Seat 1: Rubbernicks ($10.43 in chips) 
Seat 2: Silva 5758 ($11.59 in chips) 
Seat 3: Mahu2021 ($9.46 in chips) 
Seat 4: serotonine91 ($12.69 in chips) 
Seat 5: DropIceoleito ($8.10 in chips) 
Seat 6: Ed_banany ($10 in chips) 
Silva 5758: posts small blind $0.05
Mahu2021: posts big blind $0.10
*** HOLE CARDS ***
Dealt to Mahu2021 [9h Kh]
serotonine91: folds 
DropIceoleito: folds 
Ed_banany: folds 
Rubbernicks: raises $0.20 to $0.30
Silva 5758: calls $0.25
Mahu2021: calls $0.20
*** FLOP *** [As 9c 5d]
Silva 5758: checks 
Mahu2021: checks 
Rubbernicks: checks 
*** TURN *** [As 9c 5d] [Js]
Silva 5758: checks 
Mahu2021: checks 
Rubbernicks: checks 
*** RIVER *** [As 9c 5d Js] [4c]
Silva 5758: checks 
Mahu2021: bets $0.50
Rubbernicks: folds 
Silva 5758: folds 
Uncalled bet ($0.50) returned to Mahu2021
Mahu2021 collected $0.86 from pot
Mahu2021: doesn't show hand 
*** SUMMARY ***
Total pot $0.90 | Rake $0.04 
Board [As 9c 5d Js 4c]
Seat 1: Rubbernicks (button) folded on the River
Seat 2: Silva 5758 (small blind) folded on the River
Seat 3: Mahu2021 (big blind) collected ($0.86)
Seat 4: serotonine91 folded before Flop (didn't bet)
Seat 5: DropIceoleito folded before Flop (didn't bet)
Seat 6: Ed_banany folded before Flop (didn't bet)



PokerStars Zoom Hand #254531646199:  Hold'em No Limit ($0.05/$0.10) - 2025/01/24 18:36:23 CET [2025/01/24 12:36:23 ET]
Table 'Aludra' 6-max Seat #1 is the button
Seat 1: miu_0716 ($10.60 in chips) 
Seat 2: Mahu2021 ($10.02 in chips) 
Seat 3: andreuler ($10.74 in chips) 
Seat 4: YouBetterFold11 ($11.04 in chips) 
Seat 5: fransisco 234 ($10.90 in chips) 
Seat 6: hiding.by ($10.05 in chips) 
Mahu2021: posts small blind $0.05
andreuler: posts big blind $0.10
*** HOLE CARDS ***
Dealt to Mahu2021 [7s 6c]
YouBetterFold11: folds 
fransisco 234: folds 
hiding.by: raises $0.20 to $0.30
miu_0716: folds 
Mahu2021: folds 
andreuler: folds 
Uncalled bet ($0.20) returned to hiding.by
hiding.by collected $0.25 from pot
hiding.by: doesn't show hand 
*** SUMMARY ***
Total pot $0.25 | Rake $0 
Seat 1: miu_0716 (button) folded before Flop (didn't bet)
Seat 2: Mahu2021 (small blind) folded before Flop
Seat 3: andreuler (big blind) folded before Flop
Seat 4: YouBetterFold11 folded before Flop (didn't bet)
Seat 5: fransisco 234 folded before Flop (didn't bet)
Seat 6: hiding.by collected ($0.25)



PokerStars Zoom Hand #254531629154:  Hold'em No Limit ($0.05/$0.10) - 2025/01/24 18:35:17 CET [2025/01/24 12:35:17 ET]
Table 'Aludra' 6-max Seat #1 is the button
Seat 1: crazyraise27 ($10 in chips) 
Seat 2: doubleturtle7 ($6.69 in chips) 
Seat 3: Stoffe3337 ($5 in chips) 
Seat 4: anderetsu ($12.06 in chips) 
Seat 5: Mahu2021 ($9.46 in chips) 
Seat 6: JAT333 ($12.73 in chips) 
doubleturtle7: posts small blind $0.05
Stoffe3337: posts big blind $0.10
*** HOLE CARDS ***
Dealt to Mahu2021 [Qh 8c]
anderetsu: folds 
Mahu2021: folds 
JAT333: raises $0.20 to $0.30
crazyraise27: calls $0.30
doubleturtle7: folds 
Stoffe3337: calls $0.20
*** FLOP *** [7c Kh As]
Stoffe3337: checks 
JAT333: checks 
crazyraise27: bets $0.27
Stoffe3337: calls $0.27
JAT333: calls $0.27
*** TURN *** [7c Kh As] [5h]
Stoffe3337: checks 
JAT333: checks 
crazyraise27: checks 
*** RIVER *** [7c Kh As 5h] [2h]
Stoffe3337: bets $0.84
JAT333: calls $0.84
crazyraise27: folds 
*** SHOW DOWN ***
Stoffe3337: shows [Ah 6d] (a pair of Aces)
JAT333: mucks hand 
Stoffe3337 collected $3.29 from pot
*** SUMMARY ***
Total pot $3.44 | Rake $0.15 
Board [7c Kh As 5h 2h]
Seat 1: crazyraise27 (button) folded on the River
Seat 2: doubleturtle7 (small blind) folded before Flop
Seat 3: Stoffe3337 (big blind) showed [Ah 6d] and won ($3.29) with a pair of Aces
Seat 4: anderetsu folded before Flop (didn't bet)
Seat 5: Mahu2021 folded before Flop (didn't bet)
Seat 6: JAT333 mucked [Ac 4c]



PokerStars Zoom Hand #254531647181:  Hold'em No Limit ($0.05/$0.10) - 2025/01/24 18:36:27 CET [2025/01/24 12:36:27 ET]
Table 'Aludra' 6-max Seat #1 is the button
Seat 1: Ganbarimasyou ($10.25 in chips) 
Seat 2: Titsamach ($23.27 in chips) 
Seat 3: fasolbka_o ($4.85 in chips) 
Seat 4: ChemBurt ($11.74 in chips) 
Seat 5: OeTen101 ($34.44 in chips) 
Seat 6: Mahu2021 ($9.97 in chips) 
Titsamach: posts small blind $0.05
fasolbka_o: posts big blind $0.10
*** HOLE CARDS ***
Dealt to Mahu2021 [6c Ac]
ChemBurt: raises $0.12 to $0.22
OeTen101: raises $0.48 to $0.70
Mahu2021: calls $0.70
Ganbarimasyou: folds 
Titsamach: folds 
fasolbka_o: calls $0.60
ChemBurt: calls $0.48
*** FLOP *** [2h 7h 8d]
fasolbka_o: checks 
ChemBurt: checks 
OeTen101: bets $2
Mahu2021: folds 
fasolbka_o: calls $2
ChemBurt: folds 
*** TURN *** [2h 7h 8d] [Qs]
fasolbka_o: checks 
OeTen101: bets $2.20
fasolbka_o: folds 
Uncalled bet ($2.20) returned to OeTen101
OeTen101 collected $6.46 from pot
OeTen101: doesn't show hand 
*** SUMMARY ***
Total pot $6.85 | Rake $0.39 
Board [2h 7h 8d Qs]
Seat 1: Ganbarimasyou (button) folded before Flop (didn't bet)
Seat 2: Titsamach (small blind) folded before Flop
Seat 3: fasolbka_o (big blind) folded on the Turn
Seat 4: ChemBurt folded on the Flop
Seat 5: OeTen101 collected ($6.46)
Seat 6: Mahu2021 folded on the Flop



PokerStars Zoom Hand #254531655652:  Hold'em No Limit ($0.05/$0.10) - 2025/01/24 18:36:59 CET [2025/01/24 12:36:59 ET]
Table 'Aludra' 6-max Seat #1 is the button
Seat 1: Mahu2021 ($9.27 in chips) 
Seat 2: Sao77 ($12.52 in chips) 
Seat 3: D.shadoww ($10.58 in chips) 
Seat 4: shoromonoko ($6.82 in chips) 
Seat 5: Luca1234m146 ($10.71 in chips) 
Seat 6: Lexi_241 ($7.87 in chips) 
Sao77: posts small blind $0.05
D.shadoww: posts big blind $0.10
*** HOLE CARDS ***
Dealt to Mahu2021 [Ks 6s]
shoromonoko: folds 
Luca1234m146: raises $0.15 to $0.25
Lexi_241: calls $0.25
Mahu2021: folds 
Sao77: folds 
D.shadoww: folds 
*** FLOP *** [5c Ad Qs]
Luca1234m146: bets $0.20
Lexi_241: calls $0.20
*** TURN *** [5c Ad Qs] [Ts]
Luca1234m146: bets $0.66
Lexi_241: calls $0.66
*** RIVER *** [5c Ad Qs Ts] [Kd]
Luca1234m146: bets $2.50
Lexi_241: calls $2.50
*** SHOW DOWN ***
Luca1234m146: shows [9s Js] (a straight, Ten to Ace)
Lexi_241: mucks hand 
Luca1234m146 collected $7.04 from pot
*** SUMMARY ***
Total pot $7.37 | Rake $0.33 
Board [5c Ad Qs Ts Kd]
Seat 1: Mahu2021 (button) folded before Flop (didn't bet)
Seat 2: Sao77 (small blind) folded before Flop
Seat 3: D.shadoww (big blind) folded before Flop
Seat 4: shoromonoko folded before Flop (didn't bet)
Seat 5: Luca1234m146 showed [9s Js] and won ($7.04) with a straight, Ten to Ace
Seat 6: Lexi_241 mucked [8h Ac]



PokerStars Zoom Hand #254532530310:  Hold'em No Limit ($0.05/$0.10) - 2025/01/24 19:33:19 CET [2025/01/24 13:33:19 ET]
Table 'Aludra' 6-max Seat #1 is the button
Seat 1: DropIceoleito ($10.35 in chips) 
Seat 2: gama2310 ($14.19 in chips) 
Seat 3: Karina2707 ($36.42 in chips) 
Seat 4: anderetsu ($12.89 in chips) 
Seat 5: Mahu2021 ($9.27 in chips) 
Seat 6: Extecoetter25 ($79.46 in chips) 
gama2310: posts small blind $0.05
Karina2707: posts big blind $0.10
*** HOLE CARDS ***
Dealt to Mahu2021 [Jd Ah]
anderetsu: folds 
Mahu2021: raises $0.14 to $0.24
Extecoetter25: folds 
DropIceoleito: calls $0.24
gama2310: folds 
Karina2707: folds 
*** FLOP *** [Kc 9h 9c]
Mahu2021: checks 
DropIceoleito: checks 
*** TURN *** [Kc 9h 9c] [As]
Mahu2021: checks 
DropIceoleito: bets $0.30
Mahu2021: calls $0.30
*** RIVER *** [Kc 9h 9c As] [Qc]
Mahu2021: checks 
DropIceoleito: checks 
*** SHOW DOWN ***
Mahu2021: shows [Jd Ah] (two pair, Aces and Nines)
DropIceoleito: mucks hand 
Mahu2021 collected $1.17 from pot
*** SUMMARY ***
Total pot $1.23 | Rake $0.06 
Board [Kc 9h 9c As Qc]
Seat 1: DropIceoleito (button) mucked [7d 7s]
Seat 2: gama2310 (small blind) folded before Flop
Seat 3: Karina2707 (big blind) folded before Flop
Seat 4: anderetsu folded before Flop (didn't bet)
Seat 5: Mahu2021 showed [Jd Ah] and won ($1.17) with two pair, Aces and Nines
Seat 6: Extecoetter25 folded before Flop (didn't bet)



PokerStars Zoom Hand #254532538749:  Hold'em No Limit ($0.05/$0.10) - 2025/01/24 19:33:50 CET [2025/01/24 13:33:50 ET]
Table 'Aludra' 6-max Seat #1 is the button
Seat 1: epereyra1996 ($11.65 in chips) 
Seat 2: Mahu2021 ($9.90 in chips) 
Seat 3: Stoffe3337 ($7.07 in chips) 
Seat 4: PovilasX ($24.67 in chips) 
Seat 5: Luffy V ($10.45 in chips) 
Seat 6: YNGD ($19.37 in chips) 
Mahu2021: posts small blind $0.05
Stoffe3337: posts big blind $0.10
*** HOLE CARDS ***
Dealt to Mahu2021 [As 6s]
PovilasX: folds 
Luffy V: folds 
YNGD: folds 
epereyra1996: folds 
Mahu2021: raises $0.20 to $0.30
Stoffe3337: folds 
Uncalled bet ($0.20) returned to Mahu2021
Mahu2021 collected $0.20 from pot
Mahu2021: doesn't show hand 
*** SUMMARY ***
Total pot $0.20 | Rake $0 
Seat 1: epereyra1996 (button) folded before Flop (didn't bet)
Seat 2: Mahu2021 (small blind) collected ($0.20)
Seat 3: Stoffe3337 (big blind) folded before Flop
Seat 4: PovilasX folded before Flop (didn't bet)
Seat 5: Luffy V folded before Flop (didn't bet)
Seat 6: YNGD folded before Flop (didn't bet)



PokerStars Zoom Hand #254532537372:  Hold'em No Limit ($0.05/$0.10) - 2025/01/24 19:33:45 CET [2025/01/24 13:33:45 ET]
Table 'Aludra' 6-max Seat #1 is the button
Seat 1: S080B ($10.03 in chips) 
Seat 2: batalhafbf ($14.77 in chips) 
Seat 3: msd2014 ($35.68 in chips) 
Seat 4: Mahu2021 ($9.90 in chips) 
Seat 5: TGVon ($15.99 in chips) 
Seat 6: Yogui_jos ($26.85 in chips) 
batalhafbf: posts small blind $0.05
msd2014: posts big blind $0.10
*** HOLE CARDS ***
Dealt to Mahu2021 [8h Qd]
Mahu2021: folds 
TGVon: folds 
Yogui_jos: raises $0.15 to $0.25
S080B: raises $0.35 to $0.60
batalhafbf: folds 
msd2014: folds 
Yogui_jos: folds 
Uncalled bet ($0.35) returned to S080B
S080B collected $0.65 from pot
S080B: doesn't show hand 
*** SUMMARY ***
Total pot $0.65 | Rake $0 
Seat 1: S080B (button) collected ($0.65)
Seat 2: batalhafbf (small blind) folded before Flop
Seat 3: msd2014 (big blind) folded before Flop
Seat 4: Mahu2021 folded before Flop (didn't bet)
Seat 5: TGVon folded before Flop (didn't bet)
Seat 6: Yogui_jos folded before Flop



PokerStars Zoom Hand #254532542814:  Hold'em No Limit ($0.05/$0.10) - 2025/01/24 19:34:05 CET [2025/01/24 13:34:05 ET]
Table 'Aludra' 6-max Seat #1 is the button
Seat 1: Extecoetter25 ($42.67 in chips) 
Seat 2: Blast4Sure ($21.76 in chips) 
Seat 3: Mahu2021 ($10 in chips) 
Seat 4: Dr.EMW ($25.21 in chips) 
Seat 5: lichistoria ($12.81 in chips) 
Seat 6: Mace F1 ($5 in chips) 
Blast4Sure: posts small blind $0.05
Mahu2021: posts big blind $0.10
*** HOLE CARDS ***
Dealt to Mahu2021 [Ah Qs]
Dr.EMW: folds 
lichistoria: folds 
Mace F1: raises $0.15 to $0.25
Extecoetter25: folds 
Blast4Sure: folds 
Mahu2021: calls $0.15
*** FLOP *** [Qd 8d 7s]
Mahu2021: checks 
Mace F1: bets $0.42
Mahu2021: calls $0.42
*** TURN *** [Qd 8d 7s] [4d]
Mahu2021: checks 
Mace F1: checks 
*** RIVER *** [Qd 8d 7s 4d] [9h]
Mahu2021: checks 
Mace F1: checks 
*** SHOW DOWN ***
Mahu2021: shows [Ah Qs] (a pair of Queens)
Mace F1: mucks hand 
Mahu2021 collected $1.33 from pot
*** SUMMARY ***
Total pot $1.39 | Rake $0.06 
Board [Qd 8d 7s 4d 9h]
Seat 1: Extecoetter25 (button) folded before Flop (didn't bet)
Seat 2: Blast4Sure (small blind) folded before Flop
Seat 3: Mahu2021 (big blind) showed [Ah Qs] and won ($1.33) with a pair of Queens
Seat 4: Dr.EMW folded before Flop (didn't bet)
Seat 5: lichistoria folded before Flop (didn't bet)
Seat 6: Mace F1 mucked [Td Qh]



PokerStars Zoom Hand #254532551471:  Hold'em No Limit ($0.05/$0.10) - 2025/01/24 19:34:36 CET [2025/01/24 13:34:36 ET]
Table 'Aludra' 6-max Seat #1 is the button
Seat 1: batalhafbf ($14.72 in chips) 
Seat 2: msd2014 ($35.58 in chips) 
Seat 3: Sao77 ($10.17 in chips) 
Seat 4: Mahu2021 ($10.66 in chips) 
Seat 5: Garateguy ($10.28 in chips) 
Seat 6: Luffy V ($34.79 in chips) 
msd2014: posts small blind $0.05
Sao77: posts big blind $0.10
*** HOLE CARDS ***
Dealt to Mahu2021 [6d Jc]
Mahu2021: folds 
Garateguy: raises $0.15 to $0.25
Luffy V: folds 
batalhafbf: folds 
msd2014: folds 
Sao77: folds 
Uncalled bet ($0.15) returned to Garateguy
Garateguy collected $0.25 from pot
Garateguy: doesn't show hand 
*** SUMMARY ***
Total pot $0.25 | Rake $0 
Seat 1: batalhafbf (button) folded before Flop (didn't bet)
Seat 2: msd2014 (small blind) folded before Flop
Seat 3: Sao77 (big blind) folded before Flop
Seat 4: Mahu2021 folded before Flop (didn't bet)
Seat 5: Garateguy collected ($0.25)
Seat 6: Luffy V folded before Flop (didn't bet)



PokerStars Zoom Hand #254532555248:  Hold'em No Limit ($0.05/$0.10) - 2025/01/24 19:34:50 CET [2025/01/24 13:34:50 ET]
Table 'Aludra' 6-max Seat #1 is the button
Seat 1: hello2123 ($12.25 in chips) 
Seat 2: Mahu2021 ($10.66 in chips) 
Seat 3: cheddarman24 ($14.08 in chips) 
Seat 4: mr.coulombe ($15.18 in chips) 
Seat 5: hempju1ce ($6.43 in chips) 
Seat 6: Tfu3tfu ($9.96 in chips) 
Mahu2021: posts small blind $0.05
cheddarman24: posts big blind $0.10
*** HOLE CARDS ***
Dealt to Mahu2021 [3h 7h]
mr.coulombe: folds 
hempju1ce: folds 
Tfu3tfu: raises $0.10 to $0.20
hello2123: folds 
Mahu2021: folds 
cheddarman24: folds 
Uncalled bet ($0.10) returned to Tfu3tfu
Tfu3tfu collected $0.25 from pot
Tfu3tfu: doesn't show hand 
*** SUMMARY ***
Total pot $0.25 | Rake $0 
Seat 1: hello2123 (button) folded before Flop (didn't bet)
Seat 2: Mahu2021 (small blind) folded before Flop
Seat 3: cheddarman24 (big blind) folded before Flop
Seat 4: mr.coulombe folded before Flop (didn't bet)
Seat 5: hempju1ce folded before Flop (didn't bet)
Seat 6: Tfu3tfu collected ($0.25)



PokerStars Zoom Hand #254532557662:  Hold'em No Limit ($0.05/$0.10) - 2025/01/24 19:34:59 CET [2025/01/24 13:34:59 ET]
Table 'Aludra' 6-max Seat #1 is the button
Seat 1: Luffy V ($15.70 in chips) 
Seat 2: PovilasX ($20.84 in chips) 
Seat 3: DiSpa14 ($8 in chips) 
Seat 4: 00O-2Z ($24.24 in chips) 
Seat 5: Mahu2021 ($10.61 in chips) 
Seat 6: miu_0716 ($10.25 in chips) 
PovilasX: posts small blind $0.05
DiSpa14: posts big blind $0.10
*** HOLE CARDS ***
Dealt to Mahu2021 [Qs 9c]
00O-2Z: raises $0.20 to $0.30
Mahu2021: folds 
miu_0716: folds 
Luffy V: folds 
PovilasX: folds 
DiSpa14: folds 
Uncalled bet ($0.20) returned to 00O-2Z
00O-2Z collected $0.25 from pot
00O-2Z: doesn't show hand 
*** SUMMARY ***
Total pot $0.25 | Rake $0 
Seat 1: Luffy V (button) folded before Flop (didn't bet)
Seat 2: PovilasX (small blind) folded before Flop
Seat 3: DiSpa14 (big blind) folded before Flop
Seat 4: 00O-2Z collected ($0.25)
Seat 5: Mahu2021 folded before Flop (didn't bet)
Seat 6: miu_0716 folded before Flop (didn't bet)



PokerStars Zoom Hand #254532553060:  Hold'em No Limit ($0.05/$0.10) - 2025/01/24 19:34:42 CET [2025/01/24 13:34:42 ET]
Table 'Aludra' 6-max Seat #1 is the button
Seat 1: Mahu2021 ($10.66 in chips) 
Seat 2: Mace F1 ($5.15 in chips) 
Seat 3: Rollando11 ($15.07 in chips) 
Seat 4: Extecoetter25 ($37.37 in chips) 
Seat 5: viknw ($8.17 in chips) 
Seat 6: Chiarelli99 ($12.74 in chips) 
Mace F1: posts small blind $0.05
Rollando11: posts big blind $0.10
*** HOLE CARDS ***
Dealt to Mahu2021 [3c 9c]
Extecoetter25: folds 
viknw: folds 
Chiarelli99: folds 
Mahu2021: folds 
Mace F1: raises $0.20 to $0.30
Rollando11: calls $0.20
*** FLOP *** [9s Ac Qc]
Mace F1: bets $0.17
Rollando11: calls $0.17
*** TURN *** [9s Ac Qc] [Jc]
Mace F1: bets $0.72
Rollando11: folds 
Uncalled bet ($0.72) returned to Mace F1
Mace F1 collected $0.90 from pot
Mace F1: doesn't show hand 
*** SUMMARY ***
Total pot $0.94 | Rake $0.04 
Board [9s Ac Qc Jc]
Seat 1: Mahu2021 (button) folded before Flop (didn't bet)
Seat 2: Mace F1 (small blind) collected ($0.90)
Seat 3: Rollando11 (big blind) folded on the Turn
Seat 4: Extecoetter25 folded before Flop (didn't bet)
Seat 5: viknw folded before Flop (didn't bet)
Seat 6: Chiarelli99 folded before Flop (didn't bet)



PokerStars Zoom Hand #254532556779:  Hold'em No Limit ($0.05/$0.10) - 2025/01/24 19:34:56 CET [2025/01/24 13:34:56 ET]
Table 'Aludra' 6-max Seat #1 is the button
Seat 1: schmitinho ($9.80 in chips) 
Seat 2: Yogui_jos ($17.81 in chips) 
Seat 3: Sao77 ($10.07 in chips) 
Seat 4: porculspinos ($4.85 in chips) 
Seat 5: ChemBurt ($6.97 in chips) 
Seat 6: Mahu2021 ($10.61 in chips) 
Yogui_jos: posts small blind $0.05
Sao77: posts big blind $0.10
*** HOLE CARDS ***
Dealt to Mahu2021 [3c 2s]
porculspinos: folds 
ChemBurt: raises $0.12 to $0.22
Mahu2021: folds 
schmitinho: raises $0.59 to $0.81
Yogui_jos: folds 
Sao77: folds 
ChemBurt: calls $0.59
*** FLOP *** [2h Tc 2c]
ChemBurt: checks 
schmitinho: bets $0.85
ChemBurt: calls $0.85
*** TURN *** [2h Tc 2c] [7h]
ChemBurt: checks 
schmitinho: checks 
*** RIVER *** [2h Tc 2c 7h] [5s]
ChemBurt: checks 
schmitinho: checks 
*** SHOW DOWN ***
ChemBurt: shows [4d 4c] (two pair, Fours and Deuces)
schmitinho: mucks hand 
ChemBurt collected $3.31 from pot
*** SUMMARY ***
Total pot $3.47 | Rake $0.16 
Board [2h Tc 2c 7h 5s]
Seat 1: schmitinho (button) mucked [Ad Ks]
Seat 2: Yogui_jos (small blind) folded before Flop
Seat 3: Sao77 (big blind) folded before Flop
Seat 4: porculspinos folded before Flop (didn't bet)
Seat 5: ChemBurt showed [4d 4c] and won ($3.31) with two pair, Fours and Deuces
Seat 6: Mahu2021 folded before Flop (didn't bet)



PokerStars Zoom Hand #254532558852:  Hold'em No Limit ($0.05/$0.10) - 2025/01/24 19:35:03 CET [2025/01/24 13:35:03 ET]
Table 'Aludra' 6-max Seat #1 is the button
Seat 1: D.shadoww ($10 in chips) 
Seat 2: Tfu3tfu ($10.11 in chips) 
Seat 3: Mahu2021 ($10.61 in chips) 
Seat 4: vytas 555 ($18.56 in chips) 
Seat 5: Machestr ($9.50 in chips) 
Seat 6: dewrden ($16.39 in chips) 
Tfu3tfu: posts small blind $0.05
Mahu2021: posts big blind $0.10
*** HOLE CARDS ***
Dealt to Mahu2021 [Jc Qd]
vytas 555: folds 
Machestr: folds 
dewrden: raises $0.12 to $0.22
D.shadoww: folds 
Tfu3tfu: raises $0.54 to $0.76
Mahu2021: folds 
dewrden: calls $0.54
*** FLOP *** [2h 7h 9h]
Tfu3tfu: bets $0.78
dewrden: folds 
Uncalled bet ($0.78) returned to Tfu3tfu
Tfu3tfu collected $1.55 from pot
Tfu3tfu: doesn't show hand 
*** SUMMARY ***
Total pot $1.62 | Rake $0.07 
Board [2h 7h 9h]
Seat 1: D.shadoww (button) folded before Flop (didn't bet)
Seat 2: Tfu3tfu (small blind) collected ($1.55)
Seat 3: Mahu2021 (big blind) folded before Flop
Seat 4: vytas 555 folded before Flop (didn't bet)
Seat 5: Machestr folded before Flop (didn't bet)
Seat 6: dewrden folded on the Flop



PokerStars Zoom Hand #254532566895:  Hold'em No Limit ($0.05/$0.10) - 2025/01/24 19:35:33 CET [2025/01/24 13:35:33 ET]
Table 'Aludra' 6-max Seat #1 is the button
Seat 1: a4al999 ($25.95 in chips) 
Seat 2: Bbyoda79 ($10.37 in chips) 
Seat 3: mrfreaky1989 ($10.28 in chips) 
Seat 4: ciceron86 ($10 in chips) 
Seat 5: Yogui_jos ($17.66 in chips) 
Seat 6: Mahu2021 ($10.51 in chips) 
Bbyoda79: posts small blind $0.05
mrfreaky1989: posts big blind $0.10
*** HOLE CARDS ***
Dealt to Mahu2021 [4s Kc]
ciceron86: folds 
Yogui_jos: raises $0.15 to $0.25
Mahu2021: folds 
a4al999: calls $0.25
Bbyoda79: folds 
mrfreaky1989: folds 
*** FLOP *** [2h 3d 4d]
Yogui_jos: checks 
a4al999: bets $0.19
Yogui_jos: calls $0.19
*** TURN *** [2h 3d 4d] [6d]
Yogui_jos: checks 
a4al999: checks 
*** RIVER *** [2h 3d 4d 6d] [Ac]
Yogui_jos: checks 
a4al999: checks 
*** SHOW DOWN ***
Yogui_jos: shows [Js Ah] (a pair of Aces)
a4al999: mucks hand 
Yogui_jos collected $0.98 from pot
*** SUMMARY ***
Total pot $1.03 | Rake $0.05 
Board [2h 3d 4d 6d Ac]
Seat 1: a4al999 (button) mucked [Th Td]
Seat 2: Bbyoda79 (small blind) folded before Flop
Seat 3: mrfreaky1989 (big blind) folded before Flop
Seat 4: ciceron86 folded before Flop (didn't bet)
Seat 5: Yogui_jos showed [Js Ah] and won ($0.98) with a pair of Aces
Seat 6: Mahu2021 folded before Flop (didn't bet)



PokerStars Zoom Hand #254532567758:  Hold'em No Limit ($0.05/$0.10) - 2025/01/24 19:35:36 CET [2025/01/24 13:35:36 ET]
Table 'Aludra' 6-max Seat #1 is the button
Seat 1: GTI F ($18.14 in chips) 
Seat 2: ciceron86 ($10 in chips) 
Seat 3: agusdecarca ($13.51 in chips) 
Seat 4: smileplease103 ($1.27 in chips) 
Seat 5: Mahu2021 ($10.51 in chips) 
Seat 6: DropIceoleito ($10.16 in chips) 
ciceron86: posts small blind $0.05
agusdecarca: posts big blind $0.10
*** HOLE CARDS ***
Dealt to Mahu2021 [Qc 2d]
smileplease103: calls $0.10
Mahu2021: folds 
DropIceoleito: raises $0.10 to $0.20
GTI F: folds 
ciceron86: folds 
agusdecarca: folds 
smileplease103: calls $0.10
*** FLOP *** [5h Ts Ac]
smileplease103: checks 
DropIceoleito: checks 
*** TURN *** [5h Ts Ac] [Qh]
smileplease103: bets $0.10
DropIceoleito: raises $0.10 to $0.20
smileplease103: calls $0.10
*** RIVER *** [5h Ts Ac Qh] [Ks]
smileplease103: checks 
DropIceoleito: bets $0.91
smileplease103: folds 
Uncalled bet ($0.91) returned to DropIceoleito
DropIceoleito collected $0.91 from pot
DropIceoleito: doesn't show hand 
*** SUMMARY ***
Total pot $0.95 | Rake $0.04 
Board [5h Ts Ac Qh Ks]
Seat 1: GTI F (button) folded before Flop (didn't bet)
Seat 2: ciceron86 (small blind) folded before Flop
Seat 3: agusdecarca (big blind) folded before Flop
Seat 4: smileplease103 folded on the River
Seat 5: Mahu2021 folded before Flop (didn't bet)
Seat 6: DropIceoleito collected ($0.91)



PokerStars Zoom Hand #254532569900:  Hold'em No Limit ($0.05/$0.10) - 2025/01/24 19:35:44 CET [2025/01/24 13:35:44 ET]
Table 'Aludra' 6-max Seat #1 is the button
Seat 1: sp1der91 ($18.29 in chips) 
Seat 2: ChemBurt ($9.70 in chips) 
Seat 3: Machestr ($9.76 in chips) 
Seat 4: Mahu2021 ($10.51 in chips) 
Seat 5: GTI F ($18.14 in chips) 
Seat 6: COSIMODO200 ($13.86 in chips) 
ChemBurt: posts small blind $0.05
Machestr: posts big blind $0.10
*** HOLE CARDS ***
Dealt to Mahu2021 [Jd Js]
Mahu2021: raises $0.14 to $0.24
GTI F: folds 
COSIMODO200: folds 
sp1der91: folds 
ChemBurt: folds 
Machestr: calls $0.14
*** FLOP *** [Jh As Qd]
Machestr: checks 
Mahu2021: checks 
*** TURN *** [Jh As Qd] [7h]
Machestr: checks 
Mahu2021: checks 
*** RIVER *** [Jh As Qd 7h] [Ah]
Machestr: bets $0.17
Mahu2021: raises $0.63 to $0.80
Machestr: calls $0.63
*** SHOW DOWN ***
Mahu2021: shows [Jd Js] (a full house, Jacks full of Aces)
Machestr: mucks hand 
Mahu2021 collected $2.03 from pot
*** SUMMARY ***
Total pot $2.13 | Rake $0.10 
Board [Jh As Qd 7h Ah]
Seat 1: sp1der91 (button) folded before Flop (didn't bet)
Seat 2: ChemBurt (small blind) folded before Flop
Seat 3: Machestr (big blind) mucked [Qs Kd]
Seat 4: Mahu2021 showed [Jd Js] and won ($2.03) with a full house, Jacks full of Aces
Seat 5: GTI F folded before Flop (didn't bet)
Seat 6: COSIMODO200 folded before Flop (didn't bet)



PokerStars Zoom Hand #254532568650:  Hold'em No Limit ($0.05/$0.10) - 2025/01/24 19:35:39 CET [2025/01/24 13:35:39 ET]
Table 'Aludra' 6-max Seat #1 is the button
Seat 1: Mahu2021 ($10.51 in chips) 
Seat 2: Koksas28 ($5.61 in chips) 
Seat 3: dewrden ($13.94 in chips) 
Seat 4: batalhafbf ($14.72 in chips) 
Seat 5: sp1der91 ($11.57 in chips) 
Seat 6: Stoffe3337 ($6.83 in chips) 
Koksas28: posts small blind $0.05
dewrden: posts big blind $0.10
*** HOLE CARDS ***
Dealt to Mahu2021 [2h 3s]
batalhafbf: raises $0.14 to $0.24
sp1der91: folds 
Stoffe3337: folds 
Mahu2021: folds 
Koksas28: calls $0.19
dewrden: folds 
*** FLOP *** [Qh Jh 2c]
Koksas28: checks 
batalhafbf: checks 
*** TURN *** [Qh Jh 2c] [7h]
Koksas28: checks 
batalhafbf: checks 
*** RIVER *** [Qh Jh 2c 7h] [4s]
Koksas28: checks 
batalhafbf: checks 
*** SHOW DOWN ***
Koksas28: shows [5d 6d] (high card Queen)
batalhafbf: shows [8s 8d] (a pair of Eights)
batalhafbf collected $0.55 from pot
*** SUMMARY ***
Total pot $0.58 | Rake $0.03 
Board [Qh Jh 2c 7h 4s]
Seat 1: Mahu2021 (button) folded before Flop (didn't bet)
Seat 2: Koksas28 (small blind) showed [5d 6d] and lost with high card Queen
Seat 3: dewrden (big blind) folded before Flop
Seat 4: batalhafbf showed [8s 8d] and won ($0.55) with a pair of Eights
Seat 5: sp1der91 folded before Flop (didn't bet)
Seat 6: Stoffe3337 folded before Flop (didn't bet)



PokerStars Zoom Hand #254532582232:  Hold'em No Limit ($0.05/$0.10) - 2025/01/24 19:36:28 CET [2025/01/24 13:36:28 ET]
Table 'Aludra' 6-max Seat #1 is the button
Seat 1: hello2123 ($10 in chips) 
Seat 2: Machestr ($9.50 in chips) 
Seat 3: Mahu2021 ($11.50 in chips) 
Seat 4: lEternamente ($10 in chips) 
Seat 5: AAvsxD ($10.10 in chips) 
Seat 6: S080B ($17.31 in chips) 
Machestr: posts small blind $0.05
Mahu2021: posts big blind $0.10
*** HOLE CARDS ***
Dealt to Mahu2021 [3s 4c]
lEternamente: raises $0.10 to $0.20
AAvsxD: folds 
S080B: folds 
hello2123: folds 
Machestr: folds 
Mahu2021: folds 
Uncalled bet ($0.10) returned to lEternamente
lEternamente collected $0.25 from pot
lEternamente: doesn't show hand 
*** SUMMARY ***
Total pot $0.25 | Rake $0 
Seat 1: hello2123 (button) folded before Flop (didn't bet)
Seat 2: Machestr (small blind) folded before Flop
Seat 3: Mahu2021 (big blind) folded before Flop
Seat 4: lEternamente collected ($0.25)
Seat 5: AAvsxD folded before Flop (didn't bet)
Seat 6: S080B folded before Flop (didn't bet)



PokerStars Zoom Hand #254532585400:  Hold'em No Limit ($0.05/$0.10) - 2025/01/24 19:36:39 CET [2025/01/24 13:36:39 ET]
Table 'Aludra' 6-max Seat #1 is the button
Seat 1: PovilasX ($12.13 in chips) 
Seat 2: Mahu2021 ($11.40 in chips) 
Seat 3: S080B ($17.31 in chips) 
Seat 4: Luffy V ($27.72 in chips) 
Seat 5: kesstukas25 ($7.57 in chips) 
Seat 6: dodeer ($12.21 in chips) 
Mahu2021: posts small blind $0.05
S080B: posts big blind $0.10
*** HOLE CARDS ***
Dealt to Mahu2021 [7s 8d]
Luffy V: folds 
kesstukas25: folds 
dodeer: folds 
PovilasX: folds 
Mahu2021: raises $0.20 to $0.30
S080B: folds 
Uncalled bet ($0.20) returned to Mahu2021
Mahu2021 collected $0.20 from pot
Mahu2021: doesn't show hand 
*** SUMMARY ***
Total pot $0.20 | Rake $0 
Seat 1: PovilasX (button) folded before Flop (didn't bet)
Seat 2: Mahu2021 (small blind) collected ($0.20)
Seat 3: S080B (big blind) folded before Flop
Seat 4: Luffy V folded before Flop (didn't bet)
Seat 5: kesstukas25 folded before Flop (didn't bet)
Seat 6: dodeer folded before Flop (didn't bet)



PokerStars Zoom Hand #254532592410:  Hold'em No Limit ($0.05/$0.10) - 2025/01/24 19:37:04 CET [2025/01/24 13:37:04 ET]
Table 'Aludra' 6-max Seat #1 is the button
Seat 1: Mahu2021 ($11.50 in chips) 
Seat 2: JMJ1966 ($6.06 in chips) 
Seat 3: 00O-2Z ($24.69 in chips) 
Seat 4: anderetsu ($11.09 in chips) 
Seat 5: humo97 ($10.72 in chips) 
Seat 6: hello2123 ($12.42 in chips) 
JMJ1966: posts small blind $0.05
00O-2Z: posts big blind $0.10
*** HOLE CARDS ***
Dealt to Mahu2021 [3c 2s]
anderetsu: raises $0.10 to $0.20
humo97: folds 
hello2123: folds 
Mahu2021: folds 
JMJ1966: folds 
00O-2Z: folds 
Uncalled bet ($0.10) returned to anderetsu
anderetsu collected $0.25 from pot
anderetsu: doesn't show hand 
*** SUMMARY ***
Total pot $0.25 | Rake $0 
Seat 1: Mahu2021 (button) folded before Flop (didn't bet)
Seat 2: JMJ1966 (small blind) folded before Flop
Seat 3: 00O-2Z (big blind) folded before Flop
Seat 4: anderetsu collected ($0.25)
Seat 5: humo97 folded before Flop (didn't bet)
Seat 6: hello2123 folded before Flop (didn't bet)



PokerStars Zoom Hand #254532593322:  Hold'em No Limit ($0.05/$0.10) - 2025/01/24 19:37:08 CET [2025/01/24 13:37:08 ET]
Table 'Aludra' 6-max Seat #1 is the button
Seat 1: adownunder ($14.37 in chips) 
Seat 2: Karina2707 ($19.73 in chips) 
Seat 3: D.shadoww ($31.35 in chips) 
Seat 4: porculspinos ($5.37 in chips) 
Seat 5: Hopewar ($11.25 in chips) 
Seat 6: Mahu2021 ($11.50 in chips) 
Karina2707: posts small blind $0.05
D.shadoww: posts big blind $0.10
*** HOLE CARDS ***
Dealt to Mahu2021 [Qs 4d]
porculspinos: raises $0.10 to $0.20
Hopewar: folds 
Mahu2021: folds 
adownunder: folds 
Karina2707: folds 
D.shadoww: folds 
Uncalled bet ($0.10) returned to porculspinos
porculspinos collected $0.25 from pot
porculspinos: doesn't show hand 
*** SUMMARY ***
Total pot $0.25 | Rake $0 
Seat 1: adownunder (button) folded before Flop (didn't bet)
Seat 2: Karina2707 (small blind) folded before Flop
Seat 3: D.shadoww (big blind) folded before Flop
Seat 4: porculspinos collected ($0.25)
Seat 5: Hopewar folded before Flop (didn't bet)
Seat 6: Mahu2021 folded before Flop (didn't bet)



PokerStars Zoom Hand #254532595352:  Hold'em No Limit ($0.05/$0.10) - 2025/01/24 19:37:15 CET [2025/01/24 13:37:15 ET]
Table 'Aludra' 6-max Seat #1 is the button
Seat 1: anderetsu ($11.24 in chips) 
Seat 2: PovilasX ($24.37 in chips) 
Seat 3: ianuaXII ($10 in chips) 
Seat 4: S080B ($17.21 in chips) 
Seat 5: Mahu2021 ($11.50 in chips) 
Seat 6: Chiarelli99 ($11.07 in chips) 
PovilasX: posts small blind $0.05
ianuaXII: posts big blind $0.10
*** HOLE CARDS ***
Dealt to Mahu2021 [Kd Ah]
S080B: folds 
Mahu2021: raises $0.14 to $0.24
Chiarelli99: folds 
anderetsu: folds 
PovilasX: folds 
ianuaXII: folds 
Uncalled bet ($0.14) returned to Mahu2021
Mahu2021 collected $0.25 from pot
Mahu2021: doesn't show hand 
*** SUMMARY ***
Total pot $0.25 | Rake $0 
Seat 1: anderetsu (button) folded before Flop (didn't bet)
Seat 2: PovilasX (small blind) folded before Flop
Seat 3: ianuaXII (big blind) folded before Flop
Seat 4: S080B folded before Flop (didn't bet)
Seat 5: Mahu2021 collected ($0.25)
Seat 6: Chiarelli99 folded before Flop (didn't bet)



PokerStars Zoom Hand #254532599601:  Hold'em No Limit ($0.05/$0.10) - 2025/01/24 19:37:30 CET [2025/01/24 13:37:30 ET]
Table 'Aludra' 6-max Seat #1 is the button
Seat 1: zylindri ($10.12 in chips) 
Seat 2: Mahu2021 ($11.65 in chips) 
Seat 3: a4al999 ($24.69 in chips) 
Seat 4: melissaco ($15.78 in chips) 
Seat 5: DropIceoleito ($11.28 in chips) 
Seat 6: Ed_banany ($10.07 in chips) 
Mahu2021: posts small blind $0.05
a4al999: posts big blind $0.10
*** HOLE CARDS ***
Dealt to Mahu2021 [Th Kh]
melissaco: folds 
DropIceoleito: folds 
Ed_banany: raises $0.14 to $0.24
zylindri: folds 
Mahu2021: calls $0.19
a4al999: folds 
*** FLOP *** [8s Ac 9d]
Mahu2021: checks 
Ed_banany: bets $0.17
Mahu2021: calls $0.17
*** TURN *** [8s Ac 9d] [3d]
Mahu2021: checks 
Ed_banany: bets $1.32
Mahu2021: folds 
Uncalled bet ($1.32) returned to Ed_banany
Ed_banany collected $0.88 from pot
Ed_banany: doesn't show hand 
*** SUMMARY ***
Total pot $0.92 | Rake $0.04 
Board [8s Ac 9d 3d]
Seat 1: zylindri (button) folded before Flop (didn't bet)
Seat 2: Mahu2021 (small blind) folded on the Turn
Seat 3: a4al999 (big blind) folded before Flop
Seat 4: melissaco folded before Flop (didn't bet)
Seat 5: DropIceoleito folded before Flop (didn't bet)
Seat 6: Ed_banany collected ($0.88)



PokerStars Zoom Hand #254532607801:  Hold'em No Limit ($0.05/$0.10) - 2025/01/24 19:37:59 CET [2025/01/24 13:37:59 ET]
Table 'Aludra' 6-max Seat #1 is the button
Seat 1: lEternamente ($10 in chips) 
Seat 2: dewrden ($15.44 in chips) 
Seat 3: Mahu2021 ($11.24 in chips) 
Seat 4: hello2123 ($11.50 in chips) 
Seat 5: VitorArj ($10 in chips) 
Seat 6: micicaffrey ($8.75 in chips) 
dewrden: posts small blind $0.05
Mahu2021: posts big blind $0.10
*** HOLE CARDS ***
Dealt to Mahu2021 [6h 6s]
hello2123: folds 
VitorArj: folds 
micicaffrey: folds 
lEternamente: raises $0.15 to $0.25
dewrden: folds 
Mahu2021: calls $0.15
*** FLOP *** [Qh 2h Kd]
Mahu2021: checks 
lEternamente: bets $0.32
Mahu2021: folds 
Uncalled bet ($0.32) returned to lEternamente
lEternamente collected $0.53 from pot
lEternamente: doesn't show hand 
*** SUMMARY ***
Total pot $0.55 | Rake $0.02 
Board [Qh 2h Kd]
Seat 1: lEternamente (button) collected ($0.53)
Seat 2: dewrden (small blind) folded before Flop
Seat 3: Mahu2021 (big blind) folded on the Flop
Seat 4: hello2123 folded before Flop (didn't bet)
Seat 5: VitorArj folded before Flop (didn't bet)
Seat 6: micicaffrey folded before Flop (didn't bet)



PokerStars Zoom Hand #254532606649:  Hold'em No Limit ($0.05/$0.10) - 2025/01/24 19:37:55 CET [2025/01/24 13:37:55 ET]
Table 'Aludra' 6-max Seat #1 is the button
Seat 1: viknw ($10.86 in chips) 
Seat 2: fss99 ($10.05 in chips) 
Seat 3: kesstukas25 ($7.27 in chips) 
Seat 4: Mahu2021 ($11.24 in chips) 
Seat 5: VitorArj ($11.36 in chips) 
Seat 6: JMJ1966 ($5.72 in chips) 
fss99: posts small blind $0.05
kesstukas25: posts big blind $0.10
*** HOLE CARDS ***
Dealt to Mahu2021 [Ad 2c]
Mahu2021: folds 
VitorArj: raises $0.15 to $0.25
JMJ1966: calls $0.25
viknw: folds 
fss99: folds 
kesstukas25: folds 
*** FLOP *** [2d 7c 4d]
VitorArj: checks 
JMJ1966: checks 
*** TURN *** [2d 7c 4d] [5s]
VitorArj: bets $0.47
JMJ1966: calls $0.47
*** RIVER *** [2d 7c 4d 5s] [Ks]
VitorArj: bets $1.14
JMJ1966: folds 
Uncalled bet ($1.14) returned to VitorArj
VitorArj collected $1.52 from pot
VitorArj: doesn't show hand 
*** SUMMARY ***
Total pot $1.59 | Rake $0.07 
Board [2d 7c 4d 5s Ks]
Seat 1: viknw (button) folded before Flop (didn't bet)
Seat 2: fss99 (small blind) folded before Flop
Seat 3: kesstukas25 (big blind) folded before Flop
Seat 4: Mahu2021 folded before Flop (didn't bet)
Seat 5: VitorArj collected ($1.52)
Seat 6: JMJ1966 folded on the River



PokerStars Zoom Hand #254532614814:  Hold'em No Limit ($0.05/$0.10) - 2025/01/24 19:38:25 CET [2025/01/24 13:38:25 ET]
Table 'Aludra' 6-max Seat #1 is the button
Seat 1: Mahu2021 ($10.99 in chips) 
Seat 2: VitorArj ($10 in chips) 
Seat 3: AAvsxD ($10.10 in chips) 
Seat 4: YNGD ($12.44 in chips) 
Seat 5: porculspinos ($4.95 in chips) 
Seat 6: serotonine91 ($10 in chips) 
VitorArj: posts small blind $0.05
AAvsxD: posts big blind $0.10
*** HOLE CARDS ***
Dealt to Mahu2021 [5c Kc]
YNGD: raises $0.14 to $0.24
porculspinos: folds 
serotonine91: folds 
Mahu2021: calls $0.24
VitorArj: folds 
AAvsxD: folds 
*** FLOP *** [Td Qc Jh]
YNGD: bets $0.39
Mahu2021: calls $0.39
*** TURN *** [Td Qc Jh] [2h]
YNGD: checks 
Mahu2021: checks 
*** RIVER *** [Td Qc Jh 2h] [Ac]
YNGD: checks 
Mahu2021: bets $0.50
YNGD: folds 
Uncalled bet ($0.50) returned to Mahu2021
Mahu2021 collected $1.35 from pot
Mahu2021: doesn't show hand 
*** SUMMARY ***
Total pot $1.41 | Rake $0.06 
Board [Td Qc Jh 2h Ac]
Seat 1: Mahu2021 (button) collected ($1.35)
Seat 2: VitorArj (small blind) folded before Flop
Seat 3: AAvsxD (big blind) folded before Flop
Seat 4: YNGD folded on the River
Seat 5: porculspinos folded before Flop (didn't bet)
Seat 6: serotonine91 folded before Flop (didn't bet)



PokerStars Zoom Hand #254532632114:  Hold'em No Limit ($0.05/$0.10) - 2025/01/24 19:39:26 CET [2025/01/24 13:39:26 ET]
Table 'Aludra' 6-max Seat #1 is the button
Seat 1: D.shadoww ($12.73 in chips) 
Seat 2: TillyB88 ($11.90 in chips) 
Seat 3: Mace F1 ($5.23 in chips) 
Seat 4: mr.coulombe ($16.18 in chips) 
Seat 5: TGVon ($10 in chips) 
Seat 6: Mahu2021 ($11.71 in chips) 
TillyB88: posts small blind $0.05
Mace F1: posts big blind $0.10
*** HOLE CARDS ***
Dealt to Mahu2021 [Ac Jh]
mr.coulombe: folds 
TGVon: raises $0.15 to $0.25
Mahu2021: calls $0.25
D.shadoww: folds 
TillyB88: folds 
Mace F1: folds 
*** FLOP *** [Tc Qd Td]
TGVon: checks 
Mahu2021: checks 
*** TURN *** [Tc Qd Td] [Kh]
TGVon: checks 
Mahu2021: bets $0.10
TGVon: folds 
Uncalled bet ($0.10) returned to Mahu2021
Mahu2021 collected $0.62 from pot
Mahu2021: doesn't show hand 
*** SUMMARY ***
Total pot $0.65 | Rake $0.03 
Board [Tc Qd Td Kh]
Seat 1: D.shadoww (button) folded before Flop (didn't bet)
Seat 2: TillyB88 (small blind) folded before Flop
Seat 3: Mace F1 (big blind) folded before Flop
Seat 4: mr.coulombe folded before Flop (didn't bet)
Seat 5: TGVon folded on the Turn
Seat 6: Mahu2021 collected ($0.62)



