PokerStars Zoom Hand #255686086331:  Hold'em No Limit ($0.05/$0.10) - 2025/04/11 12:14:09 CET [2025/04/11 6:14:09 ET]
Table 'Aludra' 6-max Seat #1 is the button
Seat 1: triatlonec ($12.45 in chips) 
Seat 2: liebhabär ($10.66 in chips) 
Seat 3: Mahu2021 ($10 in chips) 
Seat 4: UNKNOWN_x_13 ($6.12 in chips) 
Seat 5: vinaof ($5.16 in chips) 
Seat 6: pokeripuikko ($17.63 in chips) 
liebhabär: posts small blind $0.05
Mahu2021: posts big blind $0.10
*** HOLE CARDS ***
Dealt to Mahu2021 [2h 8h]
UNKNOWN_x_13: folds 
vinaof: folds 
pokeripuikko: folds 
triatlonec: calls $0.10
liebhabär: calls $0.05
Mahu2021: checks 
*** FLOP *** [9h 9s Td]
liebhabär: checks 
Mahu2021: checks 
triatlonec: checks 
*** TURN *** [9h 9s Td] [Js]
liebhabär: checks 
Mahu2021: checks 
triatlonec: checks 
*** RIVER *** [9h 9s Td Js] [6c]
liebhabär: checks 
Mahu2021: checks 
triatlonec: checks 
*** SHOW DOWN ***
liebhabär: shows [Ks 5s] (a pair of Nines)
Mahu2021: mucks hand 
triatlonec: shows [Th Qs] (two pair, Tens and Nines)
triatlonec collected $0.29 from pot
*** SUMMARY ***
Total pot $0.30 | Rake $0.01 
Board [9h 9s Td Js 6c]
Seat 1: triatlonec (button) showed [Th Qs] and won ($0.29) with two pair, Tens and Nines
Seat 2: liebhabär (small blind) showed [Ks 5s] and lost with a pair of Nines
Seat 3: Mahu2021 (big blind) mucked [2h 8h]
Seat 4: UNKNOWN_x_13 folded before Flop (didn't bet)
Seat 5: vinaof folded before Flop (didn't bet)
Seat 6: pokeripuikko folded before Flop (didn't bet)



PokerStars Zoom Hand #255686091611:  Hold'em No Limit ($0.05/$0.10) - 2025/04/11 12:15:01 CET [2025/04/11 6:15:01 ET]
Table 'Aludra' 6-max Seat #1 is the button
Seat 1: Mahu2021 ($9.85 in chips) 
Seat 2: Dziokinas ($11.07 in chips) 
Seat 3: dbedet ($8.58 in chips) 
Seat 4: JoeyTheOnly ($3.71 in chips) 
Seat 5: jksgoodgz ($20.67 in chips) 
Seat 6: Bur1k ($6.17 in chips) 
Dziokinas: posts small blind $0.05
dbedet: posts big blind $0.10
*** HOLE CARDS ***
Dealt to Mahu2021 [4h 7s]
JoeyTheOnly: folds 
jksgoodgz: folds 
Bur1k: folds 
Mahu2021: folds 
Dziokinas: folds 
Uncalled bet ($0.05) returned to dbedet
dbedet collected $0.10 from pot
dbedet: doesn't show hand 
*** SUMMARY ***
Total pot $0.10 | Rake $0 
Seat 1: Mahu2021 (button) folded before Flop (didn't bet)
Seat 2: Dziokinas (small blind) folded before Flop
Seat 3: dbedet (big blind) collected ($0.10)
Seat 4: JoeyTheOnly folded before Flop (didn't bet)
Seat 5: jksgoodgz folded before Flop (didn't bet)
Seat 6: Bur1k folded before Flop (didn't bet)



PokerStars Zoom Hand #255686092457:  Hold'em No Limit ($0.05/$0.10) - 2025/04/11 12:15:10 CET [2025/04/11 6:15:10 ET]
Table 'Aludra' 6-max Seat #1 is the button
Seat 1: JoeyTheOnly ($3.71 in chips) 
Seat 2: crissantos.1 ($10.05 in chips) 
Seat 3: Mahu2021 ($9.85 in chips) 
Seat 4: AintNoProJoe ($13.02 in chips) 
Seat 5: fuckkk nh ($13.83 in chips) 
Seat 6: TheSoulTaker666 ($13.64 in chips) 
crissantos.1: posts small blind $0.05
Mahu2021: posts big blind $0.10
*** HOLE CARDS ***
Dealt to Mahu2021 [Tc 4d]
AintNoProJoe: raises $0.15 to $0.25
fuckkk nh: folds 
TheSoulTaker666: folds 
JoeyTheOnly: folds 
crissantos.1: folds 
Mahu2021: folds 
Uncalled bet ($0.15) returned to AintNoProJoe
AintNoProJoe collected $0.25 from pot
AintNoProJoe: doesn't show hand 
*** SUMMARY ***
Total pot $0.25 | Rake $0 
Seat 1: JoeyTheOnly (button) folded before Flop (didn't bet)
Seat 2: crissantos.1 (small blind) folded before Flop
Seat 3: Mahu2021 (big blind) folded before Flop
Seat 4: AintNoProJoe collected ($0.25)
Seat 5: fuckkk nh folded before Flop (didn't bet)
Seat 6: TheSoulTaker666 folded before Flop (didn't bet)



PokerStars Zoom Hand #255686092117:  Hold'em No Limit ($0.05/$0.10) - 2025/04/11 12:15:07 CET [2025/04/11 6:15:07 ET]
Table 'Aludra' 6-max Seat #1 is the button
Seat 1: kppokerstars ($6.07 in chips) 
Seat 2: liebhabär ($12.57 in chips) 
Seat 3: royacht ($7.72 in chips) 
Seat 4: UNKNOWN_x_13 ($4.01 in chips) 
Seat 5: KianushVo ($9.72 in chips) 
Seat 6: Mahu2021 ($9.85 in chips) 
liebhabär: posts small blind $0.05
royacht: posts big blind $0.10
*** HOLE CARDS ***
Dealt to Mahu2021 [2c Tc]
UNKNOWN_x_13: folds 
KianushVo: folds 
Mahu2021: folds 
kppokerstars: folds 
liebhabär: folds 
Uncalled bet ($0.05) returned to royacht
royacht collected $0.10 from pot
royacht: doesn't show hand 
*** SUMMARY ***
Total pot $0.10 | Rake $0 
Seat 1: kppokerstars (button) folded before Flop (didn't bet)
Seat 2: liebhabär (small blind) folded before Flop
Seat 3: royacht (big blind) collected ($0.10)
Seat 4: UNKNOWN_x_13 folded before Flop (didn't bet)
Seat 5: KianushVo folded before Flop (didn't bet)
Seat 6: Mahu2021 folded before Flop (didn't bet)



PokerStars Zoom Hand #255686091001:  Hold'em No Limit ($0.05/$0.10) - 2025/04/11 12:14:56 CET [2025/04/11 6:14:56 ET]
Table 'Aludra' 6-max Seat #1 is the button
Seat 1: taypan101 ($14.77 in chips) 
Seat 2: Mahu2021 ($9.90 in chips) 
Seat 3: pokeripuikko ($17.98 in chips) 
Seat 4: triatlonec ($12.64 in chips) 
Seat 5: liebhabär ($10.56 in chips) 
Seat 6: denis4250 ($12.38 in chips) 
Mahu2021: posts small blind $0.05
pokeripuikko: posts big blind $0.10
*** HOLE CARDS ***
Dealt to Mahu2021 [3d 6h]
triatlonec: calls $0.10
liebhabär: folds 
denis4250: folds 
taypan101: raises $0.25 to $0.35
Mahu2021: folds 
pokeripuikko: folds 
triatlonec: calls $0.25
*** FLOP *** [2d 6s 7h]
triatlonec: checks 
taypan101: checks 
*** TURN *** [2d 6s 7h] [Tc]
triatlonec: checks 
taypan101: checks 
*** RIVER *** [2d 6s 7h Tc] [2h]
triatlonec: checks 
taypan101: checks 
*** SHOW DOWN ***
triatlonec: shows [Js Qd] (a pair of Deuces)
taypan101: mucks hand 
triatlonec collected $0.81 from pot
*** SUMMARY ***
Total pot $0.85 | Rake $0.04 
Board [2d 6s 7h Tc 2h]
Seat 1: taypan101 (button) mucked [5c 3c]
Seat 2: Mahu2021 (small blind) folded before Flop
Seat 3: pokeripuikko (big blind) folded before Flop
Seat 4: triatlonec showed [Js Qd] and won ($0.81) with a pair of Deuces
Seat 5: liebhabär folded before Flop (didn't bet)
Seat 6: denis4250 folded before Flop (didn't bet)



PokerStars Zoom Hand #255686093165:  Hold'em No Limit ($0.05/$0.10) - 2025/04/11 12:15:17 CET [2025/04/11 6:15:17 ET]
Table 'Aludra' 6-max Seat #1 is the button
Seat 1: pokeripuikko ($12.30 in chips) 
Seat 2: kppokerstars ($6.07 in chips) 
Seat 3: KKARMELO ($10.09 in chips) 
Seat 4: Renovatio.RR ($4.75 in chips) 
Seat 5: Mahu2021 ($9.75 in chips) 
Seat 6: cornetto07 ($10.82 in chips) 
kppokerstars: posts small blind $0.05
KKARMELO: posts big blind $0.10
*** HOLE CARDS ***
Dealt to Mahu2021 [6c 9d]
Renovatio.RR: folds 
Mahu2021: folds 
cornetto07: raises $0.25 to $0.35
pokeripuikko: folds 
kppokerstars: folds 
KKARMELO: folds 
Uncalled bet ($0.25) returned to cornetto07
cornetto07 collected $0.25 from pot
cornetto07: doesn't show hand 
*** SUMMARY ***
Total pot $0.25 | Rake $0 
Seat 1: pokeripuikko (button) folded before Flop (didn't bet)
Seat 2: kppokerstars (small blind) folded before Flop
Seat 3: KKARMELO (big blind) folded before Flop
Seat 4: Renovatio.RR folded before Flop (didn't bet)
Seat 5: Mahu2021 folded before Flop (didn't bet)
Seat 6: cornetto07 collected ($0.25)



PokerStars Zoom Hand #255686093508:  Hold'em No Limit ($0.05/$0.10) - 2025/04/11 12:15:20 CET [2025/04/11 6:15:20 ET]
Table 'Aludra' 6-max Seat #1 is the button
Seat 1: Mahu2021 ($9.75 in chips) 
Seat 2: TheSoulTaker666 ($47.27 in chips) 
Seat 3: saltybutler ($18.62 in chips) 
Seat 4: MrSerg_Kharkiv ($9.10 in chips) 
Seat 5: dudrj2wl ($10 in chips) 
Seat 6: liebhabär ($29.38 in chips) 
TheSoulTaker666: posts small blind $0.05
saltybutler: posts big blind $0.10
*** HOLE CARDS ***
Dealt to Mahu2021 [9d 8h]
MrSerg_Kharkiv: folds 
dudrj2wl: folds 
liebhabär: folds 
Mahu2021: folds 
TheSoulTaker666: raises $0.10 to $0.20
saltybutler: folds 
Uncalled bet ($0.10) returned to TheSoulTaker666
TheSoulTaker666 collected $0.20 from pot
TheSoulTaker666: doesn't show hand 
*** SUMMARY ***
Total pot $0.20 | Rake $0 
Seat 1: Mahu2021 (button) folded before Flop (didn't bet)
Seat 2: TheSoulTaker666 (small blind) collected ($0.20)
Seat 3: saltybutler (big blind) folded before Flop
Seat 4: MrSerg_Kharkiv folded before Flop (didn't bet)
Seat 5: dudrj2wl folded before Flop (didn't bet)
Seat 6: liebhabär folded before Flop (didn't bet)



PokerStars Zoom Hand #255686093904:  Hold'em No Limit ($0.05/$0.10) - 2025/04/11 12:15:24 CET [2025/04/11 6:15:24 ET]
Table 'Aludra' 6-max Seat #1 is the button
Seat 1: cinkelö ($10 in chips) 
Seat 2: Mahu2021 ($9.75 in chips) 
Seat 3: jksgoodgz ($11.33 in chips) 
Seat 4: royacht ($7.77 in chips) 
Seat 5: Dziokinas ($10.92 in chips) 
Seat 6: Cosmic167 ($11.34 in chips) 
Mahu2021: posts small blind $0.05
jksgoodgz: posts big blind $0.10
*** HOLE CARDS ***
Dealt to Mahu2021 [As Qs]
royacht: calls $0.10
Dziokinas: raises $0.15 to $0.25
Cosmic167: folds 
cinkelö: folds 
Mahu2021: raises $0.95 to $1.20
jksgoodgz: folds 
royacht: folds 
Dziokinas: folds 
Uncalled bet ($0.95) returned to Mahu2021
Mahu2021 collected $0.70 from pot
Mahu2021: doesn't show hand 
*** SUMMARY ***
Total pot $0.70 | Rake $0 
Seat 1: cinkelö (button) folded before Flop (didn't bet)
Seat 2: Mahu2021 (small blind) collected ($0.70)
Seat 3: jksgoodgz (big blind) folded before Flop
Seat 4: royacht folded before Flop
Seat 5: Dziokinas folded before Flop
Seat 6: Cosmic167 folded before Flop (didn't bet)



PokerStars Zoom Hand #255686097342:  Hold'em No Limit ($0.05/$0.10) - 2025/04/11 12:15:58 CET [2025/04/11 6:15:58 ET]
Table 'Aludra' 6-max Seat #1 is the button
Seat 1: pokeripuikko ($12.15 in chips) 
Seat 2: dudrj2wl ($10.45 in chips) 
Seat 3: dbedet ($9.15 in chips) 
Seat 4: denis4250 ($26.87 in chips) 
Seat 5: Mahu2021 ($10.20 in chips) 
Seat 6: JonnHsk ($8.51 in chips) 
dudrj2wl: posts small blind $0.05
dbedet: posts big blind $0.10
*** HOLE CARDS ***
Dealt to Mahu2021 [6h 8h]
denis4250: folds 
Mahu2021: folds 
JonnHsk: folds 
pokeripuikko: folds 
dudrj2wl: folds 
Uncalled bet ($0.05) returned to dbedet
dbedet collected $0.10 from pot
dbedet: doesn't show hand 
*** SUMMARY ***
Total pot $0.10 | Rake $0 
Seat 1: pokeripuikko (button) folded before Flop (didn't bet)
Seat 2: dudrj2wl (small blind) folded before Flop
Seat 3: dbedet (big blind) collected ($0.10)
Seat 4: denis4250 folded before Flop (didn't bet)
Seat 5: Mahu2021 folded before Flop (didn't bet)
Seat 6: JonnHsk folded before Flop (didn't bet)



PokerStars Zoom Hand #255686098909:  Hold'em No Limit ($0.05/$0.10) - 2025/04/11 12:16:14 CET [2025/04/11 6:16:14 ET]
Table 'Aludra' 6-max Seat #1 is the button
Seat 1: met1k ($5.37 in chips) 
Seat 2: KianushVo ($10.50 in chips) 
Seat 3: Mahu2021 ($10.20 in chips) 
Seat 4: makkiedodo ($9.77 in chips) 
Seat 5: fuckkk nh ($13.83 in chips) 
Seat 6: pokeripuikko ($10 in chips) 
KianushVo: posts small blind $0.05
Mahu2021: posts big blind $0.10
*** HOLE CARDS ***
Dealt to Mahu2021 [4c 3d]
makkiedodo: folds 
fuckkk nh: folds 
pokeripuikko: folds 
met1k: folds 
KianushVo: folds 
Uncalled bet ($0.05) returned to Mahu2021
Mahu2021 collected $0.10 from pot
Mahu2021: doesn't show hand 
*** SUMMARY ***
Total pot $0.10 | Rake $0 
Seat 1: met1k (button) folded before Flop (didn't bet)
Seat 2: KianushVo (small blind) folded before Flop
Seat 3: Mahu2021 (big blind) collected ($0.10)
Seat 4: makkiedodo folded before Flop (didn't bet)
Seat 5: fuckkk nh folded before Flop (didn't bet)
Seat 6: pokeripuikko folded before Flop (didn't bet)



PokerStars Zoom Hand #255686098538:  Hold'em No Limit ($0.05/$0.10) - 2025/04/11 12:16:10 CET [2025/04/11 6:16:10 ET]
Table 'Aludra' 6-max Seat #1 is the button
Seat 1: Mahu2021 ($10.20 in chips) 
Seat 2: Bur1k ($5 in chips) 
Seat 3: liebhabär ($13.07 in chips) 
Seat 4: Bond 25-33 ($8.91 in chips) 
Seat 5: taypan101 ($14.95 in chips) 
Seat 6: nidal55 ($10 in chips) 
Bur1k: posts small blind $0.05
liebhabär: posts big blind $0.10
*** HOLE CARDS ***
Dealt to Mahu2021 [3c 8h]
Bond 25-33: folds 
taypan101: folds 
nidal55: raises $0.12 to $0.22
Mahu2021: folds 
Bur1k: folds 
liebhabär: folds 
Uncalled bet ($0.12) returned to nidal55
nidal55 collected $0.25 from pot
nidal55: doesn't show hand 
*** SUMMARY ***
Total pot $0.25 | Rake $0 
Seat 1: Mahu2021 (button) folded before Flop (didn't bet)
Seat 2: Bur1k (small blind) folded before Flop
Seat 3: liebhabär (big blind) folded before Flop
Seat 4: Bond 25-33 folded before Flop (didn't bet)
Seat 5: taypan101 folded before Flop (didn't bet)
Seat 6: nidal55 collected ($0.25)



PokerStars Zoom Hand #255686098127:  Hold'em No Limit ($0.05/$0.10) - 2025/04/11 12:16:06 CET [2025/04/11 6:16:06 ET]
Table 'Aludra' 6-max Seat #1 is the button
Seat 1: Tommg49 ($11.28 in chips) 
Seat 2: JonnHsk ($8.51 in chips) 
Seat 3: strashilisht ($11.56 in chips) 
Seat 4: Mahu2021 ($10.20 in chips) 
Seat 5: makkiedodo ($9.77 in chips) 
Seat 6: pokeripuikko ($12.15 in chips) 
JonnHsk: posts small blind $0.05
strashilisht: posts big blind $0.10
*** HOLE CARDS ***
Dealt to Mahu2021 [6c Kd]
Mahu2021: folds 
makkiedodo: folds 
pokeripuikko: raises $0.15 to $0.25
Tommg49: folds 
JonnHsk: calls $0.20
strashilisht: folds 
*** FLOP *** [Ah 9s 4s]
JonnHsk: checks 
pokeripuikko: bets $0.27
JonnHsk: calls $0.27
*** TURN *** [Ah 9s 4s] [Ks]
JonnHsk: checks 
pokeripuikko: bets $0.74
JonnHsk: calls $0.74
*** RIVER *** [Ah 9s 4s Ks] [Jh]
JonnHsk: checks 
pokeripuikko: checks 
*** SHOW DOWN ***
JonnHsk: shows [Js Ac] (two pair, Aces and Jacks)
pokeripuikko: mucks hand 
JonnHsk collected $2.50 from pot
*** SUMMARY ***
Total pot $2.62 | Rake $0.12 
Board [Ah 9s 4s Ks Jh]
Seat 1: Tommg49 (button) folded before Flop (didn't bet)
Seat 2: JonnHsk (small blind) showed [Js Ac] and won ($2.50) with two pair, Aces and Jacks
Seat 3: strashilisht (big blind) folded before Flop
Seat 4: Mahu2021 folded before Flop (didn't bet)
Seat 5: makkiedodo folded before Flop (didn't bet)
Seat 6: pokeripuikko mucked [3h 3d]



PokerStars Zoom Hand #255686099920:  Hold'em No Limit ($0.05/$0.10) - 2025/04/11 12:16:24 CET [2025/04/11 6:16:24 ET]
Table 'Aludra' 6-max Seat #1 is the button
Seat 1: Bur1k ($5 in chips) 
Seat 2: Mahu2021 ($10.25 in chips) 
Seat 3: pokeripuikko ($10 in chips) 
Seat 4: Bond 25-33 ($8.91 in chips) 
Seat 5: kikinaczo ($3.20 in chips) 
Seat 6: killerita67 ($14.75 in chips) 
Mahu2021: posts small blind $0.05
pokeripuikko: posts big blind $0.10
*** HOLE CARDS ***
Dealt to Mahu2021 [As 6h]
Bond 25-33: folds 
kikinaczo: folds 
killerita67: folds 
Bur1k: raises $0.14 to $0.24
Mahu2021: folds 
pokeripuikko: folds 
Uncalled bet ($0.14) returned to Bur1k
Bur1k collected $0.25 from pot
Bur1k: doesn't show hand 
*** SUMMARY ***
Total pot $0.25 | Rake $0 
Seat 1: Bur1k (button) collected ($0.25)
Seat 2: Mahu2021 (small blind) folded before Flop
Seat 3: pokeripuikko (big blind) folded before Flop
Seat 4: Bond 25-33 folded before Flop (didn't bet)
Seat 5: kikinaczo folded before Flop (didn't bet)
Seat 6: killerita67 folded before Flop (didn't bet)



PokerStars Zoom Hand #255686100333:  Hold'em No Limit ($0.05/$0.10) - 2025/04/11 12:16:28 CET [2025/04/11 6:16:28 ET]
Table 'Aludra' 6-max Seat #1 is the button
Seat 1: Bond 25-33 ($8.91 in chips) 
Seat 2: Renovatio.RR ($3.14 in chips) 
Seat 3: jksgoodgz ($11.43 in chips) 
Seat 4: MrSerg_Kharkiv ($7.05 in chips) 
Seat 5: Mahu2021 ($10.20 in chips) 
Seat 6: Cosmic167 ($10 in chips) 
Renovatio.RR: posts small blind $0.05
jksgoodgz: posts big blind $0.10
*** HOLE CARDS ***
Dealt to Mahu2021 [As 7s]
MrSerg_Kharkiv: raises $0.15 to $0.25
Mahu2021: calls $0.25
Cosmic167: folds 
Bond 25-33: folds 
Renovatio.RR: folds 
jksgoodgz: folds 
*** FLOP *** [2c Kc Ts]
MrSerg_Kharkiv: checks 
Mahu2021: bets $0.30
MrSerg_Kharkiv: calls $0.30
*** TURN *** [2c Kc Ts] [5h]
MrSerg_Kharkiv: checks 
Mahu2021: checks 
*** RIVER *** [2c Kc Ts 5h] [6d]
MrSerg_Kharkiv: checks 
Mahu2021: checks 
*** SHOW DOWN ***
MrSerg_Kharkiv: shows [Td Ah] (a pair of Tens)
Mahu2021: mucks hand 
MrSerg_Kharkiv collected $1.19 from pot
*** SUMMARY ***
Total pot $1.25 | Rake $0.06 
Board [2c Kc Ts 5h 6d]
Seat 1: Bond 25-33 (button) folded before Flop (didn't bet)
Seat 2: Renovatio.RR (small blind) folded before Flop
Seat 3: jksgoodgz (big blind) folded before Flop
Seat 4: MrSerg_Kharkiv showed [Td Ah] and won ($1.19) with a pair of Tens
Seat 5: Mahu2021 mucked [As 7s]
Seat 6: Cosmic167 folded before Flop (didn't bet)



PokerStars Zoom Hand #255686103685:  Hold'em No Limit ($0.05/$0.10) - 2025/04/11 12:17:01 CET [2025/04/11 6:17:01 ET]
Table 'Aludra' 6-max Seat #1 is the button
Seat 1: JonnHsk ($9.65 in chips) 
Seat 2: Cosmic167 ($11.22 in chips) 
Seat 3: Luffy V ($10 in chips) 
Seat 4: denis4250 ($12.04 in chips) 
Seat 5: kog6 ($5.38 in chips) 
Seat 6: Mahu2021 ($9.65 in chips) 
Cosmic167: posts small blind $0.05
Luffy V: posts big blind $0.10
*** HOLE CARDS ***
Dealt to Mahu2021 [Js 9c]
denis4250: folds 
kog6: folds 
Mahu2021: folds 
JonnHsk: folds 
Cosmic167: folds 
Uncalled bet ($0.05) returned to Luffy V
Luffy V collected $0.10 from pot
Luffy V: doesn't show hand 
*** SUMMARY ***
Total pot $0.10 | Rake $0 
Seat 1: JonnHsk (button) folded before Flop (didn't bet)
Seat 2: Cosmic167 (small blind) folded before Flop
Seat 3: Luffy V (big blind) collected ($0.10)
Seat 4: denis4250 folded before Flop (didn't bet)
Seat 5: kog6 folded before Flop (didn't bet)
Seat 6: Mahu2021 folded before Flop (didn't bet)



PokerStars Zoom Hand #255686097762:  Hold'em No Limit ($0.05/$0.10) - 2025/04/11 12:16:02 CET [2025/04/11 6:16:02 ET]
Table 'Aludra' 6-max Seat #1 is the button
Seat 1: Dziokinas ($10.62 in chips) 
Seat 2: Frankenjura ($10.15 in chips) 
Seat 3: PEIOAH6 ($22.55 in chips) 
Seat 4: nidal55 ($13.59 in chips) 
Seat 5: AintNoProJoe ($12.31 in chips) 
Seat 6: Mahu2021 ($10.20 in chips) 
Frankenjura: posts small blind $0.05
PEIOAH6: posts big blind $0.10
*** HOLE CARDS ***
Dealt to Mahu2021 [Ts 7d]
nidal55: raises $0.11 to $0.21
AintNoProJoe: folds 
Mahu2021: folds 
Dziokinas: calls $0.21
Frankenjura: folds 
PEIOAH6: calls $0.11
*** FLOP *** [4h Kd Jh]
PEIOAH6: checks 
nidal55: checks 
Dziokinas: bets $0.35
PEIOAH6: calls $0.35
nidal55: calls $0.35
*** TURN *** [4h Kd Jh] [6s]
PEIOAH6: checks 
nidal55: checks 
Dziokinas: bets $1.22
PEIOAH6: folds 
nidal55: calls $1.22
*** RIVER *** [4h Kd Jh 6s] [Jd]
nidal55: checks 
Dziokinas: checks 
*** SHOW DOWN ***
nidal55: shows [Qh Ks] (two pair, Kings and Jacks)
Dziokinas: shows [Kc Qs] (two pair, Kings and Jacks)
nidal55 collected $1.99 from pot
Dziokinas collected $1.99 from pot
*** SUMMARY ***
Total pot $4.17 | Rake $0.19 
Board [4h Kd Jh 6s Jd]
Seat 1: Dziokinas (button) showed [Kc Qs] and won ($1.99) with two pair, Kings and Jacks
Seat 2: Frankenjura (small blind) folded before Flop
Seat 3: PEIOAH6 (big blind) folded on the Turn
Seat 4: nidal55 showed [Qh Ks] and won ($1.99) with two pair, Kings and Jacks
Seat 5: AintNoProJoe folded before Flop (didn't bet)
Seat 6: Mahu2021 folded before Flop (didn't bet)



PokerStars Zoom Hand #255686104396:  Hold'em No Limit ($0.05/$0.10) - 2025/04/11 12:17:08 CET [2025/04/11 6:17:08 ET]
Table 'Aludra' 6-max Seat #1 is the button
Seat 1: denis4250 ($12.04 in chips) 
Seat 2: NoSweat666 ($15.93 in chips) 
Seat 3: Kampionen ($10.54 in chips) 
Seat 4: Mahu2021 ($9.65 in chips) 
Seat 5: Plamennn ($33.17 in chips) 
Seat 6: Cosmic167 ($11.17 in chips) 
NoSweat666: posts small blind $0.05
Kampionen: posts big blind $0.10
*** HOLE CARDS ***
Dealt to Mahu2021 [Qd Qc]
Mahu2021: raises $0.15 to $0.25
Plamennn: folds 
Cosmic167: raises $0.50 to $0.75
denis4250: folds 
NoSweat666: folds 
Kampionen: folds 
Mahu2021: raises $8.90 to $9.65 and is all-in
Cosmic167: calls $8.90
*** FLOP *** [6s 4c 7c]
*** TURN *** [6s 4c 7c] [Kd]
*** RIVER *** [6s 4c 7c Kd] [Js]
*** SHOW DOWN ***
Mahu2021: shows [Qd Qc] (a pair of Queens)
Cosmic167: shows [Ks As] (a pair of Kings)
Cosmic167 collected $18.57 from pot
Mahu2021 cashed out the hand for $9.79 | Cash Out Fee $0.20
*** SUMMARY ***
Total pot $19.45 | Rake $0.88 
Board [6s 4c 7c Kd Js]
Seat 1: denis4250 (button) folded before Flop (didn't bet)
Seat 2: NoSweat666 (small blind) folded before Flop
Seat 3: Kampionen (big blind) folded before Flop
Seat 4: Mahu2021 showed [Qd Qc] and lost with a pair of Queens (cashed out).
Seat 5: Plamennn folded before Flop (didn't bet)
Seat 6: Cosmic167 showed [Ks As] and won ($18.57) with a pair of Kings



PokerStars Zoom Hand #255686106887:  Hold'em No Limit ($0.05/$0.10) - 2025/04/11 12:17:33 CET [2025/04/11 6:17:33 ET]
Table 'Aludra' 6-max Seat #1 is the button
Seat 1: Mahu2021 ($9.79 in chips) 
Seat 2: nidal55 ($10 in chips) 
Seat 3: pokeripuikko ($17.73 in chips) 
Seat 4: KianushVo ($10.14 in chips) 
Seat 5: Luffy V ($10 in chips) 
Seat 6: KKARMELO ($10.38 in chips) 
nidal55: posts small blind $0.05
pokeripuikko: posts big blind $0.10
*** HOLE CARDS ***
Dealt to Mahu2021 [Jd 4h]
KianushVo: folds 
Luffy V: folds 
KKARMELO: folds 
Mahu2021: folds 
nidal55: raises $0.20 to $0.30
pokeripuikko: folds 
Uncalled bet ($0.20) returned to nidal55
nidal55 collected $0.20 from pot
nidal55: doesn't show hand 
*** SUMMARY ***
Total pot $0.20 | Rake $0 
Seat 1: Mahu2021 (button) folded before Flop (didn't bet)
Seat 2: nidal55 (small blind) collected ($0.20)
Seat 3: pokeripuikko (big blind) folded before Flop
Seat 4: KianushVo folded before Flop (didn't bet)
Seat 5: Luffy V folded before Flop (didn't bet)
Seat 6: KKARMELO folded before Flop (didn't bet)



PokerStars Zoom Hand #255686104007:  Hold'em No Limit ($0.05/$0.10) - 2025/04/11 12:17:04 CET [2025/04/11 6:17:04 ET]
Table 'Aludra' 6-max Seat #1 is the button
Seat 1: Jackson38100 ($5 in chips) 
Seat 2: kog6 ($5.38 in chips) 
Seat 3: crissantos.1 ($9.77 in chips) 
Seat 4: Bur1k ($5.25 in chips) 
Seat 5: Plamennn ($33.17 in chips) 
Seat 6: Mahu2021 ($9.65 in chips) 
kog6: posts small blind $0.05
crissantos.1: posts big blind $0.10
*** HOLE CARDS ***
Dealt to Mahu2021 [9h 4d]
Bur1k: raises $0.20 to $0.30
Plamennn: folds 
Mahu2021: folds 
Jackson38100: calls $0.30
kog6: folds 
crissantos.1: calls $0.20
*** FLOP *** [5h Tc Kd]
crissantos.1: checks 
Bur1k: bets $0.51
Jackson38100: raises $0.51 to $1.02
crissantos.1: folds 
Bur1k: raises $3.89 to $4.91
Jackson38100: calls $3.68 and is all-in
Uncalled bet ($0.21) returned to Bur1k
*** TURN *** [5h Tc Kd] [4c]
*** RIVER *** [5h Tc Kd 4c] [Td]
*** SHOW DOWN ***
Bur1k: shows [Ah Ac] (two pair, Aces and Tens)
Jackson38100: shows [Kc 2c] (two pair, Kings and Tens)
Bur1k collected $9.88 from pot
*** SUMMARY ***
Total pot $10.35 | Rake $0.47 
Board [5h Tc Kd 4c Td]
Seat 1: Jackson38100 (button) showed [Kc 2c] and lost with two pair, Kings and Tens
Seat 2: kog6 (small blind) folded before Flop
Seat 3: crissantos.1 (big blind) folded on the Flop
Seat 4: Bur1k showed [Ah Ac] and won ($9.88) with two pair, Aces and Tens
Seat 5: Plamennn folded before Flop (didn't bet)
Seat 6: Mahu2021 folded before Flop (didn't bet)



PokerStars Zoom Hand #255686108117:  Hold'em No Limit ($0.05/$0.10) - 2025/04/11 12:17:44 CET [2025/04/11 6:17:44 ET]
Table 'Aludra' 6-max Seat #1 is the button
Seat 1: royacht ($13.79 in chips) 
Seat 2: nicolas1112 ($10 in chips) 
Seat 3: Mahu2021 ($9.79 in chips) 
Seat 4: liebhabär ($10.11 in chips) 
Seat 5: Lenny296 ($8.58 in chips) 
Seat 6: kog6 ($5.33 in chips) 
nicolas1112: posts small blind $0.05
Mahu2021: posts big blind $0.10
*** HOLE CARDS ***
Dealt to Mahu2021 [Qc Td]
liebhabär: folds 
Lenny296: folds 
kog6: calls $0.10
royacht: calls $0.10
nicolas1112: raises $0.50 to $0.60
Mahu2021: folds 
kog6: calls $0.50
royacht: calls $0.50
*** FLOP *** [2d 9d Ks]
nicolas1112: bets $0.60
kog6: calls $0.60
royacht: folds 
*** TURN *** [2d 9d Ks] [Ac]
nicolas1112: bets $4.50
kog6: folds 
Uncalled bet ($4.50) returned to nicolas1112
nicolas1112 collected $2.96 from pot
nicolas1112: doesn't show hand 
*** SUMMARY ***
Total pot $3.10 | Rake $0.14 
Board [2d 9d Ks Ac]
Seat 1: royacht (button) folded on the Flop
Seat 2: nicolas1112 (small blind) collected ($2.96)
Seat 3: Mahu2021 (big blind) folded before Flop
Seat 4: liebhabär folded before Flop (didn't bet)
Seat 5: Lenny296 folded before Flop (didn't bet)
Seat 6: kog6 folded on the Turn



PokerStars Zoom Hand #255686109642:  Hold'em No Limit ($0.05/$0.10) - 2025/04/11 12:17:59 CET [2025/04/11 6:17:59 ET]
Table 'Aludra' 6-max Seat #1 is the button
Seat 1: saltybutler ($41.81 in chips) 
Seat 2: Mahu2021 ($9.69 in chips) 
Seat 3: Luffy V ($10 in chips) 
Seat 4: downsynjerome ($2.63 in chips) 
Seat 5: Bur1k ($5 in chips) 
Seat 6: kingsman5454 ($10 in chips) 
Mahu2021: posts small blind $0.05
Luffy V: posts big blind $0.10
*** HOLE CARDS ***
Dealt to Mahu2021 [Ah 8h]
downsynjerome: folds 
Bur1k: folds 
kingsman5454: raises $0.13 to $0.23
saltybutler: folds 
Mahu2021: calls $0.18
Luffy V: calls $0.13
*** FLOP *** [Th 8d 5c]
Mahu2021: bets $0.30
Luffy V: folds 
kingsman5454: calls $0.30
*** TURN *** [Th 8d 5c] [Jh]
Mahu2021: bets $1.23
kingsman5454: folds 
Uncalled bet ($1.23) returned to Mahu2021
Mahu2021 collected $1.23 from pot
Mahu2021: doesn't show hand 
*** SUMMARY ***
Total pot $1.29 | Rake $0.06 
Board [Th 8d 5c Jh]
Seat 1: saltybutler (button) folded before Flop (didn't bet)
Seat 2: Mahu2021 (small blind) collected ($1.23)
Seat 3: Luffy V (big blind) folded on the Flop
Seat 4: downsynjerome folded before Flop (didn't bet)
Seat 5: Bur1k folded before Flop (didn't bet)
Seat 6: kingsman5454 folded on the Turn



PokerStars Zoom Hand #255686115089:  Hold'em No Limit ($0.05/$0.10) - 2025/04/11 12:18:52 CET [2025/04/11 6:18:52 ET]
Table 'Aludra' 6-max Seat #1 is the button
Seat 1: Dziokinas ($21.77 in chips) 
Seat 2: cornetto07 ($10 in chips) 
Seat 3: Bond 25-33 ($9.17 in chips) 
Seat 4: jksgoodgz ($19.64 in chips) 
Seat 5: Mahu2021 ($10.39 in chips) 
Seat 6: liebhabär ($28.88 in chips) 
cornetto07: posts small blind $0.05
Bond 25-33: posts big blind $0.10
*** HOLE CARDS ***
Dealt to Mahu2021 [Kd 6h]
jksgoodgz: folds 
Mahu2021: folds 
liebhabär: folds 
Dziokinas: folds 
cornetto07: folds 
Uncalled bet ($0.05) returned to Bond 25-33
Bond 25-33 collected $0.10 from pot
Bond 25-33: doesn't show hand 
*** SUMMARY ***
Total pot $0.10 | Rake $0 
Seat 1: Dziokinas (button) folded before Flop (didn't bet)
Seat 2: cornetto07 (small blind) folded before Flop
Seat 3: Bond 25-33 (big blind) collected ($0.10)
Seat 4: jksgoodgz folded before Flop (didn't bet)
Seat 5: Mahu2021 folded before Flop (didn't bet)
Seat 6: liebhabär folded before Flop (didn't bet)



PokerStars Zoom Hand #255686115588:  Hold'em No Limit ($0.05/$0.10) - 2025/04/11 12:18:57 CET [2025/04/11 6:18:57 ET]
Table 'Aludra' 6-max Seat #1 is the button
Seat 1: triatlonec ($11.95 in chips) 
Seat 2: saltybutler ($17.56 in chips) 
Seat 3: strashilisht ($15.90 in chips) 
Seat 4: Mahu2021 ($10.39 in chips) 
Seat 5: Frankenjura ($10 in chips) 
Seat 6: Cosmic167 ($10.15 in chips) 
saltybutler: posts small blind $0.05
strashilisht: posts big blind $0.10
*** HOLE CARDS ***
Dealt to Mahu2021 [Qs Ac]
Mahu2021: raises $0.20 to $0.30
Frankenjura: folds 
Cosmic167: folds 
triatlonec: folds 
saltybutler: folds 
strashilisht: raises $0.85 to $1.15
Mahu2021: calls $0.85
*** FLOP *** [3d 9c 7h]
strashilisht: bets $1.68
Mahu2021: folds 
Uncalled bet ($1.68) returned to strashilisht
strashilisht collected $2.24 from pot
strashilisht: doesn't show hand 
*** SUMMARY ***
Total pot $2.35 | Rake $0.11 
Board [3d 9c 7h]
Seat 1: triatlonec (button) folded before Flop (didn't bet)
Seat 2: saltybutler (small blind) folded before Flop
Seat 3: strashilisht (big blind) collected ($2.24)
Seat 4: Mahu2021 folded on the Flop
Seat 5: Frankenjura folded before Flop (didn't bet)
Seat 6: Cosmic167 folded before Flop (didn't bet)



PokerStars Zoom Hand #255686118711:  Hold'em No Limit ($0.05/$0.10) - 2025/04/11 12:19:28 CET [2025/04/11 6:19:28 ET]
Table 'Aludra' 6-max Seat #1 is the button
Seat 1: met1k ($6.10 in chips) 
Seat 2: Cosmic167 ($10.42 in chips) 
Seat 3: AintNoProJoe ($12.17 in chips) 
Seat 4: Mahu2021 ($9.24 in chips) 
Seat 5: Dziokinas ($21.62 in chips) 
Seat 6: Lenny296 ($10.62 in chips) 
Cosmic167: posts small blind $0.05
AintNoProJoe: posts big blind $0.10
*** HOLE CARDS ***
Dealt to Mahu2021 [2d Qh]
Mahu2021: folds 
Dziokinas: folds 
Lenny296: calls $0.10
met1k: raises $0.20 to $0.30
Cosmic167: folds 
AintNoProJoe: folds 
Lenny296: calls $0.20
*** FLOP *** [Th 7c 8c]
Lenny296: checks 
met1k: checks 
*** TURN *** [Th 7c 8c] [2s]
Lenny296: checks 
met1k: bets $0.50
Lenny296: folds 
Uncalled bet ($0.50) returned to met1k
met1k collected $0.72 from pot
met1k: doesn't show hand 
*** SUMMARY ***
Total pot $0.75 | Rake $0.03 
Board [Th 7c 8c 2s]
Seat 1: met1k (button) collected ($0.72)
Seat 2: Cosmic167 (small blind) folded before Flop
Seat 3: AintNoProJoe (big blind) folded before Flop
Seat 4: Mahu2021 folded before Flop (didn't bet)
Seat 5: Dziokinas folded before Flop (didn't bet)
Seat 6: Lenny296 folded on the Turn



PokerStars Zoom Hand #255686119158:  Hold'em No Limit ($0.05/$0.10) - 2025/04/11 12:19:32 CET [2025/04/11 6:19:32 ET]
Table 'Aludra' 6-max Seat #1 is the button
Seat 1: MrSerg_Kharkiv ($11.28 in chips) 
Seat 2: cornetto07 ($10.40 in chips) 
Seat 3: Mahu2021 ($9.24 in chips) 
Seat 4: crissantos.1 ($11.58 in chips) 
Seat 5: nidal55 ($10.15 in chips) 
Seat 6: strashilisht ($16.94 in chips) 
cornetto07: posts small blind $0.05
Mahu2021: posts big blind $0.10
*** HOLE CARDS ***
Dealt to Mahu2021 [6c 9c]
crissantos.1 has timed out while disconnected
crissantos.1: folds 
nidal55: raises $0.11 to $0.21
strashilisht: raises $0.64 to $0.85
MrSerg_Kharkiv: folds 
cornetto07: folds 
Mahu2021: folds 
nidal55: folds 
Uncalled bet ($0.64) returned to strashilisht
strashilisht collected $0.57 from pot
strashilisht: doesn't show hand 
*** SUMMARY ***
Total pot $0.57 | Rake $0 
Seat 1: MrSerg_Kharkiv (button) folded before Flop (didn't bet)
Seat 2: cornetto07 (small blind) folded before Flop
Seat 3: Mahu2021 (big blind) folded before Flop
Seat 4: crissantos.1 folded before Flop (didn't bet)
Seat 5: nidal55 folded before Flop
Seat 6: strashilisht collected ($0.57)



PokerStars Zoom Hand #255686120996:  Hold'em No Limit ($0.05/$0.10) - 2025/04/11 12:19:50 CET [2025/04/11 6:19:50 ET]
Table 'Aludra' 6-max Seat #1 is the button
Seat 1: Mahu2021 ($9.14 in chips) 
Seat 2: JonnHsk ($11.06 in chips) 
Seat 3: denis4250 ($12.41 in chips) 
Seat 4: jksgoodgz ($11 in chips) 
Seat 5: liebhabär ($28.73 in chips) 
Seat 6: alexswe974 ($10 in chips) 
JonnHsk: posts small blind $0.05
denis4250: posts big blind $0.10
*** HOLE CARDS ***
Dealt to Mahu2021 [Qh 8h]
jksgoodgz: folds 
liebhabär: folds 
alexswe974: folds 
Mahu2021: raises $0.20 to $0.30
JonnHsk: calls $0.25
denis4250: calls $0.20
*** FLOP *** [5s 2d 8c]
JonnHsk: checks 
denis4250: checks 
Mahu2021: bets $0.50
JonnHsk: calls $0.50
denis4250: folds 
*** TURN *** [5s 2d 8c] [Kd]
JonnHsk: checks 
Mahu2021: bets $0.40
JonnHsk: calls $0.40
*** RIVER *** [5s 2d 8c Kd] [3c]
JonnHsk: bets $0.50
Mahu2021: calls $0.50
*** SHOW DOWN ***
JonnHsk: shows [7s 9s] (high card King)
Mahu2021: shows [Qh 8h] (a pair of Eights)
Mahu2021 collected $3.53 from pot
*** SUMMARY ***
Total pot $3.70 | Rake $0.17 
Board [5s 2d 8c Kd 3c]
Seat 1: Mahu2021 (button) showed [Qh 8h] and won ($3.53) with a pair of Eights
Seat 2: JonnHsk (small blind) showed [7s 9s] and lost with high card King
Seat 3: denis4250 (big blind) folded on the Flop
Seat 4: jksgoodgz folded before Flop (didn't bet)
Seat 5: liebhabär folded before Flop (didn't bet)
Seat 6: alexswe974 folded before Flop (didn't bet)



PokerStars Zoom Hand #255686125193:  Hold'em No Limit ($0.05/$0.10) - 2025/04/11 12:20:31 CET [2025/04/11 6:20:31 ET]
Table 'Aludra' 6-max Seat #1 is the button
Seat 1: makkiedodo ($9.90 in chips) 
Seat 2: Dziokinas ($21.47 in chips) 
Seat 3: Matzet1ka ($10 in chips) 
Seat 4: snxgar ($24.38 in chips) 
Seat 5: haravoin ($33.87 in chips) 
Seat 6: Mahu2021 ($10.92 in chips) 
Dziokinas: posts small blind $0.05
Matzet1ka: posts big blind $0.10
*** HOLE CARDS ***
Dealt to Mahu2021 [4d Jc]
snxgar: folds 
haravoin: folds 
Mahu2021: folds 
makkiedodo: folds 
Dziokinas: folds 
Uncalled bet ($0.05) returned to Matzet1ka
Matzet1ka collected $0.10 from pot
Matzet1ka: doesn't show hand 
*** SUMMARY ***
Total pot $0.10 | Rake $0 
Seat 1: makkiedodo (button) folded before Flop (didn't bet)
Seat 2: Dziokinas (small blind) folded before Flop
Seat 3: Matzet1ka (big blind) collected ($0.10)
Seat 4: snxgar folded before Flop (didn't bet)
Seat 5: haravoin folded before Flop (didn't bet)
Seat 6: Mahu2021 folded before Flop (didn't bet)



PokerStars Zoom Hand #255686125615:  Hold'em No Limit ($0.05/$0.10) - 2025/04/11 12:20:35 CET [2025/04/11 6:20:35 ET]
Table 'Aludra' 6-max Seat #1 is the button
Seat 1: dbedet ($8.22 in chips) 
Seat 2: alexswe974 ($10.05 in chips) 
Seat 3: nidal55 ($10.10 in chips) 
Seat 4: vinaof ($5.72 in chips) 
Seat 5: Mahu2021 ($10.92 in chips) 
Seat 6: denis4250 ($25.39 in chips) 
alexswe974: posts small blind $0.05
nidal55: posts big blind $0.10
*** HOLE CARDS ***
Dealt to Mahu2021 [Kc Jd]
vinaof: folds 
Mahu2021: raises $0.20 to $0.30
denis4250: folds 
dbedet: folds 
alexswe974: folds 
nidal55: folds 
Uncalled bet ($0.20) returned to Mahu2021
Mahu2021 collected $0.25 from pot
Mahu2021: doesn't show hand 
*** SUMMARY ***
Total pot $0.25 | Rake $0 
Seat 1: dbedet (button) folded before Flop (didn't bet)
Seat 2: alexswe974 (small blind) folded before Flop
Seat 3: nidal55 (big blind) folded before Flop
Seat 4: vinaof folded before Flop (didn't bet)
Seat 5: Mahu2021 collected ($0.25)
Seat 6: denis4250 folded before Flop (didn't bet)



PokerStars Zoom Hand #255686124684:  Hold'em No Limit ($0.05/$0.10) - 2025/04/11 12:20:26 CET [2025/04/11 6:20:26 ET]
Table 'Aludra' 6-max Seat #1 is the button
Seat 1: fuckkk nh ($14.13 in chips) 
Seat 2: Mahu2021 ($10.97 in chips) 
Seat 3: crissantos.1 ($11.53 in chips) 
Seat 4: killerita67 ($20.32 in chips) 
Seat 5: KianushVo ($13.25 in chips) 
Seat 6: haravoin ($33.87 in chips) 
Mahu2021: posts small blind $0.05
crissantos.1: posts big blind $0.10
*** HOLE CARDS ***
Dealt to Mahu2021 [4h Td]
killerita67: folds 
KianushVo: folds 
haravoin: folds 
fuckkk nh: raises $0.15 to $0.25
Mahu2021: folds 
crissantos.1: calls $0.15
*** FLOP *** [5h 7d Kd]
crissantos.1: checks 
fuckkk nh: bets $0.27
crissantos.1: folds 
Uncalled bet ($0.27) returned to fuckkk nh
fuckkk nh collected $0.53 from pot
fuckkk nh: doesn't show hand 
*** SUMMARY ***
Total pot $0.55 | Rake $0.02 
Board [5h 7d Kd]
Seat 1: fuckkk nh (button) collected ($0.53)
Seat 2: Mahu2021 (small blind) folded before Flop
Seat 3: crissantos.1 (big blind) folded on the Flop
Seat 4: killerita67 folded before Flop (didn't bet)
Seat 5: KianushVo folded before Flop (didn't bet)
Seat 6: haravoin folded before Flop (didn't bet)



PokerStars Zoom Hand #255686127136:  Hold'em No Limit ($0.05/$0.10) - 2025/04/11 12:20:50 CET [2025/04/11 6:20:50 ET]
Table 'Aludra' 6-max Seat #1 is the button
Seat 1: liebhabär ($28.73 in chips) 
Seat 2: PEIOAH6 ($12.74 in chips) 
Seat 3: Mahu2021 ($11.07 in chips) 
Seat 4: RGR001 ($5.74 in chips) 
Seat 5: honEybOOx ($10.77 in chips) 
Seat 6: cornetto07 ($10.43 in chips) 
PEIOAH6: posts small blind $0.05
Mahu2021: posts big blind $0.10
*** HOLE CARDS ***
Dealt to Mahu2021 [Ad 7d]
RGR001: folds 
honEybOOx: folds 
cornetto07: folds 
liebhabär: raises $0.12 to $0.22
PEIOAH6: folds 
Mahu2021: calls $0.12
*** FLOP *** [Ks 8d 3s]
Mahu2021: checks 
liebhabär: checks 
*** TURN *** [Ks 8d 3s] [9d]
Mahu2021: checks 
liebhabär: bets $0.24
Mahu2021: calls $0.24
*** RIVER *** [Ks 8d 3s 9d] [7c]
Mahu2021: checks 
liebhabär: checks 
*** SHOW DOWN ***
Mahu2021: shows [Ad 7d] (a pair of Sevens)
liebhabär: shows [Jh 9h] (a pair of Nines)
liebhabär collected $0.92 from pot
*** SUMMARY ***
Total pot $0.97 | Rake $0.05 
Board [Ks 8d 3s 9d 7c]
Seat 1: liebhabär (button) showed [Jh 9h] and won ($0.92) with a pair of Nines
Seat 2: PEIOAH6 (small blind) folded before Flop
Seat 3: Mahu2021 (big blind) showed [Ad 7d] and lost with a pair of Sevens
Seat 4: RGR001 folded before Flop (didn't bet)
Seat 5: honEybOOx folded before Flop (didn't bet)
Seat 6: cornetto07 folded before Flop (didn't bet)



PokerStars Zoom Hand #255686130846:  Hold'em No Limit ($0.05/$0.10) - 2025/04/11 12:21:25 CET [2025/04/11 6:21:25 ET]
Table 'Aludra' 6-max Seat #1 is the button
Seat 1: Mahu2021 ($10.61 in chips) 
Seat 2: MrSerg_Kharkiv ($10.01 in chips) 
Seat 3: royacht ($12.35 in chips) 
Seat 4: killerita67 ($15.35 in chips) 
Seat 5: NoSweat666 ($14.60 in chips) 
Seat 6: saltybutler ($21.82 in chips) 
MrSerg_Kharkiv: posts small blind $0.05
royacht: posts big blind $0.10
*** HOLE CARDS ***
Dealt to Mahu2021 [Qs As]
killerita67: folds 
NoSweat666: folds 
saltybutler: folds 
Mahu2021: raises $0.20 to $0.30
MrSerg_Kharkiv: folds 
royacht: folds 
Uncalled bet ($0.20) returned to Mahu2021
Mahu2021 collected $0.25 from pot
Mahu2021: doesn't show hand 
*** SUMMARY ***
Total pot $0.25 | Rake $0 
Seat 1: Mahu2021 (button) collected ($0.25)
Seat 2: MrSerg_Kharkiv (small blind) folded before Flop
Seat 3: royacht (big blind) folded before Flop
Seat 4: killerita67 folded before Flop (didn't bet)
Seat 5: NoSweat666 folded before Flop (didn't bet)
Seat 6: saltybutler folded before Flop (didn't bet)



PokerStars Zoom Hand #255686132399:  Hold'em No Limit ($0.05/$0.10) - 2025/04/11 12:21:40 CET [2025/04/11 6:21:40 ET]
Table 'Aludra' 6-max Seat #1 is the button
Seat 1: schumi1231 ($6.75 in chips) 
Seat 2: Mahu2021 ($10.76 in chips) 
Seat 3: saltybutler ($32.91 in chips) 
Seat 4: haravoin ($34.63 in chips) 
Seat 5: Matzet1ka ($10 in chips) 
Seat 6: Dziokinas ($22.01 in chips) 
Mahu2021: posts small blind $0.05
saltybutler: posts big blind $0.10
*** HOLE CARDS ***
Dealt to Mahu2021 [2s 7h]
haravoin: folds 
Matzet1ka: raises $0.15 to $0.25
Dziokinas: folds 
schumi1231: folds 
Mahu2021: folds 
saltybutler: folds 
Uncalled bet ($0.15) returned to Matzet1ka
Matzet1ka collected $0.25 from pot
Matzet1ka: doesn't show hand 
*** SUMMARY ***
Total pot $0.25 | Rake $0 
Seat 1: schumi1231 (button) folded before Flop (didn't bet)
Seat 2: Mahu2021 (small blind) folded before Flop
Seat 3: saltybutler (big blind) folded before Flop
Seat 4: haravoin folded before Flop (didn't bet)
Seat 5: Matzet1ka collected ($0.25)
Seat 6: Dziokinas folded before Flop (didn't bet)



PokerStars Zoom Hand #255686132920:  Hold'em No Limit ($0.05/$0.10) - 2025/04/11 12:21:45 CET [2025/04/11 6:21:45 ET]
Table 'Aludra' 6-max Seat #1 is the button
Seat 1: Dziokinas ($22.01 in chips) 
Seat 2: haravoin ($34.63 in chips) 
Seat 3: killerita67 ($15.30 in chips) 
Seat 4: Bur1k ($5.47 in chips) 
Seat 5: mddurrani123 ($15.23 in chips) 
Seat 6: Mahu2021 ($10.71 in chips) 
haravoin: posts small blind $0.05
killerita67: posts big blind $0.10
*** HOLE CARDS ***
Dealt to Mahu2021 [2s 8d]
Bur1k: folds 
mddurrani123: folds 
Mahu2021: folds 
Dziokinas: folds 
haravoin: folds 
Uncalled bet ($0.05) returned to killerita67
killerita67 collected $0.10 from pot
killerita67: doesn't show hand 
*** SUMMARY ***
Total pot $0.10 | Rake $0 
Seat 1: Dziokinas (button) folded before Flop (didn't bet)
Seat 2: haravoin (small blind) folded before Flop
Seat 3: killerita67 (big blind) collected ($0.10)
Seat 4: Bur1k folded before Flop (didn't bet)
Seat 5: mddurrani123 folded before Flop (didn't bet)
Seat 6: Mahu2021 folded before Flop (didn't bet)



PokerStars Zoom Hand #255686133728:  Hold'em No Limit ($0.05/$0.10) - 2025/04/11 12:21:53 CET [2025/04/11 6:21:53 ET]
Table 'Aludra' 6-max Seat #1 is the button
Seat 1: killerita67 ($15.35 in chips) 
Seat 2: schumi1231 ($6.75 in chips) 
Seat 3: TheSoulTaker666 ($10.16 in chips) 
Seat 4: MrSerg_Kharkiv ($9.96 in chips) 
Seat 5: Mahu2021 ($10.71 in chips) 
Seat 6: kingsman5454 ($10.10 in chips) 
schumi1231: posts small blind $0.05
TheSoulTaker666: posts big blind $0.10
*** HOLE CARDS ***
Dealt to Mahu2021 [Kc 5c]
MrSerg_Kharkiv: folds 
Mahu2021: folds 
kingsman5454: raises $0.13 to $0.23
killerita67: folds 
schumi1231: folds 
TheSoulTaker666: folds 
Uncalled bet ($0.13) returned to kingsman5454
kingsman5454 collected $0.25 from pot
kingsman5454: doesn't show hand 
*** SUMMARY ***
Total pot $0.25 | Rake $0 
Seat 1: killerita67 (button) folded before Flop (didn't bet)
Seat 2: schumi1231 (small blind) folded before Flop
Seat 3: TheSoulTaker666 (big blind) folded before Flop
Seat 4: MrSerg_Kharkiv folded before Flop (didn't bet)
Seat 5: Mahu2021 folded before Flop (didn't bet)
Seat 6: kingsman5454 collected ($0.25)



PokerStars Zoom Hand #255686134266:  Hold'em No Limit ($0.05/$0.10) - 2025/04/11 12:21:58 CET [2025/04/11 6:21:58 ET]
Table 'Aludra' 6-max Seat #1 is the button
Seat 1: PEIOAH6 ($21.68 in chips) 
Seat 2: nidal55 ($12.12 in chips) 
Seat 3: cornetto07 ($10.43 in chips) 
Seat 4: fuckkk nh ($14.03 in chips) 
Seat 5: killerita67 ($15.35 in chips) 
Seat 6: Mahu2021 ($10.71 in chips) 
nidal55: posts small blind $0.05
cornetto07: posts big blind $0.10
*** HOLE CARDS ***
Dealt to Mahu2021 [2h As]
fuckkk nh: folds 
killerita67: folds 
Mahu2021: folds 
PEIOAH6: folds 
nidal55: raises $0.20 to $0.30
cornetto07: folds 
Uncalled bet ($0.20) returned to nidal55
nidal55 collected $0.20 from pot
nidal55: doesn't show hand 
*** SUMMARY ***
Total pot $0.20 | Rake $0 
Seat 1: PEIOAH6 (button) folded before Flop (didn't bet)
Seat 2: nidal55 (small blind) collected ($0.20)
Seat 3: cornetto07 (big blind) folded before Flop
Seat 4: fuckkk nh folded before Flop (didn't bet)
Seat 5: killerita67 folded before Flop (didn't bet)
Seat 6: Mahu2021 folded before Flop (didn't bet)



PokerStars Zoom Hand #255686135082:  Hold'em No Limit ($0.05/$0.10) - 2025/04/11 12:22:06 CET [2025/04/11 6:22:06 ET]
Table 'Aludra' 6-max Seat #1 is the button
Seat 1: Lenny296 ($13.24 in chips) 
Seat 2: Mahu2021 ($10.71 in chips) 
Seat 3: RGR001 ($6.22 in chips) 
Seat 4: schumi1231 ($6.70 in chips) 
Seat 5: nidal55 ($13.12 in chips) 
Seat 6: cornetto07 ($10.33 in chips) 
Mahu2021: posts small blind $0.05
RGR001: posts big blind $0.10
*** HOLE CARDS ***
Dealt to Mahu2021 [4d 4s]
schumi1231: folds 
nidal55: folds 
cornetto07: folds 
Lenny296: raises $0.60 to $0.70
Mahu2021: folds 
RGR001: folds 
Uncalled bet ($0.60) returned to Lenny296
Lenny296 collected $0.25 from pot
Lenny296: doesn't show hand 
*** SUMMARY ***
Total pot $0.25 | Rake $0 
Seat 1: Lenny296 (button) collected ($0.25)
Seat 2: Mahu2021 (small blind) folded before Flop
Seat 3: RGR001 (big blind) folded before Flop
Seat 4: schumi1231 folded before Flop (didn't bet)
Seat 5: nidal55 folded before Flop (didn't bet)
Seat 6: cornetto07 folded before Flop (didn't bet)



PokerStars Zoom Hand #255686134680:  Hold'em No Limit ($0.05/$0.10) - 2025/04/11 12:22:02 CET [2025/04/11 6:22:02 ET]
Table 'Aludra' 6-max Seat #1 is the button
Seat 1: Mahu2021 ($10.71 in chips) 
Seat 2: fuckkk nh ($14.03 in chips) 
Seat 3: vinaof ($5.72 in chips) 
Seat 4: RGR001 ($6.22 in chips) 
Seat 5: killerita67 ($15.35 in chips) 
Seat 6: MrSerg_Kharkiv ($9.96 in chips) 
fuckkk nh: posts small blind $0.05
vinaof: posts big blind $0.10
*** HOLE CARDS ***
Dealt to Mahu2021 [6c Ah]
RGR001: folds 
killerita67: raises $0.15 to $0.25
MrSerg_Kharkiv: folds 
Mahu2021: folds 
fuckkk nh: folds 
vinaof: folds 
Uncalled bet ($0.15) returned to killerita67
killerita67 collected $0.25 from pot
killerita67: doesn't show hand 
*** SUMMARY ***
Total pot $0.25 | Rake $0 
Seat 1: Mahu2021 (button) folded before Flop (didn't bet)
Seat 2: fuckkk nh (small blind) folded before Flop
Seat 3: vinaof (big blind) folded before Flop
Seat 4: RGR001 folded before Flop (didn't bet)
Seat 5: killerita67 collected ($0.25)
Seat 6: MrSerg_Kharkiv folded before Flop (didn't bet)



PokerStars Zoom Hand #255686133337:  Hold'em No Limit ($0.05/$0.10) - 2025/04/11 12:21:50 CET [2025/04/11 6:21:50 ET]
Table 'Aludra' 6-max Seat #1 is the button
Seat 1: haravoin ($34.58 in chips) 
Seat 2: cornetto07 ($10.48 in chips) 
Seat 3: Bur1k ($5.47 in chips) 
Seat 4: Mahu2021 ($10.71 in chips) 
Seat 5: Dziokinas ($22.01 in chips) 
Seat 6: mddurrani123 ($15.23 in chips) 
cornetto07: posts small blind $0.05
Bur1k: posts big blind $0.10
*** HOLE CARDS ***
Dealt to Mahu2021 [6c Ks]
Mahu2021: folds 
Dziokinas: folds 
mddurrani123: calls $0.10
haravoin: folds 
cornetto07: folds 
Bur1k: checks 
*** FLOP *** [7h 9s 5h]
Bur1k: checks 
mddurrani123: checks 
*** TURN *** [7h 9s 5h] [Js]
Bur1k: checks 
mddurrani123: bets $0.10
Bur1k: calls $0.10
*** RIVER *** [7h 9s 5h Js] [Kc]
Bur1k: checks 
mddurrani123: checks 
*** SHOW DOWN ***
Bur1k: shows [Qd 7d] (a pair of Sevens)
mddurrani123: shows [Qc Jh] (a pair of Jacks)
mddurrani123 collected $0.43 from pot
*** SUMMARY ***
Total pot $0.45 | Rake $0.02 
Board [7h 9s 5h Js Kc]
Seat 1: haravoin (button) folded before Flop (didn't bet)
Seat 2: cornetto07 (small blind) folded before Flop
Seat 3: Bur1k (big blind) showed [Qd 7d] and lost with a pair of Sevens
Seat 4: Mahu2021 folded before Flop (didn't bet)
Seat 5: Dziokinas folded before Flop (didn't bet)
Seat 6: mddurrani123 showed [Qc Jh] and won ($0.43) with a pair of Jacks



PokerStars Zoom Hand #255686136209:  Hold'em No Limit ($0.05/$0.10) - 2025/04/11 12:22:17 CET [2025/04/11 6:22:17 ET]
Table 'Aludra' 6-max Seat #1 is the button
Seat 1: alexswe974 ($12.30 in chips) 
Seat 2: Baratrum777 ($10.20 in chips) 
Seat 3: Mahu2021 ($10.66 in chips) 
Seat 4: cornetto07 ($10.33 in chips) 
Seat 5: dbedet ($11.95 in chips) 
Seat 6: saltybutler ($21.52 in chips) 
Baratrum777: posts small blind $0.05
Mahu2021: posts big blind $0.10
*** HOLE CARDS ***
Dealt to Mahu2021 [4s Ah]
cornetto07: folds 
dbedet: raises $0.16 to $0.26
saltybutler: folds 
alexswe974: folds 
Baratrum777: folds 
Mahu2021: folds 
Uncalled bet ($0.16) returned to dbedet
dbedet collected $0.25 from pot
dbedet: doesn't show hand 
*** SUMMARY ***
Total pot $0.25 | Rake $0 
Seat 1: alexswe974 (button) folded before Flop (didn't bet)
Seat 2: Baratrum777 (small blind) folded before Flop
Seat 3: Mahu2021 (big blind) folded before Flop
Seat 4: cornetto07 folded before Flop (didn't bet)
Seat 5: dbedet collected ($0.25)
Seat 6: saltybutler folded before Flop (didn't bet)



PokerStars Zoom Hand #255686139187:  Hold'em No Limit ($0.05/$0.10) - 2025/04/11 12:22:46 CET [2025/04/11 6:22:46 ET]
Table 'Aludra' 6-max Seat #1 is the button
Seat 1: thorindorf ($8.38 in chips) 
Seat 2: Vidonia2002 ($10 in chips) 
Seat 3: Mahu2021 ($10.56 in chips) 
Seat 4: mddurrani123 ($15.41 in chips) 
Seat 5: Matzet1ka ($10 in chips) 
Seat 6: Tommg49 ($10 in chips) 
Vidonia2002: posts small blind $0.05
Mahu2021: posts big blind $0.10
*** HOLE CARDS ***
Dealt to Mahu2021 [9c As]
mddurrani123: folds 
Matzet1ka: folds 
Tommg49: folds 
thorindorf: folds 
Vidonia2002: folds 
Uncalled bet ($0.05) returned to Mahu2021
Mahu2021 collected $0.10 from pot
Mahu2021: doesn't show hand 
*** SUMMARY ***
Total pot $0.10 | Rake $0 
Seat 1: thorindorf (button) folded before Flop (didn't bet)
Seat 2: Vidonia2002 (small blind) folded before Flop
Seat 3: Mahu2021 (big blind) collected ($0.10)
Seat 4: mddurrani123 folded before Flop (didn't bet)
Seat 5: Matzet1ka folded before Flop (didn't bet)
Seat 6: Tommg49 folded before Flop (didn't bet)



PokerStars Zoom Hand #255686140321:  Hold'em No Limit ($0.05/$0.10) - 2025/04/11 12:22:56 CET [2025/04/11 6:22:56 ET]
Table 'Aludra' 6-max Seat #1 is the button
Seat 1: Mahu2021 ($10.61 in chips) 
Seat 2: Dziokinas ($21.90 in chips) 
Seat 3: Reveliolouk ($10 in chips) 
Seat 4: schumi1231 ($6.40 in chips) 
Seat 5: NoSweat666 ($15.56 in chips) 
Seat 6: fuckkk nh ($13.72 in chips) 
Dziokinas: posts small blind $0.05
Reveliolouk: posts big blind $0.10
*** HOLE CARDS ***
Dealt to Mahu2021 [Jd 6s]
schumi1231: folds 
NoSweat666: folds 
fuckkk nh: folds 
Mahu2021: folds 
Dziokinas: folds 
Uncalled bet ($0.05) returned to Reveliolouk
Reveliolouk collected $0.10 from pot
Reveliolouk: doesn't show hand 
*** SUMMARY ***
Total pot $0.10 | Rake $0 
Seat 1: Mahu2021 (button) folded before Flop (didn't bet)
Seat 2: Dziokinas (small blind) folded before Flop
Seat 3: Reveliolouk (big blind) collected ($0.10)
Seat 4: schumi1231 folded before Flop (didn't bet)
Seat 5: NoSweat666 folded before Flop (didn't bet)
Seat 6: fuckkk nh folded before Flop (didn't bet)



PokerStars Zoom Hand #255686138346:  Hold'em No Limit ($0.05/$0.10) - 2025/04/11 12:22:38 CET [2025/04/11 6:22:38 ET]
Table 'Aludra' 6-max Seat #1 is the button
Seat 1: Cosmic167 ($10 in chips) 
Seat 2: Bur1k ($5.15 in chips) 
Seat 3: alexswe974 ($12.70 in chips) 
Seat 4: Mahu2021 ($10.56 in chips) 
Seat 5: cornetto07 ($10.15 in chips) 
Seat 6: KianushVo ($14.61 in chips) 
Bur1k: posts small blind $0.05
alexswe974: posts big blind $0.10
*** HOLE CARDS ***
Dealt to Mahu2021 [Ks 2d]
Mahu2021: folds 
cornetto07: folds 
KianushVo: folds 
Cosmic167: folds 
Bur1k: folds 
Uncalled bet ($0.05) returned to alexswe974
alexswe974 collected $0.10 from pot
alexswe974: doesn't show hand 
*** SUMMARY ***
Total pot $0.10 | Rake $0 
Seat 1: Cosmic167 (button) folded before Flop (didn't bet)
Seat 2: Bur1k (small blind) folded before Flop
Seat 3: alexswe974 (big blind) collected ($0.10)
Seat 4: Mahu2021 folded before Flop (didn't bet)
Seat 5: cornetto07 folded before Flop (didn't bet)
Seat 6: KianushVo folded before Flop (didn't bet)



PokerStars Zoom Hand #255686138723:  Hold'em No Limit ($0.05/$0.10) - 2025/04/11 12:22:41 CET [2025/04/11 6:22:41 ET]
Table 'Aludra' 6-max Seat #1 is the button
Seat 1: liebhabär ($29.34 in chips) 
Seat 2: Tommg49 ($10.05 in chips) 
Seat 3: jksgoodgz ($11.66 in chips) 
Seat 4: Mahu2021 ($10.56 in chips) 
Seat 5: crissantos.1 ($9.91 in chips) 
Seat 6: Baratrum777 ($10.15 in chips) 
Tommg49: posts small blind $0.05
jksgoodgz: posts big blind $0.10
*** HOLE CARDS ***
Dealt to Mahu2021 [Jh 3s]
Mahu2021: folds 
crissantos.1: calls $0.10
Baratrum777: raises $0.34 to $0.44
liebhabär: folds 
Tommg49: folds 
jksgoodgz: folds 
crissantos.1: calls $0.34
*** FLOP *** [Qs 2c Ad]
crissantos.1: checks 
Baratrum777: bets $0.40
crissantos.1: raises $0.50 to $0.90
Baratrum777: folds 
Uncalled bet ($0.50) returned to crissantos.1
crissantos.1 collected $1.75 from pot
crissantos.1: doesn't show hand 
*** SUMMARY ***
Total pot $1.83 | Rake $0.08 
Board [Qs 2c Ad]
Seat 1: liebhabär (button) folded before Flop (didn't bet)
Seat 2: Tommg49 (small blind) folded before Flop
Seat 3: jksgoodgz (big blind) folded before Flop
Seat 4: Mahu2021 folded before Flop (didn't bet)
Seat 5: crissantos.1 collected ($1.75)
Seat 6: Baratrum777 folded on the Flop



PokerStars Zoom Hand #255686142744:  Hold'em No Limit ($0.05/$0.10) - 2025/04/11 12:23:20 CET [2025/04/11 6:23:20 ET]
Table 'Aludra' 6-max Seat #1 is the button
Seat 1: crissantos.1 ($10.82 in chips) 
Seat 2: liebhabär ($29.24 in chips) 
Seat 3: kingsman5454 ($10.25 in chips) 
Seat 4: stigul ($25.23 in chips) 
Seat 5: Mahu2021 ($10.39 in chips) 
Seat 6: cornetto07 ($10 in chips) 
liebhabär: posts small blind $0.05
kingsman5454: posts big blind $0.10
*** HOLE CARDS ***
Dealt to Mahu2021 [3d 3h]
stigul: folds 
Mahu2021: raises $0.20 to $0.30
cornetto07: folds 
crissantos.1: folds 
liebhabär: folds 
kingsman5454: folds 
Uncalled bet ($0.20) returned to Mahu2021
Mahu2021 collected $0.25 from pot
Mahu2021: doesn't show hand 
*** SUMMARY ***
Total pot $0.25 | Rake $0 
Seat 1: crissantos.1 (button) folded before Flop (didn't bet)
Seat 2: liebhabär (small blind) folded before Flop
Seat 3: kingsman5454 (big blind) folded before Flop
Seat 4: stigul folded before Flop (didn't bet)
Seat 5: Mahu2021 collected ($0.25)
Seat 6: cornetto07 folded before Flop (didn't bet)



PokerStars Zoom Hand #255686137424:  Hold'em No Limit ($0.05/$0.10) - 2025/04/11 12:22:29 CET [2025/04/11 6:22:29 ET]
Table 'Aludra' 6-max Seat #1 is the button
Seat 1: strashilisht ($10 in chips) 
Seat 2: liebhabär ($10.15 in chips) 
Seat 3: Cosmic167 ($11.50 in chips) 
Seat 4: cinkelö ($27.47 in chips) 
Seat 5: Mahu2021 ($10.56 in chips) 
Seat 6: Matzet1ka ($10 in chips) 
liebhabär: posts small blind $0.05
Cosmic167: posts big blind $0.10
*** HOLE CARDS ***
Dealt to Mahu2021 [5d Qh]
cinkelö: folds 
Mahu2021: folds 
Matzet1ka: folds 
strashilisht: raises $0.15 to $0.25
liebhabär: folds 
Cosmic167: calls $0.15
*** FLOP *** [As 4s Jh]
Cosmic167: checks 
strashilisht: bets $0.32
Cosmic167: calls $0.32
*** TURN *** [As 4s Jh] [4d]
Cosmic167: checks 
strashilisht: bets $0.86
Cosmic167: folds 
Uncalled bet ($0.86) returned to strashilisht
strashilisht collected $1.14 from pot
strashilisht: doesn't show hand 
*** SUMMARY ***
Total pot $1.19 | Rake $0.05 
Board [As 4s Jh 4d]
Seat 1: strashilisht (button) collected ($1.14)
Seat 2: liebhabär (small blind) folded before Flop
Seat 3: Cosmic167 (big blind) folded on the Turn
Seat 4: cinkelö folded before Flop (didn't bet)
Seat 5: Mahu2021 folded before Flop (didn't bet)
Seat 6: Matzet1ka folded before Flop (didn't bet)



PokerStars Zoom Hand #255686140721:  Hold'em No Limit ($0.05/$0.10) - 2025/04/11 12:23:00 CET [2025/04/11 6:23:00 ET]
Table 'Aludra' 6-max Seat #1 is the button
Seat 1: dudrj2wl ($10.30 in chips) 
Seat 2: Mahu2021 ($10.61 in chips) 
Seat 3: nidal55 ($10.78 in chips) 
Seat 4: Luffy V ($10.15 in chips) 
Seat 5: cornetto07 ($10.18 in chips) 
Seat 6: snxgar ($6.67 in chips) 
Mahu2021: posts small blind $0.05
nidal55: posts big blind $0.10
*** HOLE CARDS ***
Dealt to Mahu2021 [2d 5d]
Luffy V: folds 
cornetto07: folds 
snxgar: raises $0.12 to $0.22
dudrj2wl: folds 
Mahu2021: calls $0.17
nidal55: raises $0.78 to $1
snxgar: calls $0.78
Mahu2021: folds 
*** FLOP *** [6h 5h Ts]
nidal55: checks 
snxgar: bets $0.64
nidal55: raises $9.14 to $9.78 and is all-in
snxgar: calls $5.03 and is all-in
Uncalled bet ($4.11) returned to nidal55
*** TURN *** [6h 5h Ts] [4s]
*** RIVER *** [6h 5h Ts 4s] [2c]
*** SHOW DOWN ***
nidal55: shows [Jh Ah] (high card Ace)
snxgar: shows [Kh Qh] (high card King)
nidal55 collected $12.95 from pot
*** SUMMARY ***
Total pot $13.56 | Rake $0.61 
Board [6h 5h Ts 4s 2c]
Seat 1: dudrj2wl (button) folded before Flop (didn't bet)
Seat 2: Mahu2021 (small blind) folded before Flop
Seat 3: nidal55 (big blind) showed [Jh Ah] and won ($12.95) with high card Ace
Seat 4: Luffy V folded before Flop (didn't bet)
Seat 5: cornetto07 folded before Flop (didn't bet)
Seat 6: snxgar showed [Kh Qh] and lost with high card King



PokerStars Zoom Hand #255686143802:  Hold'em No Limit ($0.05/$0.10) - 2025/04/11 12:23:31 CET [2025/04/11 6:23:31 ET]
Table 'Aludra' 6-max Seat #1 is the button
Seat 1: mddurrani123 ($15.31 in chips) 
Seat 2: nidal55 ($14.05 in chips) 
Seat 3: Cosmic167 ($10.35 in chips) 
Seat 4: denis4250 ($12.04 in chips) 
Seat 5: dbedet ($9.45 in chips) 
Seat 6: Mahu2021 ($10.54 in chips) 
nidal55: posts small blind $0.05
Cosmic167: posts big blind $0.10
*** HOLE CARDS ***
Dealt to Mahu2021 [Qs 4s]
denis4250: folds 
dbedet: folds 
Mahu2021: folds 
mddurrani123: folds 
nidal55: folds 
Uncalled bet ($0.05) returned to Cosmic167
Cosmic167 collected $0.10 from pot
Cosmic167: doesn't show hand 
*** SUMMARY ***
Total pot $0.10 | Rake $0 
Seat 1: mddurrani123 (button) folded before Flop (didn't bet)
Seat 2: nidal55 (small blind) folded before Flop
Seat 3: Cosmic167 (big blind) collected ($0.10)
Seat 4: denis4250 folded before Flop (didn't bet)
Seat 5: dbedet folded before Flop (didn't bet)
Seat 6: Mahu2021 folded before Flop (didn't bet)



PokerStars Zoom Hand #255686142332:  Hold'em No Limit ($0.05/$0.10) - 2025/04/11 12:23:16 CET [2025/04/11 6:23:16 ET]
Table 'Aludra' 6-max Seat #1 is the button
Seat 1: jksgoodgz ($19.01 in chips) 
Seat 2: saltybutler ($41.20 in chips) 
Seat 3: andriuchaZjbs ($6.81 in chips) 
Seat 4: MrSerg_Kharkiv ($11.69 in chips) 
Seat 5: JonnHsk ($7.56 in chips) 
Seat 6: Mahu2021 ($10.39 in chips) 
saltybutler: posts small blind $0.05
andriuchaZjbs: posts big blind $0.10
*** HOLE CARDS ***
Dealt to Mahu2021 [Qs 4c]
MrSerg_Kharkiv: raises $0.15 to $0.25
JonnHsk: folds 
Mahu2021: folds 
jksgoodgz: folds 
saltybutler: folds 
andriuchaZjbs: calls $0.15
*** FLOP *** [4d 3d 8s]
andriuchaZjbs: checks 
MrSerg_Kharkiv: bets $0.19
andriuchaZjbs: calls $0.19
*** TURN *** [4d 3d 8s] [3h]
andriuchaZjbs: checks 
MrSerg_Kharkiv: bets $0.31
andriuchaZjbs: calls $0.31
*** RIVER *** [4d 3d 8s 3h] [Ah]
andriuchaZjbs: checks 
MrSerg_Kharkiv: bets $0.52
andriuchaZjbs: calls $0.52
*** SHOW DOWN ***
MrSerg_Kharkiv: shows [8c 8h] (a full house, Eights full of Threes)
andriuchaZjbs: mucks hand 
MrSerg_Kharkiv collected $2.47 from pot
*** SUMMARY ***
Total pot $2.59 | Rake $0.12 
Board [4d 3d 8s 3h Ah]
Seat 1: jksgoodgz (button) folded before Flop (didn't bet)
Seat 2: saltybutler (small blind) folded before Flop
Seat 3: andriuchaZjbs (big blind) mucked [8d Ts]
Seat 4: MrSerg_Kharkiv showed [8c 8h] and won ($2.47) with a full house, Eights full of Threes
Seat 5: JonnHsk folded before Flop (didn't bet)
Seat 6: Mahu2021 folded before Flop (didn't bet)



PokerStars Zoom Hand #255686144277:  Hold'em No Limit ($0.05/$0.10) - 2025/04/11 12:23:36 CET [2025/04/11 6:23:36 ET]
Table 'Aludra' 6-max Seat #1 is the button
Seat 1: Luffy V ($10 in chips) 
Seat 2: alexswe974 ($12.90 in chips) 
Seat 3: Mahu2021 ($10.54 in chips) 
Seat 4: fuckkk nh ($13.92 in chips) 
Seat 5: KianushVo ($15.33 in chips) 
Seat 6: killerita67 ($20.75 in chips) 
alexswe974: posts small blind $0.05
Mahu2021: posts big blind $0.10
*** HOLE CARDS ***
Dealt to Mahu2021 [Js Qd]
fuckkk nh: folds 
KianushVo: folds 
killerita67: raises $0.10 to $0.20
Luffy V: folds 
alexswe974: folds 
Mahu2021: calls $0.10
*** FLOP *** [Qh 9s 7c]
Mahu2021: bets $0.43
killerita67: raises $20.12 to $20.55 and is all-in
Mahu2021: folds 
Uncalled bet ($20.12) returned to killerita67
killerita67 collected $1.25 from pot
killerita67: doesn't show hand 
*** SUMMARY ***
Total pot $1.31 | Rake $0.06 
Board [Qh 9s 7c]
Seat 1: Luffy V (button) folded before Flop (didn't bet)
Seat 2: alexswe974 (small blind) folded before Flop
Seat 3: Mahu2021 (big blind) folded on the Flop
Seat 4: fuckkk nh folded before Flop (didn't bet)
Seat 5: KianushVo folded before Flop (didn't bet)
Seat 6: killerita67 collected ($1.25)



PokerStars Zoom Hand #255686150779:  Hold'em No Limit ($0.05/$0.10) - 2025/04/11 12:24:39 CET [2025/04/11 6:24:39 ET]
Table 'Aludra' 6-max Seat #1 is the button
Seat 1: cornetto07 ($10.05 in chips) 
Seat 2: KrayzieNutz ($10 in chips) 
Seat 3: saltybutler ($21.70 in chips) 
Seat 4: Bur1k ($5.22 in chips) 
Seat 5: Dziokinas ($19.45 in chips) 
Seat 6: Mahu2021 ($9.91 in chips) 
KrayzieNutz: posts small blind $0.05
saltybutler: posts big blind $0.10
*** HOLE CARDS ***
Dealt to Mahu2021 [7s 4h]
Bur1k: raises $0.20 to $0.30
Dziokinas: folds 
Mahu2021: folds 
cornetto07: folds 
KrayzieNutz: folds 
saltybutler: folds 
Uncalled bet ($0.20) returned to Bur1k
Bur1k collected $0.25 from pot
Bur1k: doesn't show hand 
*** SUMMARY ***
Total pot $0.25 | Rake $0 
Seat 1: cornetto07 (button) folded before Flop (didn't bet)
Seat 2: KrayzieNutz (small blind) folded before Flop
Seat 3: saltybutler (big blind) folded before Flop
Seat 4: Bur1k collected ($0.25)
Seat 5: Dziokinas folded before Flop (didn't bet)
Seat 6: Mahu2021 folded before Flop (didn't bet)



PokerStars Zoom Hand #255686150110:  Hold'em No Limit ($0.05/$0.10) - 2025/04/11 12:24:32 CET [2025/04/11 6:24:32 ET]
Table 'Aludra' 6-max Seat #1 is the button
Seat 1: Mahu2021 ($9.91 in chips) 
Seat 2: dbedet ($10.44 in chips) 
Seat 3: alexswe974 ($13 in chips) 
Seat 4: crissantos.1 ($11.51 in chips) 
Seat 5: KKARMELO ($10 in chips) 
Seat 6: Dziokinas ($19.45 in chips) 
dbedet: posts small blind $0.05
alexswe974: posts big blind $0.10
*** HOLE CARDS ***
Dealt to Mahu2021 [Ks 3s]
crissantos.1: calls $0.10
KKARMELO: folds 
Dziokinas: folds 
Mahu2021: folds 
dbedet: calls $0.05
alexswe974: raises $0.35 to $0.45
crissantos.1: folds 
dbedet: folds 
Uncalled bet ($0.35) returned to alexswe974
alexswe974 collected $0.30 from pot
alexswe974: doesn't show hand 
*** SUMMARY ***
Total pot $0.30 | Rake $0 
Seat 1: Mahu2021 (button) folded before Flop (didn't bet)
Seat 2: dbedet (small blind) folded before Flop
Seat 3: alexswe974 (big blind) collected ($0.30)
Seat 4: crissantos.1 folded before Flop
Seat 5: KKARMELO folded before Flop (didn't bet)
Seat 6: Dziokinas folded before Flop (didn't bet)



PokerStars Zoom Hand #255686151261:  Hold'em No Limit ($0.05/$0.10) - 2025/04/11 12:24:44 CET [2025/04/11 6:24:44 ET]
Table 'Aludra' 6-max Seat #1 is the button
Seat 1: saltybutler ($21.60 in chips) 
Seat 2: Mahu2021 ($9.91 in chips) 
Seat 3: KrayzieNutz ($10 in chips) 
Seat 4: jksgoodgz ($10 in chips) 
Seat 5: fuckkk nh ($12.94 in chips) 
Seat 6: cornetto07 ($10.05 in chips) 
Mahu2021: posts small blind $0.05
KrayzieNutz: posts big blind $0.10
*** HOLE CARDS ***
Dealt to Mahu2021 [5d Kh]
jksgoodgz: raises $0.10 to $0.20
fuckkk nh: folds 
cornetto07: folds 
saltybutler: folds 
Mahu2021: folds 
KrayzieNutz: folds 
Uncalled bet ($0.10) returned to jksgoodgz
jksgoodgz collected $0.25 from pot
jksgoodgz: doesn't show hand 
*** SUMMARY ***
Total pot $0.25 | Rake $0 
Seat 1: saltybutler (button) folded before Flop (didn't bet)
Seat 2: Mahu2021 (small blind) folded before Flop
Seat 3: KrayzieNutz (big blind) folded before Flop
Seat 4: jksgoodgz collected ($0.25)
Seat 5: fuckkk nh folded before Flop (didn't bet)
Seat 6: cornetto07 folded before Flop (didn't bet)



PokerStars Zoom Hand #255686151751:  Hold'em No Limit ($0.05/$0.10) - 2025/04/11 12:24:49 CET [2025/04/11 6:24:49 ET]
Table 'Aludra' 6-max Seat #1 is the button
Seat 1: Dziokinas ($19.40 in chips) 
Seat 2: saltybutler ($20.93 in chips) 
Seat 3: crissantos.1 ($11.41 in chips) 
Seat 4: Mahu2021 ($9.86 in chips) 
Seat 5: killerita67 ($16.90 in chips) 
Seat 6: strashilisht ($10.52 in chips) 
saltybutler: posts small blind $0.05
crissantos.1: posts big blind $0.10
*** HOLE CARDS ***
Dealt to Mahu2021 [Ts Ks]
Mahu2021: raises $0.20 to $0.30
killerita67: folds 
strashilisht: folds 
Dziokinas: folds 
saltybutler: folds 
crissantos.1: folds 
Uncalled bet ($0.20) returned to Mahu2021
Mahu2021 collected $0.25 from pot
Mahu2021: doesn't show hand 
*** SUMMARY ***
Total pot $0.25 | Rake $0 
Seat 1: Dziokinas (button) folded before Flop (didn't bet)
Seat 2: saltybutler (small blind) folded before Flop
Seat 3: crissantos.1 (big blind) folded before Flop
Seat 4: Mahu2021 collected ($0.25)
Seat 5: killerita67 folded before Flop (didn't bet)
Seat 6: strashilisht folded before Flop (didn't bet)



PokerStars Zoom Hand #255686152888:  Hold'em No Limit ($0.05/$0.10) - 2025/04/11 12:24:59 CET [2025/04/11 6:24:59 ET]
Table 'Aludra' 6-max Seat #1 is the button
Seat 1: AceWise ($14.92 in chips) 
Seat 2: nidal55 ($10 in chips) 
Seat 3: Cosmic167 ($10.46 in chips) 
Seat 4: jksgoodgz ($10.15 in chips) 
Seat 5: Mahu2021 ($10.01 in chips) 
Seat 6: Frankenjura ($10.30 in chips) 
nidal55: posts small blind $0.05
Cosmic167: posts big blind $0.10
*** HOLE CARDS ***
Dealt to Mahu2021 [Tc Kc]
jksgoodgz: folds 
Mahu2021: raises $0.20 to $0.30
Frankenjura: folds 
AceWise: folds 
nidal55: folds 
Cosmic167: folds 
Uncalled bet ($0.20) returned to Mahu2021
Mahu2021 collected $0.25 from pot
Mahu2021: doesn't show hand 
*** SUMMARY ***
Total pot $0.25 | Rake $0 
Seat 1: AceWise (button) folded before Flop (didn't bet)
Seat 2: nidal55 (small blind) folded before Flop
Seat 3: Cosmic167 (big blind) folded before Flop
Seat 4: jksgoodgz folded before Flop (didn't bet)
Seat 5: Mahu2021 collected ($0.25)
Seat 6: Frankenjura folded before Flop (didn't bet)



PokerStars Zoom Hand #255686154750:  Hold'em No Limit ($0.05/$0.10) - 2025/04/11 12:25:17 CET [2025/04/11 6:25:17 ET]
Table 'Aludra' 6-max Seat #1 is the button
Seat 1: fuckkk nh ($13.04 in chips) 
Seat 2: kingsman5454 ($10.15 in chips) 
Seat 3: nidal55 ($10 in chips) 
Seat 4: Mahu2021 ($10.16 in chips) 
Seat 5: cornetto07 ($10 in chips) 
Seat 6: honEybOOx ($10.30 in chips) 
kingsman5454: posts small blind $0.05
nidal55: posts big blind $0.10
*** HOLE CARDS ***
Dealt to Mahu2021 [6d 7c]
Mahu2021: folds 
cornetto07: folds 
honEybOOx: raises $0.12 to $0.22
fuckkk nh: folds 
kingsman5454: folds 
nidal55: folds 
Uncalled bet ($0.12) returned to honEybOOx
honEybOOx collected $0.25 from pot
honEybOOx: doesn't show hand 
*** SUMMARY ***
Total pot $0.25 | Rake $0 
Seat 1: fuckkk nh (button) folded before Flop (didn't bet)
Seat 2: kingsman5454 (small blind) folded before Flop
Seat 3: nidal55 (big blind) folded before Flop
Seat 4: Mahu2021 folded before Flop (didn't bet)
Seat 5: cornetto07 folded before Flop (didn't bet)
Seat 6: honEybOOx collected ($0.25)



PokerStars Zoom Hand #255686155129:  Hold'em No Limit ($0.05/$0.10) - 2025/04/11 12:25:20 CET [2025/04/11 6:25:20 ET]
Table 'Aludra' 6-max Seat #1 is the button
Seat 1: Frankenjura ($11.60 in chips) 
Seat 2: KKARMELO ($17.91 in chips) 
Seat 3: Mahu2021 ($10.16 in chips) 
Seat 4: alexswe974 ($10 in chips) 
Seat 5: haravoin ($33.44 in chips) 
Seat 6: fuckkk nh ($13.04 in chips) 
KKARMELO: posts small blind $0.05
Mahu2021: posts big blind $0.10
*** HOLE CARDS ***
Dealt to Mahu2021 [8c Js]
alexswe974: folds 
haravoin: folds 
fuckkk nh: folds 
Frankenjura: folds 
KKARMELO: folds 
Uncalled bet ($0.05) returned to Mahu2021
Mahu2021 collected $0.10 from pot
Mahu2021: doesn't show hand 
*** SUMMARY ***
Total pot $0.10 | Rake $0 
Seat 1: Frankenjura (button) folded before Flop (didn't bet)
Seat 2: KKARMELO (small blind) folded before Flop
Seat 3: Mahu2021 (big blind) collected ($0.10)
Seat 4: alexswe974 folded before Flop (didn't bet)
Seat 5: haravoin folded before Flop (didn't bet)
Seat 6: fuckkk nh folded before Flop (didn't bet)



PokerStars Zoom Hand #255686156535:  Hold'em No Limit ($0.05/$0.10) - 2025/04/11 12:25:34 CET [2025/04/11 6:25:34 ET]
Table 'Aludra' 6-max Seat #1 is the button
Seat 1: Mahu2021 ($10.21 in chips) 
Seat 2: MagicMasc ($9.90 in chips) 
Seat 3: Dziokinas ($18.76 in chips) 
Seat 4: denis4250 ($12.45 in chips) 
Seat 5: alexswe974 ($10 in chips) 
Seat 6: KKARMELO ($17.86 in chips) 
MagicMasc: posts small blind $0.05
Dziokinas: posts big blind $0.10
*** HOLE CARDS ***
Dealt to Mahu2021 [Tc 9c]
denis4250: raises $0.15 to $0.25
alexswe974: folds 
KKARMELO: folds 
Mahu2021: calls $0.25
MagicMasc: calls $0.20
Dziokinas: folds 
*** FLOP *** [8c 5c Ts]
MagicMasc: bets $0.51
denis4250: folds 
Mahu2021: calls $0.51
*** TURN *** [8c 5c Ts] [Kd]
MagicMasc: checks 
Mahu2021: bets $1.79
MagicMasc: folds 
Uncalled bet ($1.79) returned to Mahu2021
Mahu2021 collected $1.79 from pot
Mahu2021: doesn't show hand 
*** SUMMARY ***
Total pot $1.87 | Rake $0.08 
Board [8c 5c Ts Kd]
Seat 1: Mahu2021 (button) collected ($1.79)
Seat 2: MagicMasc (small blind) folded on the Turn
Seat 3: Dziokinas (big blind) folded before Flop
Seat 4: denis4250 folded on the Flop
Seat 5: alexswe974 folded before Flop (didn't bet)
Seat 6: KKARMELO folded before Flop (didn't bet)



PokerStars Zoom Hand #255686160786:  Hold'em No Limit ($0.05/$0.10) - 2025/04/11 12:26:16 CET [2025/04/11 6:26:16 ET]
Table 'Aludra' 6-max Seat #1 is the button
Seat 1: Baratrum777 ($10 in chips) 
Seat 2: denis4250 ($29.19 in chips) 
Seat 3: thorindorf ($6.27 in chips) 
Seat 4: dudrj2wl ($15.93 in chips) 
Seat 5: Mahu2021 ($11.24 in chips) 
Seat 6: KianushVo ($14.62 in chips) 
denis4250: posts small blind $0.05
thorindorf: posts big blind $0.10
*** HOLE CARDS ***
Dealt to Mahu2021 [7s Ks]
dudrj2wl: folds 
Mahu2021: folds 
KianushVo: folds 
Baratrum777: raises $0.14 to $0.24
denis4250: calls $0.19
thorindorf: raises $0.72 to $0.96
Baratrum777: folds 
denis4250: folds 
Uncalled bet ($0.72) returned to thorindorf
thorindorf collected $0.72 from pot
thorindorf: doesn't show hand 
*** SUMMARY ***
Total pot $0.72 | Rake $0 
Seat 1: Baratrum777 (button) folded before Flop
Seat 2: denis4250 (small blind) folded before Flop
Seat 3: thorindorf (big blind) collected ($0.72)
Seat 4: dudrj2wl folded before Flop (didn't bet)
Seat 5: Mahu2021 folded before Flop (didn't bet)
Seat 6: KianushVo folded before Flop (didn't bet)



PokerStars Zoom Hand #255686161327:  Hold'em No Limit ($0.05/$0.10) - 2025/04/11 12:26:21 CET [2025/04/11 6:26:21 ET]
Table 'Aludra' 6-max Seat #1 is the button
Seat 1: alexswe974 ($9.90 in chips) 
Seat 2: Mahu2021 ($11.24 in chips) 
Seat 3: Baratrum777 ($10.22 in chips) 
Seat 4: nidal55 ($17.24 in chips) 
Seat 5: Dziokinas ($10.32 in chips) 
Seat 6: AceWise ($14.67 in chips) 
Mahu2021: posts small blind $0.05
Baratrum777: posts big blind $0.10
*** HOLE CARDS ***
Dealt to Mahu2021 [Ks 7d]
nidal55: folds 
Dziokinas: raises $0.15 to $0.25
AceWise: folds 
alexswe974: folds 
Mahu2021: folds 
Baratrum777: folds 
Uncalled bet ($0.15) returned to Dziokinas
Dziokinas collected $0.25 from pot
Dziokinas: doesn't show hand 
*** SUMMARY ***
Total pot $0.25 | Rake $0 
Seat 1: alexswe974 (button) folded before Flop (didn't bet)
Seat 2: Mahu2021 (small blind) folded before Flop
Seat 3: Baratrum777 (big blind) folded before Flop
Seat 4: nidal55 folded before Flop (didn't bet)
Seat 5: Dziokinas collected ($0.25)
Seat 6: AceWise folded before Flop (didn't bet)



PokerStars Zoom Hand #255686161727:  Hold'em No Limit ($0.05/$0.10) - 2025/04/11 12:26:24 CET [2025/04/11 6:26:24 ET]
Table 'Aludra' 6-max Seat #1 is the button
Seat 1: KrayzieNutz ($10 in chips) 
Seat 2: AceWise ($14.67 in chips) 
Seat 3: dudrj2wl ($15.88 in chips) 
Seat 4: Mahu2021 ($11.19 in chips) 
Seat 5: jksgoodgz ($11.92 in chips) 
Seat 6: Cosmic167 ($10 in chips) 
AceWise: posts small blind $0.05
dudrj2wl: posts big blind $0.10
*** HOLE CARDS ***
Dealt to Mahu2021 [9c 7d]
Mahu2021: folds 
jksgoodgz: folds 
Cosmic167: raises $0.13 to $0.23
KrayzieNutz: folds 
AceWise: raises $0.87 to $1.10
dudrj2wl: folds 
Cosmic167: folds 
Uncalled bet ($0.87) returned to AceWise
AceWise collected $0.56 from pot
AceWise: doesn't show hand 
*** SUMMARY ***
Total pot $0.56 | Rake $0 
Seat 1: KrayzieNutz (button) folded before Flop (didn't bet)
Seat 2: AceWise (small blind) collected ($0.56)
Seat 3: dudrj2wl (big blind) folded before Flop
Seat 4: Mahu2021 folded before Flop (didn't bet)
Seat 5: jksgoodgz folded before Flop (didn't bet)
Seat 6: Cosmic167 folded before Flop



PokerStars Zoom Hand #255686162593:  Hold'em No Limit ($0.05/$0.10) - 2025/04/11 12:26:32 CET [2025/04/11 6:26:32 ET]
Table 'Aludra' 6-max Seat #1 is the button
Seat 1: MrSerg_Kharkiv ($13.69 in chips) 
Seat 2: jksgoodgz ($10 in chips) 
Seat 3: Mahu2021 ($11.19 in chips) 
Seat 4: strashilisht ($18.66 in chips) 
Seat 5: KrayzieNutz ($10 in chips) 
Seat 6: Atosz_990 ($9.45 in chips) 
jksgoodgz: posts small blind $0.05
Mahu2021: posts big blind $0.10
*** HOLE CARDS ***
Dealt to Mahu2021 [7s 5c]
strashilisht: raises $0.10 to $0.20
KrayzieNutz: folds 
Atosz_990: folds 
MrSerg_Kharkiv: folds 
jksgoodgz: folds 
Mahu2021: folds 
Uncalled bet ($0.10) returned to strashilisht
strashilisht collected $0.25 from pot
strashilisht: doesn't show hand 
*** SUMMARY ***
Total pot $0.25 | Rake $0 
Seat 1: MrSerg_Kharkiv (button) folded before Flop (didn't bet)
Seat 2: jksgoodgz (small blind) folded before Flop
Seat 3: Mahu2021 (big blind) folded before Flop
Seat 4: strashilisht collected ($0.25)
Seat 5: KrayzieNutz folded before Flop (didn't bet)
Seat 6: Atosz_990 folded before Flop (didn't bet)



PokerStars Zoom Hand #255686163248:  Hold'em No Limit ($0.05/$0.10) - 2025/04/11 12:26:39 CET [2025/04/11 6:26:39 ET]
Table 'Aludra' 6-max Seat #1 is the button
Seat 1: Baratrum777 ($10.12 in chips) 
Seat 2: Mahu2021 ($11.09 in chips) 
Seat 3: dbedet ($10.19 in chips) 
Seat 4: Bur1k ($5.27 in chips) 
Seat 5: nidal55 ($17.34 in chips) 
Seat 6: thorindorf ($6.70 in chips) 
Mahu2021: posts small blind $0.05
dbedet: posts big blind $0.10
*** HOLE CARDS ***
Dealt to Mahu2021 [Ks 6s]
Bur1k: folds 
nidal55: folds 
thorindorf: folds 
Baratrum777: folds 
Mahu2021: folds 
Uncalled bet ($0.05) returned to dbedet
dbedet collected $0.10 from pot
dbedet: doesn't show hand 
*** SUMMARY ***
Total pot $0.10 | Rake $0 
Seat 1: Baratrum777 (button) folded before Flop (didn't bet)
Seat 2: Mahu2021 (small blind) folded before Flop
Seat 3: dbedet (big blind) collected ($0.10)
Seat 4: Bur1k folded before Flop (didn't bet)
Seat 5: nidal55 folded before Flop (didn't bet)
Seat 6: thorindorf folded before Flop (didn't bet)



PokerStars Zoom Hand #255686162181:  Hold'em No Limit ($0.05/$0.10) - 2025/04/11 12:26:28 CET [2025/04/11 6:26:28 ET]
Table 'Aludra' 6-max Seat #1 is the button
Seat 1: Mahu2021 ($11.19 in chips) 
Seat 2: Frankenjura ($10.33 in chips) 
Seat 3: fuckkk nh ($12.20 in chips) 
Seat 4: jksgoodgz ($11.92 in chips) 
Seat 5: PEIOAH6 ($10 in chips) 
Seat 6: Luffy V ($11.84 in chips) 
Frankenjura: posts small blind $0.05
fuckkk nh: posts big blind $0.10
*** HOLE CARDS ***
Dealt to Mahu2021 [8d 5d]
jksgoodgz: folds 
PEIOAH6: folds 
Luffy V: raises $0.15 to $0.25
Mahu2021: folds 
Frankenjura: raises $0.85 to $1.10
fuckkk nh: folds 
Luffy V: folds 
Uncalled bet ($0.85) returned to Frankenjura
Frankenjura collected $0.60 from pot
Frankenjura: doesn't show hand 
*** SUMMARY ***
Total pot $0.60 | Rake $0 
Seat 1: Mahu2021 (button) folded before Flop (didn't bet)
Seat 2: Frankenjura (small blind) collected ($0.60)
Seat 3: fuckkk nh (big blind) folded before Flop
Seat 4: jksgoodgz folded before Flop (didn't bet)
Seat 5: PEIOAH6 folded before Flop (didn't bet)
Seat 6: Luffy V folded before Flop



PokerStars Zoom Hand #255686163697:  Hold'em No Limit ($0.05/$0.10) - 2025/04/11 12:26:43 CET [2025/04/11 6:26:43 ET]
Table 'Aludra' 6-max Seat #1 is the button
Seat 1: strashilisht ($11.39 in chips) 
Seat 2: kimjw800 ($10 in chips) 
Seat 3: thorindorf ($6.70 in chips) 
Seat 4: saltybutler ($32.57 in chips) 
Seat 5: Baratrum777 ($10.12 in chips) 
Seat 6: Mahu2021 ($11.04 in chips) 
kimjw800: posts small blind $0.05
thorindorf: posts big blind $0.10
*** HOLE CARDS ***
Dealt to Mahu2021 [Kc Ks]
saltybutler: raises $0.10 to $0.20
Baratrum777: folds 
Mahu2021: raises $10.84 to $11.04 and is all-in
strashilisht: folds 
kimjw800: folds 
thorindorf: folds 
saltybutler: folds 
Uncalled bet ($10.84) returned to Mahu2021
Mahu2021 collected $0.55 from pot
Mahu2021: doesn't show hand 
*** SUMMARY ***
Total pot $0.55 | Rake $0 
Seat 1: strashilisht (button) folded before Flop (didn't bet)
Seat 2: kimjw800 (small blind) folded before Flop
Seat 3: thorindorf (big blind) folded before Flop
Seat 4: saltybutler folded before Flop
Seat 5: Baratrum777 folded before Flop (didn't bet)
Seat 6: Mahu2021 collected ($0.55)



PokerStars Zoom Hand #255686166743:  Hold'em No Limit ($0.05/$0.10) - 2025/04/11 12:27:12 CET [2025/04/11 6:27:12 ET]
Table 'Aludra' 6-max Seat #1 is the button
Seat 1: Cosmic167 ($11.01 in chips) 
Seat 2: RGR001 ($12.09 in chips) 
Seat 3: kimjw800 ($10 in chips) 
Seat 4: jksgoodgz ($11.20 in chips) 
Seat 5: Mahu2021 ($11.39 in chips) 
Seat 6: JonnHsk ($8.81 in chips) 
RGR001: posts small blind $0.05
kimjw800: posts big blind $0.10
*** HOLE CARDS ***
Dealt to Mahu2021 [2c Qh]
jksgoodgz: folds 
Mahu2021: folds 
JonnHsk: folds 
Cosmic167: folds 
RGR001: folds 
Uncalled bet ($0.05) returned to kimjw800
kimjw800 collected $0.10 from pot
kimjw800: doesn't show hand 
*** SUMMARY ***
Total pot $0.10 | Rake $0 
Seat 1: Cosmic167 (button) folded before Flop (didn't bet)
Seat 2: RGR001 (small blind) folded before Flop
Seat 3: kimjw800 (big blind) collected ($0.10)
Seat 4: jksgoodgz folded before Flop (didn't bet)
Seat 5: Mahu2021 folded before Flop (didn't bet)
Seat 6: JonnHsk folded before Flop (didn't bet)



PokerStars Zoom Hand #255686167152:  Hold'em No Limit ($0.05/$0.10) - 2025/04/11 12:27:16 CET [2025/04/11 6:27:16 ET]
Table 'Aludra' 6-max Seat #1 is the button
Seat 1: Mahu2021 ($11.39 in chips) 
Seat 2: Luffy V ($11.58 in chips) 
Seat 3: PEIOAH6 ($10.15 in chips) 
Seat 4: cornetto07 ($10.51 in chips) 
Seat 5: JonnHsk ($8.81 in chips) 
Seat 6: TheSpirit MS ($10 in chips) 
Luffy V: posts small blind $0.05
PEIOAH6: posts big blind $0.10
*** HOLE CARDS ***
Dealt to Mahu2021 [Kh 6c]
cornetto07: folds 
JonnHsk: raises $0.20 to $0.30
TheSpirit MS: folds 
Mahu2021: folds 
Luffy V: folds 
PEIOAH6: folds 
Uncalled bet ($0.20) returned to JonnHsk
JonnHsk collected $0.25 from pot
JonnHsk: doesn't show hand 
*** SUMMARY ***
Total pot $0.25 | Rake $0 
Seat 1: Mahu2021 (button) folded before Flop (didn't bet)
Seat 2: Luffy V (small blind) folded before Flop
Seat 3: PEIOAH6 (big blind) folded before Flop
Seat 4: cornetto07 folded before Flop (didn't bet)
Seat 5: JonnHsk collected ($0.25)
Seat 6: TheSpirit MS folded before Flop (didn't bet)



PokerStars Zoom Hand #255686167572:  Hold'em No Limit ($0.05/$0.10) - 2025/04/11 12:27:20 CET [2025/04/11 6:27:20 ET]
Table 'Aludra' 6-max Seat #1 is the button
Seat 1: TheSoulTaker666 ($17.97 in chips) 
Seat 2: KKARMELO ($11.58 in chips) 
Seat 3: illusionist2021 ($15.72 in chips) 
Seat 4: Mahu2021 ($11.39 in chips) 
Seat 5: nicolas1112 ($14.21 in chips) 
Seat 6: kingsman5454 ($10.18 in chips) 
KKARMELO: posts small blind $0.05
illusionist2021: posts big blind $0.10
*** HOLE CARDS ***
Dealt to Mahu2021 [Tc Ad]
Mahu2021: raises $0.10 to $0.20
nicolas1112: folds 
kingsman5454: folds 
TheSoulTaker666: folds 
KKARMELO: folds 
illusionist2021: calls $0.10
*** FLOP *** [Td Kd Jc]
illusionist2021: checks 
Mahu2021: bets $0.20
illusionist2021: folds 
Uncalled bet ($0.20) returned to Mahu2021
Mahu2021 collected $0.43 from pot
Mahu2021: doesn't show hand 
*** SUMMARY ***
Total pot $0.45 | Rake $0.02 
Board [Td Kd Jc]
Seat 1: TheSoulTaker666 (button) folded before Flop (didn't bet)
Seat 2: KKARMELO (small blind) folded before Flop
Seat 3: illusionist2021 (big blind) folded on the Flop
Seat 4: Mahu2021 collected ($0.43)
Seat 5: nicolas1112 folded before Flop (didn't bet)
Seat 6: kingsman5454 folded before Flop (didn't bet)



PokerStars Zoom Hand #255686169505:  Hold'em No Limit ($0.05/$0.10) - 2025/04/11 12:27:38 CET [2025/04/11 6:27:38 ET]
Table 'Aludra' 6-max Seat #1 is the button
Seat 1: KianushVo ($14.62 in chips) 
Seat 2: dudrj2wl ($10 in chips) 
Seat 3: Mahu2021 ($11.62 in chips) 
Seat 4: liebhabär ($12.31 in chips) 
Seat 5: JonnHsk ($8.96 in chips) 
Seat 6: Bur1k ($5.45 in chips) 
dudrj2wl: posts small blind $0.05
Mahu2021: posts big blind $0.10
*** HOLE CARDS ***
Dealt to Mahu2021 [3s Kd]
liebhabär: folds 
JonnHsk: raises $0.10 to $0.20
Bur1k: folds 
KianushVo: folds 
dudrj2wl: folds 
Mahu2021: folds 
Uncalled bet ($0.10) returned to JonnHsk
JonnHsk collected $0.25 from pot
JonnHsk: doesn't show hand 
*** SUMMARY ***
Total pot $0.25 | Rake $0 
Seat 1: KianushVo (button) folded before Flop (didn't bet)
Seat 2: dudrj2wl (small blind) folded before Flop
Seat 3: Mahu2021 (big blind) folded before Flop
Seat 4: liebhabär folded before Flop (didn't bet)
Seat 5: JonnHsk collected ($0.25)
Seat 6: Bur1k folded before Flop (didn't bet)



PokerStars Zoom Hand #255686170244:  Hold'em No Limit ($0.05/$0.10) - 2025/04/11 12:27:45 CET [2025/04/11 6:27:45 ET]
Table 'Aludra' 6-max Seat #1 is the button
Seat 1: alexswe974 ($13.15 in chips) 
Seat 2: Mahu2021 ($11.52 in chips) 
Seat 3: cornetto07 ($10.51 in chips) 
Seat 4: Dziokinas ($26.83 in chips) 
Seat 5: honEybOOx ($11.94 in chips) 
Seat 6: Baratrum777 ($10.27 in chips) 
Mahu2021: posts small blind $0.05
cornetto07: posts big blind $0.10
*** HOLE CARDS ***
Dealt to Mahu2021 [9h 2c]
Dziokinas: folds 
honEybOOx: folds 
Baratrum777: folds 
alexswe974: folds 
Mahu2021: folds 
Uncalled bet ($0.05) returned to cornetto07
cornetto07 collected $0.10 from pot
cornetto07: doesn't show hand 
*** SUMMARY ***
Total pot $0.10 | Rake $0 
Seat 1: alexswe974 (button) folded before Flop (didn't bet)
Seat 2: Mahu2021 (small blind) folded before Flop
Seat 3: cornetto07 (big blind) collected ($0.10)
Seat 4: Dziokinas folded before Flop (didn't bet)
Seat 5: honEybOOx folded before Flop (didn't bet)
Seat 6: Baratrum777 folded before Flop (didn't bet)



PokerStars Zoom Hand #255686171769:  Hold'em No Limit ($0.05/$0.10) - 2025/04/11 12:28:00 CET [2025/04/11 6:28:00 ET]
Table 'Aludra' 6-max Seat #1 is the button
Seat 1: KKARMELO ($17.76 in chips) 
Seat 2: jksgoodgz ($10.20 in chips) 
Seat 3: Mahu2021 ($11.47 in chips) 
Seat 4: AceWise ($15.05 in chips) 
Seat 5: cornetto07 ($10.49 in chips) 
Seat 6: Matzet1ka ($10 in chips) 
jksgoodgz: posts small blind $0.05
Mahu2021: posts big blind $0.10
*** HOLE CARDS ***
Dealt to Mahu2021 [6h 4c]
AceWise: folds 
cornetto07: folds 
Matzet1ka: folds 
KKARMELO: raises $0.15 to $0.25
jksgoodgz: folds 
Mahu2021: folds 
Uncalled bet ($0.15) returned to KKARMELO
KKARMELO collected $0.25 from pot
KKARMELO: doesn't show hand 
*** SUMMARY ***
Total pot $0.25 | Rake $0 
Seat 1: KKARMELO (button) collected ($0.25)
Seat 2: jksgoodgz (small blind) folded before Flop
Seat 3: Mahu2021 (big blind) folded before Flop
Seat 4: AceWise folded before Flop (didn't bet)
Seat 5: cornetto07 folded before Flop (didn't bet)
Seat 6: Matzet1ka folded before Flop (didn't bet)



PokerStars Zoom Hand #255686173760:  Hold'em No Limit ($0.05/$0.10) - 2025/04/11 12:28:19 CET [2025/04/11 6:28:19 ET]
Table 'Aludra' 6-max Seat #1 is the button
Seat 1: Mahu2021 ($11.32 in chips) 
Seat 2: liebhabär ($27.59 in chips) 
Seat 3: royacht ($10.84 in chips) 
Seat 4: KKARMELO ($17.91 in chips) 
Seat 5: KianushVo ($14.62 in chips) 
Seat 6: jksgoodgz ($17.53 in chips) 
liebhabär: posts small blind $0.05
royacht: posts big blind $0.10
*** HOLE CARDS ***
Dealt to Mahu2021 [3d 5c]
KKARMELO: raises $0.10 to $0.20
KianushVo: folds 
jksgoodgz: folds 
Mahu2021: folds 
liebhabär: folds 
royacht: folds 
Uncalled bet ($0.10) returned to KKARMELO
KKARMELO collected $0.25 from pot
KKARMELO: doesn't show hand 
*** SUMMARY ***
Total pot $0.25 | Rake $0 
Seat 1: Mahu2021 (button) folded before Flop (didn't bet)
Seat 2: liebhabär (small blind) folded before Flop
Seat 3: royacht (big blind) folded before Flop
Seat 4: KKARMELO collected ($0.25)
Seat 5: KianushVo folded before Flop (didn't bet)
Seat 6: jksgoodgz folded before Flop (didn't bet)



PokerStars Zoom Hand #255686172827:  Hold'em No Limit ($0.05/$0.10) - 2025/04/11 12:28:11 CET [2025/04/11 6:28:11 ET]
Table 'Aludra' 6-max Seat #1 is the button
Seat 1: dillon524 ($10 in chips) 
Seat 2: nicolas1112 ($14.35 in chips) 
Seat 3: Matzet1ka ($10 in chips) 
Seat 4: dbedet ($9.92 in chips) 
Seat 5: Dziokinas ($10.45 in chips) 
Seat 6: Mahu2021 ($11.37 in chips) 
nicolas1112: posts small blind $0.05
Matzet1ka: posts big blind $0.10
*** HOLE CARDS ***
Dealt to Mahu2021 [7d 3h]
dbedet: folds 
Dziokinas: folds 
Mahu2021: folds 
dillon524: folds 
nicolas1112: raises $0.20 to $0.30
Matzet1ka: folds 
Uncalled bet ($0.20) returned to nicolas1112
nicolas1112 collected $0.20 from pot
nicolas1112: doesn't show hand 
*** SUMMARY ***
Total pot $0.20 | Rake $0 
Seat 1: dillon524 (button) folded before Flop (didn't bet)
Seat 2: nicolas1112 (small blind) collected ($0.20)
Seat 3: Matzet1ka (big blind) folded before Flop
Seat 4: dbedet folded before Flop (didn't bet)
Seat 5: Dziokinas folded before Flop (didn't bet)
Seat 6: Mahu2021 folded before Flop (didn't bet)



PokerStars Zoom Hand #255686170575:  Hold'em No Limit ($0.05/$0.10) - 2025/04/11 12:27:49 CET [2025/04/11 6:27:49 ET]
Table 'Aludra' 6-max Seat #1 is the button
Seat 1: Luffy V ($12.92 in chips) 
Seat 2: Matzet1ka ($10 in chips) 
Seat 3: thekla76 ($10 in chips) 
Seat 4: PEIOAH6 ($10.05 in chips) 
Seat 5: nidal55 ($12.27 in chips) 
Seat 6: Mahu2021 ($11.47 in chips) 
Matzet1ka: posts small blind $0.05
thekla76: posts big blind $0.10
*** HOLE CARDS ***
Dealt to Mahu2021 [Qs 6d]
PEIOAH6: raises $0.20 to $0.30
nidal55: folds 
Mahu2021: folds 
Luffy V: folds 
Matzet1ka: folds 
thekla76: calls $0.20
*** FLOP *** [Jc 3c 5s]
thekla76: checks 
PEIOAH6: bets $0.31
thekla76: calls $0.31
*** TURN *** [Jc 3c 5s] [2s]
thekla76: checks 
PEIOAH6: checks 
*** RIVER *** [Jc 3c 5s 2s] [3s]
thekla76: checks 
PEIOAH6: checks 
*** SHOW DOWN ***
thekla76: shows [Qd Ah] (a pair of Threes)
PEIOAH6: shows [7s 7h] (two pair, Sevens and Threes)
PEIOAH6 collected $1.21 from pot
*** SUMMARY ***
Total pot $1.27 | Rake $0.06 
Board [Jc 3c 5s 2s 3s]
Seat 1: Luffy V (button) folded before Flop (didn't bet)
Seat 2: Matzet1ka (small blind) folded before Flop
Seat 3: thekla76 (big blind) showed [Qd Ah] and lost with a pair of Threes
Seat 4: PEIOAH6 showed [7s 7h] and won ($1.21) with two pair, Sevens and Threes
Seat 5: nidal55 folded before Flop (didn't bet)
Seat 6: Mahu2021 folded before Flop (didn't bet)



PokerStars Zoom Hand #255686170932:  Hold'em No Limit ($0.05/$0.10) - 2025/04/11 12:27:52 CET [2025/04/11 6:27:52 ET]
Table 'Aludra' 6-max Seat #1 is the button
Seat 1: Atosz_990 ($9.97 in chips) 
Seat 2: denis4250 ($27.83 in chips) 
Seat 3: JonnHsk ($9.11 in chips) 
Seat 4: dudrj2wl ($10 in chips) 
Seat 5: Mahu2021 ($11.47 in chips) 
Seat 6: illusionist2021 ($15.67 in chips) 
denis4250: posts small blind $0.05
JonnHsk: posts big blind $0.10
*** HOLE CARDS ***
Dealt to Mahu2021 [Tc 3d]
dudrj2wl: folds 
Mahu2021: folds 
illusionist2021: folds 
Atosz_990: raises $0.20 to $0.30
denis4250: calls $0.25
JonnHsk: folds 
*** FLOP *** [Qh Jd Qd]
denis4250: checks 
Atosz_990: checks 
*** TURN *** [Qh Jd Qd] [Kh]
denis4250: checks 
Atosz_990: checks 
*** RIVER *** [Qh Jd Qd Kh] [Qc]
denis4250: bets $0.24
Atosz_990: folds 
Uncalled bet ($0.24) returned to denis4250
denis4250 collected $0.67 from pot
denis4250: doesn't show hand 
*** SUMMARY ***
Total pot $0.70 | Rake $0.03 
Board [Qh Jd Qd Kh Qc]
Seat 1: Atosz_990 (button) folded on the River
Seat 2: denis4250 (small blind) collected ($0.67)
Seat 3: JonnHsk (big blind) folded before Flop
Seat 4: dudrj2wl folded before Flop (didn't bet)
Seat 5: Mahu2021 folded before Flop (didn't bet)
Seat 6: illusionist2021 folded before Flop (didn't bet)



PokerStars Zoom Hand #255686173310:  Hold'em No Limit ($0.05/$0.10) - 2025/04/11 12:28:15 CET [2025/04/11 6:28:15 ET]
Table 'Aludra' 6-max Seat #1 is the button
Seat 1: TheSpirit MS ($10 in chips) 
Seat 2: Mahu2021 ($11.37 in chips) 
Seat 3: Baratrum777 ($10.27 in chips) 
Seat 4: KKARMELO ($17.91 in chips) 
Seat 5: Luffy V ($12.87 in chips) 
Seat 6: saltybutler ($41.26 in chips) 
Mahu2021: posts small blind $0.05
Baratrum777: posts big blind $0.10
*** HOLE CARDS ***
Dealt to Mahu2021 [6h 6d]
KKARMELO: folds 
Luffy V: folds 
saltybutler: raises $0.13 to $0.23
TheSpirit MS: folds 
Mahu2021: folds 
Baratrum777: calls $0.13
*** FLOP *** [2c 4h Jd]
Baratrum777: checks 
saltybutler: bets $0.25
Baratrum777: folds 
Uncalled bet ($0.25) returned to saltybutler
saltybutler collected $0.49 from pot
saltybutler: doesn't show hand 
*** SUMMARY ***
Total pot $0.51 | Rake $0.02 
Board [2c 4h Jd]
Seat 1: TheSpirit MS (button) folded before Flop (didn't bet)
Seat 2: Mahu2021 (small blind) folded before Flop
Seat 3: Baratrum777 (big blind) folded on the Flop
Seat 4: KKARMELO folded before Flop (didn't bet)
Seat 5: Luffy V folded before Flop (didn't bet)
Seat 6: saltybutler collected ($0.49)



PokerStars Zoom Hand #255686174590:  Hold'em No Limit ($0.05/$0.10) - 2025/04/11 12:28:27 CET [2025/04/11 6:28:27 ET]
Table 'Aludra' 6-max Seat #1 is the button
Seat 1: MagicMasc ($7.32 in chips) 
Seat 2: Dziokinas ($26.48 in chips) 
Seat 3: jksgoodgz ($10.15 in chips) 
Seat 4: dbedet ($13.18 in chips) 
Seat 5: AceWise ($11.62 in chips) 
Seat 6: Mahu2021 ($11.32 in chips) 
Dziokinas: posts small blind $0.05
jksgoodgz: posts big blind $0.10
*** HOLE CARDS ***
Dealt to Mahu2021 [5c 6s]
dbedet: folds 
AceWise: folds 
Mahu2021: folds 
MagicMasc: raises $0.17 to $0.27
Dziokinas: folds 
jksgoodgz: folds 
Uncalled bet ($0.17) returned to MagicMasc
MagicMasc collected $0.25 from pot
MagicMasc: doesn't show hand 
*** SUMMARY ***
Total pot $0.25 | Rake $0 
Seat 1: MagicMasc (button) collected ($0.25)
Seat 2: Dziokinas (small blind) folded before Flop
Seat 3: jksgoodgz (big blind) folded before Flop
Seat 4: dbedet folded before Flop (didn't bet)
Seat 5: AceWise folded before Flop (didn't bet)
Seat 6: Mahu2021 folded before Flop (didn't bet)



PokerStars Zoom Hand #255686174153:  Hold'em No Limit ($0.05/$0.10) - 2025/04/11 12:28:23 CET [2025/04/11 6:28:23 ET]
Table 'Aludra' 6-max Seat #1 is the button
Seat 1: Frankenjura ($11.12 in chips) 
Seat 2: Bur1k ($5.05 in chips) 
Seat 3: RGR001 ($12.19 in chips) 
Seat 4: Mahu2021 ($11.32 in chips) 
Seat 5: Dziokinas ($10.45 in chips) 
Seat 6: Plamennn ($34.84 in chips) 
Bur1k: posts small blind $0.05
RGR001: posts big blind $0.10
*** HOLE CARDS ***
Dealt to Mahu2021 [2d Jd]
Mahu2021: folds 
Dziokinas: folds 
Plamennn: folds 
Frankenjura: folds 
Bur1k: raises $0.14 to $0.24
RGR001: calls $0.14
*** FLOP *** [Ad Js 8c]
Bur1k: checks 
RGR001: bets $0.20
Bur1k: folds 
Uncalled bet ($0.20) returned to RGR001
RGR001 collected $0.46 from pot
RGR001: doesn't show hand 
*** SUMMARY ***
Total pot $0.48 | Rake $0.02 
Board [Ad Js 8c]
Seat 1: Frankenjura (button) folded before Flop (didn't bet)
Seat 2: Bur1k (small blind) folded on the Flop
Seat 3: RGR001 (big blind) collected ($0.46)
Seat 4: Mahu2021 folded before Flop (didn't bet)
Seat 5: Dziokinas folded before Flop (didn't bet)
Seat 6: Plamennn folded before Flop (didn't bet)



PokerStars Zoom Hand #255686174902:  Hold'em No Limit ($0.05/$0.10) - 2025/04/11 12:28:30 CET [2025/04/11 6:28:30 ET]
Table 'Aludra' 6-max Seat #1 is the button
Seat 1: Mahu2021 ($11.32 in chips) 
Seat 2: kingsman5454 ($10.08 in chips) 
Seat 3: macbeth11 ($10 in chips) 
Seat 4: alexswe974 ($10.10 in chips) 
Seat 5: dillon524 ($10 in chips) 
Seat 6: McBlazen ($11.74 in chips) 
kingsman5454: posts small blind $0.05
macbeth11: posts big blind $0.10
*** HOLE CARDS ***
Dealt to Mahu2021 [9c 5d]
alexswe974: folds 
dillon524: raises $0.15 to $0.25
McBlazen: calls $0.25
Mahu2021: folds 
kingsman5454: folds 
macbeth11: folds 
*** FLOP *** [9h Qh Td]
dillon524: bets $0.37
McBlazen: raises $0.37 to $0.74
dillon524: folds 
Uncalled bet ($0.37) returned to McBlazen
McBlazen collected $1.33 from pot
McBlazen: doesn't show hand 
*** SUMMARY ***
Total pot $1.39 | Rake $0.06 
Board [9h Qh Td]
Seat 1: Mahu2021 (button) folded before Flop (didn't bet)
Seat 2: kingsman5454 (small blind) folded before Flop
Seat 3: macbeth11 (big blind) folded before Flop
Seat 4: alexswe974 folded before Flop (didn't bet)
Seat 5: dillon524 folded on the Flop
Seat 6: McBlazen collected ($1.33)



PokerStars Zoom Hand #255686175326:  Hold'em No Limit ($0.05/$0.10) - 2025/04/11 12:28:34 CET [2025/04/11 6:28:34 ET]
Table 'Aludra' 6-max Seat #1 is the button
Seat 1: denis4250 ($28.20 in chips) 
Seat 2: Mahu2021 ($11.32 in chips) 
Seat 3: alexswe974 ($10.10 in chips) 
Seat 4: stigul ($22.76 in chips) 
Seat 5: TheSpirit MS ($10 in chips) 
Seat 6: Matzet1ka ($10.15 in chips) 
Mahu2021: posts small blind $0.05
alexswe974: posts big blind $0.10
*** HOLE CARDS ***
Dealt to Mahu2021 [9s As]
stigul: raises $0.25 to $0.35
TheSpirit MS: folds 
Matzet1ka: folds 
denis4250: folds 
Mahu2021: calls $0.30
alexswe974: folds 
*** FLOP *** [Qd Js 2s]
Mahu2021: checks 
stigul: bets $0.76
Mahu2021: calls $0.76
*** TURN *** [Qd Js 2s] [4d]
Mahu2021: checks 
stigul: checks 
*** RIVER *** [Qd Js 2s 4d] [4s]
Mahu2021: bets $2.22
stigul: folds 
Uncalled bet ($2.22) returned to Mahu2021
Mahu2021 collected $2.22 from pot
Mahu2021: doesn't show hand 
*** SUMMARY ***
Total pot $2.32 | Rake $0.10 
Board [Qd Js 2s 4d 4s]
Seat 1: denis4250 (button) folded before Flop (didn't bet)
Seat 2: Mahu2021 (small blind) collected ($2.22)
Seat 3: alexswe974 (big blind) folded before Flop
Seat 4: stigul folded on the River
Seat 5: TheSpirit MS folded before Flop (didn't bet)
Seat 6: Matzet1ka folded before Flop (didn't bet)



PokerStars Zoom Hand #255686171340:  Hold'em No Limit ($0.05/$0.10) - 2025/04/11 12:27:56 CET [2025/04/11 6:27:56 ET]
Table 'Aludra' 6-max Seat #1 is the button
Seat 1: jksgoodgz ($17.58 in chips) 
Seat 2: Bur1k ($5.36 in chips) 
Seat 3: Dziokinas ($10.60 in chips) 
Seat 4: KKARMELO ($11.53 in chips) 
Seat 5: Mahu2021 ($11.47 in chips) 
Seat 6: dudrj2wl ($15.73 in chips) 
Bur1k: posts small blind $0.05
Dziokinas: posts big blind $0.10
*** HOLE CARDS ***
Dealt to Mahu2021 [3s Kh]
KKARMELO: raises $0.10 to $0.20
Mahu2021: folds 
dudrj2wl: folds 
jksgoodgz: folds 
Bur1k: calls $0.15
Dziokinas: folds 
*** FLOP *** [Tc 2s 9c]
Bur1k: checks 
KKARMELO: bets $0.24
Bur1k: calls $0.24
*** TURN *** [Tc 2s 9c] [5d]
Bur1k: checks 
KKARMELO: bets $0.50
Bur1k: calls $0.50
*** RIVER *** [Tc 2s 9c 5d] [Td]
Bur1k: checks 
KKARMELO: bets $1.25
Bur1k: folds 
Uncalled bet ($1.25) returned to KKARMELO
KKARMELO collected $1.89 from pot
KKARMELO: doesn't show hand 
*** SUMMARY ***
Total pot $1.98 | Rake $0.09 
Board [Tc 2s 9c 5d Td]
Seat 1: jksgoodgz (button) folded before Flop (didn't bet)
Seat 2: Bur1k (small blind) folded on the River
Seat 3: Dziokinas (big blind) folded before Flop
Seat 4: KKARMELO collected ($1.89)
Seat 5: Mahu2021 folded before Flop (didn't bet)
Seat 6: dudrj2wl folded before Flop (didn't bet)



PokerStars Zoom Hand #255686178345:  Hold'em No Limit ($0.05/$0.10) - 2025/04/11 12:29:03 CET [2025/04/11 6:29:03 ET]
Table 'Aludra' 6-max Seat #1 is the button
Seat 1: mddurrani123 ($14.56 in chips) 
Seat 2: saltybutler ($26.10 in chips) 
Seat 3: Mahu2021 ($12.43 in chips) 
Seat 4: Clicker89 ($10 in chips) 
Seat 5: nicolas1112 ($14.70 in chips) 
Seat 6: thorindorf ($6.85 in chips) 
saltybutler: posts small blind $0.05
Mahu2021: posts big blind $0.10
*** HOLE CARDS ***
Dealt to Mahu2021 [8c 6c]
Clicker89: folds 
nicolas1112: folds 
thorindorf: folds 
mddurrani123: calls $0.10
saltybutler: calls $0.05
Mahu2021: checks 
*** FLOP *** [As 9c 2c]
saltybutler: checks 
Mahu2021: bets $0.29
mddurrani123: folds 
saltybutler: calls $0.29
*** TURN *** [As 9c 2c] [3s]
saltybutler: checks 
Mahu2021: checks 
*** RIVER *** [As 9c 2c 3s] [3h]
saltybutler: bets $0.83
Mahu2021: folds 
Uncalled bet ($0.83) returned to saltybutler
saltybutler collected $0.84 from pot
saltybutler: doesn't show hand 
*** SUMMARY ***
Total pot $0.88 | Rake $0.04 
Board [As 9c 2c 3s 3h]
Seat 1: mddurrani123 (button) folded on the Flop
Seat 2: saltybutler (small blind) collected ($0.84)
Seat 3: Mahu2021 (big blind) folded on the River
Seat 4: Clicker89 folded before Flop (didn't bet)
Seat 5: nicolas1112 folded before Flop (didn't bet)
Seat 6: thorindorf folded before Flop (didn't bet)



PokerStars Zoom Hand #255686182358:  Hold'em No Limit ($0.05/$0.10) - 2025/04/11 12:29:41 CET [2025/04/11 6:29:41 ET]
Table 'Aludra' 6-max Seat #1 is the button
Seat 1: cornetto07 ($10 in chips) 
Seat 2: alexswe974 ($10.15 in chips) 
Seat 3: jksgoodgz ($13.85 in chips) 
Seat 4: cinkelö ($28.95 in chips) 
Seat 5: nidal55 ($11.33 in chips) 
Seat 6: Mahu2021 ($12.04 in chips) 
alexswe974: posts small blind $0.05
jksgoodgz: posts big blind $0.10
*** HOLE CARDS ***
Dealt to Mahu2021 [9c 4h]
cinkelö: raises $0.15 to $0.25
nidal55: folds 
Mahu2021: folds 
cornetto07: folds 
alexswe974: folds 
jksgoodgz: folds 
Uncalled bet ($0.15) returned to cinkelö
cinkelö collected $0.25 from pot
cinkelö: doesn't show hand 
*** SUMMARY ***
Total pot $0.25 | Rake $0 
Seat 1: cornetto07 (button) folded before Flop (didn't bet)
Seat 2: alexswe974 (small blind) folded before Flop
Seat 3: jksgoodgz (big blind) folded before Flop
Seat 4: cinkelö collected ($0.25)
Seat 5: nidal55 folded before Flop (didn't bet)
Seat 6: Mahu2021 folded before Flop (didn't bet)



PokerStars Zoom Hand #255686183555:  Hold'em No Limit ($0.05/$0.10) - 2025/04/11 12:29:52 CET [2025/04/11 6:29:52 ET]
Table 'Aludra' 6-max Seat #1 is the button
Seat 1: Mahu2021 ($12.04 in chips) 
Seat 2: Dziokinas ($10.17 in chips) 
Seat 3: honEybOOx ($12.60 in chips) 
Seat 4: kingsman5454 ($10.19 in chips) 
Seat 5: KrayzieNutz ($10 in chips) 
Seat 6: RGR001 ($12.41 in chips) 
Dziokinas: posts small blind $0.05
honEybOOx: posts big blind $0.10
*** HOLE CARDS ***
Dealt to Mahu2021 [2c 8d]
kingsman5454: folds 
KrayzieNutz: folds 
RGR001: folds 
Mahu2021: folds 
Dziokinas: folds 
Uncalled bet ($0.05) returned to honEybOOx
honEybOOx collected $0.10 from pot
honEybOOx: doesn't show hand 
*** SUMMARY ***
Total pot $0.10 | Rake $0 
Seat 1: Mahu2021 (button) folded before Flop (didn't bet)
Seat 2: Dziokinas (small blind) folded before Flop
Seat 3: honEybOOx (big blind) collected ($0.10)
Seat 4: kingsman5454 folded before Flop (didn't bet)
Seat 5: KrayzieNutz folded before Flop (didn't bet)
Seat 6: RGR001 folded before Flop (didn't bet)



PokerStars Zoom Hand #255686183985:  Hold'em No Limit ($0.05/$0.10) - 2025/04/11 12:29:56 CET [2025/04/11 6:29:56 ET]
Table 'Aludra' 6-max Seat #1 is the button
Seat 1: dbedet ($10.74 in chips) 
Seat 2: cinkelö ($29.10 in chips) 
Seat 3: kingsman5454 ($10.19 in chips) 
Seat 4: Bur1k ($5 in chips) 
Seat 5: Mahu2021 ($12.04 in chips) 
Seat 6: nidal55 ($12.12 in chips) 
cinkelö: posts small blind $0.05
kingsman5454: posts big blind $0.10
*** HOLE CARDS ***
Dealt to Mahu2021 [6h As]
Bur1k: folds 
Mahu2021: folds 
nidal55: folds 
dbedet: folds 
cinkelö: folds 
Uncalled bet ($0.05) returned to kingsman5454
kingsman5454 collected $0.10 from pot
kingsman5454: doesn't show hand 
*** SUMMARY ***
Total pot $0.10 | Rake $0 
Seat 1: dbedet (button) folded before Flop (didn't bet)
Seat 2: cinkelö (small blind) folded before Flop
Seat 3: kingsman5454 (big blind) collected ($0.10)
Seat 4: Bur1k folded before Flop (didn't bet)
Seat 5: Mahu2021 folded before Flop (didn't bet)
Seat 6: nidal55 folded before Flop (didn't bet)



PokerStars Zoom Hand #255686183000:  Hold'em No Limit ($0.05/$0.10) - 2025/04/11 12:29:48 CET [2025/04/11 6:29:48 ET]
Table 'Aludra' 6-max Seat #1 is the button
Seat 1: Plamennn ($33.38 in chips) 
Seat 2: haravoin ($33.46 in chips) 
Seat 3: nidal55 ($13.10 in chips) 
Seat 4: cornetto07 ($10.56 in chips) 
Seat 5: Mahu2021 ($12.04 in chips) 
Seat 6: dudrj2wl ($10 in chips) 
haravoin: posts small blind $0.05
nidal55: posts big blind $0.10
*** HOLE CARDS ***
Dealt to Mahu2021 [2s Ad]
cornetto07: raises $0.25 to $0.35
Mahu2021: folds 
dudrj2wl: folds 
Plamennn: raises $0.85 to $1.20
haravoin: folds 
nidal55: folds 
cornetto07: calls $0.85
*** FLOP *** [Kd 6h 6c]
cornetto07: checks 
Plamennn: bets $1.22
cornetto07: folds 
Uncalled bet ($1.22) returned to Plamennn
Plamennn collected $2.44 from pot
Plamennn: doesn't show hand 
*** SUMMARY ***
Total pot $2.55 | Rake $0.11 
Board [Kd 6h 6c]
Seat 1: Plamennn (button) collected ($2.44)
Seat 2: haravoin (small blind) folded before Flop
Seat 3: nidal55 (big blind) folded before Flop
Seat 4: cornetto07 folded on the Flop
Seat 5: Mahu2021 folded before Flop (didn't bet)
Seat 6: dudrj2wl folded before Flop (didn't bet)



PokerStars Zoom Hand #255686184443:  Hold'em No Limit ($0.05/$0.10) - 2025/04/11 12:30:01 CET [2025/04/11 6:30:01 ET]
Table 'Aludra' 6-max Seat #1 is the button
Seat 1: jksgoodgz ($10 in chips) 
Seat 2: Frankenjura ($11.34 in chips) 
Seat 3: Bur1k ($5 in chips) 
Seat 4: Mahu2021 ($12.04 in chips) 
Seat 5: cornetto07 ($10.15 in chips) 
Seat 6: liebhabär ($12.06 in chips) 
Frankenjura: posts small blind $0.05
Bur1k: posts big blind $0.10
*** HOLE CARDS ***
Dealt to Mahu2021 [5d 8d]
Mahu2021: folds 
cornetto07: raises $0.25 to $0.35
liebhabär: folds 
jksgoodgz: folds 
Frankenjura: folds 
Bur1k: folds 
Uncalled bet ($0.25) returned to cornetto07
cornetto07 collected $0.25 from pot
cornetto07: doesn't show hand 
*** SUMMARY ***
Total pot $0.25 | Rake $0 
Seat 1: jksgoodgz (button) folded before Flop (didn't bet)
Seat 2: Frankenjura (small blind) folded before Flop
Seat 3: Bur1k (big blind) folded before Flop
Seat 4: Mahu2021 folded before Flop (didn't bet)
Seat 5: cornetto07 collected ($0.25)
Seat 6: liebhabär folded before Flop (didn't bet)



PokerStars Zoom Hand #255686184786:  Hold'em No Limit ($0.05/$0.10) - 2025/04/11 12:30:04 CET [2025/04/11 6:30:04 ET]
Table 'Aludra' 6-max Seat #1 is the button
Seat 1: cinkelö ($29.05 in chips) 
Seat 2: Mahu2021 ($12.04 in chips) 
Seat 3: royacht ($10.74 in chips) 
Seat 4: KianushVo ($9.85 in chips) 
Seat 5: nicolas1112 ($14.70 in chips) 
Seat 6: pokeripuikko ($18.57 in chips) 
Mahu2021: posts small blind $0.05
royacht: posts big blind $0.10
*** HOLE CARDS ***
Dealt to Mahu2021 [2d Qs]
KianushVo: raises $0.10 to $0.20
nicolas1112: folds 
pokeripuikko: raises $0.50 to $0.70
cinkelö: folds 
Mahu2021: folds 
royacht: folds 
KianushVo: folds 
Uncalled bet ($0.50) returned to pokeripuikko
pokeripuikko collected $0.55 from pot
pokeripuikko: doesn't show hand 
*** SUMMARY ***
Total pot $0.55 | Rake $0 
Seat 1: cinkelö (button) folded before Flop (didn't bet)
Seat 2: Mahu2021 (small blind) folded before Flop
Seat 3: royacht (big blind) folded before Flop
Seat 4: KianushVo folded before Flop
Seat 5: nicolas1112 folded before Flop (didn't bet)
Seat 6: pokeripuikko collected ($0.55)



PokerStars Zoom Hand #255686185302:  Hold'em No Limit ($0.05/$0.10) - 2025/04/11 12:30:09 CET [2025/04/11 6:30:09 ET]
Table 'Aludra' 6-max Seat #1 is the button
Seat 1: thekla76 ($6.20 in chips) 
Seat 2: PEIOAH6 ($10 in chips) 
Seat 3: Mahu2021 ($11.99 in chips) 
Seat 4: illusionist2021 ($15.07 in chips) 
Seat 5: kimjw800 ($10.42 in chips) 
Seat 6: cornetto07 ($10 in chips) 
PEIOAH6: posts small blind $0.05
Mahu2021: posts big blind $0.10
*** HOLE CARDS ***
Dealt to Mahu2021 [6c Qh]
illusionist2021: folds 
kimjw800: folds 
cornetto07: raises $0.25 to $0.35
thekla76: folds 
PEIOAH6: folds 
Mahu2021: folds 
Uncalled bet ($0.25) returned to cornetto07
cornetto07 collected $0.25 from pot
cornetto07: doesn't show hand 
*** SUMMARY ***
Total pot $0.25 | Rake $0 
Seat 1: thekla76 (button) folded before Flop (didn't bet)
Seat 2: PEIOAH6 (small blind) folded before Flop
Seat 3: Mahu2021 (big blind) folded before Flop
Seat 4: illusionist2021 folded before Flop (didn't bet)
Seat 5: kimjw800 folded before Flop (didn't bet)
Seat 6: cornetto07 collected ($0.25)



PokerStars Zoom Hand #255686188026:  Hold'em No Limit ($0.05/$0.10) - 2025/04/11 12:30:35 CET [2025/04/11 6:30:35 ET]
Table 'Aludra' 6-max Seat #1 is the button
Seat 1: nicolas1112 ($14.55 in chips) 
Seat 2: MrSerg_Kharkiv ($14.07 in chips) 
Seat 3: Mahu2021 ($11.89 in chips) 
Seat 4: saltybutler ($41.10 in chips) 
Seat 5: denis4250 ($32.19 in chips) 
Seat 6: Amrutha378 ($9.85 in chips) 
MrSerg_Kharkiv: posts small blind $0.05
Mahu2021: posts big blind $0.10
*** HOLE CARDS ***
Dealt to Mahu2021 [Qs 6c]
saltybutler: folds 
denis4250: folds 
Amrutha378: folds 
nicolas1112: folds 
MrSerg_Kharkiv: raises $0.15 to $0.25
Mahu2021: folds 
Uncalled bet ($0.15) returned to MrSerg_Kharkiv
MrSerg_Kharkiv collected $0.20 from pot
MrSerg_Kharkiv: doesn't show hand 
*** SUMMARY ***
Total pot $0.20 | Rake $0 
Seat 1: nicolas1112 (button) folded before Flop (didn't bet)
Seat 2: MrSerg_Kharkiv (small blind) collected ($0.20)
Seat 3: Mahu2021 (big blind) folded before Flop
Seat 4: saltybutler folded before Flop (didn't bet)
Seat 5: denis4250 folded before Flop (didn't bet)
Seat 6: Amrutha378 folded before Flop (didn't bet)



PokerStars Zoom Hand #255686187180:  Hold'em No Limit ($0.05/$0.10) - 2025/04/11 12:30:27 CET [2025/04/11 6:30:27 ET]
Table 'Aludra' 6-max Seat #1 is the button
Seat 1: saltybutler ($26.45 in chips) 
Seat 2: jksgoodgz ($10.77 in chips) 
Seat 3: McBlazen ($12.22 in chips) 
Seat 4: Mahu2021 ($11.89 in chips) 
Seat 5: Matzet1ka ($10 in chips) 
Seat 6: Bur1k ($5.77 in chips) 
jksgoodgz: posts small blind $0.05
McBlazen: posts big blind $0.10
*** HOLE CARDS ***
Dealt to Mahu2021 [8s 4h]
Mahu2021: folds 
Matzet1ka: folds 
Bur1k: raises $0.14 to $0.24
saltybutler: folds 
jksgoodgz: folds 
McBlazen: folds 
Uncalled bet ($0.14) returned to Bur1k
Bur1k collected $0.25 from pot
Bur1k: doesn't show hand 
*** SUMMARY ***
Total pot $0.25 | Rake $0 
Seat 1: saltybutler (button) folded before Flop (didn't bet)
Seat 2: jksgoodgz (small blind) folded before Flop
Seat 3: McBlazen (big blind) folded before Flop
Seat 4: Mahu2021 folded before Flop (didn't bet)
Seat 5: Matzet1ka folded before Flop (didn't bet)
Seat 6: Bur1k collected ($0.25)



PokerStars Zoom Hand #255686187623:  Hold'em No Limit ($0.05/$0.10) - 2025/04/11 12:30:31 CET [2025/04/11 6:30:31 ET]
Table 'Aludra' 6-max Seat #1 is the button
Seat 1: strashilisht ($17.38 in chips) 
Seat 2: pokeripuikko ($11.59 in chips) 
Seat 3: jksgoodgz ($10.25 in chips) 
Seat 4: Mahu2021 ($11.89 in chips) 
Seat 5: RGR001 ($12.26 in chips) 
Seat 6: Anegyhetes7777 ($9.23 in chips) 
pokeripuikko: posts small blind $0.05
jksgoodgz: posts big blind $0.10
*** HOLE CARDS ***
Dealt to Mahu2021 [Ad 2h]
Mahu2021: folds 
RGR001: folds 
Anegyhetes7777: raises $0.10 to $0.20
strashilisht: folds 
pokeripuikko: folds 
jksgoodgz: calls $0.10
*** FLOP *** [As 2c Jd]
jksgoodgz: checks 
Anegyhetes7777: bets $0.22
jksgoodgz: raises $0.58 to $0.80
Anegyhetes7777: calls $0.58
*** TURN *** [As 2c Jd] [8c]
jksgoodgz: bets $2.45
Anegyhetes7777: folds 
Uncalled bet ($2.45) returned to jksgoodgz
jksgoodgz collected $1.96 from pot
jksgoodgz: doesn't show hand 
*** SUMMARY ***
Total pot $2.05 | Rake $0.09 
Board [As 2c Jd 8c]
Seat 1: strashilisht (button) folded before Flop (didn't bet)
Seat 2: pokeripuikko (small blind) folded before Flop
Seat 3: jksgoodgz (big blind) collected ($1.96)
Seat 4: Mahu2021 folded before Flop (didn't bet)
Seat 5: RGR001 folded before Flop (didn't bet)
Seat 6: Anegyhetes7777 folded on the Turn



PokerStars Zoom Hand #255686189466:  Hold'em No Limit ($0.05/$0.10) - 2025/04/11 12:30:48 CET [2025/04/11 6:30:48 ET]
Table 'Aludra' 6-max Seat #1 is the button
Seat 1: kingsman5454 ($10 in chips) 
Seat 2: Mahu2021 ($11.79 in chips) 
Seat 3: kimjw800 ($11.81 in chips) 
Seat 4: Atosz_990 ($9.82 in chips) 
Seat 5: KianushVo ($9.50 in chips) 
Seat 6: jksgoodgz ($17.71 in chips) 
Mahu2021: posts small blind $0.05
kimjw800: posts big blind $0.10
*** HOLE CARDS ***
Dealt to Mahu2021 [As Ah]
Atosz_990: folds 
KianushVo: raises $0.20 to $0.30
jksgoodgz: folds 
kingsman5454: raises $0.70 to $1
Mahu2021: raises $10.79 to $11.79 and is all-in
kimjw800: folds 
KianushVo: folds 
kingsman5454: folds 
Uncalled bet ($10.79) returned to Mahu2021
Mahu2021 collected $2.40 from pot
Mahu2021: doesn't show hand 
*** SUMMARY ***
Total pot $2.40 | Rake $0 
Seat 1: kingsman5454 (button) folded before Flop
Seat 2: Mahu2021 (small blind) collected ($2.40)
Seat 3: kimjw800 (big blind) folded before Flop
Seat 4: Atosz_990 folded before Flop (didn't bet)
Seat 5: KianushVo folded before Flop
Seat 6: jksgoodgz folded before Flop (didn't bet)



PokerStars Zoom Hand #255686186717:  Hold'em No Limit ($0.05/$0.10) - 2025/04/11 12:30:22 CET [2025/04/11 6:30:22 ET]
Table 'Aludra' 6-max Seat #1 is the button
Seat 1: Amrutha378 ($9.85 in chips) 
Seat 2: TheSoulTaker666 ($10.86 in chips) 
Seat 3: Dziokinas ($10.52 in chips) 
Seat 4: Mahu2021 ($11.89 in chips) 
Seat 5: AceWise ($11.37 in chips) 
Seat 6: alexswe974 ($11.70 in chips) 
TheSoulTaker666: posts small blind $0.05
Dziokinas: posts big blind $0.10
*** HOLE CARDS ***
Dealt to Mahu2021 [Ks 2d]
Mahu2021: folds 
AceWise: folds 
alexswe974: folds 
Amrutha378: folds 
TheSoulTaker666: raises $0.15 to $0.25
Dziokinas: calls $0.15
*** FLOP *** [8d 3c 6h]
TheSoulTaker666: checks 
Dziokinas: bets $0.23
TheSoulTaker666: calls $0.23
*** TURN *** [8d 3c 6h] [Ah]
TheSoulTaker666: checks 
Dziokinas: bets $0.68
TheSoulTaker666: folds 
Uncalled bet ($0.68) returned to Dziokinas
Dziokinas collected $0.92 from pot
Dziokinas: doesn't show hand 
*** SUMMARY ***
Total pot $0.96 | Rake $0.04 
Board [8d 3c 6h Ah]
Seat 1: Amrutha378 (button) folded before Flop (didn't bet)
Seat 2: TheSoulTaker666 (small blind) folded on the Turn
Seat 3: Dziokinas (big blind) collected ($0.92)
Seat 4: Mahu2021 folded before Flop (didn't bet)
Seat 5: AceWise folded before Flop (didn't bet)
Seat 6: alexswe974 folded before Flop (didn't bet)



PokerStars Zoom Hand #255686191811:  Hold'em No Limit ($0.05/$0.10) - 2025/04/11 12:31:11 CET [2025/04/11 6:31:11 ET]
Table 'Aludra' 6-max Seat #1 is the button
Seat 1: Mahu2021 ($13.19 in chips) 
Seat 2: PEIOAH6 ($22.11 in chips) 
Seat 3: liebhabär ($11.26 in chips) 
Seat 4: dbedet ($26.18 in chips) 
Seat 5: dudrj2wl ($10.56 in chips) 
Seat 6: Amrutha378 ($9.75 in chips) 
PEIOAH6: posts small blind $0.05
liebhabär: posts big blind $0.10
*** HOLE CARDS ***
Dealt to Mahu2021 [Qc 3s]
dbedet: folds 
dudrj2wl: folds 
Amrutha378: raises $0.25 to $0.35
Mahu2021: folds 
PEIOAH6: folds 
liebhabär: folds 
Uncalled bet ($0.25) returned to Amrutha378
Amrutha378 collected $0.25 from pot
Amrutha378: doesn't show hand 
*** SUMMARY ***
Total pot $0.25 | Rake $0 
Seat 1: Mahu2021 (button) folded before Flop (didn't bet)
Seat 2: PEIOAH6 (small blind) folded before Flop
Seat 3: liebhabär (big blind) folded before Flop
Seat 4: dbedet folded before Flop (didn't bet)
Seat 5: dudrj2wl folded before Flop (didn't bet)
Seat 6: Amrutha378 collected ($0.25)



PokerStars Zoom Hand #255686193298:  Hold'em No Limit ($0.05/$0.10) - 2025/04/11 12:31:25 CET [2025/04/11 6:31:25 ET]
Table 'Aludra' 6-max Seat #1 is the button
Seat 1: Mahu2021 ($13.19 in chips) 
Seat 2: pokeripuikko ($24.03 in chips) 
Seat 3: dodgydan68 ($17.50 in chips) 
Seat 4: PEIOAH6 ($22.06 in chips) 
Seat 5: MrSerg_Kharkiv ($14.27 in chips) 
Seat 6: TheSoulTaker666 ($10.43 in chips) 
pokeripuikko: posts small blind $0.05
dodgydan68: posts big blind $0.10
*** HOLE CARDS ***
Dealt to Mahu2021 [As 4h]
PEIOAH6: folds 
MrSerg_Kharkiv: folds 
TheSoulTaker666: folds 
Mahu2021: folds 
pokeripuikko: folds 
Uncalled bet ($0.05) returned to dodgydan68
dodgydan68 collected $0.10 from pot
dodgydan68: doesn't show hand 
*** SUMMARY ***
Total pot $0.10 | Rake $0 
Seat 1: Mahu2021 (button) folded before Flop (didn't bet)
Seat 2: pokeripuikko (small blind) folded before Flop
Seat 3: dodgydan68 (big blind) collected ($0.10)
Seat 4: PEIOAH6 folded before Flop (didn't bet)
Seat 5: MrSerg_Kharkiv folded before Flop (didn't bet)
Seat 6: TheSoulTaker666 folded before Flop (didn't bet)



PokerStars Zoom Hand #255686194343:  Hold'em No Limit ($0.05/$0.10) - 2025/04/11 12:31:35 CET [2025/04/11 6:31:35 ET]
Table 'Aludra' 6-max Seat #1 is the button
Seat 1: jksgoodgz ($11.56 in chips) 
Seat 2: Mahu2021 ($13.09 in chips) 
Seat 3: strashilisht ($19.11 in chips) 
Seat 4: KrayzieNutz ($13.38 in chips) 
Seat 5: dudrj2wl ($10.05 in chips) 
Seat 6: thekla76 ($9.85 in chips) 
Mahu2021: posts small blind $0.05
strashilisht: posts big blind $0.10
*** HOLE CARDS ***
Dealt to Mahu2021 [4h 2c]
KrayzieNutz: folds 
dudrj2wl: folds 
thekla76: folds 
jksgoodgz: folds 
Mahu2021: folds 
Uncalled bet ($0.05) returned to strashilisht
strashilisht collected $0.10 from pot
strashilisht: doesn't show hand 
*** SUMMARY ***
Total pot $0.10 | Rake $0 
Seat 1: jksgoodgz (button) folded before Flop (didn't bet)
Seat 2: Mahu2021 (small blind) folded before Flop
Seat 3: strashilisht (big blind) collected ($0.10)
Seat 4: KrayzieNutz folded before Flop (didn't bet)
Seat 5: dudrj2wl folded before Flop (didn't bet)
Seat 6: thekla76 folded before Flop (didn't bet)



