PokerStars Zoom Hand #255375739572:  Hold'em No Limit ($0.50/$1.00) - 2025/03/20 22:07:01 CET [2025/03/20 17:07:01 ET]
Table 'Triangulum' 6-max Seat #1 is the button
Seat 1: junioru111 ($392.30 in chips) 
Seat 2: Mahu2021 ($99 in chips) 
Seat 3: zoly88 ($42.79 in chips) 
Seat 4: Elch ($146.09 in chips) 
Seat 5: iNeverBluff398 ($124.12 in chips) 
Seat 6: ibaCker ($122.96 in chips) 
Mahu2021: posts small blind $0.50
zoly88: posts big blind $1
*** HOLE CARDS ***
Dealt to Mahu2021 [Ac 4s]
Elch: raises $1.30 to $2.30
iNeverBluff398: folds 
ibaCker: folds 
junioru111: folds 
Mahu2021: folds 
zoly88: folds 
Uncalled bet ($1.30) returned to Elch
Elch collected $2.50 from pot
Elch: doesn't show hand 
*** SUMMARY ***
Total pot $2.50 | Rake $0 
Seat 1: junioru111 (button) folded before Flop (didn't bet)
Seat 2: Mahu2021 (small blind) folded before Flop
Seat 3: zoly88 (big blind) folded before Flop
Seat 4: Elch collected ($2.50)
Seat 5: iNeverBluff398 folded before Flop (didn't bet)
Seat 6: ibaCker folded before Flop (didn't bet)



PokerStars Zoom Hand #255375741287:  Hold'em No Limit ($0.50/$1.00) - 2025/03/20 22:07:06 CET [2025/03/20 17:07:06 ET]
Table 'Triangulum' 6-max Seat #1 is the button
Seat 1: 31oren ($118.57 in chips) 
Seat 2: Lucastitos ($100 in chips) 
Seat 3: iNeverBluff398 ($100 in chips) 
Seat 4: Stepooo ($134.20 in chips) 
Seat 5: fulboat22277 ($43.99 in chips) 
Seat 6: Mahu2021 ($98.50 in chips) 
Lucastitos: posts small blind $0.50
iNeverBluff398: posts big blind $1
*** HOLE CARDS ***
Dealt to Mahu2021 [5s 6s]
Stepooo: folds 
fulboat22277: folds 
Mahu2021: folds 
31oren: folds 
Lucastitos: raises $1.90 to $2.90
iNeverBluff398: raises $7.10 to $10
Lucastitos: folds 
Uncalled bet ($7.10) returned to iNeverBluff398
iNeverBluff398 collected $5.80 from pot
iNeverBluff398: doesn't show hand 
*** SUMMARY ***
Total pot $5.80 | Rake $0 
Seat 1: 31oren (button) folded before Flop (didn't bet)
Seat 2: Lucastitos (small blind) folded before Flop
Seat 3: iNeverBluff398 (big blind) collected ($5.80)
Seat 4: Stepooo folded before Flop (didn't bet)
Seat 5: fulboat22277 folded before Flop (didn't bet)
Seat 6: Mahu2021 folded before Flop (didn't bet)



PokerStars Zoom Hand #255375744399:  Hold'em No Limit ($0.50/$1.00) - 2025/03/20 22:07:17 CET [2025/03/20 17:07:17 ET]
Table 'Triangulum' 6-max Seat #1 is the button
Seat 1: Börns11777 ($92 in chips) 
Seat 2: YouBetterFold11 ($120.93 in chips) 
Seat 3: Mahu2021 ($98.50 in chips) 
Seat 4: KollertheKid ($74.59 in chips) 
Seat 5: Y_19 ($110.69 in chips) 
Seat 6: Maleure31 ($123.33 in chips) 
YouBetterFold11: posts small blind $0.50
Mahu2021: posts big blind $1
*** HOLE CARDS ***
Dealt to Mahu2021 [9h 7c]
KollertheKid: folds 
Y_19: folds 
Maleure31: folds 
Börns11777: folds 
YouBetterFold11: folds 
Uncalled bet ($0.50) returned to Mahu2021
Mahu2021 collected $1 from pot
Mahu2021: doesn't show hand 
*** SUMMARY ***
Total pot $1 | Rake $0 
Seat 1: Börns11777 (button) folded before Flop (didn't bet)
Seat 2: YouBetterFold11 (small blind) folded before Flop
Seat 3: Mahu2021 (big blind) collected ($1)
Seat 4: KollertheKid folded before Flop (didn't bet)
Seat 5: Y_19 folded before Flop (didn't bet)
Seat 6: Maleure31 folded before Flop (didn't bet)



PokerStars Zoom Hand #255375743396:  Hold'em No Limit ($0.50/$1.00) - 2025/03/20 22:07:14 CET [2025/03/20 17:07:14 ET]
Table 'Triangulum' 6-max Seat #1 is the button
Seat 1: Stepooo ($134.20 in chips) 
Seat 2: Elch ($119.76 in chips) 
Seat 3: iNeverBluff398 ($101.40 in chips) 
Seat 4: Mahu2021 ($98.50 in chips) 
Seat 5: ibaCker ($154.38 in chips) 
Seat 6: Börns11777 ($92 in chips) 
Elch: posts small blind $0.50
iNeverBluff398: posts big blind $1
*** HOLE CARDS ***
Dealt to Mahu2021 [2h Ac]
Mahu2021: folds 
ibaCker: folds 
Börns11777: folds 
Stepooo: folds 
Elch: folds 
Uncalled bet ($0.50) returned to iNeverBluff398
iNeverBluff398 collected $1 from pot
iNeverBluff398: doesn't show hand 
*** SUMMARY ***
Total pot $1 | Rake $0 
Seat 1: Stepooo (button) folded before Flop (didn't bet)
Seat 2: Elch (small blind) folded before Flop
Seat 3: iNeverBluff398 (big blind) collected ($1)
Seat 4: Mahu2021 folded before Flop (didn't bet)
Seat 5: ibaCker folded before Flop (didn't bet)
Seat 6: Börns11777 folded before Flop (didn't bet)



PokerStars Zoom Hand #255375746456:  Hold'em No Limit ($0.50/$1.00) - 2025/03/20 22:07:25 CET [2025/03/20 17:07:25 ET]
Table 'Triangulum' 6-max Seat #1 is the button
Seat 1: Mahu2021 ($99 in chips) 
Seat 2: junioru111 ($391.30 in chips) 
Seat 3: KollertheKid ($74.59 in chips) 
Seat 4: Vampyras84 ($100 in chips) 
Seat 5: 31oren ($126.46 in chips) 
Seat 6: Stepooo ($134.20 in chips) 
junioru111: posts small blind $0.50
KollertheKid: posts big blind $1
*** HOLE CARDS ***
Dealt to Mahu2021 [Ks 7d]
Vampyras84: folds 
31oren: folds 
Stepooo: folds 
Mahu2021: folds 
junioru111: folds 
Uncalled bet ($0.50) returned to KollertheKid
KollertheKid collected $1 from pot
KollertheKid: doesn't show hand 
*** SUMMARY ***
Total pot $1 | Rake $0 
Seat 1: Mahu2021 (button) folded before Flop (didn't bet)
Seat 2: junioru111 (small blind) folded before Flop
Seat 3: KollertheKid (big blind) collected ($1)
Seat 4: Vampyras84 folded before Flop (didn't bet)
Seat 5: 31oren folded before Flop (didn't bet)
Seat 6: Stepooo folded before Flop (didn't bet)



PokerStars Zoom Hand #255375742284:  Hold'em No Limit ($0.50/$1.00) - 2025/03/20 22:07:10 CET [2025/03/20 17:07:10 ET]
Table 'Triangulum' 6-max Seat #1 is the button
Seat 1: Mahu2021 ($98.50 in chips) 
Seat 2: remid13 ($192.20 in chips) 
Seat 3: fulboat22277 ($43.99 in chips) 
Seat 4: 31oren ($124.96 in chips) 
Seat 5: caseace123 ($282.43 in chips) 
Seat 6: Vampyras84 ($100 in chips) 
remid13: posts small blind $0.50
fulboat22277: posts big blind $1
*** HOLE CARDS ***
Dealt to Mahu2021 [4s 6s]
31oren: folds 
caseace123: raises $1.30 to $2.30
Vampyras84: folds 
Mahu2021: folds 
remid13: raises $6.70 to $9
fulboat22277: folds 
caseace123: folds 
Uncalled bet ($6.70) returned to remid13
remid13 collected $5.60 from pot
remid13: doesn't show hand 
*** SUMMARY ***
Total pot $5.60 | Rake $0 
Seat 1: Mahu2021 (button) folded before Flop (didn't bet)
Seat 2: remid13 (small blind) collected ($5.60)
Seat 3: fulboat22277 (big blind) folded before Flop
Seat 4: 31oren folded before Flop (didn't bet)
Seat 5: caseace123 folded before Flop
Seat 6: Vampyras84 folded before Flop (didn't bet)



PokerStars Zoom Hand #255375747540:  Hold'em No Limit ($0.50/$1.00) - 2025/03/20 22:07:28 CET [2025/03/20 17:07:28 ET]
Table 'Triangulum' 6-max Seat #1 is the button
Seat 1: iNeverBluff398 ($122.62 in chips) 
Seat 2: Mahu2021 ($99 in chips) 
Seat 3: caseace123 ($295.97 in chips) 
Seat 4: Elch ($146.59 in chips) 
Seat 5: Maleure31 ($97.58 in chips) 
Seat 6: 31oren ($126.46 in chips) 
Mahu2021: posts small blind $0.50
caseace123: posts big blind $1
*** HOLE CARDS ***
Dealt to Mahu2021 [7c Ah]
Elch: folds 
Maleure31: folds 
31oren: folds 
iNeverBluff398: raises $1.50 to $2.50
Mahu2021: folds 
caseace123: folds 
Uncalled bet ($1.50) returned to iNeverBluff398
iNeverBluff398 collected $2.50 from pot
iNeverBluff398: doesn't show hand 
*** SUMMARY ***
Total pot $2.50 | Rake $0 
Seat 1: iNeverBluff398 (button) collected ($2.50)
Seat 2: Mahu2021 (small blind) folded before Flop
Seat 3: caseace123 (big blind) folded before Flop
Seat 4: Elch folded before Flop (didn't bet)
Seat 5: Maleure31 folded before Flop (didn't bet)
Seat 6: 31oren folded before Flop (didn't bet)



PokerStars Zoom Hand #255375736947:  Hold'em No Limit ($0.50/$1.00) - 2025/03/20 22:06:51 CET [2025/03/20 17:06:51 ET]
Table 'Triangulum' 6-max Seat #1 is the button
Seat 1: badbetman ($430.71 in chips) 
Seat 2: 31oren ($125.46 in chips) 
Seat 3: Mahu2021 ($100 in chips) 
Seat 4: xxxZeka ($105.50 in chips) 
Seat 5: Lucastitos ($101.50 in chips) 
Seat 6: iNeverBluff398 ($101.90 in chips) 
31oren: posts small blind $0.50
Mahu2021: posts big blind $1
*** HOLE CARDS ***
Dealt to Mahu2021 [6h 2h]
xxxZeka: raises $1.50 to $2.50
Lucastitos: raises $4.50 to $7
iNeverBluff398: folds 
badbetman: calls $7
31oren: folds 
Mahu2021: folds 
xxxZeka: calls $4.50
*** FLOP *** [Jc 5c 3d]
xxxZeka: checks 
Lucastitos: bets $10.69
badbetman: calls $10.69
xxxZeka: raises $14.31 to $25
Lucastitos: calls $14.31
badbetman: folds 
*** TURN *** [Jc 5c 3d] [9d]
xxxZeka: bets $73.50 and is all-in
Lucastitos: calls $69.50 and is all-in
Uncalled bet ($4) returned to xxxZeka
*** FIRST RIVER *** [Jc 5c 3d 9d] [Qs]
*** SECOND RIVER *** [Jc 5c 3d 9d] [Ts]
*** FIRST SHOW DOWN ***
xxxZeka: shows [Kc Qc] (a pair of Queens)
Lucastitos: shows [Qd Qh] (three of a kind, Queens)
Lucastitos collected $109.85 from pot
*** SECOND SHOW DOWN ***
xxxZeka: shows [Kc Qc] (a straight, Nine to King)
Lucastitos: shows [Qd Qh] (a pair of Queens)
xxxZeka collected $109.84 from pot
*** SUMMARY ***
Total pot $222.19 | Rake $2.50 
Hand was run twice
FIRST Board [Jc 5c 3d 9d Qs]
SECOND Board [Jc 5c 3d 9d Ts]
Seat 1: badbetman (button) folded on the Flop
Seat 2: 31oren (small blind) folded before Flop
Seat 3: Mahu2021 (big blind) folded before Flop
Seat 4: xxxZeka showed [Kc Qc] and lost with a pair of Queens, and won ($109.84) with a straight, Nine to King
Seat 5: Lucastitos showed [Qd Qh] and won ($109.85) with three of a kind, Queens, and lost with a pair of Queens
Seat 6: iNeverBluff398 folded before Flop (didn't bet)



PokerStars Zoom Hand #255375749667:  Hold'em No Limit ($0.50/$1.00) - 2025/03/20 22:07:36 CET [2025/03/20 17:07:36 ET]
Table 'Triangulum' 6-max Seat #1 is the button
Seat 1: caseace123 ($385.13 in chips) 
Seat 2: junioru111 ($390.80 in chips) 
Seat 3: Börns11777 ($92 in chips) 
Seat 4: Stepooo ($107.27 in chips) 
Seat 5: treds17 ($100 in chips) 
Seat 6: Mahu2021 ($98.50 in chips) 
junioru111: posts small blind $0.50
Börns11777: posts big blind $1
*** HOLE CARDS ***
Dealt to Mahu2021 [Js Qd]
Stepooo: folds 
treds17: folds 
Mahu2021: raises $1.50 to $2.50
caseace123: folds 
junioru111: folds 
Börns11777: raises $5.50 to $8
Mahu2021: calls $5.50
*** FLOP *** [8s 9d 5h]
Börns11777: bets $5
Mahu2021: calls $5
*** TURN *** [8s 9d 5h] [3h]
Börns11777: bets $9
Mahu2021: calls $9
*** RIVER *** [8s 9d 5h 3h] [8h]
Börns11777: bets $70 and is all-in
Mahu2021: folds 
Uncalled bet ($70) returned to Börns11777
Börns11777 collected $42.28 from pot
Börns11777: doesn't show hand 
*** SUMMARY ***
Total pot $44.50 | Rake $2.22 
Board [8s 9d 5h 3h 8h]
Seat 1: caseace123 (button) folded before Flop (didn't bet)
Seat 2: junioru111 (small blind) folded before Flop
Seat 3: Börns11777 (big blind) collected ($42.28)
Seat 4: Stepooo folded before Flop (didn't bet)
Seat 5: treds17 folded before Flop (didn't bet)
Seat 6: Mahu2021 folded on the River



PokerStars Zoom Hand #255375760763:  Hold'em No Limit ($0.50/$1.00) - 2025/03/20 22:08:15 CET [2025/03/20 17:08:15 ET]
Table 'Triangulum' 6-max Seat #1 is the button
Seat 1: caseace123 ($282.85 in chips) 
Seat 2: SorinS28 ($100 in chips) 
Seat 3: Elch ($147.59 in chips) 
Seat 4: ibaCker ($120.96 in chips) 
Seat 5: Mahu2021 ($76.50 in chips) 
Seat 6: KollertheKid ($73.59 in chips) 
SorinS28: posts small blind $0.50
Elch: posts big blind $1
*** HOLE CARDS ***
Dealt to Mahu2021 [9c 5c]
ibaCker: folds 
Mahu2021: folds 
KollertheKid: folds 
caseace123: folds 
SorinS28: raises $2 to $3
Elch: folds 
Uncalled bet ($2) returned to SorinS28
SorinS28 collected $2 from pot
SorinS28: doesn't show hand 
*** SUMMARY ***
Total pot $2 | Rake $0 
Seat 1: caseace123 (button) folded before Flop (didn't bet)
Seat 2: SorinS28 (small blind) collected ($2)
Seat 3: Elch (big blind) folded before Flop
Seat 4: ibaCker folded before Flop (didn't bet)
Seat 5: Mahu2021 folded before Flop (didn't bet)
Seat 6: KollertheKid folded before Flop (didn't bet)



PokerStars Zoom Hand #255375762024:  Hold'em No Limit ($0.50/$1.00) - 2025/03/20 22:08:19 CET [2025/03/20 17:08:19 ET]
Table 'Triangulum' 6-max Seat #1 is the button
Seat 1: ibaCker ($120.96 in chips) 
Seat 2: caseace123 ($282.85 in chips) 
Seat 3: 31oren ($129.46 in chips) 
Seat 4: red2652 ($100 in chips) 
Seat 5: Mahu2021 ($76.50 in chips) 
Seat 6: Stepooo ($132.70 in chips) 
caseace123: posts small blind $0.50
31oren: posts big blind $1
*** HOLE CARDS ***
Dealt to Mahu2021 [4s 8d]
red2652: folds 
Mahu2021: folds 
Stepooo: folds 
ibaCker: raises $1.50 to $2.50
caseace123: folds 
31oren: folds 
Uncalled bet ($1.50) returned to ibaCker
ibaCker collected $2.50 from pot
ibaCker: doesn't show hand 
*** SUMMARY ***
Total pot $2.50 | Rake $0 
Seat 1: ibaCker (button) collected ($2.50)
Seat 2: caseace123 (small blind) folded before Flop
Seat 3: 31oren (big blind) folded before Flop
Seat 4: red2652 folded before Flop (didn't bet)
Seat 5: Mahu2021 folded before Flop (didn't bet)
Seat 6: Stepooo folded before Flop (didn't bet)



PokerStars Zoom Hand #255375762982:  Hold'em No Limit ($0.50/$1.00) - 2025/03/20 22:08:22 CET [2025/03/20 17:08:22 ET]
Table 'Triangulum' 6-max Seat #1 is the button
Seat 1: Vampyras84 ($100 in chips) 
Seat 2: remid13 ($194.50 in chips) 
Seat 3: Mahu2021 ($76.50 in chips) 
Seat 4: treds17 ($117.42 in chips) 
Seat 5: ibaCker ($100 in chips) 
Seat 6: iNeverBluff398 ($100 in chips) 
remid13: posts small blind $0.50
Mahu2021: posts big blind $1
*** HOLE CARDS ***
Dealt to Mahu2021 [5s Td]
treds17: folds 
ibaCker: folds 
iNeverBluff398: folds 
Vampyras84: folds 
remid13: folds 
Uncalled bet ($0.50) returned to Mahu2021
Mahu2021 collected $1 from pot
Mahu2021: doesn't show hand 
*** SUMMARY ***
Total pot $1 | Rake $0 
Seat 1: Vampyras84 (button) folded before Flop (didn't bet)
Seat 2: remid13 (small blind) folded before Flop
Seat 3: Mahu2021 (big blind) collected ($1)
Seat 4: treds17 folded before Flop (didn't bet)
Seat 5: ibaCker folded before Flop (didn't bet)
Seat 6: iNeverBluff398 folded before Flop (didn't bet)



PokerStars Zoom Hand #255375766451:  Hold'em No Limit ($0.50/$1.00) - 2025/03/20 22:08:35 CET [2025/03/20 17:08:35 ET]
Table 'Triangulum' 6-max Seat #1 is the button
Seat 1: Mahu2021 ($77 in chips) 
Seat 2: zoly88 ($40.29 in chips) 
Seat 3: treds17 ($105.54 in chips) 
Seat 4: SorinS28 ($101 in chips) 
Seat 5: iNeverBluff398 ($100.40 in chips) 
Seat 6: ibaCker ($103.22 in chips) 
zoly88: posts small blind $0.50
treds17: posts big blind $1
*** HOLE CARDS ***
Dealt to Mahu2021 [Kh 3c]
SorinS28: folds 
iNeverBluff398: folds 
ibaCker: folds 
Mahu2021: folds 
zoly88: folds 
Uncalled bet ($0.50) returned to treds17
treds17 collected $1 from pot
treds17: doesn't show hand 
*** SUMMARY ***
Total pot $1 | Rake $0 
Seat 1: Mahu2021 (button) folded before Flop (didn't bet)
Seat 2: zoly88 (small blind) folded before Flop
Seat 3: treds17 (big blind) collected ($1)
Seat 4: SorinS28 folded before Flop (didn't bet)
Seat 5: iNeverBluff398 folded before Flop (didn't bet)
Seat 6: ibaCker folded before Flop (didn't bet)



PokerStars Zoom Hand #255375767605:  Hold'em No Limit ($0.50/$1.00) - 2025/03/20 22:08:39 CET [2025/03/20 17:08:39 ET]
Table 'Triangulum' 6-max Seat #1 is the button
Seat 1: remid13 ($151.15 in chips) 
Seat 2: Mahu2021 ($77 in chips) 
Seat 3: YouBetterFold11 ($120.43 in chips) 
Seat 4: ibaCker ($103.22 in chips) 
Seat 5: SorinS28 ($101 in chips) 
Seat 6: iNeverBluff398 ($100.40 in chips) 
Mahu2021: posts small blind $0.50
YouBetterFold11: posts big blind $1
*** HOLE CARDS ***
Dealt to Mahu2021 [3s Kc]
ibaCker: raises $1.50 to $2.50
SorinS28: folds 
iNeverBluff398: folds 
remid13: folds 
Mahu2021: folds 
YouBetterFold11: folds 
Uncalled bet ($1.50) returned to ibaCker
ibaCker collected $2.50 from pot
ibaCker: doesn't show hand 
*** SUMMARY ***
Total pot $2.50 | Rake $0 
Seat 1: remid13 (button) folded before Flop (didn't bet)
Seat 2: Mahu2021 (small blind) folded before Flop
Seat 3: YouBetterFold11 (big blind) folded before Flop
Seat 4: ibaCker collected ($2.50)
Seat 5: SorinS28 folded before Flop (didn't bet)
Seat 6: iNeverBluff398 folded before Flop (didn't bet)



PokerStars Zoom Hand #255375768783:  Hold'em No Limit ($0.50/$1.00) - 2025/03/20 22:08:43 CET [2025/03/20 17:08:43 ET]
Table 'Triangulum' 6-max Seat #1 is the button
Seat 1: niculau1981 ($100 in chips) 
Seat 2: remid13 ($151.15 in chips) 
Seat 3: iNeverBluff398 ($100.40 in chips) 
Seat 4: Mahu2021 ($76.50 in chips) 
Seat 5: treds17 ($106.04 in chips) 
Seat 6: red2652 ($100 in chips) 
remid13: posts small blind $0.50
iNeverBluff398: posts big blind $1
*** HOLE CARDS ***
Dealt to Mahu2021 [Ts 7h]
Mahu2021: folds 
treds17: folds 
red2652: folds 
niculau1981: raises $1.50 to $2.50
remid13: folds 
iNeverBluff398: folds 
Uncalled bet ($1.50) returned to niculau1981
niculau1981 collected $2.50 from pot
niculau1981: doesn't show hand 
*** SUMMARY ***
Total pot $2.50 | Rake $0 
Seat 1: niculau1981 (button) collected ($2.50)
Seat 2: remid13 (small blind) folded before Flop
Seat 3: iNeverBluff398 (big blind) folded before Flop
Seat 4: Mahu2021 folded before Flop (didn't bet)
Seat 5: treds17 folded before Flop (didn't bet)
Seat 6: red2652 folded before Flop (didn't bet)



PokerStars Zoom Hand #255375765291:  Hold'em No Limit ($0.50/$1.00) - 2025/03/20 22:08:31 CET [2025/03/20 17:08:31 ET]
Table 'Triangulum' 6-max Seat #1 is the button
Seat 1: remid13 ($194 in chips) 
Seat 2: iNeverBluff398 ($105.40 in chips) 
Seat 3: Y_19 ($108.46 in chips) 
Seat 4: Mahu2021 ($77 in chips) 
Seat 5: badbetman ($410.52 in chips) 
Seat 6: Elch ($146.09 in chips) 
iNeverBluff398: posts small blind $0.50
Y_19: posts big blind $1
*** HOLE CARDS ***
Dealt to Mahu2021 [6c 3h]
Mahu2021: folds 
badbetman: folds 
Elch: folds 
remid13: raises $1.50 to $2.50
iNeverBluff398: folds 
Y_19: calls $1.50
*** FLOP *** [Qh 8h 9c]
Y_19: checks 
remid13: checks 
*** TURN *** [Qh 8h 9c] [Ac]
Y_19: checks 
remid13: checks 
*** RIVER *** [Qh 8h 9c Ac] [Tc]
Y_19: bets $6.73
remid13: folds 
Uncalled bet ($6.73) returned to Y_19
Y_19 collected $5.22 from pot
Y_19: doesn't show hand 
*** SUMMARY ***
Total pot $5.50 | Rake $0.28 
Board [Qh 8h 9c Ac Tc]
Seat 1: remid13 (button) folded on the River
Seat 2: iNeverBluff398 (small blind) folded before Flop
Seat 3: Y_19 (big blind) collected ($5.22)
Seat 4: Mahu2021 folded before Flop (didn't bet)
Seat 5: badbetman folded before Flop (didn't bet)
Seat 6: Elch folded before Flop (didn't bet)



PokerStars Zoom Hand #255375769647:  Hold'em No Limit ($0.50/$1.00) - 2025/03/20 22:08:46 CET [2025/03/20 17:08:46 ET]
Table 'Triangulum' 6-max Seat #1 is the button
Seat 1: Lucastitos ($108.35 in chips) 
Seat 2: treds17 ($106.04 in chips) 
Seat 3: ibaCker ($100 in chips) 
Seat 4: SorinS28 ($101 in chips) 
Seat 5: Maleure31 ($135.14 in chips) 
Seat 6: Mahu2021 ($76.50 in chips) 
treds17: posts small blind $0.50
ibaCker: posts big blind $1
*** HOLE CARDS ***
Dealt to Mahu2021 [Qs Jh]
SorinS28: folds 
Maleure31: raises $1.50 to $2.50
Mahu2021: calls $2.50
Lucastitos: folds 
treds17: folds 
ibaCker: calls $1.50
*** FLOP *** [4h Kh 3d]
ibaCker: checks 
Maleure31: checks 
Mahu2021: checks 
*** TURN *** [4h Kh 3d] [9c]
ibaCker: checks 
Maleure31: checks 
Mahu2021: checks 
*** RIVER *** [4h Kh 3d 9c] [5h]
ibaCker: bets $5.70
Maleure31: folds 
Mahu2021: folds 
Uncalled bet ($5.70) returned to ibaCker
ibaCker collected $7.60 from pot
ibaCker: doesn't show hand 
*** SUMMARY ***
Total pot $8 | Rake $0.40 
Board [4h Kh 3d 9c 5h]
Seat 1: Lucastitos (button) folded before Flop (didn't bet)
Seat 2: treds17 (small blind) folded before Flop
Seat 3: ibaCker (big blind) collected ($7.60)
Seat 4: SorinS28 folded before Flop (didn't bet)
Seat 5: Maleure31 folded on the River
Seat 6: Mahu2021 folded on the River



PokerStars Zoom Hand #255375783278:  Hold'em No Limit ($0.50/$1.00) - 2025/03/20 22:09:33 CET [2025/03/20 17:09:33 ET]
Table 'Triangulum' 6-max Seat #1 is the button
Seat 1: ibaCker ($105.10 in chips) 
Seat 2: JDigweed7 ($131.36 in chips) 
Seat 3: Mahu2021 ($74 in chips) 
Seat 4: YouBetterFold11 ($107.19 in chips) 
Seat 5: red2652 ($102.72 in chips) 
Seat 6: Vampyras84 ($100 in chips) 
JDigweed7: posts small blind $0.50
Mahu2021: posts big blind $1
*** HOLE CARDS ***
Dealt to Mahu2021 [3s 9c]
YouBetterFold11: folds 
red2652: raises $1 to $2
Vampyras84: folds 
ibaCker: folds 
JDigweed7: raises $9 to $11
Mahu2021: folds 
red2652: calls $9
*** FLOP *** [Js Ah Ts]
JDigweed7: bets $11
red2652: folds 
Uncalled bet ($11) returned to JDigweed7
JDigweed7 collected $21.85 from pot
JDigweed7: doesn't show hand 
*** SUMMARY ***
Total pot $23 | Rake $1.15 
Board [Js Ah Ts]
Seat 1: ibaCker (button) folded before Flop (didn't bet)
Seat 2: JDigweed7 (small blind) collected ($21.85)
Seat 3: Mahu2021 (big blind) folded before Flop
Seat 4: YouBetterFold11 folded before Flop (didn't bet)
Seat 5: red2652 folded on the Flop
Seat 6: Vampyras84 folded before Flop (didn't bet)



PokerStars Zoom Hand #255375786437:  Hold'em No Limit ($0.50/$1.00) - 2025/03/20 22:09:44 CET [2025/03/20 17:09:44 ET]
Table 'Triangulum' 6-max Seat #1 is the button
Seat 1: Mahu2021 ($73 in chips) 
Seat 2: fabri318 ($217.28 in chips) 
Seat 3: MrDevil_6666 ($53.17 in chips) 
Seat 4: iNeverBluff398 ($121.54 in chips) 
Seat 5: Vampyras84 ($100 in chips) 
Seat 6: YouBetterFold11 ($104.85 in chips) 
fabri318: posts small blind $0.50
MrDevil_6666: posts big blind $1
*** HOLE CARDS ***
Dealt to Mahu2021 [9s Ah]
iNeverBluff398: folds 
Vampyras84: raises $1.20 to $2.20
YouBetterFold11: folds 
Mahu2021: calls $2.20
fabri318: calls $1.70
MrDevil_6666: folds 
*** FLOP *** [6h Ts 9d]
fabri318: checks 
Vampyras84: checks 
Mahu2021: bets $4
fabri318: folds 
Vampyras84: calls $4
*** TURN *** [6h Ts 9d] [Qc]
Vampyras84: checks 
Mahu2021: checks 
*** RIVER *** [6h Ts 9d Qc] [3s]
Vampyras84: bets $10.97
Mahu2021: calls $10.97
*** SHOW DOWN ***
Vampyras84: shows [As Js] (high card Ace)
Mahu2021: shows [9s Ah] (a pair of Nines)
Mahu2021 collected $35.66 from pot
*** SUMMARY ***
Total pot $37.54 | Rake $1.88 
Board [6h Ts 9d Qc 3s]
Seat 1: Mahu2021 (button) showed [9s Ah] and won ($35.66) with a pair of Nines
Seat 2: fabri318 (small blind) folded on the Flop
Seat 3: MrDevil_6666 (big blind) folded before Flop
Seat 4: iNeverBluff398 folded before Flop (didn't bet)
Seat 5: Vampyras84 showed [As Js] and lost with high card Ace
Seat 6: YouBetterFold11 folded before Flop (didn't bet)



PokerStars Zoom Hand #255375802218:  Hold'em No Limit ($0.50/$1.00) - 2025/03/20 22:10:39 CET [2025/03/20 17:10:39 ET]
Table 'Triangulum' 6-max Seat #1 is the button
Seat 1: Vampyras84 ($103 in chips) 
Seat 2: SorinS28 ($100 in chips) 
Seat 3: YouBetterFold11 ($116.43 in chips) 
Seat 4: Maleure31 ($126.42 in chips) 
Seat 5: iNeverBluff398 ($100 in chips) 
Seat 6: Mahu2021 ($91.49 in chips) 
SorinS28: posts small blind $0.50
YouBetterFold11: posts big blind $1
*** HOLE CARDS ***
Dealt to Mahu2021 [7d Qd]
Maleure31: folds 
iNeverBluff398: raises $1.50 to $2.50
Mahu2021: folds 
Vampyras84: folds 
SorinS28: raises $9 to $11.50
YouBetterFold11: folds 
iNeverBluff398: folds 
Uncalled bet ($9) returned to SorinS28
SorinS28 collected $6 from pot
SorinS28: doesn't show hand 
*** SUMMARY ***
Total pot $6 | Rake $0 
Seat 1: Vampyras84 (button) folded before Flop (didn't bet)
Seat 2: SorinS28 (small blind) collected ($6)
Seat 3: YouBetterFold11 (big blind) folded before Flop
Seat 4: Maleure31 folded before Flop (didn't bet)
Seat 5: iNeverBluff398 folded before Flop
Seat 6: Mahu2021 folded before Flop (didn't bet)



PokerStars Zoom Hand #255375803553:  Hold'em No Limit ($0.50/$1.00) - 2025/03/20 22:10:44 CET [2025/03/20 17:10:44 ET]
Table 'Triangulum' 6-max Seat #1 is the button
Seat 1: ibaCker ($100 in chips) 
Seat 2: Mahu2021 ($91.49 in chips) 
Seat 3: Vampyras84 ($100 in chips) 
Seat 4: Maleure31 ($126.42 in chips) 
Seat 5: red2652 ($100.50 in chips) 
Seat 6: caseace123 ($516.76 in chips) 
Mahu2021: posts small blind $0.50
Vampyras84: posts big blind $1
*** HOLE CARDS ***
Dealt to Mahu2021 [Qs Qd]
Maleure31: folds 
red2652: folds 
caseace123: folds 
ibaCker: raises $1.50 to $2.50
Mahu2021: raises $9.50 to $12
Vampyras84: folds 
ibaCker: calls $9.50
*** FLOP *** [Ts Qc 6d]
Mahu2021: checks 
ibaCker: checks 
*** TURN *** [Ts Qc 6d] [6h]
Mahu2021: checks 
ibaCker: bets $8
Mahu2021: raises $8 to $16
ibaCker: folds 
Uncalled bet ($8) returned to Mahu2021
Mahu2021 collected $38.95 from pot
Mahu2021: doesn't show hand 
*** SUMMARY ***
Total pot $41 | Rake $2.05 
Board [Ts Qc 6d 6h]
Seat 1: ibaCker (button) folded on the Turn
Seat 2: Mahu2021 (small blind) collected ($38.95)
Seat 3: Vampyras84 (big blind) folded before Flop
Seat 4: Maleure31 folded before Flop (didn't bet)
Seat 5: red2652 folded before Flop (didn't bet)
Seat 6: caseace123 folded before Flop (didn't bet)



PokerStars Zoom Hand #255375823961:  Hold'em No Limit ($0.50/$1.00) - 2025/03/20 22:11:56 CET [2025/03/20 17:11:56 ET]
Table 'Triangulum' 6-max Seat #1 is the button
Seat 1: Vampyras84 ($100 in chips) 
Seat 2: treds17 ($100 in chips) 
Seat 3: Maleure31 ($126.27 in chips) 
Seat 4: Mahu2021 ($110.44 in chips) 
Seat 5: Elch ($174.74 in chips) 
Seat 6: 31oren ($121.97 in chips) 
treds17: posts small blind $0.50
Maleure31: posts big blind $1
*** HOLE CARDS ***
Dealt to Mahu2021 [9h Kc]
Mahu2021: folds 
Elch: folds 
31oren: folds 
Vampyras84: folds 
treds17: raises $2 to $3
Maleure31: folds 
Uncalled bet ($2) returned to treds17
treds17 collected $2 from pot
treds17: doesn't show hand 
*** SUMMARY ***
Total pot $2 | Rake $0 
Seat 1: Vampyras84 (button) folded before Flop (didn't bet)
Seat 2: treds17 (small blind) collected ($2)
Seat 3: Maleure31 (big blind) folded before Flop
Seat 4: Mahu2021 folded before Flop (didn't bet)
Seat 5: Elch folded before Flop (didn't bet)
Seat 6: 31oren folded before Flop (didn't bet)



PokerStars Zoom Hand #255375822596:  Hold'em No Limit ($0.50/$1.00) - 2025/03/20 22:11:51 CET [2025/03/20 17:11:51 ET]
Table 'Triangulum' 6-max Seat #1 is the button
Seat 1: caseace123 ($294.97 in chips) 
Seat 2: Vampyras84 ($100 in chips) 
Seat 3: badbetman ($383 in chips) 
Seat 4: iNeverBluff398 ($104 in chips) 
Seat 5: Mahu2021 ($110.44 in chips) 
Seat 6: Elch ($174.74 in chips) 
Vampyras84: posts small blind $0.50
badbetman: posts big blind $1
*** HOLE CARDS ***
Dealt to Mahu2021 [8s Td]
iNeverBluff398: raises $1.50 to $2.50
Mahu2021: folds 
Elch: folds 
caseace123: raises $5 to $7.50
Vampyras84: folds 
badbetman: folds 
iNeverBluff398: raises $13.50 to $21
caseace123: folds 
Uncalled bet ($13.50) returned to iNeverBluff398
iNeverBluff398 collected $16.50 from pot
iNeverBluff398: doesn't show hand 
*** SUMMARY ***
Total pot $16.50 | Rake $0 
Seat 1: caseace123 (button) folded before Flop
Seat 2: Vampyras84 (small blind) folded before Flop
Seat 3: badbetman (big blind) folded before Flop
Seat 4: iNeverBluff398 collected ($16.50)
Seat 5: Mahu2021 folded before Flop (didn't bet)
Seat 6: Elch folded before Flop (didn't bet)



PokerStars Zoom Hand #255375821479:  Hold'em No Limit ($0.50/$1.00) - 2025/03/20 22:11:47 CET [2025/03/20 17:11:47 ET]
Table 'Triangulum' 6-max Seat #1 is the button
Seat 1: Elch ($174.74 in chips) 
Seat 2: ibaCker ($100 in chips) 
Seat 3: Y_19 ($111.68 in chips) 
Seat 4: YouBetterFold11 ($117.93 in chips) 
Seat 5: fabri318 ($166.07 in chips) 
Seat 6: Mahu2021 ($110.44 in chips) 
ibaCker: posts small blind $0.50
Y_19: posts big blind $1
*** HOLE CARDS ***
Dealt to Mahu2021 [4h Jh]
YouBetterFold11: folds 
fabri318: folds 
Mahu2021: folds 
Elch: folds 
ibaCker: calls $0.50
Y_19: checks 
*** FLOP *** [8d Jd 8h]
ibaCker: checks 
Y_19: checks 
*** TURN *** [8d Jd 8h] [7c]
ibaCker: checks 
Y_19: checks 
*** RIVER *** [8d Jd 8h 7c] [6d]
ibaCker: checks 
Y_19: checks 
*** SHOW DOWN ***
ibaCker: shows [Kc 9s] (a pair of Eights)
Y_19: mucks hand 
ibaCker collected $1.90 from pot
*** SUMMARY ***
Total pot $2 | Rake $0.10 
Board [8d Jd 8h 7c 6d]
Seat 1: Elch (button) folded before Flop (didn't bet)
Seat 2: ibaCker (small blind) showed [Kc 9s] and won ($1.90) with a pair of Eights
Seat 3: Y_19 (big blind) mucked [2s 4c]
Seat 4: YouBetterFold11 folded before Flop (didn't bet)
Seat 5: fabri318 folded before Flop (didn't bet)
Seat 6: Mahu2021 folded before Flop (didn't bet)



PokerStars Zoom Hand #255375824844:  Hold'em No Limit ($0.50/$1.00) - 2025/03/20 22:11:59 CET [2025/03/20 17:11:59 ET]
Table 'Triangulum' 6-max Seat #1 is the button
Seat 1: KollertheKid ($107.61 in chips) 
Seat 2: Lucastitos ($104.10 in chips) 
Seat 3: Mahu2021 ($110.44 in chips) 
Seat 4: Vampyras84 ($108.08 in chips) 
Seat 5: 31oren ($121.97 in chips) 
Seat 6: caseace123 ($300.94 in chips) 
Lucastitos: posts small blind $0.50
Mahu2021: posts big blind $1
*** HOLE CARDS ***
Dealt to Mahu2021 [Ah Jh]
Vampyras84: folds 
31oren: folds 
caseace123: folds 
KollertheKid: raises $1 to $2
Lucastitos: folds 
Mahu2021: raises $10 to $12
KollertheKid: calls $10
*** FLOP *** [7h 5s 2s]
Mahu2021: checks 
KollertheKid: checks 
*** TURN *** [7h 5s 2s] [2d]
Mahu2021: bets $9
KollertheKid: calls $9
*** RIVER *** [7h 5s 2s 2d] [Kd]
Mahu2021: bets $19
KollertheKid: calls $19
*** SHOW DOWN ***
Mahu2021: shows [Ah Jh] (a pair of Deuces)
KollertheKid: mucks hand 
Mahu2021 collected $78 from pot
*** SUMMARY ***
Total pot $80.50 | Rake $2.50 
Board [7h 5s 2s 2d Kd]
Seat 1: KollertheKid (button) mucked [Ad Ts]
Seat 2: Lucastitos (small blind) folded before Flop
Seat 3: Mahu2021 (big blind) showed [Ah Jh] and won ($78) with a pair of Deuces
Seat 4: Vampyras84 folded before Flop (didn't bet)
Seat 5: 31oren folded before Flop (didn't bet)
Seat 6: caseace123 folded before Flop (didn't bet)



PokerStars Zoom Hand #255375838782:  Hold'em No Limit ($0.50/$1.00) - 2025/03/20 22:12:49 CET [2025/03/20 17:12:49 ET]
Table 'Triangulum' 6-max Seat #1 is the button
Seat 1: caseace123 ($515.26 in chips) 
Seat 2: ibaCker ($100 in chips) 
Seat 3: bubbles1155 ($105.66 in chips) 
Seat 4: remid13 ($239.47 in chips) 
Seat 5: Mahu2021 ($148.44 in chips) 
Seat 6: KollertheKid ($67.61 in chips) 
ibaCker: posts small blind $0.50
bubbles1155: posts big blind $1
*** HOLE CARDS ***
Dealt to Mahu2021 [7s Js]
remid13: folds 
Mahu2021: folds 
KollertheKid: folds 
caseace123: folds 
ibaCker: folds 
Uncalled bet ($0.50) returned to bubbles1155
bubbles1155 collected $1 from pot
bubbles1155: doesn't show hand 
*** SUMMARY ***
Total pot $1 | Rake $0 
Seat 1: caseace123 (button) folded before Flop (didn't bet)
Seat 2: ibaCker (small blind) folded before Flop
Seat 3: bubbles1155 (big blind) collected ($1)
Seat 4: remid13 folded before Flop (didn't bet)
Seat 5: Mahu2021 folded before Flop (didn't bet)
Seat 6: KollertheKid folded before Flop (didn't bet)



PokerStars Zoom Hand #255375842356:  Hold'em No Limit ($0.50/$1.00) - 2025/03/20 22:13:01 CET [2025/03/20 17:13:01 ET]
Table 'Triangulum' 6-max Seat #1 is the button
Seat 1: ibaCker ($100 in chips) 
Seat 2: Mahu2021 ($148.44 in chips) 
Seat 3: JDigweed7 ($100 in chips) 
Seat 4: caseace123 ($515.26 in chips) 
Seat 5: iNeverBluff398 ($108.18 in chips) 
Seat 6: tosa1976 ($127.15 in chips) 
Mahu2021: posts small blind $0.50
JDigweed7: posts big blind $1
*** HOLE CARDS ***
Dealt to Mahu2021 [Qd 2s]
caseace123: folds 
iNeverBluff398: folds 
tosa1976: folds 
ibaCker: folds 
Mahu2021: folds 
Uncalled bet ($0.50) returned to JDigweed7
JDigweed7 collected $1 from pot
JDigweed7: doesn't show hand 
*** SUMMARY ***
Total pot $1 | Rake $0 
Seat 1: ibaCker (button) folded before Flop (didn't bet)
Seat 2: Mahu2021 (small blind) folded before Flop
Seat 3: JDigweed7 (big blind) collected ($1)
Seat 4: caseace123 folded before Flop (didn't bet)
Seat 5: iNeverBluff398 folded before Flop (didn't bet)
Seat 6: tosa1976 folded before Flop (didn't bet)



PokerStars Zoom Hand #255375843151:  Hold'em No Limit ($0.50/$1.00) - 2025/03/20 22:13:04 CET [2025/03/20 17:13:04 ET]
Table 'Triangulum' 6-max Seat #1 is the button
Seat 1: Mahu2021 ($147.94 in chips) 
Seat 2: juliosss1 ($102.70 in chips) 
Seat 3: caseace123 ($288.47 in chips) 
Seat 4: fabri318 ($165.57 in chips) 
Seat 5: treds17 ($101.04 in chips) 
Seat 6: Maleure31 ($127.37 in chips) 
juliosss1: posts small blind $0.50
caseace123: posts big blind $1
*** HOLE CARDS ***
Dealt to Mahu2021 [3c 6c]
fabri318: folds 
treds17: raises $1.50 to $2.50
Maleure31: folds 
Mahu2021: folds 
juliosss1: folds 
caseace123: folds 
Uncalled bet ($1.50) returned to treds17
treds17 collected $2.50 from pot
treds17: doesn't show hand 
*** SUMMARY ***
Total pot $2.50 | Rake $0 
Seat 1: Mahu2021 (button) folded before Flop (didn't bet)
Seat 2: juliosss1 (small blind) folded before Flop
Seat 3: caseace123 (big blind) folded before Flop
Seat 4: fabri318 folded before Flop (didn't bet)
Seat 5: treds17 collected ($2.50)
Seat 6: Maleure31 folded before Flop (didn't bet)



PokerStars Zoom Hand #255375844341:  Hold'em No Limit ($0.50/$1.00) - 2025/03/20 22:13:09 CET [2025/03/20 17:13:09 ET]
Table 'Triangulum' 6-max Seat #1 is the button
Seat 1: juliosss1 ($102.20 in chips) 
Seat 2: bubbles1155 ($106.16 in chips) 
Seat 3: iNeverBluff398 ($108.18 in chips) 
Seat 4: remid13 ($158.01 in chips) 
Seat 5: Mahu2021 ($147.94 in chips) 
Seat 6: Lucastitos ($114.12 in chips) 
bubbles1155: posts small blind $0.50
iNeverBluff398: posts big blind $1
*** HOLE CARDS ***
Dealt to Mahu2021 [Ks Qh]
remid13: folds 
Mahu2021: raises $1.40 to $2.40
Lucastitos: folds 
juliosss1: folds 
bubbles1155: folds 
iNeverBluff398: folds 
Uncalled bet ($1.40) returned to Mahu2021
Mahu2021 collected $2.50 from pot
Mahu2021: doesn't show hand 
*** SUMMARY ***
Total pot $2.50 | Rake $0 
Seat 1: juliosss1 (button) folded before Flop (didn't bet)
Seat 2: bubbles1155 (small blind) folded before Flop
Seat 3: iNeverBluff398 (big blind) folded before Flop
Seat 4: remid13 folded before Flop (didn't bet)
Seat 5: Mahu2021 collected ($2.50)
Seat 6: Lucastitos folded before Flop (didn't bet)



PokerStars Zoom Hand #255375847662:  Hold'em No Limit ($0.50/$1.00) - 2025/03/20 22:13:21 CET [2025/03/20 17:13:21 ET]
Table 'Triangulum' 6-max Seat #1 is the button
Seat 1: caseace123 ($287.47 in chips) 
Seat 2: KollertheKid ($67.61 in chips) 
Seat 3: treds17 ($102.54 in chips) 
Seat 4: Mahu2021 ($149.44 in chips) 
Seat 5: YouBetterFold11 ($102.50 in chips) 
Seat 6: 31oren ($124.21 in chips) 
KollertheKid: posts small blind $0.50
treds17: posts big blind $1
*** HOLE CARDS ***
Dealt to Mahu2021 [Jh 6d]
Mahu2021: folds 
YouBetterFold11: folds 
31oren: folds 
caseace123: folds 
KollertheKid: folds 
Uncalled bet ($0.50) returned to treds17
treds17 collected $1 from pot
treds17: doesn't show hand 
*** SUMMARY ***
Total pot $1 | Rake $0 
Seat 1: caseace123 (button) folded before Flop (didn't bet)
Seat 2: KollertheKid (small blind) folded before Flop
Seat 3: treds17 (big blind) collected ($1)
Seat 4: Mahu2021 folded before Flop (didn't bet)
Seat 5: YouBetterFold11 folded before Flop (didn't bet)
Seat 6: 31oren folded before Flop (didn't bet)



PokerStars Zoom Hand #255375849336:  Hold'em No Limit ($0.50/$1.00) - 2025/03/20 22:13:27 CET [2025/03/20 17:13:27 ET]
Table 'Triangulum' 6-max Seat #1 is the button
Seat 1: YouBetterFold11 ($102.50 in chips) 
Seat 2: red2652 ($104.99 in chips) 
Seat 3: Mahu2021 ($149.44 in chips) 
Seat 4: iNeverBluff398 ($100 in chips) 
Seat 5: juliosss1 ($103.20 in chips) 
Seat 6: ibaCker ($101.40 in chips) 
red2652: posts small blind $0.50
Mahu2021: posts big blind $1
*** HOLE CARDS ***
Dealt to Mahu2021 [2c Ts]
iNeverBluff398: folds 
juliosss1: raises $2.50 to $3.50
ibaCker: folds 
YouBetterFold11: folds 
red2652: folds 
Mahu2021: folds 
Uncalled bet ($2.50) returned to juliosss1
juliosss1 collected $2.50 from pot
juliosss1: doesn't show hand 
*** SUMMARY ***
Total pot $2.50 | Rake $0 
Seat 1: YouBetterFold11 (button) folded before Flop (didn't bet)
Seat 2: red2652 (small blind) folded before Flop
Seat 3: Mahu2021 (big blind) folded before Flop
Seat 4: iNeverBluff398 folded before Flop (didn't bet)
Seat 5: juliosss1 collected ($2.50)
Seat 6: ibaCker folded before Flop (didn't bet)



PokerStars Zoom Hand #255375851040:  Hold'em No Limit ($0.50/$1.00) - 2025/03/20 22:13:33 CET [2025/03/20 17:13:33 ET]
Table 'Triangulum' 6-max Seat #1 is the button
Seat 1: fabri318 ($249.53 in chips) 
Seat 2: Mahu2021 ($148.44 in chips) 
Seat 3: Vampyras84 ($106.58 in chips) 
Seat 4: iNeverBluff398 ($106.68 in chips) 
Seat 5: 31oren ($115.02 in chips) 
Seat 6: treds17 ($136.92 in chips) 
Mahu2021: posts small blind $0.50
Vampyras84: posts big blind $1
*** HOLE CARDS ***
Dealt to Mahu2021 [6d 3d]
iNeverBluff398: folds 
31oren: folds 
treds17: raises $1.30 to $2.30
fabri318: raises $5.70 to $8
Mahu2021: folds 
Vampyras84: folds 
treds17: folds 
Uncalled bet ($5.70) returned to fabri318
fabri318 collected $6.10 from pot
fabri318: doesn't show hand 
*** SUMMARY ***
Total pot $6.10 | Rake $0 
Seat 1: fabri318 (button) collected ($6.10)
Seat 2: Mahu2021 (small blind) folded before Flop
Seat 3: Vampyras84 (big blind) folded before Flop
Seat 4: iNeverBluff398 folded before Flop (didn't bet)
Seat 5: 31oren folded before Flop (didn't bet)
Seat 6: treds17 folded before Flop



PokerStars Zoom Hand #255375853825:  Hold'em No Limit ($0.50/$1.00) - 2025/03/20 22:13:43 CET [2025/03/20 17:13:43 ET]
Table 'Triangulum' 6-max Seat #1 is the button
Seat 1: Mahu2021 ($147.94 in chips) 
Seat 2: YouBetterFold11 ($107.42 in chips) 
Seat 3: juliosss1 ($104.70 in chips) 
Seat 4: ibaCker ($100 in chips) 
Seat 5: iNeverBluff398 ($114.79 in chips) 
Seat 6: 31oren ($115.02 in chips) 
YouBetterFold11: posts small blind $0.50
juliosss1: posts big blind $1
*** HOLE CARDS ***
Dealt to Mahu2021 [Kd 4s]
ibaCker: folds 
iNeverBluff398: folds 
31oren: folds 
Mahu2021: folds 
YouBetterFold11: folds 
Uncalled bet ($0.50) returned to juliosss1
juliosss1 collected $1 from pot
juliosss1: doesn't show hand 
*** SUMMARY ***
Total pot $1 | Rake $0 
Seat 1: Mahu2021 (button) folded before Flop (didn't bet)
Seat 2: YouBetterFold11 (small blind) folded before Flop
Seat 3: juliosss1 (big blind) collected ($1)
Seat 4: ibaCker folded before Flop (didn't bet)
Seat 5: iNeverBluff398 folded before Flop (didn't bet)
Seat 6: 31oren folded before Flop (didn't bet)



PokerStars Zoom Hand #255375855232:  Hold'em No Limit ($0.50/$1.00) - 2025/03/20 22:13:48 CET [2025/03/20 17:13:48 ET]
Table 'Triangulum' 6-max Seat #1 is the button
Seat 1: ibaCker ($102.90 in chips) 
Seat 2: iNeverBluff398 ($114.79 in chips) 
Seat 3: 31oren ($115.02 in chips) 
Seat 4: Mahu2021 ($147.94 in chips) 
Seat 5: circoflax ($293.51 in chips) 
Seat 6: YouBetterFold11 ($116.43 in chips) 
iNeverBluff398: posts small blind $0.50
31oren: posts big blind $1
*** HOLE CARDS ***
Dealt to Mahu2021 [Td 4s]
Mahu2021: folds 
circoflax: folds 
YouBetterFold11: folds 
ibaCker: folds 
iNeverBluff398: folds 
Uncalled bet ($0.50) returned to 31oren
31oren collected $1 from pot
31oren: doesn't show hand 
*** SUMMARY ***
Total pot $1 | Rake $0 
Seat 1: ibaCker (button) folded before Flop (didn't bet)
Seat 2: iNeverBluff398 (small blind) folded before Flop
Seat 3: 31oren (big blind) collected ($1)
Seat 4: Mahu2021 folded before Flop (didn't bet)
Seat 5: circoflax folded before Flop (didn't bet)
Seat 6: YouBetterFold11 folded before Flop (didn't bet)



PokerStars Zoom Hand #255375852018:  Hold'em No Limit ($0.50/$1.00) - 2025/03/20 22:13:36 CET [2025/03/20 17:13:36 ET]
Table 'Triangulum' 6-max Seat #1 is the button
Seat 1: iNeverBluff398 ($106.68 in chips) 
Seat 2: ibaCker ($100.50 in chips) 
Seat 3: gfp24 ($467.19 in chips) 
Seat 4: 31oren ($115.02 in chips) 
Seat 5: fulboat22277 ($54.76 in chips) 
Seat 6: Mahu2021 ($147.94 in chips) 
ibaCker: posts small blind $0.50
gfp24: posts big blind $1
*** HOLE CARDS ***
Dealt to Mahu2021 [4c 3c]
31oren: folds 
fulboat22277: folds 
Mahu2021: folds 
iNeverBluff398: raises $1.50 to $2.50
ibaCker: folds 
gfp24: calls $1.50
*** FLOP *** [2c Jc 4s]
gfp24: checks 
iNeverBluff398: bets $1.72
gfp24: folds 
Uncalled bet ($1.72) returned to iNeverBluff398
iNeverBluff398 collected $5.22 from pot
iNeverBluff398: doesn't show hand 
*** SUMMARY ***
Total pot $5.50 | Rake $0.28 
Board [2c Jc 4s]
Seat 1: iNeverBluff398 (button) collected ($5.22)
Seat 2: ibaCker (small blind) folded before Flop
Seat 3: gfp24 (big blind) folded on the Flop
Seat 4: 31oren folded before Flop (didn't bet)
Seat 5: fulboat22277 folded before Flop (didn't bet)
Seat 6: Mahu2021 folded before Flop (didn't bet)



PokerStars Zoom Hand #255375858385:  Hold'em No Limit ($0.50/$1.00) - 2025/03/20 22:13:59 CET [2025/03/20 17:13:59 ET]
Table 'Triangulum' 6-max Seat #1 is the button
Seat 1: red2652 ($103.49 in chips) 
Seat 2: gfp24 ($464.69 in chips) 
Seat 3: YouBetterFold11 ($116.43 in chips) 
Seat 4: fabri318 ($253.33 in chips) 
Seat 5: Mahu2021 ($147.94 in chips) 
Seat 6: MrDevil_6666 ($28.97 in chips) 
gfp24: posts small blind $0.50
YouBetterFold11: posts big blind $1
*** HOLE CARDS ***
Dealt to Mahu2021 [Ac 9c]
fabri318: folds 
Mahu2021: raises $1.40 to $2.40
MrDevil_6666: folds 
red2652: calls $2.40
gfp24: folds 
YouBetterFold11: folds 
*** FLOP *** [9h As Jd]
Mahu2021: bets $5.98
red2652: folds 
Uncalled bet ($5.98) returned to Mahu2021
Mahu2021 collected $5.98 from pot
Mahu2021: doesn't show hand 
*** SUMMARY ***
Total pot $6.30 | Rake $0.32 
Board [9h As Jd]
Seat 1: red2652 (button) folded on the Flop
Seat 2: gfp24 (small blind) folded before Flop
Seat 3: YouBetterFold11 (big blind) folded before Flop
Seat 4: fabri318 folded before Flop (didn't bet)
Seat 5: Mahu2021 collected ($5.98)
Seat 6: MrDevil_6666 folded before Flop (didn't bet)



PokerStars Zoom Hand #255375856489:  Hold'em No Limit ($0.50/$1.00) - 2025/03/20 22:13:52 CET [2025/03/20 17:13:52 ET]
Table 'Triangulum' 6-max Seat #1 is the button
Seat 1: circoflax ($179.57 in chips) 
Seat 2: ibaCker ($100 in chips) 
Seat 3: iNeverBluff398 ($114.29 in chips) 
Seat 4: Vampyras84 ($105.58 in chips) 
Seat 5: Börns11777 ($101.28 in chips) 
Seat 6: Mahu2021 ($147.94 in chips) 
ibaCker: posts small blind $0.50
iNeverBluff398: posts big blind $1
*** HOLE CARDS ***
Dealt to Mahu2021 [6c 4c]
Vampyras84: raises $1.20 to $2.20
Börns11777: folds 
Mahu2021: folds 
circoflax: folds 
ibaCker: folds 
iNeverBluff398: calls $1.20
*** FLOP *** [Ks 8c 5d]
iNeverBluff398: checks 
Vampyras84: bets $1.35
iNeverBluff398: calls $1.35
*** TURN *** [Ks 8c 5d] [6s]
iNeverBluff398: checks 
Vampyras84: bets $5.34
iNeverBluff398: folds 
Uncalled bet ($5.34) returned to Vampyras84
Vampyras84 collected $7.22 from pot
Vampyras84: doesn't show hand 
*** SUMMARY ***
Total pot $7.60 | Rake $0.38 
Board [Ks 8c 5d 6s]
Seat 1: circoflax (button) folded before Flop (didn't bet)
Seat 2: ibaCker (small blind) folded before Flop
Seat 3: iNeverBluff398 (big blind) folded on the Turn
Seat 4: Vampyras84 collected ($7.22)
Seat 5: Börns11777 folded before Flop (didn't bet)
Seat 6: Mahu2021 folded before Flop (didn't bet)



PokerStars Zoom Hand #255375867044:  Hold'em No Limit ($0.50/$1.00) - 2025/03/20 22:14:30 CET [2025/03/20 17:14:30 ET]
Table 'Triangulum' 6-max Seat #1 is the button
Seat 1: fabri318 ($113.57 in chips) 
Seat 2: 31oren ($122.71 in chips) 
Seat 3: Mahu2021 ($151.52 in chips) 
Seat 4: Y_19 ($107.57 in chips) 
Seat 5: ibaCker ($108.71 in chips) 
Seat 6: Maleure31 ($86.79 in chips) 
31oren: posts small blind $0.50
Mahu2021: posts big blind $1
*** HOLE CARDS ***
Dealt to Mahu2021 [Td 4c]
Y_19: folds 
ibaCker: folds 
Maleure31: folds 
fabri318: raises $1 to $2
31oren: folds 
Mahu2021: folds 
Uncalled bet ($1) returned to fabri318
fabri318 collected $2.50 from pot
fabri318: doesn't show hand 
*** SUMMARY ***
Total pot $2.50 | Rake $0 
Seat 1: fabri318 (button) collected ($2.50)
Seat 2: 31oren (small blind) folded before Flop
Seat 3: Mahu2021 (big blind) folded before Flop
Seat 4: Y_19 folded before Flop (didn't bet)
Seat 5: ibaCker folded before Flop (didn't bet)
Seat 6: Maleure31 folded before Flop (didn't bet)



PokerStars Zoom Hand #255375871805:  Hold'em No Limit ($0.50/$1.00) - 2025/03/20 22:14:47 CET [2025/03/20 17:14:47 ET]
Table 'Triangulum' 6-max Seat #1 is the button
Seat 1: Mahu2021 ($150.02 in chips) 
Seat 2: ibaCker ($102 in chips) 
Seat 3: red2652 ($100.59 in chips) 
Seat 4: junioru111 ($396.33 in chips) 
Seat 5: remid13 ($241.54 in chips) 
Seat 6: fabri318 ($115.07 in chips) 
ibaCker: posts small blind $0.50
red2652: posts big blind $1
*** HOLE CARDS ***
Dealt to Mahu2021 [Ts 5c]
junioru111: folds 
remid13: folds 
fabri318: raises $1 to $2
Mahu2021: folds 
ibaCker: folds 
red2652: folds 
Uncalled bet ($1) returned to fabri318
fabri318 collected $2.50 from pot
fabri318: doesn't show hand 
*** SUMMARY ***
Total pot $2.50 | Rake $0 
Seat 1: Mahu2021 (button) folded before Flop (didn't bet)
Seat 2: ibaCker (small blind) folded before Flop
Seat 3: red2652 (big blind) folded before Flop
Seat 4: junioru111 folded before Flop (didn't bet)
Seat 5: remid13 folded before Flop (didn't bet)
Seat 6: fabri318 collected ($2.50)



