PokerStars Zoom Hand #255446990334:  Hold'em No Limit ($0.05/$0.10) - 2025/03/25 17:14:53 CET [2025/03/25 12:14:53 ET]
Table 'Aludra' 6-max Seat #1 is the button
Seat 1: thebuilder86 ($15.15 in chips) 
Seat 2: PovilasX ($10.05 in chips) 
Seat 3: Mahu2021 ($10 in chips) 
Seat 4: innocent99 ($21.32 in chips) 
Seat 5: pokersenis ($11.91 in chips) 
Seat 6: pelao15 ($5.12 in chips) 
PovilasX: posts small blind $0.05
Mahu2021: posts big blind $0.10
*** HOLE CARDS ***
Dealt to Mahu2021 [5c 9d]
innocent99: raises $0.10 to $0.20
pokersenis: folds 
pelao15: folds 
thebuilder86: folds 
PovilasX: folds 
Mahu2021: folds 
Uncalled bet ($0.10) returned to innocent99
innocent99 collected $0.25 from pot
innocent99: doesn't show hand 
*** SUMMARY ***
Total pot $0.25 | Rake $0 
Seat 1: thebuilder86 (button) folded before Flop (didn't bet)
Seat 2: PovilasX (small blind) folded before Flop
Seat 3: Mahu2021 (big blind) folded before Flop
Seat 4: innocent99 collected ($0.25)
Seat 5: pokersenis folded before Flop (didn't bet)
Seat 6: pelao15 folded before Flop (didn't bet)



PokerStars Zoom Hand #255446991330:  Hold'em No Limit ($0.05/$0.10) - 2025/03/25 17:14:58 CET [2025/03/25 12:14:58 ET]
Table 'Aludra' 6-max Seat #1 is the button
Seat 1: dmaap1 ($23.78 in chips) 
Seat 2: Mahu2021 ($9.90 in chips) 
Seat 3: B233446 ($11.88 in chips) 
Seat 4: thebuilder86 ($15.15 in chips) 
Seat 5: y_u_mirin1 ($10.07 in chips) 
Seat 6: THMN30 ($11.09 in chips) 
Mahu2021: posts small blind $0.05
B233446: posts big blind $0.10
*** HOLE CARDS ***
Dealt to Mahu2021 [Qd 4s]
thebuilder86: folds 
y_u_mirin1: folds 
THMN30: folds 
dmaap1: folds 
Mahu2021: folds 
Uncalled bet ($0.05) returned to B233446
B233446 collected $0.10 from pot
B233446: doesn't show hand 
*** SUMMARY ***
Total pot $0.10 | Rake $0 
Seat 1: dmaap1 (button) folded before Flop (didn't bet)
Seat 2: Mahu2021 (small blind) folded before Flop
Seat 3: B233446 (big blind) collected ($0.10)
Seat 4: thebuilder86 folded before Flop (didn't bet)
Seat 5: y_u_mirin1 folded before Flop (didn't bet)
Seat 6: THMN30 folded before Flop (didn't bet)



PokerStars Zoom Hand #255446992222:  Hold'em No Limit ($0.05/$0.10) - 2025/03/25 17:15:02 CET [2025/03/25 12:15:02 ET]
Table 'Aludra' 6-max Seat #1 is the button
Seat 1: Mahu2021 ($9.85 in chips) 
Seat 2: maximus25203 ($5.98 in chips) 
Seat 3: pokersenis ($19.31 in chips) 
Seat 4: liebhabär ($10.15 in chips) 
Seat 5: THMN30 ($11.09 in chips) 
Seat 6: PovilasX ($10 in chips) 
maximus25203: posts small blind $0.05
pokersenis: posts big blind $0.10
*** HOLE CARDS ***
Dealt to Mahu2021 [Kc Ac]
liebhabär: folds 
THMN30: raises $0.12 to $0.22
PovilasX: folds 
Mahu2021: raises $0.88 to $1.10
maximus25203: folds 
pokersenis: folds 
THMN30: folds 
Uncalled bet ($0.88) returned to Mahu2021
Mahu2021 collected $0.59 from pot
Mahu2021: doesn't show hand 
*** SUMMARY ***
Total pot $0.59 | Rake $0 
Seat 1: Mahu2021 (button) collected ($0.59)
Seat 2: maximus25203 (small blind) folded before Flop
Seat 3: pokersenis (big blind) folded before Flop
Seat 4: liebhabär folded before Flop (didn't bet)
Seat 5: THMN30 folded before Flop
Seat 6: PovilasX folded before Flop (didn't bet)



PokerStars Zoom Hand #255446995525:  Hold'em No Limit ($0.05/$0.10) - 2025/03/25 17:15:18 CET [2025/03/25 12:15:18 ET]
Table 'Aludra' 6-max Seat #1 is the button
Seat 1: Smdpair77 ($9.36 in chips) 
Seat 2: zzz7zzz7zzz ($2.57 in chips) 
Seat 3: THMN30 ($10.87 in chips) 
Seat 4: Mahu2021 ($10.22 in chips) 
Seat 5: pelao15 ($7.22 in chips) 
Seat 6: Bur1k ($5 in chips) 
zzz7zzz7zzz: posts small blind $0.05
THMN30: posts big blind $0.10
*** HOLE CARDS ***
Dealt to Mahu2021 [Kd 4c]
Mahu2021: folds 
pelao15: folds 
Bur1k: folds 
Smdpair77: folds 
zzz7zzz7zzz: raises $0.10 to $0.20
THMN30: folds 
Uncalled bet ($0.10) returned to zzz7zzz7zzz
zzz7zzz7zzz collected $0.20 from pot
zzz7zzz7zzz: doesn't show hand 
*** SUMMARY ***
Total pot $0.20 | Rake $0 
Seat 1: Smdpair77 (button) folded before Flop (didn't bet)
Seat 2: zzz7zzz7zzz (small blind) collected ($0.20)
Seat 3: THMN30 (big blind) folded before Flop
Seat 4: Mahu2021 folded before Flop (didn't bet)
Seat 5: pelao15 folded before Flop (didn't bet)
Seat 6: Bur1k folded before Flop (didn't bet)



PokerStars Zoom Hand #255446996524:  Hold'em No Limit ($0.05/$0.10) - 2025/03/25 17:15:23 CET [2025/03/25 12:15:23 ET]
Table 'Aludra' 6-max Seat #1 is the button
Seat 1: topax76 ($21.37 in chips) 
Seat 2: gualtersales ($21.19 in chips) 
Seat 3: totoquentes ($10.03 in chips) 
Seat 4: pokersenis ($19.16 in chips) 
Seat 5: Steg674 ($16.40 in chips) 
Seat 6: Mahu2021 ($10.22 in chips) 
gualtersales: posts small blind $0.05
totoquentes: posts big blind $0.10
*** HOLE CARDS ***
Dealt to Mahu2021 [3c Ac]
pokersenis: folds 
Steg674: calls $0.10
Mahu2021: calls $0.10
topax76: folds 
gualtersales: folds 
totoquentes: checks 
*** FLOP *** [Kh Kd 6c]
totoquentes: checks 
Steg674: checks 
Mahu2021: checks 
*** TURN *** [Kh Kd 6c] [Th]
totoquentes: bets $0.20
Steg674: calls $0.20
Mahu2021: folds 
*** RIVER *** [Kh Kd 6c Th] [4s]
totoquentes: checks 
Steg674: bets $0.72
totoquentes: calls $0.72
*** SHOW DOWN ***
Steg674: shows [8s 8h] (two pair, Kings and Eights)
totoquentes: shows [Qd Qc] (two pair, Kings and Queens)
totoquentes collected $2.09 from pot
*** SUMMARY ***
Total pot $2.19 | Rake $0.10 
Board [Kh Kd 6c Th 4s]
Seat 1: topax76 (button) folded before Flop (didn't bet)
Seat 2: gualtersales (small blind) folded before Flop
Seat 3: totoquentes (big blind) showed [Qd Qc] and won ($2.09) with two pair, Kings and Queens
Seat 4: pokersenis folded before Flop (didn't bet)
Seat 5: Steg674 showed [8s 8h] and lost with two pair, Kings and Eights
Seat 6: Mahu2021 folded on the Turn



PokerStars Zoom Hand #255447001948:  Hold'em No Limit ($0.05/$0.10) - 2025/03/25 17:15:50 CET [2025/03/25 12:15:50 ET]
Table 'Aludra' 6-max Seat #1 is the button
Seat 1: pelao15 ($7.22 in chips) 
Seat 2: pokersenis ($19.06 in chips) 
Seat 3: Mahu2021 ($10.12 in chips) 
Seat 4: rk_ito7 ($12.27 in chips) 
Seat 5: PovilasX ($10.80 in chips) 
Seat 6: alexevo91 ($9.52 in chips) 
pokersenis: posts small blind $0.05
Mahu2021: posts big blind $0.10
*** HOLE CARDS ***
Dealt to Mahu2021 [6s Ts]
rk_ito7: folds 
PovilasX: folds 
alexevo91: folds 
pelao15: calls $0.10
pokersenis: raises $0.40 to $0.50
Mahu2021: folds 
pelao15: calls $0.40
*** FLOP *** [6c Th 9c]
pokersenis: checks 
pelao15: checks 
*** TURN *** [6c Th 9c] [Qh]
pokersenis: bets $0.63
pelao15: folds 
Uncalled bet ($0.63) returned to pokersenis
pokersenis collected $1.05 from pot
pokersenis: doesn't show hand 
*** SUMMARY ***
Total pot $1.10 | Rake $0.05 
Board [6c Th 9c Qh]
Seat 1: pelao15 (button) folded on the Turn
Seat 2: pokersenis (small blind) collected ($1.05)
Seat 3: Mahu2021 (big blind) folded before Flop
Seat 4: rk_ito7 folded before Flop (didn't bet)
Seat 5: PovilasX folded before Flop (didn't bet)
Seat 6: alexevo91 folded before Flop (didn't bet)



PokerStars Zoom Hand #255447005597:  Hold'em No Limit ($0.05/$0.10) - 2025/03/25 17:16:08 CET [2025/03/25 12:16:08 ET]
Table 'Aludra' 6-max Seat #1 is the button
Seat 1: rk_ito7 ($18.74 in chips) 
Seat 2: Thecrab666 ($7.55 in chips) 
Seat 3: Frankenjura ($14.11 in chips) 
Seat 4: L.K.A.LUC ($4.71 in chips) 
Seat 5: Mahu2021 ($10.02 in chips) 
Seat 6: Profbetting ($10.41 in chips) 
Thecrab666: posts small blind $0.05
Frankenjura: posts big blind $0.10
*** HOLE CARDS ***
Dealt to Mahu2021 [2h Td]
L.K.A.LUC: folds 
Mahu2021: folds 
Profbetting: raises $0.13 to $0.23
rk_ito7: folds 
Thecrab666: folds 
Frankenjura: folds 
Uncalled bet ($0.13) returned to Profbetting
Profbetting collected $0.25 from pot
Profbetting: doesn't show hand 
*** SUMMARY ***
Total pot $0.25 | Rake $0 
Seat 1: rk_ito7 (button) folded before Flop (didn't bet)
Seat 2: Thecrab666 (small blind) folded before Flop
Seat 3: Frankenjura (big blind) folded before Flop
Seat 4: L.K.A.LUC folded before Flop (didn't bet)
Seat 5: Mahu2021 folded before Flop (didn't bet)
Seat 6: Profbetting collected ($0.25)



PokerStars Zoom Hand #255447009574:  Hold'em No Limit ($0.05/$0.10) - 2025/03/25 17:16:28 CET [2025/03/25 12:16:28 ET]
Table 'Aludra' 6-max Seat #1 is the button
Seat 1: Profbetting ($10.56 in chips) 
Seat 2: dmaap1 ($18.52 in chips) 
Seat 3: saljam23 ($12.47 in chips) 
Seat 4: kingsman5454 ($13.37 in chips) 
Seat 5: Thecrab666 ($7.50 in chips) 
Seat 6: Mahu2021 ($9.97 in chips) 
dmaap1: posts small blind $0.05
saljam23: posts big blind $0.10
*** HOLE CARDS ***
Dealt to Mahu2021 [7c 2h]
kingsman5454: folds 
Thecrab666: folds 
Mahu2021: folds 
Profbetting: raises $0.15 to $0.25
dmaap1: folds 
saljam23: folds 
Uncalled bet ($0.15) returned to Profbetting
Profbetting collected $0.25 from pot
Profbetting: doesn't show hand 
*** SUMMARY ***
Total pot $0.25 | Rake $0 
Seat 1: Profbetting (button) collected ($0.25)
Seat 2: dmaap1 (small blind) folded before Flop
Seat 3: saljam23 (big blind) folded before Flop
Seat 4: kingsman5454 folded before Flop (didn't bet)
Seat 5: Thecrab666 folded before Flop (didn't bet)
Seat 6: Mahu2021 folded before Flop (didn't bet)



PokerStars Zoom Hand #255447008563:  Hold'em No Limit ($0.05/$0.10) - 2025/03/25 17:16:23 CET [2025/03/25 12:16:23 ET]
Table 'Aludra' 6-max Seat #1 is the button
Seat 1: pokersenis ($19.61 in chips) 
Seat 2: topax76 ($16.24 in chips) 
Seat 3: gualtersales ($20.79 in chips) 
Seat 4: ZZCO ($10 in chips) 
Seat 5: Mahu2021 ($9.97 in chips) 
Seat 6: rk_ito7 ($18.74 in chips) 
topax76: posts small blind $0.05
gualtersales: posts big blind $0.10
*** HOLE CARDS ***
Dealt to Mahu2021 [5d 6c]
ZZCO: folds 
Mahu2021: folds 
rk_ito7: folds 
pokersenis: raises $0.20 to $0.30
topax76: folds 
gualtersales: folds 
Uncalled bet ($0.20) returned to pokersenis
pokersenis collected $0.25 from pot
pokersenis: doesn't show hand 
*** SUMMARY ***
Total pot $0.25 | Rake $0 
Seat 1: pokersenis (button) collected ($0.25)
Seat 2: topax76 (small blind) folded before Flop
Seat 3: gualtersales (big blind) folded before Flop
Seat 4: ZZCO folded before Flop (didn't bet)
Seat 5: Mahu2021 folded before Flop (didn't bet)
Seat 6: rk_ito7 folded before Flop (didn't bet)



PokerStars Zoom Hand #255447006586:  Hold'em No Limit ($0.05/$0.10) - 2025/03/25 17:16:13 CET [2025/03/25 12:16:13 ET]
Table 'Aludra' 6-max Seat #1 is the button
Seat 1: Mahu2021 ($10.02 in chips) 
Seat 2: JakeFairley ($10 in chips) 
Seat 3: kolokithakias ($5.80 in chips) 
Seat 4: PovilasX ($10.10 in chips) 
Seat 5: SebasRebollo ($21.48 in chips) 
Seat 6: totoquentes ($11.10 in chips) 
JakeFairley: posts small blind $0.05
kolokithakias: posts big blind $0.10
*** HOLE CARDS ***
Dealt to Mahu2021 [Tc 6s]
PovilasX: folds 
SebasRebollo: calls $0.10
totoquentes: raises $0.35 to $0.45
Mahu2021: folds 
JakeFairley: folds 
kolokithakias: calls $0.35
SebasRebollo: calls $0.35
*** FLOP *** [6d 5d Kc]
kolokithakias: checks 
SebasRebollo: checks 
totoquentes: checks 
*** TURN *** [6d 5d Kc] [Jd]
kolokithakias: checks 
SebasRebollo: checks 
totoquentes: bets $0.70
kolokithakias: calls $0.70
SebasRebollo: folds 
*** RIVER *** [6d 5d Kc Jd] [8h]
kolokithakias: checks 
totoquentes: checks 
*** SHOW DOWN ***
kolokithakias: shows [Ad 6h] (a pair of Sixes)
totoquentes: shows [Qd Qc] (a pair of Queens)
totoquentes collected $2.67 from pot
*** SUMMARY ***
Total pot $2.80 | Rake $0.13 
Board [6d 5d Kc Jd 8h]
Seat 1: Mahu2021 (button) folded before Flop (didn't bet)
Seat 2: JakeFairley (small blind) folded before Flop
Seat 3: kolokithakias (big blind) showed [Ad 6h] and lost with a pair of Sixes
Seat 4: PovilasX folded before Flop (didn't bet)
Seat 5: SebasRebollo folded on the Turn
Seat 6: totoquentes showed [Qd Qc] and won ($2.67) with a pair of Queens



PokerStars Zoom Hand #255447007782:  Hold'em No Limit ($0.05/$0.10) - 2025/03/25 17:16:19 CET [2025/03/25 12:16:19 ET]
Table 'Aludra' 6-max Seat #1 is the button
Seat 1: JakeFairley ($10 in chips) 
Seat 2: Mahu2021 ($10.02 in chips) 
Seat 3: citizen6e ($10.52 in chips) 
Seat 4: Steg674 ($15.38 in chips) 
Seat 5: dmaap1 ($32.60 in chips) 
Seat 6: shj13 ($13.10 in chips) 
Mahu2021: posts small blind $0.05
citizen6e: posts big blind $0.10
*** HOLE CARDS ***
Dealt to Mahu2021 [4s 7c]
Steg674: calls $0.10
dmaap1: folds 
shj13: raises $0.25 to $0.35
JakeFairley: folds 
Mahu2021: folds 
citizen6e: folds 
Steg674: calls $0.25
*** FLOP *** [3s 4c 9s]
Steg674: bets $0.81
shj13: folds 
Uncalled bet ($0.81) returned to Steg674
Steg674 collected $0.81 from pot
Steg674: doesn't show hand 
*** SUMMARY ***
Total pot $0.85 | Rake $0.04 
Board [3s 4c 9s]
Seat 1: JakeFairley (button) folded before Flop (didn't bet)
Seat 2: Mahu2021 (small blind) folded before Flop
Seat 3: citizen6e (big blind) folded before Flop
Seat 4: Steg674 collected ($0.81)
Seat 5: dmaap1 folded before Flop (didn't bet)
Seat 6: shj13 folded on the Flop



PokerStars Zoom Hand #255447010631:  Hold'em No Limit ($0.05/$0.10) - 2025/03/25 17:16:33 CET [2025/03/25 12:16:33 ET]
Table 'Aludra' 6-max Seat #1 is the button
Seat 1: Frankenjura ($14.11 in chips) 
Seat 2: rk_ito7 ($18.74 in chips) 
Seat 3: Mahu2021 ($9.97 in chips) 
Seat 4: Thecrab666 ($7.50 in chips) 
Seat 5: Tinchoolp768 ($11.68 in chips) 
Seat 6: kingsman5454 ($10.52 in chips) 
rk_ito7: posts small blind $0.05
Mahu2021: posts big blind $0.10
*** HOLE CARDS ***
Dealt to Mahu2021 [8d 8h]
Thecrab666: folds 
Tinchoolp768: folds 
kingsman5454: folds 
Frankenjura: folds 
rk_ito7: raises $0.20 to $0.30
Mahu2021: calls $0.20
*** FLOP *** [Js Qs Qd]
rk_ito7: bets $0.19
Mahu2021: calls $0.19
*** TURN *** [Js Qs Qd] [7c]
rk_ito7: bets $0.60
Mahu2021: calls $0.60
*** RIVER *** [Js Qs Qd 7c] [Jd]
rk_ito7: checks 
Mahu2021: checks 
*** SHOW DOWN ***
rk_ito7: shows [Tc 9d] (two pair, Queens and Jacks)
Mahu2021: mucks hand 
rk_ito7 collected $2.08 from pot
*** SUMMARY ***
Total pot $2.18 | Rake $0.10 
Board [Js Qs Qd 7c Jd]
Seat 1: Frankenjura (button) folded before Flop (didn't bet)
Seat 2: rk_ito7 (small blind) showed [Tc 9d] and won ($2.08) with two pair, Queens and Jacks
Seat 3: Mahu2021 (big blind) mucked [8d 8h]
Seat 4: Thecrab666 folded before Flop (didn't bet)
Seat 5: Tinchoolp768 folded before Flop (didn't bet)
Seat 6: kingsman5454 folded before Flop (didn't bet)



PokerStars Zoom Hand #255447018632:  Hold'em No Limit ($0.05/$0.10) - 2025/03/25 17:17:13 CET [2025/03/25 12:17:13 ET]
Table 'Aludra' 6-max Seat #1 is the button
Seat 1: 19Slavon95 ($10 in chips) 
Seat 2: Tozsy17 ($10.24 in chips) 
Seat 3: Bur1k ($5 in chips) 
Seat 4: Mahu2021 ($8.88 in chips) 
Seat 5: rk_ito7 ($19.73 in chips) 
Seat 6: citizen6e ($10.71 in chips) 
Tozsy17: posts small blind $0.05
Bur1k: posts big blind $0.10
*** HOLE CARDS ***
Dealt to Mahu2021 [Qc Kd]
Mahu2021: raises $0.20 to $0.30
rk_ito7: folds 
citizen6e: raises $0.70 to $1
19Slavon95: folds 
Tozsy17: folds 
Bur1k: folds 
Mahu2021: folds 
Uncalled bet ($0.70) returned to citizen6e
citizen6e collected $0.75 from pot
citizen6e: doesn't show hand 
*** SUMMARY ***
Total pot $0.75 | Rake $0 
Seat 1: 19Slavon95 (button) folded before Flop (didn't bet)
Seat 2: Tozsy17 (small blind) folded before Flop
Seat 3: Bur1k (big blind) folded before Flop
Seat 4: Mahu2021 folded before Flop
Seat 5: rk_ito7 folded before Flop (didn't bet)
Seat 6: citizen6e collected ($0.75)



PokerStars Zoom Hand #255447022363:  Hold'em No Limit ($0.05/$0.10) - 2025/03/25 17:17:31 CET [2025/03/25 12:17:31 ET]
Table 'Aludra' 6-max Seat #1 is the button
Seat 1: Tozsy17 ($10 in chips) 
Seat 2: Mahu2021 ($8.58 in chips) 
Seat 3: Frankenjura ($10.40 in chips) 
Seat 4: D_Kwal ($16.58 in chips) 
Seat 5: 19Slavon95 ($10 in chips) 
Seat 6: Tinchoolp768 ($11.53 in chips) 
Mahu2021: posts small blind $0.05
Frankenjura: posts big blind $0.10
*** HOLE CARDS ***
Dealt to Mahu2021 [Ts 3c]
D_Kwal: folds 
19Slavon95: folds 
Tinchoolp768: folds 
Tozsy17: folds 
Mahu2021: folds 
Uncalled bet ($0.05) returned to Frankenjura
Frankenjura collected $0.10 from pot
Frankenjura: doesn't show hand 
*** SUMMARY ***
Total pot $0.10 | Rake $0 
Seat 1: Tozsy17 (button) folded before Flop (didn't bet)
Seat 2: Mahu2021 (small blind) folded before Flop
Seat 3: Frankenjura (big blind) collected ($0.10)
Seat 4: D_Kwal folded before Flop (didn't bet)
Seat 5: 19Slavon95 folded before Flop (didn't bet)
Seat 6: Tinchoolp768 folded before Flop (didn't bet)



PokerStars Zoom Hand #255447024393:  Hold'em No Limit ($0.05/$0.10) - 2025/03/25 17:17:41 CET [2025/03/25 12:17:41 ET]
Table 'Aludra' 6-max Seat #1 is the button
Seat 1: ZZCO ($10.13 in chips) 
Seat 2: dmaap1 ($32.65 in chips) 
Seat 3: Tinchoolp768 ($11.53 in chips) 
Seat 4: saljam23 ($13.78 in chips) 
Seat 5: kaitekiz ($10.01 in chips) 
Seat 6: Mahu2021 ($8.53 in chips) 
dmaap1: posts small blind $0.05
Tinchoolp768: posts big blind $0.10
*** HOLE CARDS ***
Dealt to Mahu2021 [3d 2c]
saljam23: folds 
kaitekiz: raises $0.10 to $0.20
Mahu2021: folds 
ZZCO: folds 
dmaap1: folds 
Tinchoolp768: folds 
Uncalled bet ($0.10) returned to kaitekiz
kaitekiz collected $0.25 from pot
kaitekiz: doesn't show hand 
*** SUMMARY ***
Total pot $0.25 | Rake $0 
Seat 1: ZZCO (button) folded before Flop (didn't bet)
Seat 2: dmaap1 (small blind) folded before Flop
Seat 3: Tinchoolp768 (big blind) folded before Flop
Seat 4: saljam23 folded before Flop (didn't bet)
Seat 5: kaitekiz collected ($0.25)
Seat 6: Mahu2021 folded before Flop (didn't bet)



PokerStars Zoom Hand #255447026347:  Hold'em No Limit ($0.05/$0.10) - 2025/03/25 17:17:51 CET [2025/03/25 12:17:51 ET]
Table 'Aludra' 6-max Seat #1 is the button
Seat 1: FACCHETADE$ ($10.28 in chips) 
Seat 2: aveitsch ($11 in chips) 
Seat 3: citizen6e ($10.12 in chips) 
Seat 4: looser00091 ($11.81 in chips) 
Seat 5: L.K.A.LUC ($4.67 in chips) 
Seat 6: Mahu2021 ($8.53 in chips) 
aveitsch: posts small blind $0.05
citizen6e: posts big blind $0.10
*** HOLE CARDS ***
Dealt to Mahu2021 [Qs Th]
looser00091: folds 
L.K.A.LUC: folds 
Mahu2021: folds 
FACCHETADE$: folds 
aveitsch: raises $0.20 to $0.30
citizen6e: folds 
Uncalled bet ($0.20) returned to aveitsch
aveitsch collected $0.20 from pot
aveitsch: doesn't show hand 
*** SUMMARY ***
Total pot $0.20 | Rake $0 
Seat 1: FACCHETADE$ (button) folded before Flop (didn't bet)
Seat 2: aveitsch (small blind) collected ($0.20)
Seat 3: citizen6e (big blind) folded before Flop
Seat 4: looser00091 folded before Flop (didn't bet)
Seat 5: L.K.A.LUC folded before Flop (didn't bet)
Seat 6: Mahu2021 folded before Flop (didn't bet)



PokerStars Zoom Hand #255447025557:  Hold'em No Limit ($0.05/$0.10) - 2025/03/25 17:17:47 CET [2025/03/25 12:17:47 ET]
Table 'Aludra' 6-max Seat #1 is the button
Seat 1: chrisburner ($17.94 in chips) 
Seat 2: thebuilder86 ($20.30 in chips) 
Seat 3: kingsman5454 ($10.47 in chips) 
Seat 4: THMN30 ($11.38 in chips) 
Seat 5: Mahu2021 ($8.53 in chips) 
Seat 6: saljam23 ($13.78 in chips) 
thebuilder86: posts small blind $0.05
kingsman5454: posts big blind $0.10
*** HOLE CARDS ***
Dealt to Mahu2021 [5c Jc]
THMN30: folds 
Mahu2021: folds 
saljam23: raises $0.15 to $0.25
chrisburner: raises $0.65 to $0.90
thebuilder86: folds 
kingsman5454: folds 
saljam23: calls $0.65
*** FLOP *** [3c Qc Kc]
saljam23: checks 
chrisburner: bets $1.86
saljam23: folds 
Uncalled bet ($1.86) returned to chrisburner
chrisburner collected $1.84 from pot
chrisburner: doesn't show hand 
*** SUMMARY ***
Total pot $1.95 | Rake $0.11 
Board [3c Qc Kc]
Seat 1: chrisburner (button) collected ($1.84)
Seat 2: thebuilder86 (small blind) folded before Flop
Seat 3: kingsman5454 (big blind) folded before Flop
Seat 4: THMN30 folded before Flop (didn't bet)
Seat 5: Mahu2021 folded before Flop (didn't bet)
Seat 6: saljam23 folded on the Flop



PokerStars Zoom Hand #255447023339:  Hold'em No Limit ($0.05/$0.10) - 2025/03/25 17:17:36 CET [2025/03/25 12:17:36 ET]
Table 'Aludra' 6-max Seat #1 is the button
Seat 1: Mahu2021 ($8.53 in chips) 
Seat 2: eNeeo ($14.13 in chips) 
Seat 3: HakuBD ($34.83 in chips) 
Seat 4: Tinchoolp768 ($11.53 in chips) 
Seat 5: PovilasX ($10.12 in chips) 
Seat 6: saljam23 ($13.78 in chips) 
eNeeo: posts small blind $0.05
HakuBD: posts big blind $0.10
*** HOLE CARDS ***
Dealt to Mahu2021 [Js 6c]
Tinchoolp768: folds 
PovilasX: folds 
saljam23: folds 
Mahu2021: folds 
eNeeo: raises $0.15 to $0.25
HakuBD: calls $0.15
*** FLOP *** [3c Jh 8s]
eNeeo: bets $0.16
HakuBD: raises $0.60 to $0.76
eNeeo: calls $0.60
*** TURN *** [3c Jh 8s] [Qh]
eNeeo: checks 
HakuBD: checks 
*** RIVER *** [3c Jh 8s Qh] [6s]
eNeeo: checks 
HakuBD: bets $1.20
eNeeo: calls $1.20
*** SHOW DOWN ***
HakuBD: shows [Qs Tc] (a pair of Queens)
eNeeo: mucks hand 
HakuBD collected $4.22 from pot
*** SUMMARY ***
Total pot $4.42 | Rake $0.20 
Board [3c Jh 8s Qh 6s]
Seat 1: Mahu2021 (button) folded before Flop (didn't bet)
Seat 2: eNeeo (small blind) mucked [Qd 9s]
Seat 3: HakuBD (big blind) showed [Qs Tc] and won ($4.22) with a pair of Queens
Seat 4: Tinchoolp768 folded before Flop (didn't bet)
Seat 5: PovilasX folded before Flop (didn't bet)
Seat 6: saljam23 folded before Flop (didn't bet)



PokerStars Zoom Hand #255447027372:  Hold'em No Limit ($0.05/$0.10) - 2025/03/25 17:17:56 CET [2025/03/25 12:17:56 ET]
Table 'Aludra' 6-max Seat #1 is the button
Seat 1: Tinchoolp768 ($11.43 in chips) 
Seat 2: liebhabär ($18.43 in chips) 
Seat 3: Mahu2021 ($8.53 in chips) 
Seat 4: shj13 ($12.55 in chips) 
Seat 5: kaitekiz ($17.22 in chips) 
Seat 6: thebuilder86 ($10.74 in chips) 
liebhabär: posts small blind $0.05
Mahu2021: posts big blind $0.10
*** HOLE CARDS ***
Dealt to Mahu2021 [Js Kh]
shj13: folds 
kaitekiz: folds 
thebuilder86: folds 
Tinchoolp768: raises $0.15 to $0.25
liebhabär: folds 
Mahu2021: calls $0.15
*** FLOP *** [3c Jc 5d]
Mahu2021: bets $0.30
Tinchoolp768: calls $0.30
*** TURN *** [3c Jc 5d] [Qs]
Mahu2021: bets $0.30
Tinchoolp768: raises $0.85 to $1.15
Mahu2021: folds 
Uncalled bet ($0.85) returned to Tinchoolp768
Tinchoolp768 collected $1.67 from pot
Tinchoolp768: doesn't show hand 
*** SUMMARY ***
Total pot $1.75 | Rake $0.08 
Board [3c Jc 5d Qs]
Seat 1: Tinchoolp768 (button) collected ($1.67)
Seat 2: liebhabär (small blind) folded before Flop
Seat 3: Mahu2021 (big blind) folded on the Turn
Seat 4: shj13 folded before Flop (didn't bet)
Seat 5: kaitekiz folded before Flop (didn't bet)
Seat 6: thebuilder86 folded before Flop (didn't bet)



PokerStars Zoom Hand #255447037038:  Hold'em No Limit ($0.05/$0.10) - 2025/03/25 17:18:44 CET [2025/03/25 12:18:44 ET]
Table 'Aludra' 6-max Seat #1 is the button
Seat 1: Mahu2021 ($7.63 in chips) 
Seat 2: Smdpair77 ($6.86 in chips) 
Seat 3: coolio1984 ($12.79 in chips) 
Seat 4: Steg674 ($11.92 in chips) 
Seat 5: citizen6e ($10 in chips) 
Seat 6: 19Slavon95 ($10.55 in chips) 
Smdpair77: posts small blind $0.05
coolio1984: posts big blind $0.10
*** HOLE CARDS ***
Dealt to Mahu2021 [Ts 7c]
Steg674: folds 
citizen6e: raises $0.20 to $0.30
19Slavon95: folds 
Mahu2021: folds 
Smdpair77: folds 
coolio1984: folds 
Uncalled bet ($0.20) returned to citizen6e
citizen6e collected $0.25 from pot
citizen6e: doesn't show hand 
*** SUMMARY ***
Total pot $0.25 | Rake $0 
Seat 1: Mahu2021 (button) folded before Flop (didn't bet)
Seat 2: Smdpair77 (small blind) folded before Flop
Seat 3: coolio1984 (big blind) folded before Flop
Seat 4: Steg674 folded before Flop (didn't bet)
Seat 5: citizen6e collected ($0.25)
Seat 6: 19Slavon95 folded before Flop (didn't bet)



PokerStars Zoom Hand #255447039432:  Hold'em No Limit ($0.05/$0.10) - 2025/03/25 17:18:56 CET [2025/03/25 12:18:56 ET]
Table 'Aludra' 6-max Seat #1 is the button
Seat 1: looser00091 ($12.95 in chips) 
Seat 2: liebhabär ($18.06 in chips) 
Seat 3: pelao15 ($7.07 in chips) 
Seat 4: Mahu2021 ($7.63 in chips) 
Seat 5: coolio1984 ($12.69 in chips) 
Seat 6: rk_ito7 ($16.45 in chips) 
liebhabär: posts small blind $0.05
pelao15: posts big blind $0.10
*** HOLE CARDS ***
Dealt to Mahu2021 [Ad Kd]
Mahu2021: raises $0.13 to $0.23
coolio1984: folds 
rk_ito7: folds 
looser00091: folds 
liebhabär: folds 
pelao15: folds 
Uncalled bet ($0.13) returned to Mahu2021
Mahu2021 collected $0.25 from pot
Mahu2021: doesn't show hand 
*** SUMMARY ***
Total pot $0.25 | Rake $0 
Seat 1: looser00091 (button) folded before Flop (didn't bet)
Seat 2: liebhabär (small blind) folded before Flop
Seat 3: pelao15 (big blind) folded before Flop
Seat 4: Mahu2021 collected ($0.25)
Seat 5: coolio1984 folded before Flop (didn't bet)
Seat 6: rk_ito7 folded before Flop (didn't bet)



PokerStars Zoom Hand #255447041282:  Hold'em No Limit ($0.05/$0.10) - 2025/03/25 17:19:05 CET [2025/03/25 12:19:05 ET]
Table 'Aludra' 6-max Seat #1 is the button
Seat 1: Lentwood ($12.47 in chips) 
Seat 2: Pescador1202 ($10 in chips) 
Seat 3: kaitekiz ($17.02 in chips) 
Seat 4: Mahu2021 ($7.78 in chips) 
Seat 5: TQANiblet ($15.08 in chips) 
Seat 6: 19Slavon95 ($11.05 in chips) 
Pescador1202: posts small blind $0.05
kaitekiz: posts big blind $0.10
*** HOLE CARDS ***
Dealt to Mahu2021 [Tc 6c]
Mahu2021: folds 
TQANiblet: folds 
19Slavon95: raises $0.15 to $0.25
Lentwood: folds 
Pescador1202: folds 
kaitekiz: folds 
Uncalled bet ($0.15) returned to 19Slavon95
19Slavon95 collected $0.25 from pot
19Slavon95: doesn't show hand 
*** SUMMARY ***
Total pot $0.25 | Rake $0 
Seat 1: Lentwood (button) folded before Flop (didn't bet)
Seat 2: Pescador1202 (small blind) folded before Flop
Seat 3: kaitekiz (big blind) folded before Flop
Seat 4: Mahu2021 folded before Flop (didn't bet)
Seat 5: TQANiblet folded before Flop (didn't bet)
Seat 6: 19Slavon95 collected ($0.25)



PokerStars Zoom Hand #255447042282:  Hold'em No Limit ($0.05/$0.10) - 2025/03/25 17:19:10 CET [2025/03/25 12:19:10 ET]
Table 'Aludra' 6-max Seat #1 is the button
Seat 1: Pescador1202 ($10 in chips) 
Seat 2: AllMenMstSrv ($10 in chips) 
Seat 3: Mahu2021 ($7.78 in chips) 
Seat 4: L.K.A.LUC ($5.56 in chips) 
Seat 5: pokersenis ($17.69 in chips) 
Seat 6: Lentwood ($12.47 in chips) 
AllMenMstSrv: posts small blind $0.05
Mahu2021: posts big blind $0.10
*** HOLE CARDS ***
Dealt to Mahu2021 [7c 8s]
L.K.A.LUC: raises $0.10 to $0.20
pokersenis: folds 
Lentwood: folds 
Pescador1202: folds 
AllMenMstSrv: folds 
Mahu2021: folds 
Uncalled bet ($0.10) returned to L.K.A.LUC
L.K.A.LUC collected $0.25 from pot
L.K.A.LUC: doesn't show hand 
*** SUMMARY ***
Total pot $0.25 | Rake $0 
Seat 1: Pescador1202 (button) folded before Flop (didn't bet)
Seat 2: AllMenMstSrv (small blind) folded before Flop
Seat 3: Mahu2021 (big blind) folded before Flop
Seat 4: L.K.A.LUC collected ($0.25)
Seat 5: pokersenis folded before Flop (didn't bet)
Seat 6: Lentwood folded before Flop (didn't bet)



PokerStars Zoom Hand #255447043803:  Hold'em No Limit ($0.05/$0.10) - 2025/03/25 17:19:17 CET [2025/03/25 12:19:17 ET]
Table 'Aludra' 6-max Seat #1 is the button
Seat 1: topax76 ($29.54 in chips) 
Seat 2: Mahu2021 ($7.68 in chips) 
Seat 3: skavs6969 ($10 in chips) 
Seat 4: Lentwood ($12.47 in chips) 
Seat 5: kolokithakias ($3.54 in chips) 
Seat 6: citizen6e ($10.02 in chips) 
Mahu2021: posts small blind $0.05
skavs6969: posts big blind $0.10
*** HOLE CARDS ***
Dealt to Mahu2021 [Jc 2d]
Lentwood: folds 
kolokithakias: folds 
citizen6e: raises $0.15 to $0.25
topax76: folds 
Mahu2021: folds 
skavs6969: folds 
Uncalled bet ($0.15) returned to citizen6e
citizen6e collected $0.25 from pot
citizen6e: doesn't show hand 
*** SUMMARY ***
Total pot $0.25 | Rake $0 
Seat 1: topax76 (button) folded before Flop (didn't bet)
Seat 2: Mahu2021 (small blind) folded before Flop
Seat 3: skavs6969 (big blind) folded before Flop
Seat 4: Lentwood folded before Flop (didn't bet)
Seat 5: kolokithakias folded before Flop (didn't bet)
Seat 6: citizen6e collected ($0.25)



PokerStars Zoom Hand #255447036127:  Hold'em No Limit ($0.05/$0.10) - 2025/03/25 17:18:40 CET [2025/03/25 12:18:40 ET]
Table 'Aludra' 6-max Seat #1 is the button
Seat 1: liebhabär ($18.16 in chips) 
Seat 2: Mahu2021 ($7.68 in chips) 
Seat 3: kingsman5454 ($10 in chips) 
Seat 4: citizen6e ($10 in chips) 
Seat 5: Steg674 ($11.92 in chips) 
Seat 6: D_Kwal ($18.08 in chips) 
Mahu2021: posts small blind $0.05
kingsman5454: posts big blind $0.10
*** HOLE CARDS ***
Dealt to Mahu2021 [9c 6h]
citizen6e: folds 
Steg674: folds 
D_Kwal: raises $0.13 to $0.23
liebhabär: folds 
Mahu2021: folds 
kingsman5454: calls $0.13
*** FLOP *** [6c Jd Kc]
kingsman5454: checks 
D_Kwal: bets $0.16
kingsman5454: calls $0.16
*** TURN *** [6c Jd Kc] [6s]
kingsman5454: checks 
D_Kwal: checks 
*** RIVER *** [6c Jd Kc 6s] [7s]
kingsman5454: checks 
D_Kwal: checks 
*** SHOW DOWN ***
kingsman5454: shows [Jh Ad] (two pair, Jacks and Sixes)
D_Kwal: mucks hand 
kingsman5454 collected $0.79 from pot
*** SUMMARY ***
Total pot $0.83 | Rake $0.04 
Board [6c Jd Kc 6s 7s]
Seat 1: liebhabär (button) folded before Flop (didn't bet)
Seat 2: Mahu2021 (small blind) folded before Flop
Seat 3: kingsman5454 (big blind) showed [Jh Ad] and won ($0.79) with two pair, Jacks and Sixes
Seat 4: citizen6e folded before Flop (didn't bet)
Seat 5: Steg674 folded before Flop (didn't bet)
Seat 6: D_Kwal mucked [Td Ac]



PokerStars Zoom Hand #255447037731:  Hold'em No Limit ($0.05/$0.10) - 2025/03/25 17:18:48 CET [2025/03/25 12:18:48 ET]
Table 'Aludra' 6-max Seat #1 is the button
Seat 1: HakuBD ($31.87 in chips) 
Seat 2: rk_ito7 ($20.21 in chips) 
Seat 3: Bur1k ($5.10 in chips) 
Seat 4: Steg674 ($11.92 in chips) 
Seat 5: Mahu2021 ($7.63 in chips) 
Seat 6: SebasRebollo ($19.50 in chips) 
rk_ito7: posts small blind $0.05
Bur1k: posts big blind $0.10
*** HOLE CARDS ***
Dealt to Mahu2021 [Qd 4s]
Steg674: folds 
Mahu2021: folds 
SebasRebollo: folds 
HakuBD: raises $0.15 to $0.25
rk_ito7: folds 
Bur1k: raises $0.55 to $0.80
HakuBD: calls $0.55
*** FLOP *** [2h Jd Kc]
Bur1k: bets $0.88
HakuBD: raises $0.88 to $1.76
Bur1k: calls $0.88
*** TURN *** [2h Jd Kc] [4h]
Bur1k: checks 
HakuBD: bets $2.47
Bur1k: folds 
Uncalled bet ($2.47) returned to HakuBD
HakuBD collected $4.94 from pot
HakuBD: doesn't show hand 
*** SUMMARY ***
Total pot $5.17 | Rake $0.23 
Board [2h Jd Kc 4h]
Seat 1: HakuBD (button) collected ($4.94)
Seat 2: rk_ito7 (small blind) folded before Flop
Seat 3: Bur1k (big blind) folded on the Turn
Seat 4: Steg674 folded before Flop (didn't bet)
Seat 5: Mahu2021 folded before Flop (didn't bet)
Seat 6: SebasRebollo folded before Flop (didn't bet)



PokerStars Zoom Hand #255447045578:  Hold'em No Limit ($0.05/$0.10) - 2025/03/25 17:19:26 CET [2025/03/25 12:19:26 ET]
Table 'Aludra' 6-max Seat #1 is the button
Seat 1: Mahu2021 ($7.63 in chips) 
Seat 2: skavs6969 ($9.90 in chips) 
Seat 3: saljam23 ($12.63 in chips) 
Seat 4: citizen6e ($10.05 in chips) 
Seat 5: innocent99 ($32.11 in chips) 
Seat 6: looser00091 ($12.34 in chips) 
skavs6969: posts small blind $0.05
saljam23: posts big blind $0.10
*** HOLE CARDS ***
Dealt to Mahu2021 [9c Qh]
citizen6e: raises $0.20 to $0.30
innocent99: raises $0.60 to $0.90
looser00091: folds 
Mahu2021: folds 
skavs6969: folds 
saljam23: folds 
citizen6e: folds 
Uncalled bet ($0.60) returned to innocent99
innocent99 collected $0.75 from pot
innocent99: doesn't show hand 
*** SUMMARY ***
Total pot $0.75 | Rake $0 
Seat 1: Mahu2021 (button) folded before Flop (didn't bet)
Seat 2: skavs6969 (small blind) folded before Flop
Seat 3: saljam23 (big blind) folded before Flop
Seat 4: citizen6e folded before Flop
Seat 5: innocent99 collected ($0.75)
Seat 6: looser00091 folded before Flop (didn't bet)



PokerStars Zoom Hand #255447046348:  Hold'em No Limit ($0.05/$0.10) - 2025/03/25 17:19:30 CET [2025/03/25 12:19:30 ET]
Table 'Aludra' 6-max Seat #1 is the button
Seat 1: 19Slavon95 ($11.05 in chips) 
Seat 2: looser00091 ($12.34 in chips) 
Seat 3: uwwfan ($10 in chips) 
Seat 4: Tinchoolp768 ($12.45 in chips) 
Seat 5: rk_ito7 ($20.11 in chips) 
Seat 6: Mahu2021 ($7.63 in chips) 
looser00091: posts small blind $0.05
uwwfan: posts big blind $0.10
*** HOLE CARDS ***
Dealt to Mahu2021 [7c 7s]
Tinchoolp768: raises $0.15 to $0.25
rk_ito7: folds 
Mahu2021: calls $0.25
19Slavon95: folds 
looser00091: folds 
uwwfan: calls $0.15
*** FLOP *** [Js Jh 5s]
uwwfan: checks 
Tinchoolp768: checks 
Mahu2021: bets $0.76
uwwfan: calls $0.76
Tinchoolp768: folds 
*** TURN *** [Js Jh 5s] [3c]
uwwfan: checks 
Mahu2021: bets $0.60
uwwfan: calls $0.60
*** RIVER *** [Js Jh 5s 3c] [4h]
uwwfan: checks 
Mahu2021: checks 
*** SHOW DOWN ***
uwwfan: shows [Ks 2s] (a pair of Jacks)
Mahu2021: shows [7c 7s] (two pair, Jacks and Sevens)
Mahu2021 collected $3.36 from pot
*** SUMMARY ***
Total pot $3.52 | Rake $0.16 
Board [Js Jh 5s 3c 4h]
Seat 1: 19Slavon95 (button) folded before Flop (didn't bet)
Seat 2: looser00091 (small blind) folded before Flop
Seat 3: uwwfan (big blind) showed [Ks 2s] and lost with a pair of Jacks
Seat 4: Tinchoolp768 folded on the Flop
Seat 5: rk_ito7 folded before Flop (didn't bet)
Seat 6: Mahu2021 showed [7c 7s] and won ($3.36) with two pair, Jacks and Sevens



PokerStars Zoom Hand #255447054050:  Hold'em No Limit ($0.05/$0.10) - 2025/03/25 17:20:07 CET [2025/03/25 12:20:07 ET]
Table 'Aludra' 6-max Seat #1 is the button
Seat 1: Bur1k ($5 in chips) 
Seat 2: 0zym4nd14s ($12.10 in chips) 
Seat 3: PovilasX ($15.35 in chips) 
Seat 4: kaitekiz ($10.28 in chips) 
Seat 5: Mahu2021 ($9.38 in chips) 
Seat 6: Tozsy17 ($11.02 in chips) 
0zym4nd14s: posts small blind $0.05
PovilasX: posts big blind $0.10
*** HOLE CARDS ***
Dealt to Mahu2021 [4c 9h]
kaitekiz: folds 
Mahu2021: folds 
Tozsy17: folds 
Bur1k: raises $0.15 to $0.25
0zym4nd14s: folds 
PovilasX: folds 
Uncalled bet ($0.15) returned to Bur1k
Bur1k collected $0.25 from pot
Bur1k: doesn't show hand 
*** SUMMARY ***
Total pot $0.25 | Rake $0 
Seat 1: Bur1k (button) collected ($0.25)
Seat 2: 0zym4nd14s (small blind) folded before Flop
Seat 3: PovilasX (big blind) folded before Flop
Seat 4: kaitekiz folded before Flop (didn't bet)
Seat 5: Mahu2021 folded before Flop (didn't bet)
Seat 6: Tozsy17 folded before Flop (didn't bet)



PokerStars Zoom Hand #255447044491:  Hold'em No Limit ($0.05/$0.10) - 2025/03/25 17:19:21 CET [2025/03/25 12:19:21 ET]
Table 'Aludra' 6-max Seat #1 is the button
Seat 1: AllMenMstSrv ($10 in chips) 
Seat 2: coolio1984 ($12.64 in chips) 
Seat 3: topax76 ($29.54 in chips) 
Seat 4: Mahu2021 ($7.63 in chips) 
Seat 5: ZZCO ($10 in chips) 
Seat 6: 19Slavon95 ($10.40 in chips) 
coolio1984: posts small blind $0.05
topax76: posts big blind $0.10
*** HOLE CARDS ***
Dealt to Mahu2021 [5h 4d]
Mahu2021: folds 
ZZCO: raises $0.15 to $0.25
19Slavon95: folds 
AllMenMstSrv: folds 
coolio1984: calls $0.20
topax76: folds 
*** FLOP *** [8d 4s 8c]
coolio1984: checks 
ZZCO: bets $0.17
coolio1984: raises $0.53 to $0.70
ZZCO: calls $0.53
*** TURN *** [8d 4s 8c] [5d]
coolio1984: bets $1.53
ZZCO: raises $2.53 to $4.06
coolio1984: folds 
Uncalled bet ($2.53) returned to ZZCO
ZZCO collected $4.83 from pot
ZZCO: doesn't show hand 
*** SUMMARY ***
Total pot $5.06 | Rake $0.23 
Board [8d 4s 8c 5d]
Seat 1: AllMenMstSrv (button) folded before Flop (didn't bet)
Seat 2: coolio1984 (small blind) folded on the Turn
Seat 3: topax76 (big blind) folded before Flop
Seat 4: Mahu2021 folded before Flop (didn't bet)
Seat 5: ZZCO collected ($4.83)
Seat 6: 19Slavon95 folded before Flop (didn't bet)



PokerStars Zoom Hand #255447055293:  Hold'em No Limit ($0.05/$0.10) - 2025/03/25 17:20:13 CET [2025/03/25 12:20:13 ET]
Table 'Aludra' 6-max Seat #1 is the button
Seat 1: JD 2266 E ($10 in chips) 
Seat 2: citizen6e ($10 in chips) 
Seat 3: edi758 ($6.06 in chips) 
Seat 4: lassen22 ($6.49 in chips) 
Seat 5: TQANiblet ($17.44 in chips) 
Seat 6: Mahu2021 ($9.38 in chips) 
citizen6e: posts small blind $0.05
edi758: posts big blind $0.10
*** HOLE CARDS ***
Dealt to Mahu2021 [9d Qd]
lassen22: folds 
TQANiblet: folds 
Mahu2021: folds 
JD 2266 E has timed out
JD 2266 E: folds 
citizen6e: folds 
Uncalled bet ($0.05) returned to edi758
edi758 collected $0.10 from pot
edi758: doesn't show hand 
*** SUMMARY ***
Total pot $0.10 | Rake $0 
Seat 1: JD 2266 E (button) folded before Flop (didn't bet)
Seat 2: citizen6e (small blind) folded before Flop
Seat 3: edi758 (big blind) collected ($0.10)
Seat 4: lassen22 folded before Flop (didn't bet)
Seat 5: TQANiblet folded before Flop (didn't bet)
Seat 6: Mahu2021 folded before Flop (didn't bet)



PokerStars Zoom Hand #255447059414:  Hold'em No Limit ($0.05/$0.10) - 2025/03/25 17:20:33 CET [2025/03/25 12:20:33 ET]
Table 'Aludra' 6-max Seat #1 is the button
Seat 1: pokersenis ($11.55 in chips) 
Seat 2: Mahu2021 ($9.28 in chips) 
Seat 3: 0zym4nd14s ($10 in chips) 
Seat 4: D_Kwal ($17.99 in chips) 
Seat 5: denis4250 ($9.98 in chips) 
Seat 6: G.Baris78 ($11.71 in chips) 
Mahu2021: posts small blind $0.05
0zym4nd14s: posts big blind $0.10
*** HOLE CARDS ***
Dealt to Mahu2021 [8c Qh]
D_Kwal: raises $0.10 to $0.20
denis4250: folds 
G.Baris78: folds 
pokersenis: folds 
Mahu2021: folds 
0zym4nd14s: folds 
Uncalled bet ($0.10) returned to D_Kwal
D_Kwal collected $0.25 from pot
D_Kwal: doesn't show hand 
*** SUMMARY ***
Total pot $0.25 | Rake $0 
Seat 1: pokersenis (button) folded before Flop (didn't bet)
Seat 2: Mahu2021 (small blind) folded before Flop
Seat 3: 0zym4nd14s (big blind) folded before Flop
Seat 4: D_Kwal collected ($0.25)
Seat 5: denis4250 folded before Flop (didn't bet)
Seat 6: G.Baris78 folded before Flop (didn't bet)



PokerStars Zoom Hand #255447061249:  Hold'em No Limit ($0.05/$0.10) - 2025/03/25 17:20:42 CET [2025/03/25 12:20:42 ET]
Table 'Aludra' 6-max Seat #1 is the button
Seat 1: dmaap1 ($19.23 in chips) 
Seat 2: zzz7zzz7zzz ($3.58 in chips) 
Seat 3: AlvinoD ($10 in chips) 
Seat 4: Mahu2021 ($9.23 in chips) 
Seat 5: danilo1411 ($8.07 in chips) 
Seat 6: kaitekiz ($10.13 in chips) 
zzz7zzz7zzz: posts small blind $0.05
AlvinoD: posts big blind $0.10
*** HOLE CARDS ***
Dealt to Mahu2021 [7s Qc]
Mahu2021: folds 
danilo1411: folds 
kaitekiz: raises $0.13 to $0.23
dmaap1: folds 
zzz7zzz7zzz: folds 
AlvinoD: folds 
Uncalled bet ($0.13) returned to kaitekiz
kaitekiz collected $0.25 from pot
kaitekiz: doesn't show hand 
*** SUMMARY ***
Total pot $0.25 | Rake $0 
Seat 1: dmaap1 (button) folded before Flop (didn't bet)
Seat 2: zzz7zzz7zzz (small blind) folded before Flop
Seat 3: AlvinoD (big blind) folded before Flop
Seat 4: Mahu2021 folded before Flop (didn't bet)
Seat 5: danilo1411 folded before Flop (didn't bet)
Seat 6: kaitekiz collected ($0.25)



PokerStars Zoom Hand #255447062043:  Hold'em No Limit ($0.05/$0.10) - 2025/03/25 17:20:46 CET [2025/03/25 12:20:46 ET]
Table 'Aludra' 6-max Seat #1 is the button
Seat 1: zzz7zzz7zzz ($3.53 in chips) 
Seat 2: dmaap1 ($19.23 in chips) 
Seat 3: denis4250 ($9.93 in chips) 
Seat 4: looser00091 ($12.14 in chips) 
Seat 5: G.Baris78 ($11.66 in chips) 
Seat 6: Mahu2021 ($9.23 in chips) 
dmaap1: posts small blind $0.05
denis4250: posts big blind $0.10
*** HOLE CARDS ***
Dealt to Mahu2021 [7s 9h]
looser00091: folds 
G.Baris78: folds 
Mahu2021: folds 
zzz7zzz7zzz: folds 
dmaap1: raises $0.20 to $0.30
denis4250: folds 
Uncalled bet ($0.20) returned to dmaap1
dmaap1 collected $0.20 from pot
dmaap1: doesn't show hand 
*** SUMMARY ***
Total pot $0.20 | Rake $0 
Seat 1: zzz7zzz7zzz (button) folded before Flop (didn't bet)
Seat 2: dmaap1 (small blind) collected ($0.20)
Seat 3: denis4250 (big blind) folded before Flop
Seat 4: looser00091 folded before Flop (didn't bet)
Seat 5: G.Baris78 folded before Flop (didn't bet)
Seat 6: Mahu2021 folded before Flop (didn't bet)



PokerStars Zoom Hand #255447057324:  Hold'em No Limit ($0.05/$0.10) - 2025/03/25 17:20:23 CET [2025/03/25 12:20:23 ET]
Table 'Aludra' 6-max Seat #1 is the button
Seat 1: skavs6969 ($9.75 in chips) 
Seat 2: kaitekiz ($17.15 in chips) 
Seat 3: Mahu2021 ($9.38 in chips) 
Seat 4: Smdpair77 ($18.67 in chips) 
Seat 5: lefgr1 ($9.85 in chips) 
Seat 6: 19Slavon95 ($11.15 in chips) 
kaitekiz: posts small blind $0.05
Mahu2021: posts big blind $0.10
*** HOLE CARDS ***
Dealt to Mahu2021 [Th Js]
Smdpair77: raises $0.25 to $0.35
lefgr1: folds 
19Slavon95: folds 
skavs6969: calls $0.35
kaitekiz: folds 
Mahu2021: folds 
*** FLOP *** [3s 8d 2d]
Smdpair77: checks 
skavs6969: checks 
*** TURN *** [3s 8d 2d] [9c]
Smdpair77: checks 
skavs6969: checks 
*** RIVER *** [3s 8d 2d 9c] [Qd]
Smdpair77: checks 
skavs6969: bets $0.41
Smdpair77: folds 
Uncalled bet ($0.41) returned to skavs6969
skavs6969 collected $0.81 from pot
skavs6969: doesn't show hand 
*** SUMMARY ***
Total pot $0.85 | Rake $0.04 
Board [3s 8d 2d 9c Qd]
Seat 1: skavs6969 (button) collected ($0.81)
Seat 2: kaitekiz (small blind) folded before Flop
Seat 3: Mahu2021 (big blind) folded before Flop
Seat 4: Smdpair77 folded on the River
Seat 5: lefgr1 folded before Flop (didn't bet)
Seat 6: 19Slavon95 folded before Flop (didn't bet)



PokerStars Zoom Hand #255447060457:  Hold'em No Limit ($0.05/$0.10) - 2025/03/25 17:20:38 CET [2025/03/25 12:20:38 ET]
Table 'Aludra' 6-max Seat #1 is the button
Seat 1: Mahu2021 ($9.23 in chips) 
Seat 2: liebhabär ($13.21 in chips) 
Seat 3: Mouknardine ($13.99 in chips) 
Seat 4: dmaap1 ($19.23 in chips) 
Seat 5: barneymc1990 ($27.69 in chips) 
Seat 6: beef_cass88 ($14.30 in chips) 
liebhabär: posts small blind $0.05
Mouknardine: posts big blind $0.10
*** HOLE CARDS ***
Dealt to Mahu2021 [6h Kh]
dmaap1: folds 
barneymc1990: folds 
beef_cass88: calls $0.10
Mahu2021: folds 
liebhabär: raises $0.30 to $0.40
Mouknardine: folds 
beef_cass88: calls $0.30
*** FLOP *** [7c 4s Qc]
liebhabär: bets $0.65
beef_cass88: folds 
Uncalled bet ($0.65) returned to liebhabär
liebhabär collected $0.85 from pot
liebhabär: doesn't show hand 
*** SUMMARY ***
Total pot $0.90 | Rake $0.05 
Board [7c 4s Qc]
Seat 1: Mahu2021 (button) folded before Flop (didn't bet)
Seat 2: liebhabär (small blind) collected ($0.85)
Seat 3: Mouknardine (big blind) folded before Flop
Seat 4: dmaap1 folded before Flop (didn't bet)
Seat 5: barneymc1990 folded before Flop (didn't bet)
Seat 6: beef_cass88 folded on the Flop



PokerStars Zoom Hand #255447062742:  Hold'em No Limit ($0.05/$0.10) - 2025/03/25 17:20:49 CET [2025/03/25 12:20:49 ET]
Table 'Aludra' 6-max Seat #1 is the button
Seat 1: Mahu2021 ($9.23 in chips) 
Seat 2: Mouknardine ($13.89 in chips) 
Seat 3: looser00091 ($12.14 in chips) 
Seat 4: zzz7zzz7zzz ($3.53 in chips) 
Seat 5: liebhabär ($14.05 in chips) 
Seat 6: saljam23 ($12.48 in chips) 
Mouknardine: posts small blind $0.05
looser00091: posts big blind $0.10
*** HOLE CARDS ***
Dealt to Mahu2021 [4c 8s]
zzz7zzz7zzz: raises $0.10 to $0.20
liebhabär: raises $0.45 to $0.65
saljam23: folds 
Mahu2021: folds 
Mouknardine: folds 
looser00091: folds 
zzz7zzz7zzz: folds 
Uncalled bet ($0.45) returned to liebhabär
liebhabär collected $0.55 from pot
liebhabär: doesn't show hand 
*** SUMMARY ***
Total pot $0.55 | Rake $0 
Seat 1: Mahu2021 (button) folded before Flop (didn't bet)
Seat 2: Mouknardine (small blind) folded before Flop
Seat 3: looser00091 (big blind) folded before Flop
Seat 4: zzz7zzz7zzz folded before Flop
Seat 5: liebhabär collected ($0.55)
Seat 6: saljam23 folded before Flop (didn't bet)



PokerStars Zoom Hand #255447064675:  Hold'em No Limit ($0.05/$0.10) - 2025/03/25 17:20:59 CET [2025/03/25 12:20:59 ET]
Table 'Aludra' 6-max Seat #1 is the button
Seat 1: kingsman5454 ($10.85 in chips) 
Seat 2: AlvinoD ($10 in chips) 
Seat 3: Mahu2021 ($9.23 in chips) 
Seat 4: saljam23 ($12.48 in chips) 
Seat 5: 0zym4nd14s ($11.24 in chips) 
Seat 6: denis4250 ($9.83 in chips) 
AlvinoD: posts small blind $0.05
Mahu2021: posts big blind $0.10
*** HOLE CARDS ***
Dealt to Mahu2021 [Qh 4h]
saljam23: folds 
0zym4nd14s: folds 
denis4250: folds 
kingsman5454: folds 
AlvinoD: raises $0.20 to $0.30
Mahu2021: folds 
Uncalled bet ($0.20) returned to AlvinoD
AlvinoD collected $0.20 from pot
AlvinoD: doesn't show hand 
*** SUMMARY ***
Total pot $0.20 | Rake $0 
Seat 1: kingsman5454 (button) folded before Flop (didn't bet)
Seat 2: AlvinoD (small blind) collected ($0.20)
Seat 3: Mahu2021 (big blind) folded before Flop
Seat 4: saljam23 folded before Flop (didn't bet)
Seat 5: 0zym4nd14s folded before Flop (didn't bet)
Seat 6: denis4250 folded before Flop (didn't bet)



PokerStars Zoom Hand #255447063641:  Hold'em No Limit ($0.05/$0.10) - 2025/03/25 17:20:54 CET [2025/03/25 12:20:54 ET]
Table 'Aludra' 6-max Seat #1 is the button
Seat 1: HakuBD ($34.15 in chips) 
Seat 2: uwwfan ($10.15 in chips) 
Seat 3: titan148 ($10 in chips) 
Seat 4: SebasRebollo ($19.61 in chips) 
Seat 5: Mahu2021 ($9.23 in chips) 
Seat 6: Bur1k ($5.23 in chips) 
uwwfan: posts small blind $0.05
titan148: posts big blind $0.10
*** HOLE CARDS ***
Dealt to Mahu2021 [Ts 6d]
SebasRebollo: folds 
Mahu2021: folds 
Bur1k: raises $0.15 to $0.25
HakuBD: folds 
uwwfan: folds 
titan148: folds 
Uncalled bet ($0.15) returned to Bur1k
Bur1k collected $0.25 from pot
Bur1k: doesn't show hand 
*** SUMMARY ***
Total pot $0.25 | Rake $0 
Seat 1: HakuBD (button) folded before Flop (didn't bet)
Seat 2: uwwfan (small blind) folded before Flop
Seat 3: titan148 (big blind) folded before Flop
Seat 4: SebasRebollo folded before Flop (didn't bet)
Seat 5: Mahu2021 folded before Flop (didn't bet)
Seat 6: Bur1k collected ($0.25)



PokerStars Zoom Hand #255447068680:  Hold'em No Limit ($0.05/$0.10) - 2025/03/25 17:21:18 CET [2025/03/25 12:21:18 ET]
Table 'Aludra' 6-max Seat #1 is the button
Seat 1: skavs6969 ($12.16 in chips) 
Seat 2: Mahu2021 ($9.13 in chips) 
Seat 3: kaitekiz ($17.20 in chips) 
Seat 4: topax76 ($28.78 in chips) 
Seat 5: lassen22 ($6.34 in chips) 
Seat 6: 0zym4nd14s ($10 in chips) 
Mahu2021: posts small blind $0.05
kaitekiz: posts big blind $0.10
*** HOLE CARDS ***
Dealt to Mahu2021 [9d 4s]
topax76: folds 
lassen22: raises $0.20 to $0.30
0zym4nd14s: folds 
skavs6969: folds 
Mahu2021: folds 
kaitekiz: folds 
Uncalled bet ($0.20) returned to lassen22
lassen22 collected $0.25 from pot
lassen22: doesn't show hand 
*** SUMMARY ***
Total pot $0.25 | Rake $0 
Seat 1: skavs6969 (button) folded before Flop (didn't bet)
Seat 2: Mahu2021 (small blind) folded before Flop
Seat 3: kaitekiz (big blind) folded before Flop
Seat 4: topax76 folded before Flop (didn't bet)
Seat 5: lassen22 collected ($0.25)
Seat 6: 0zym4nd14s folded before Flop (didn't bet)



PokerStars Zoom Hand #255447069929:  Hold'em No Limit ($0.05/$0.10) - 2025/03/25 17:21:24 CET [2025/03/25 12:21:24 ET]
Table 'Aludra' 6-max Seat #1 is the button
Seat 1: looser00091 ($12.14 in chips) 
Seat 2: D_Kwal ($10 in chips) 
Seat 3: PovilasX ($15.05 in chips) 
Seat 4: Mahu2021 ($9.08 in chips) 
Seat 5: shj13 ($10.65 in chips) 
Seat 6: kingsman5454 ($10 in chips) 
D_Kwal: posts small blind $0.05
PovilasX: posts big blind $0.10
*** HOLE CARDS ***
Dealt to Mahu2021 [3h 8h]
Mahu2021: folds 
shj13: folds 
kingsman5454: folds 
looser00091: folds 
D_Kwal: raises $0.20 to $0.30
PovilasX: folds 
Uncalled bet ($0.20) returned to D_Kwal
D_Kwal collected $0.20 from pot
D_Kwal: doesn't show hand 
*** SUMMARY ***
Total pot $0.20 | Rake $0 
Seat 1: looser00091 (button) folded before Flop (didn't bet)
Seat 2: D_Kwal (small blind) collected ($0.20)
Seat 3: PovilasX (big blind) folded before Flop
Seat 4: Mahu2021 folded before Flop (didn't bet)
Seat 5: shj13 folded before Flop (didn't bet)
Seat 6: kingsman5454 folded before Flop (didn't bet)



PokerStars Zoom Hand #255447071234:  Hold'em No Limit ($0.05/$0.10) - 2025/03/25 17:21:30 CET [2025/03/25 12:21:30 ET]
Table 'Aludra' 6-max Seat #1 is the button
Seat 1: kaitekiz ($17.10 in chips) 
Seat 2: Atosz_990 ($4.04 in chips) 
Seat 3: Steg674 ($12.85 in chips) 
Seat 4: looser00091 ($12.14 in chips) 
Seat 5: Mahu2021 ($9.08 in chips) 
Seat 6: pokersenis ($19.08 in chips) 
Atosz_990: posts small blind $0.05
Steg674: posts big blind $0.10
*** HOLE CARDS ***
Dealt to Mahu2021 [Jc Ad]
looser00091: folds 
Mahu2021: raises $0.20 to $0.30
pokersenis: folds 
kaitekiz: folds 
Atosz_990: folds 
Steg674: folds 
Uncalled bet ($0.20) returned to Mahu2021
Mahu2021 collected $0.25 from pot
Mahu2021: doesn't show hand 
*** SUMMARY ***
Total pot $0.25 | Rake $0 
Seat 1: kaitekiz (button) folded before Flop (didn't bet)
Seat 2: Atosz_990 (small blind) folded before Flop
Seat 3: Steg674 (big blind) folded before Flop
Seat 4: looser00091 folded before Flop (didn't bet)
Seat 5: Mahu2021 collected ($0.25)
Seat 6: pokersenis folded before Flop (didn't bet)



PokerStars Zoom Hand #255447073288:  Hold'em No Limit ($0.05/$0.10) - 2025/03/25 17:21:40 CET [2025/03/25 12:21:40 ET]
Table 'Aludra' 6-max Seat #1 is the button
Seat 1: THMN30 ($11.21 in chips) 
Seat 2: franz Z750 ($28.56 in chips) 
Seat 3: PovilasX ($10.15 in chips) 
Seat 4: Mahu2021 ($9.23 in chips) 
Seat 5: Pescador1202 ($10 in chips) 
Seat 6: denis4250 ($6.03 in chips) 
franz Z750: posts small blind $0.05
PovilasX: posts big blind $0.10
*** HOLE CARDS ***
Dealt to Mahu2021 [Ac 4d]
Mahu2021: folds 
Pescador1202: folds 
denis4250: raises $0.13 to $0.23
THMN30: folds 
franz Z750: folds 
PovilasX: folds 
Uncalled bet ($0.13) returned to denis4250
denis4250 collected $0.25 from pot
denis4250: doesn't show hand 
*** SUMMARY ***
Total pot $0.25 | Rake $0 
Seat 1: THMN30 (button) folded before Flop (didn't bet)
Seat 2: franz Z750 (small blind) folded before Flop
Seat 3: PovilasX (big blind) folded before Flop
Seat 4: Mahu2021 folded before Flop (didn't bet)
Seat 5: Pescador1202 folded before Flop (didn't bet)
Seat 6: denis4250 collected ($0.25)



PokerStars Zoom Hand #255447077630:  Hold'em No Limit ($0.05/$0.10) - 2025/03/25 17:22:01 CET [2025/03/25 12:22:01 ET]
Table 'Aludra' 6-max Seat #1 is the button
Seat 1: titan148 ($10 in chips) 
Seat 2: kaitekiz ($10.33 in chips) 
Seat 3: THMN30 ($10.94 in chips) 
Seat 4: kingsman5454 ($10.10 in chips) 
Seat 5: citizen6e ($10.05 in chips) 
Seat 6: Mahu2021 ($9.08 in chips) 
kaitekiz: posts small blind $0.05
THMN30: posts big blind $0.10
*** HOLE CARDS ***
Dealt to Mahu2021 [8c 5h]
kingsman5454: folds 
citizen6e: folds 
Mahu2021: folds 
titan148: raises $0.15 to $0.25
kaitekiz: folds 
THMN30: folds 
Uncalled bet ($0.15) returned to titan148
titan148 collected $0.25 from pot
titan148: doesn't show hand 
*** SUMMARY ***
Total pot $0.25 | Rake $0 
Seat 1: titan148 (button) collected ($0.25)
Seat 2: kaitekiz (small blind) folded before Flop
Seat 3: THMN30 (big blind) folded before Flop
Seat 4: kingsman5454 folded before Flop (didn't bet)
Seat 5: citizen6e folded before Flop (didn't bet)
Seat 6: Mahu2021 folded before Flop (didn't bet)



PokerStars Zoom Hand #255447078639:  Hold'em No Limit ($0.05/$0.10) - 2025/03/25 17:22:06 CET [2025/03/25 12:22:06 ET]
Table 'Aludra' 6-max Seat #1 is the button
Seat 1: Mahu2021 ($9.08 in chips) 
Seat 2: 0zym4nd14s ($10.05 in chips) 
Seat 3: kingsman5454 ($10.10 in chips) 
Seat 4: ZZCO ($12.40 in chips) 
Seat 5: coolio1984 ($12.56 in chips) 
Seat 6: citizen6e ($11.63 in chips) 
0zym4nd14s: posts small blind $0.05
kingsman5454: posts big blind $0.10
*** HOLE CARDS ***
Dealt to Mahu2021 [2h Jh]
ZZCO: folds 
coolio1984: folds 
citizen6e: folds 
Mahu2021: folds 
0zym4nd14s: folds 
Uncalled bet ($0.05) returned to kingsman5454
kingsman5454 collected $0.10 from pot
kingsman5454: doesn't show hand 
*** SUMMARY ***
Total pot $0.10 | Rake $0 
Seat 1: Mahu2021 (button) folded before Flop (didn't bet)
Seat 2: 0zym4nd14s (small blind) folded before Flop
Seat 3: kingsman5454 (big blind) collected ($0.10)
Seat 4: ZZCO folded before Flop (didn't bet)
Seat 5: coolio1984 folded before Flop (didn't bet)
Seat 6: citizen6e folded before Flop (didn't bet)



PokerStars Zoom Hand #255447074533:  Hold'em No Limit ($0.05/$0.10) - 2025/03/25 17:21:46 CET [2025/03/25 12:21:46 ET]
Table 'Aludra' 6-max Seat #1 is the button
Seat 1: ZZCO ($12.25 in chips) 
Seat 2: Riper3 ($23.97 in chips) 
Seat 3: Mahu2021 ($9.23 in chips) 
Seat 4: barneymc1990 ($28.21 in chips) 
Seat 5: edi758 ($5.86 in chips) 
Seat 6: dmaap1 ($19.23 in chips) 
Riper3: posts small blind $0.05
Mahu2021: posts big blind $0.10
*** HOLE CARDS ***
Dealt to Mahu2021 [4h 6d]
barneymc1990: raises $0.10 to $0.20
edi758: folds 
dmaap1: folds 
ZZCO: folds 
Riper3: calls $0.15
Mahu2021: folds 
*** FLOP *** [3d 7h 2d]
Riper3: checks 
barneymc1990: checks 
*** TURN *** [3d 7h 2d] [6c]
Riper3: bets $0.24
barneymc1990: calls $0.24
*** RIVER *** [3d 7h 2d 6c] [Tc]
Riper3: bets $0.72
barneymc1990: folds 
Uncalled bet ($0.72) returned to Riper3
Riper3 collected $0.94 from pot
Riper3: doesn't show hand 
*** SUMMARY ***
Total pot $0.98 | Rake $0.04 
Board [3d 7h 2d 6c Tc]
Seat 1: ZZCO (button) folded before Flop (didn't bet)
Seat 2: Riper3 (small blind) collected ($0.94)
Seat 3: Mahu2021 (big blind) folded before Flop
Seat 4: barneymc1990 folded on the River
Seat 5: edi758 folded before Flop (didn't bet)
Seat 6: dmaap1 folded before Flop (didn't bet)



PokerStars Zoom Hand #255447076347:  Hold'em No Limit ($0.05/$0.10) - 2025/03/25 17:21:55 CET [2025/03/25 12:21:55 ET]
Table 'Aludra' 6-max Seat #1 is the button
Seat 1: AlvinoD ($10 in chips) 
Seat 2: Mahu2021 ($9.13 in chips) 
Seat 3: shj13 ($10.45 in chips) 
Seat 4: eNeeo ($12.28 in chips) 
Seat 5: 0zym4nd14s ($12.05 in chips) 
Seat 6: Bur1k ($5 in chips) 
Mahu2021: posts small blind $0.05
shj13: posts big blind $0.10
*** HOLE CARDS ***
Dealt to Mahu2021 [3d 2h]
eNeeo: raises $0.12 to $0.22
0zym4nd14s: folds 
Bur1k: folds 
AlvinoD: folds 
Mahu2021: folds 
shj13: raises $0.88 to $1.10
eNeeo: folds 
Uncalled bet ($0.88) returned to shj13
shj13 collected $0.49 from pot
shj13: doesn't show hand 
*** SUMMARY ***
Total pot $0.49 | Rake $0 
Seat 1: AlvinoD (button) folded before Flop (didn't bet)
Seat 2: Mahu2021 (small blind) folded before Flop
Seat 3: shj13 (big blind) collected ($0.49)
Seat 4: eNeeo folded before Flop
Seat 5: 0zym4nd14s folded before Flop (didn't bet)
Seat 6: Bur1k folded before Flop (didn't bet)



PokerStars Zoom Hand #255447080109:  Hold'em No Limit ($0.05/$0.10) - 2025/03/25 17:22:13 CET [2025/03/25 12:22:13 ET]
Table 'Aludra' 6-max Seat #1 is the button
Seat 1: franz Z750 ($28.36 in chips) 
Seat 2: Smdpair77 ($6.54 in chips) 
Seat 3: denis4250 ($10.13 in chips) 
Seat 4: Mahu2021 ($9.08 in chips) 
Seat 5: PovilasX ($10 in chips) 
Seat 6: skavs6969 ($9.71 in chips) 
Smdpair77: posts small blind $0.05
denis4250: posts big blind $0.10
*** HOLE CARDS ***
Dealt to Mahu2021 [Qc Ad]
Mahu2021: raises $0.20 to $0.30
PovilasX: folds 
skavs6969: folds 
franz Z750: folds 
Smdpair77: folds 
denis4250: calls $0.20
*** FLOP *** [5s 8h Js]
denis4250: checks 
Mahu2021: checks 
*** TURN *** [5s 8h Js] [4h]
denis4250: bets $0.21
Mahu2021: folds 
Uncalled bet ($0.21) returned to denis4250
denis4250 collected $0.62 from pot
denis4250: doesn't show hand 
*** SUMMARY ***
Total pot $0.65 | Rake $0.03 
Board [5s 8h Js 4h]
Seat 1: franz Z750 (button) folded before Flop (didn't bet)
Seat 2: Smdpair77 (small blind) folded before Flop
Seat 3: denis4250 (big blind) collected ($0.62)
Seat 4: Mahu2021 folded on the Turn
Seat 5: PovilasX folded before Flop (didn't bet)
Seat 6: skavs6969 folded before Flop (didn't bet)



PokerStars Zoom Hand #255447085202:  Hold'em No Limit ($0.05/$0.10) - 2025/03/25 17:22:38 CET [2025/03/25 12:22:38 ET]
Table 'Aludra' 6-max Seat #1 is the button
Seat 1: TQANiblet ($18.72 in chips) 
Seat 2: Mahu2021 ($8.78 in chips) 
Seat 3: Smdpair77 ($6.49 in chips) 
Seat 4: kingsman5454 ($10.10 in chips) 
Seat 5: chuckboutch ($2.27 in chips) 
Seat 6: skavs6969 ($9.81 in chips) 
Mahu2021: posts small blind $0.05
Smdpair77: posts big blind $0.10
*** HOLE CARDS ***
Dealt to Mahu2021 [Qs Jh]
kingsman5454: folds 
chuckboutch: folds 
skavs6969: folds 
TQANiblet: folds 
Mahu2021: raises $0.20 to $0.30
Smdpair77: folds 
Uncalled bet ($0.20) returned to Mahu2021
Mahu2021 collected $0.20 from pot
Mahu2021: doesn't show hand 
*** SUMMARY ***
Total pot $0.20 | Rake $0 
Seat 1: TQANiblet (button) folded before Flop (didn't bet)
Seat 2: Mahu2021 (small blind) collected ($0.20)
Seat 3: Smdpair77 (big blind) folded before Flop
Seat 4: kingsman5454 folded before Flop (didn't bet)
Seat 5: chuckboutch folded before Flop (didn't bet)
Seat 6: skavs6969 folded before Flop (didn't bet)



PokerStars Zoom Hand #255447090407:  Hold'em No Limit ($0.05/$0.10) - 2025/03/25 17:23:03 CET [2025/03/25 12:23:03 ET]
Table 'Aludra' 6-max Seat #1 is the button
Seat 1: HakuBD ($36.91 in chips) 
Seat 2: PovilasX ($14.70 in chips) 
Seat 3: Mahu2021 ($8.88 in chips) 
Seat 4: alexevo91 ($13.46 in chips) 
Seat 5: lefgr1 ($9.85 in chips) 
Seat 6: 0zym4nd14s ($10 in chips) 
PovilasX: posts small blind $0.05
Mahu2021: posts big blind $0.10
*** HOLE CARDS ***
Dealt to Mahu2021 [Th 5s]
alexevo91: folds 
lefgr1: folds 
0zym4nd14s: raises $0.15 to $0.25
HakuBD: folds 
PovilasX: folds 
Mahu2021: folds 
Uncalled bet ($0.15) returned to 0zym4nd14s
0zym4nd14s collected $0.25 from pot
0zym4nd14s: doesn't show hand 
*** SUMMARY ***
Total pot $0.25 | Rake $0 
Seat 1: HakuBD (button) folded before Flop (didn't bet)
Seat 2: PovilasX (small blind) folded before Flop
Seat 3: Mahu2021 (big blind) folded before Flop
Seat 4: alexevo91 folded before Flop (didn't bet)
Seat 5: lefgr1 folded before Flop (didn't bet)
Seat 6: 0zym4nd14s collected ($0.25)



PokerStars Zoom Hand #255447088941:  Hold'em No Limit ($0.05/$0.10) - 2025/03/25 17:22:56 CET [2025/03/25 12:22:56 ET]
Table 'Aludra' 6-max Seat #1 is the button
Seat 1: 19Slavon95 ($10.85 in chips) 
Seat 2: Atosz_990 ($3.89 in chips) 
Seat 3: AlvinoD ($10 in chips) 
Seat 4: dmaap1 ($19.20 in chips) 
Seat 5: Mahu2021 ($8.88 in chips) 
Seat 6: skavs6969 ($10.14 in chips) 
Atosz_990: posts small blind $0.05
AlvinoD: posts big blind $0.10
*** HOLE CARDS ***
Dealt to Mahu2021 [9h 8c]
dmaap1: raises $0.10 to $0.20
Mahu2021: folds 
skavs6969: folds 
19Slavon95: folds 
Atosz_990: folds 
AlvinoD: calls $0.10
*** FLOP *** [3c 8h 4d]
AlvinoD: checks 
dmaap1: checks 
*** TURN *** [3c 8h 4d] [3h]
AlvinoD: bets $0.32
dmaap1: calls $0.32
*** RIVER *** [3c 8h 4d 3h] [Th]
AlvinoD: bets $0.78
dmaap1: calls $0.78
*** SHOW DOWN ***
AlvinoD: shows [Kd Jc] (a pair of Threes)
dmaap1: shows [6c 6s] (two pair, Sixes and Threes)
dmaap1 collected $2.53 from pot
*** SUMMARY ***
Total pot $2.65 | Rake $0.12 
Board [3c 8h 4d 3h Th]
Seat 1: 19Slavon95 (button) folded before Flop (didn't bet)
Seat 2: Atosz_990 (small blind) folded before Flop
Seat 3: AlvinoD (big blind) showed [Kd Jc] and lost with a pair of Threes
Seat 4: dmaap1 showed [6c 6s] and won ($2.53) with two pair, Sixes and Threes
Seat 5: Mahu2021 folded before Flop (didn't bet)
Seat 6: skavs6969 folded before Flop (didn't bet)



PokerStars Zoom Hand #255447093911:  Hold'em No Limit ($0.05/$0.10) - 2025/03/25 17:23:20 CET [2025/03/25 12:23:20 ET]
Table 'Aludra' 6-max Seat #1 is the button
Seat 1: Mahu2021 ($8.78 in chips) 
Seat 2: denis4250 ($5.88 in chips) 
Seat 3: Pescador1202 ($10.45 in chips) 
Seat 4: ZZCO ($11.75 in chips) 
Seat 5: banterfull ($5.19 in chips) 
Seat 6: rk_ito7 ($16.61 in chips) 
denis4250: posts small blind $0.05
Pescador1202: posts big blind $0.10
*** HOLE CARDS ***
Dealt to Mahu2021 [Qc Kd]
ZZCO: folds 
banterfull: folds 
rk_ito7: folds 
Mahu2021: raises $0.20 to $0.30
denis4250: folds 
Pescador1202: calls $0.20
*** FLOP *** [4d 2h Td]
Pescador1202: checks 
Mahu2021: checks 
*** TURN *** [4d 2h Td] [9s]
Pescador1202: bets $0.16
Mahu2021: calls $0.16
*** RIVER *** [4d 2h Td 9s] [8c]
Pescador1202: checks 
Mahu2021: checks 
*** SHOW DOWN ***
Pescador1202: shows [Kh 9d] (a pair of Nines)
Mahu2021: mucks hand 
Pescador1202 collected $0.93 from pot
*** SUMMARY ***
Total pot $0.97 | Rake $0.04 
Board [4d 2h Td 9s 8c]
Seat 1: Mahu2021 (button) mucked [Qc Kd]
Seat 2: denis4250 (small blind) folded before Flop
Seat 3: Pescador1202 (big blind) showed [Kh 9d] and won ($0.93) with a pair of Nines
Seat 4: ZZCO folded before Flop (didn't bet)
Seat 5: banterfull folded before Flop (didn't bet)
Seat 6: rk_ito7 folded before Flop (didn't bet)



PokerStars Zoom Hand #255447104138:  Hold'em No Limit ($0.05/$0.10) - 2025/03/25 17:24:09 CET [2025/03/25 12:24:09 ET]
Table 'Aludra' 6-max Seat #1 is the button
Seat 1: AlvinoD ($10 in chips) 
Seat 2: franz Z750 ($27.57 in chips) 
Seat 3: Mouknardine ($15.34 in chips) 
Seat 4: Smdpair77 ($7.63 in chips) 
Seat 5: kaitekiz ($16.99 in chips) 
Seat 6: Mahu2021 ($8.32 in chips) 
franz Z750: posts small blind $0.05
Mouknardine: posts big blind $0.10
*** HOLE CARDS ***
Dealt to Mahu2021 [Kh 6c]
Smdpair77: folds 
kaitekiz: folds 
Mahu2021: folds 
AlvinoD: folds 
franz Z750: folds 
Uncalled bet ($0.05) returned to Mouknardine
Mouknardine collected $0.10 from pot
Mouknardine: doesn't show hand 
*** SUMMARY ***
Total pot $0.10 | Rake $0 
Seat 1: AlvinoD (button) folded before Flop (didn't bet)
Seat 2: franz Z750 (small blind) folded before Flop
Seat 3: Mouknardine (big blind) collected ($0.10)
Seat 4: Smdpair77 folded before Flop (didn't bet)
Seat 5: kaitekiz folded before Flop (didn't bet)
Seat 6: Mahu2021 folded before Flop (didn't bet)



PokerStars Zoom Hand #255447105010:  Hold'em No Limit ($0.05/$0.10) - 2025/03/25 17:24:13 CET [2025/03/25 12:24:13 ET]
Table 'Aludra' 6-max Seat #1 is the button
Seat 1: PovilasX ($14.50 in chips) 
Seat 2: THMN30 ($10 in chips) 
Seat 3: HakuBD ($22.46 in chips) 
Seat 4: Mahu2021 ($8.32 in chips) 
Seat 5: titan148 ($11.57 in chips) 
Seat 6: franz Z750 ($27.52 in chips) 
THMN30: posts small blind $0.05
HakuBD: posts big blind $0.10
*** HOLE CARDS ***
Dealt to Mahu2021 [Qd 3s]
Mahu2021: folds 
titan148: folds 
franz Z750: folds 
PovilasX: folds 
THMN30: folds 
Uncalled bet ($0.05) returned to HakuBD
HakuBD collected $0.10 from pot
HakuBD: doesn't show hand 
*** SUMMARY ***
Total pot $0.10 | Rake $0 
Seat 1: PovilasX (button) folded before Flop (didn't bet)
Seat 2: THMN30 (small blind) folded before Flop
Seat 3: HakuBD (big blind) collected ($0.10)
Seat 4: Mahu2021 folded before Flop (didn't bet)
Seat 5: titan148 folded before Flop (didn't bet)
Seat 6: franz Z750 folded before Flop (didn't bet)



PokerStars Zoom Hand #255447105855:  Hold'em No Limit ($0.05/$0.10) - 2025/03/25 17:24:17 CET [2025/03/25 12:24:17 ET]
Table 'Aludra' 6-max Seat #1 is the button
Seat 1: Mahu2021 ($8.32 in chips) 
Seat 2: looser00091 ($11.79 in chips) 
Seat 3: Designerbaby ($4.65 in chips) 
Seat 4: skavs6969 ($11.99 in chips) 
Seat 5: Riper3 ($24.62 in chips) 
Seat 6: THMN30 ($10 in chips) 
looser00091: posts small blind $0.05
Designerbaby: posts big blind $0.10
*** HOLE CARDS ***
Dealt to Mahu2021 [Ac 3d]
skavs6969: folds 
Riper3: raises $0.14 to $0.24
THMN30: folds 
Mahu2021: folds 
looser00091: folds 
Designerbaby: calls $0.14
*** FLOP *** [4s Jd 4d]
Designerbaby: bets $4.41 and is all-in
Riper3: folds 
Uncalled bet ($4.41) returned to Designerbaby
Designerbaby collected $0.51 from pot
Designerbaby: doesn't show hand 
*** SUMMARY ***
Total pot $0.53 | Rake $0.02 
Board [4s Jd 4d]
Seat 1: Mahu2021 (button) folded before Flop (didn't bet)
Seat 2: looser00091 (small blind) folded before Flop
Seat 3: Designerbaby (big blind) collected ($0.51)
Seat 4: skavs6969 folded before Flop (didn't bet)
Seat 5: Riper3 folded on the Flop
Seat 6: THMN30 folded before Flop (didn't bet)



PokerStars Zoom Hand #255447102700:  Hold'em No Limit ($0.05/$0.10) - 2025/03/25 17:24:03 CET [2025/03/25 12:24:03 ET]
Table 'Aludra' 6-max Seat #1 is the button
Seat 1: raiko43 ($9.90 in chips) 
Seat 2: kolokithakias ($6.80 in chips) 
Seat 3: liebhabär ($20.18 in chips) 
Seat 4: PovilasX ($14.55 in chips) 
Seat 5: Mahu2021 ($8.32 in chips) 
Seat 6: topax76 ($18.90 in chips) 
kolokithakias: posts small blind $0.05
liebhabär: posts big blind $0.10
*** HOLE CARDS ***
Dealt to Mahu2021 [2s 5c]
PovilasX: folds 
Mahu2021: folds 
topax76: folds 
raiko43: folds 
kolokithakias: raises $0.20 to $0.30
liebhabär: raises $0.60 to $0.90
kolokithakias: calls $0.60
*** FLOP *** [Qs Jh As]
kolokithakias: checks 
liebhabär: bets $0.57
kolokithakias: calls $0.57
*** TURN *** [Qs Jh As] [Ad]
kolokithakias: checks 
liebhabär: bets $1.75
kolokithakias: folds 
Uncalled bet ($1.75) returned to liebhabär
liebhabär collected $2.78 from pot
liebhabär: doesn't show hand 
*** SUMMARY ***
Total pot $2.94 | Rake $0.16 
Board [Qs Jh As Ad]
Seat 1: raiko43 (button) folded before Flop (didn't bet)
Seat 2: kolokithakias (small blind) folded on the Turn
Seat 3: liebhabär (big blind) collected ($2.78)
Seat 4: PovilasX folded before Flop (didn't bet)
Seat 5: Mahu2021 folded before Flop (didn't bet)
Seat 6: topax76 folded before Flop (didn't bet)



PokerStars Zoom Hand #255447106872:  Hold'em No Limit ($0.05/$0.10) - 2025/03/25 17:24:22 CET [2025/03/25 12:24:22 ET]
Table 'Aludra' 6-max Seat #1 is the button
Seat 1: Tinchoolp768 ($10 in chips) 
Seat 2: Mahu2021 ($8.32 in chips) 
Seat 3: chrisburner ($24.54 in chips) 
Seat 4: titan148 ($11.57 in chips) 
Seat 5: topax76 ($18.85 in chips) 
Seat 6: 0zym4nd14s ($11.59 in chips) 
Mahu2021: posts small blind $0.05
chrisburner: posts big blind $0.10
*** HOLE CARDS ***
Dealt to Mahu2021 [2c 8h]
titan148: folds 
topax76: folds 
0zym4nd14s: folds 
Tinchoolp768: raises $0.15 to $0.25
Mahu2021: folds 
chrisburner: calls $0.15
*** FLOP *** [9d 9c Ts]
chrisburner: checks 
Tinchoolp768: bets $0.17
chrisburner: folds 
Uncalled bet ($0.17) returned to Tinchoolp768
Tinchoolp768 collected $0.53 from pot
Tinchoolp768: doesn't show hand 
*** SUMMARY ***
Total pot $0.55 | Rake $0.02 
Board [9d 9c Ts]
Seat 1: Tinchoolp768 (button) collected ($0.53)
Seat 2: Mahu2021 (small blind) folded before Flop
Seat 3: chrisburner (big blind) folded on the Flop
Seat 4: titan148 folded before Flop (didn't bet)
Seat 5: topax76 folded before Flop (didn't bet)
Seat 6: 0zym4nd14s folded before Flop (didn't bet)



PokerStars Zoom Hand #255447113077:  Hold'em No Limit ($0.05/$0.10) - 2025/03/25 17:24:53 CET [2025/03/25 12:24:53 ET]
Table 'Aludra' 6-max Seat #1 is the button
Seat 1: JD 2266 E ($9.54 in chips) 
Seat 2: rk_ito7 ($23.41 in chips) 
Seat 3: THMN30 ($10 in chips) 
Seat 4: Mahu2021 ($8.02 in chips) 
Seat 5: looser00091 ($12.79 in chips) 
Seat 6: liebhabär ($10.37 in chips) 
rk_ito7: posts small blind $0.05
THMN30: posts big blind $0.10
*** HOLE CARDS ***
Dealt to Mahu2021 [Qh 9h]
Mahu2021: folds 
looser00091: folds 
liebhabär: raises $0.12 to $0.22
JD 2266 E: folds 
rk_ito7: folds 
THMN30: folds 
Uncalled bet ($0.12) returned to liebhabär
liebhabär collected $0.25 from pot
liebhabär: doesn't show hand 
*** SUMMARY ***
Total pot $0.25 | Rake $0 
Seat 1: JD 2266 E (button) folded before Flop (didn't bet)
Seat 2: rk_ito7 (small blind) folded before Flop
Seat 3: THMN30 (big blind) folded before Flop
Seat 4: Mahu2021 folded before Flop (didn't bet)
Seat 5: looser00091 folded before Flop (didn't bet)
Seat 6: liebhabär collected ($0.25)



PokerStars Zoom Hand #255447113922:  Hold'em No Limit ($0.05/$0.10) - 2025/03/25 17:24:57 CET [2025/03/25 12:24:57 ET]
Table 'Aludra' 6-max Seat #1 is the button
Seat 1: THMN30 ($10.10 in chips) 
Seat 2: rk_ito7 ($12.42 in chips) 
Seat 3: dmaap1 ($17.85 in chips) 
Seat 4: corape ($16 in chips) 
Seat 5: Mahu2021 ($8.02 in chips) 
Seat 6: skavs6969 ($9.08 in chips) 
rk_ito7: posts small blind $0.05
dmaap1: posts big blind $0.10
*** HOLE CARDS ***
Dealt to Mahu2021 [5h 9c]
corape: raises $0.10 to $0.20
Mahu2021: folds 
skavs6969: folds 
THMN30: folds 
rk_ito7: folds 
dmaap1: folds 
Uncalled bet ($0.10) returned to corape
corape collected $0.25 from pot
corape: doesn't show hand 
*** SUMMARY ***
Total pot $0.25 | Rake $0 
Seat 1: THMN30 (button) folded before Flop (didn't bet)
Seat 2: rk_ito7 (small blind) folded before Flop
Seat 3: dmaap1 (big blind) folded before Flop
Seat 4: corape collected ($0.25)
Seat 5: Mahu2021 folded before Flop (didn't bet)
Seat 6: skavs6969 folded before Flop (didn't bet)



PokerStars Zoom Hand #255447115217:  Hold'em No Limit ($0.05/$0.10) - 2025/03/25 17:25:03 CET [2025/03/25 12:25:03 ET]
Table 'Aludra' 6-max Seat #1 is the button
Seat 1: Bur1k ($5.48 in chips) 
Seat 2: shj13 ($11.02 in chips) 
Seat 3: Mahu2021 ($8.02 in chips) 
Seat 4: 0zym4nd14s ($11.49 in chips) 
Seat 5: citizen6e ($10 in chips) 
Seat 6: kingsman5454 ($10.65 in chips) 
shj13: posts small blind $0.05
Mahu2021: posts big blind $0.10
*** HOLE CARDS ***
Dealt to Mahu2021 [8h 3s]
0zym4nd14s: folds 
citizen6e: folds 
kingsman5454: folds 
Bur1k: folds 
shj13: folds 
Uncalled bet ($0.05) returned to Mahu2021
Mahu2021 collected $0.10 from pot
Mahu2021: doesn't show hand 
*** SUMMARY ***
Total pot $0.10 | Rake $0 
Seat 1: Bur1k (button) folded before Flop (didn't bet)
Seat 2: shj13 (small blind) folded before Flop
Seat 3: Mahu2021 (big blind) collected ($0.10)
Seat 4: 0zym4nd14s folded before Flop (didn't bet)
Seat 5: citizen6e folded before Flop (didn't bet)
Seat 6: kingsman5454 folded before Flop (didn't bet)



PokerStars Zoom Hand #255447107683:  Hold'em No Limit ($0.05/$0.10) - 2025/03/25 17:24:26 CET [2025/03/25 12:24:26 ET]
Table 'Aludra' 6-max Seat #1 is the button
Seat 1: coolio1984 ($17.83 in chips) 
Seat 2: TQANiblet ($20.47 in chips) 
Seat 3: Mahu2021 ($8.27 in chips) 
Seat 4: titan148 ($11.57 in chips) 
Seat 5: skavs6969 ($9.71 in chips) 
Seat 6: rk_ito7 ($12.42 in chips) 
TQANiblet: posts small blind $0.05
Mahu2021: posts big blind $0.10
*** HOLE CARDS ***
Dealt to Mahu2021 [Ts 8s]
titan148: raises $0.15 to $0.25
skavs6969: calls $0.25
rk_ito7: folds 
coolio1984: folds 
TQANiblet: calls $0.20
Mahu2021: calls $0.15
*** FLOP *** [5c 9d 6d]
TQANiblet: checks 
Mahu2021: checks 
titan148: checks 
skavs6969: bets $0.48
TQANiblet: calls $0.48
Mahu2021: folds 
titan148: folds 
*** TURN *** [5c 9d 6d] [9h]
TQANiblet: checks 
skavs6969: bets $0.94
TQANiblet: calls $0.94
*** RIVER *** [5c 9d 6d 9h] [4c]
TQANiblet: checks 
skavs6969: bets $1.84
TQANiblet: folds 
Uncalled bet ($1.84) returned to skavs6969
skavs6969 collected $3.67 from pot
skavs6969: doesn't show hand 
*** SUMMARY ***
Total pot $3.84 | Rake $0.17 
Board [5c 9d 6d 9h 4c]
Seat 1: coolio1984 (button) folded before Flop (didn't bet)
Seat 2: TQANiblet (small blind) folded on the River
Seat 3: Mahu2021 (big blind) folded on the Flop
Seat 4: titan148 folded on the Flop
Seat 5: skavs6969 collected ($3.67)
Seat 6: rk_ito7 folded before Flop (didn't bet)



PokerStars Zoom Hand #255447118901:  Hold'em No Limit ($0.05/$0.10) - 2025/03/25 17:25:21 CET [2025/03/25 12:25:21 ET]
Table 'Aludra' 6-max Seat #1 is the button
Seat 1: skavs6969 ($9.03 in chips) 
Seat 2: HakuBD ($30.55 in chips) 
Seat 3: zzz7zzz7zzz ($2.62 in chips) 
Seat 4: Mahu2021 ($8.07 in chips) 
Seat 5: Sanjireyes ($11.45 in chips) 
Seat 6: lefgr1 ($10.15 in chips) 
HakuBD: posts small blind $0.05
zzz7zzz7zzz: posts big blind $0.10
*** HOLE CARDS ***
Dealt to Mahu2021 [4c 3d]
Mahu2021: folds 
Sanjireyes: raises $0.10 to $0.20
lefgr1: folds 
skavs6969: folds 
HakuBD: folds 
zzz7zzz7zzz: folds 
Uncalled bet ($0.10) returned to Sanjireyes
Sanjireyes collected $0.25 from pot
Sanjireyes: doesn't show hand 
*** SUMMARY ***
Total pot $0.25 | Rake $0 
Seat 1: skavs6969 (button) folded before Flop (didn't bet)
Seat 2: HakuBD (small blind) folded before Flop
Seat 3: zzz7zzz7zzz (big blind) folded before Flop
Seat 4: Mahu2021 folded before Flop (didn't bet)
Seat 5: Sanjireyes collected ($0.25)
Seat 6: lefgr1 folded before Flop (didn't bet)



PokerStars Zoom Hand #255447119956:  Hold'em No Limit ($0.05/$0.10) - 2025/03/25 17:25:26 CET [2025/03/25 12:25:26 ET]
Table 'Aludra' 6-max Seat #1 is the button
Seat 1: rk_ito7 ($12.27 in chips) 
Seat 2: Mahu2021 ($8.07 in chips) 
Seat 3: ultimateyo ($9.48 in chips) 
Seat 4: skavs6969 ($11.71 in chips) 
Seat 5: Tozsy17 ($10 in chips) 
Seat 6: dmaap1 ($21.28 in chips) 
Mahu2021: posts small blind $0.05
ultimateyo: posts big blind $0.10
*** HOLE CARDS ***
Dealt to Mahu2021 [Kh Kc]
skavs6969: folds 
Tozsy17: folds 
dmaap1: raises $0.10 to $0.20
rk_ito7: folds 
Mahu2021: raises $0.90 to $1.10
ultimateyo: folds 
dmaap1: folds 
Uncalled bet ($0.90) returned to Mahu2021
Mahu2021 collected $0.50 from pot
Mahu2021: doesn't show hand 
*** SUMMARY ***
Total pot $0.50 | Rake $0 
Seat 1: rk_ito7 (button) folded before Flop (didn't bet)
Seat 2: Mahu2021 (small blind) collected ($0.50)
Seat 3: ultimateyo (big blind) folded before Flop
Seat 4: skavs6969 folded before Flop (didn't bet)
Seat 5: Tozsy17 folded before Flop (didn't bet)
Seat 6: dmaap1 folded before Flop



PokerStars Zoom Hand #255447123872:  Hold'em No Limit ($0.05/$0.10) - 2025/03/25 17:25:45 CET [2025/03/25 12:25:45 ET]
Table 'Aludra' 6-max Seat #1 is the button
Seat 1: Mahu2021 ($8.37 in chips) 
Seat 2: PovilasX ($18.97 in chips) 
Seat 3: TQANiblet ($18.80 in chips) 
Seat 4: rk_ito7 ($25.03 in chips) 
Seat 5: denis4250 ($4.36 in chips) 
Seat 6: dmaap1 ($29.40 in chips) 
PovilasX: posts small blind $0.05
TQANiblet: posts big blind $0.10
*** HOLE CARDS ***
Dealt to Mahu2021 [3c 6d]
rk_ito7: folds 
denis4250: folds 
dmaap1: folds 
Mahu2021: folds 
PovilasX: raises $0.20 to $0.30
TQANiblet: folds 
Uncalled bet ($0.20) returned to PovilasX
PovilasX collected $0.20 from pot
PovilasX: doesn't show hand 
*** SUMMARY ***
Total pot $0.20 | Rake $0 
Seat 1: Mahu2021 (button) folded before Flop (didn't bet)
Seat 2: PovilasX (small blind) collected ($0.20)
Seat 3: TQANiblet (big blind) folded before Flop
Seat 4: rk_ito7 folded before Flop (didn't bet)
Seat 5: denis4250 folded before Flop (didn't bet)
Seat 6: dmaap1 folded before Flop (didn't bet)



PokerStars Zoom Hand #255447124890:  Hold'em No Limit ($0.05/$0.10) - 2025/03/25 17:25:50 CET [2025/03/25 12:25:50 ET]
Table 'Aludra' 6-max Seat #1 is the button
Seat 1: dmaap1 ($29.40 in chips) 
Seat 2: Pescador1202 ($11.06 in chips) 
Seat 3: AlvinoD ($10.06 in chips) 
Seat 4: kingsman5454 ($10.50 in chips) 
Seat 5: Blake889 ($12.80 in chips) 
Seat 6: Mahu2021 ($8.37 in chips) 
Pescador1202: posts small blind $0.05
AlvinoD: posts big blind $0.10
*** HOLE CARDS ***
Dealt to Mahu2021 [2d Ks]
kingsman5454: folds 
Blake889: folds 
Mahu2021: folds 
dmaap1: folds 
Pescador1202: folds 
Uncalled bet ($0.05) returned to AlvinoD
AlvinoD collected $0.10 from pot
AlvinoD: doesn't show hand 
*** SUMMARY ***
Total pot $0.10 | Rake $0 
Seat 1: dmaap1 (button) folded before Flop (didn't bet)
Seat 2: Pescador1202 (small blind) folded before Flop
Seat 3: AlvinoD (big blind) collected ($0.10)
Seat 4: kingsman5454 folded before Flop (didn't bet)
Seat 5: Blake889 folded before Flop (didn't bet)
Seat 6: Mahu2021 folded before Flop (didn't bet)



PokerStars Zoom Hand #255447127194:  Hold'em No Limit ($0.05/$0.10) - 2025/03/25 17:26:01 CET [2025/03/25 12:26:01 ET]
Table 'Aludra' 6-max Seat #1 is the button
Seat 1: beef_cass88 ($12.30 in chips) 
Seat 2: pelao15 ($11.10 in chips) 
Seat 3: skavs6969 ($11.25 in chips) 
Seat 4: Mahu2021 ($8.37 in chips) 
Seat 5: Pescador1202 ($10.31 in chips) 
Seat 6: citizen6e ($11.50 in chips) 
pelao15: posts small blind $0.05
skavs6969: posts big blind $0.10
*** HOLE CARDS ***
Dealt to Mahu2021 [5h 9c]
Mahu2021: folds 
Pescador1202: folds 
citizen6e: folds 
beef_cass88: folds 
pelao15: folds 
Uncalled bet ($0.05) returned to skavs6969
skavs6969 collected $0.10 from pot
skavs6969: doesn't show hand 
*** SUMMARY ***
Total pot $0.10 | Rake $0 
Seat 1: beef_cass88 (button) folded before Flop (didn't bet)
Seat 2: pelao15 (small blind) folded before Flop
Seat 3: skavs6969 (big blind) collected ($0.10)
Seat 4: Mahu2021 folded before Flop (didn't bet)
Seat 5: Pescador1202 folded before Flop (didn't bet)
Seat 6: citizen6e folded before Flop (didn't bet)



PokerStars Zoom Hand #255447126364:  Hold'em No Limit ($0.05/$0.10) - 2025/03/25 17:25:57 CET [2025/03/25 12:25:57 ET]
Table 'Aludra' 6-max Seat #1 is the button
Seat 1: corape ($15.79 in chips) 
Seat 2: Pescador1202 ($10.36 in chips) 
Seat 3: edi758 ($23.85 in chips) 
Seat 4: shanks4ever ($6.16 in chips) 
Seat 5: Mahu2021 ($8.37 in chips) 
Seat 6: Tinchoolp768 ($10.13 in chips) 
Pescador1202: posts small blind $0.05
edi758: posts big blind $0.10
*** HOLE CARDS ***
Dealt to Mahu2021 [Ts 4d]
shanks4ever: folds 
Mahu2021: folds 
Tinchoolp768: folds 
corape: raises $0.15 to $0.25
Pescador1202: folds 
edi758: folds 
Uncalled bet ($0.15) returned to corape
corape collected $0.25 from pot
corape: doesn't show hand 
*** SUMMARY ***
Total pot $0.25 | Rake $0 
Seat 1: corape (button) collected ($0.25)
Seat 2: Pescador1202 (small blind) folded before Flop
Seat 3: edi758 (big blind) folded before Flop
Seat 4: shanks4ever folded before Flop (didn't bet)
Seat 5: Mahu2021 folded before Flop (didn't bet)
Seat 6: Tinchoolp768 folded before Flop (didn't bet)



PokerStars Zoom Hand #255447128223:  Hold'em No Limit ($0.05/$0.10) - 2025/03/25 17:26:06 CET [2025/03/25 12:26:06 ET]
Table 'Aludra' 6-max Seat #1 is the button
Seat 1: shanks4ever ($6.11 in chips) 
Seat 2: Mahu2021 ($8.37 in chips) 
Seat 3: rk_ito7 ($25.29 in chips) 
Seat 4: dmaap1 ($21.03 in chips) 
Seat 5: prettika ($4.29 in chips) 
Seat 6: titan148 ($11.84 in chips) 
Mahu2021: posts small blind $0.05
rk_ito7: posts big blind $0.10
*** HOLE CARDS ***
Dealt to Mahu2021 [Kc 3h]
dmaap1: folds 
prettika: folds 
titan148: folds 
shanks4ever: folds 
Mahu2021: folds 
Uncalled bet ($0.05) returned to rk_ito7
rk_ito7 collected $0.10 from pot
rk_ito7: doesn't show hand 
*** SUMMARY ***
Total pot $0.10 | Rake $0 
Seat 1: shanks4ever (button) folded before Flop (didn't bet)
Seat 2: Mahu2021 (small blind) folded before Flop
Seat 3: rk_ito7 (big blind) collected ($0.10)
Seat 4: dmaap1 folded before Flop (didn't bet)
Seat 5: prettika folded before Flop (didn't bet)
Seat 6: titan148 folded before Flop (didn't bet)



PokerStars Zoom Hand #255447112078:  Hold'em No Limit ($0.05/$0.10) - 2025/03/25 17:24:48 CET [2025/03/25 12:24:48 ET]
Table 'Aludra' 6-max Seat #1 is the button
Seat 1: Frankenjura ($10 in chips) 
Seat 2: kolokithakias ($5.33 in chips) 
Seat 3: 0zym4nd14s ($10 in chips) 
Seat 4: Lentwood ($10.31 in chips) 
Seat 5: dmaap1 ($17.85 in chips) 
Seat 6: Mahu2021 ($8.02 in chips) 
kolokithakias: posts small blind $0.05
0zym4nd14s: posts big blind $0.10
*** HOLE CARDS ***
Dealt to Mahu2021 [Ah 4s]
Lentwood: folds 
dmaap1: folds 
Mahu2021: folds 
Frankenjura: raises $0.15 to $0.25
kolokithakias: calls $0.20
0zym4nd14s: raises $0.85 to $1.10
Frankenjura: folds 
kolokithakias: calls $0.85
*** FLOP *** [Ts 7h 8s]
kolokithakias: checks 
0zym4nd14s: checks 
*** TURN *** [Ts 7h 8s] [7c]
kolokithakias: bets $0.20
0zym4nd14s: raises $0.90 to $1.10
kolokithakias: calls $0.90
*** RIVER *** [Ts 7h 8s 7c] [Qs]
kolokithakias: bets $0.40
0zym4nd14s: raises $5.30 to $5.70
kolokithakias: calls $2.73 and is all-in
Uncalled bet ($2.57) returned to 0zym4nd14s
*** SHOW DOWN ***
0zym4nd14s: shows [Ac Qh] (two pair, Queens and Sevens)
kolokithakias: shows [4h 4d] (two pair, Sevens and Fours)
0zym4nd14s collected $10.42 from pot
*** SUMMARY ***
Total pot $10.91 | Rake $0.49 
Board [Ts 7h 8s 7c Qs]
Seat 1: Frankenjura (button) folded before Flop
Seat 2: kolokithakias (small blind) showed [4h 4d] and lost with two pair, Sevens and Fours
Seat 3: 0zym4nd14s (big blind) showed [Ac Qh] and won ($10.42) with two pair, Queens and Sevens
Seat 4: Lentwood folded before Flop (didn't bet)
Seat 5: dmaap1 folded before Flop (didn't bet)
Seat 6: Mahu2021 folded before Flop (didn't bet)



PokerStars Zoom Hand #255447129612:  Hold'em No Limit ($0.05/$0.10) - 2025/03/25 17:26:12 CET [2025/03/25 12:26:12 ET]
Table 'Aludra' 6-max Seat #1 is the button
Seat 1: Turboking05 ($11.81 in chips) 
Seat 2: chuckboutch ($2.21 in chips) 
Seat 3: thebuilder86 ($13.35 in chips) 
Seat 4: Smdpair77 ($7.33 in chips) 
Seat 5: Mahu2021 ($8.32 in chips) 
Seat 6: AlvinoD ($10.06 in chips) 
chuckboutch: posts small blind $0.05
thebuilder86: posts big blind $0.10
*** HOLE CARDS ***
Dealt to Mahu2021 [5d Kd]
Smdpair77: folds 
Mahu2021: folds 
AlvinoD: folds 
Turboking05: calls $0.10
chuckboutch: raises $0.30 to $0.40
thebuilder86: folds 
Turboking05: calls $0.30
*** FLOP *** [5s 4h 3c]
chuckboutch: checks 
Turboking05: checks 
*** TURN *** [5s 4h 3c] [8c]
chuckboutch: checks 
Turboking05: checks 
*** RIVER *** [5s 4h 3c 8c] [8h]
chuckboutch: checks 
Turboking05: bets $0.10
chuckboutch: calls $0.10
*** SHOW DOWN ***
Turboking05: shows [Th 9s] (a pair of Eights)
chuckboutch: shows [Ac Kh] (a pair of Eights - Ace kicker)
chuckboutch collected $1.05 from pot
*** SUMMARY ***
Total pot $1.10 | Rake $0.05 
Board [5s 4h 3c 8c 8h]
Seat 1: Turboking05 (button) showed [Th 9s] and lost with a pair of Eights
Seat 2: chuckboutch (small blind) showed [Ac Kh] and won ($1.05) with a pair of Eights
Seat 3: thebuilder86 (big blind) folded before Flop
Seat 4: Smdpair77 folded before Flop (didn't bet)
Seat 5: Mahu2021 folded before Flop (didn't bet)
Seat 6: AlvinoD folded before Flop (didn't bet)



PokerStars Zoom Hand #255447130711:  Hold'em No Limit ($0.05/$0.10) - 2025/03/25 17:26:18 CET [2025/03/25 12:26:18 ET]
Table 'Aludra' 6-max Seat #1 is the button
Seat 1: pelao15 ($10.95 in chips) 
Seat 2: Smdpair77 ($7.33 in chips) 
Seat 3: Mahu2021 ($8.32 in chips) 
Seat 4: kaitekiz ($16.25 in chips) 
Seat 5: AllMenMstSrv ($10.18 in chips) 
Seat 6: Atosz_990 ($4.62 in chips) 
Smdpair77: posts small blind $0.05
Mahu2021: posts big blind $0.10
*** HOLE CARDS ***
Dealt to Mahu2021 [Kd Kc]
kaitekiz: folds 
AllMenMstSrv: folds 
Atosz_990: folds 
pelao15: raises $0.10 to $0.20
Smdpair77: calls $0.15
Mahu2021: raises $1.10 to $1.30
pelao15: folds 
Smdpair77: calls $1.10
*** FLOP *** [Tc 3d 2s]
Smdpair77: checks 
Mahu2021: bets $7.02 and is all-in
Smdpair77: calls $6.03 and is all-in
Uncalled bet ($0.99) returned to Mahu2021
*** TURN *** [Tc 3d 2s] [9h]
*** RIVER *** [Tc 3d 2s 9h] [Jd]
*** SHOW DOWN ***
Smdpair77: shows [8d Td] (a pair of Tens)
Mahu2021: shows [Kd Kc] (a pair of Kings)
Mahu2021 cashed out the hand for $10.84 | Cash Out Fee $0.22
*** SUMMARY ***
Total pot $14.86 | Rake $0.67 
Board [Tc 3d 2s 9h Jd]
Seat 1: pelao15 (button) folded before Flop
Seat 2: Smdpair77 (small blind) showed [8d Td] and lost with a pair of Tens
Seat 3: Mahu2021 (big blind) showed [Kd Kc] and won ($14.19) with a pair of Kings (pot not awarded as player cashed out)
Seat 4: kaitekiz folded before Flop (didn't bet)
Seat 5: AllMenMstSrv folded before Flop (didn't bet)
Seat 6: Atosz_990 folded before Flop (didn't bet)



PokerStars Zoom Hand #255447136288:  Hold'em No Limit ($0.05/$0.10) - 2025/03/25 17:26:45 CET [2025/03/25 12:26:45 ET]
Table 'Aludra' 6-max Seat #1 is the button
Seat 1: Mahu2021 ($11.83 in chips) 
Seat 2: kaitekiz ($16.15 in chips) 
Seat 3: Pescador1202 ($10.96 in chips) 
Seat 4: chuckboutch ($2.76 in chips) 
Seat 5: pokersenis ($11.52 in chips) 
Seat 6: aveitsch ($15.98 in chips) 
kaitekiz: posts small blind $0.05
Pescador1202: posts big blind $0.10
*** HOLE CARDS ***
Dealt to Mahu2021 [Ks Jc]
chuckboutch: folds 
pokersenis: raises $0.12 to $0.22
aveitsch: folds 
Mahu2021: calls $0.22
kaitekiz: folds 
Pescador1202: calls $0.12
*** FLOP *** [7s Qc 6h]
Pescador1202: checks 
pokersenis: checks 
Mahu2021: checks 
*** TURN *** [7s Qc 6h] [9c]
Pescador1202: bets $0.17
pokersenis: calls $0.17
Mahu2021: folds 
*** RIVER *** [7s Qc 6h 9c] [8c]
Pescador1202: checks 
pokersenis: checks 
*** SHOW DOWN ***
Pescador1202: shows [6d Ad] (a pair of Sixes)
pokersenis: shows [Js 9s] (a pair of Nines)
pokersenis collected $1 from pot
*** SUMMARY ***
Total pot $1.05 | Rake $0.05 
Board [7s Qc 6h 9c 8c]
Seat 1: Mahu2021 (button) folded on the Turn
Seat 2: kaitekiz (small blind) folded before Flop
Seat 3: Pescador1202 (big blind) showed [6d Ad] and lost with a pair of Sixes
Seat 4: chuckboutch folded before Flop (didn't bet)
Seat 5: pokersenis showed [Js 9s] and won ($1) with a pair of Nines
Seat 6: aveitsch folded before Flop (didn't bet)



PokerStars Zoom Hand #255447146556:  Hold'em No Limit ($0.05/$0.10) - 2025/03/25 17:27:35 CET [2025/03/25 12:27:35 ET]
Table 'Aludra' 6-max Seat #1 is the button
Seat 1: Bur1k ($5.33 in chips) 
Seat 2: zzz7zzz7zzz ($2.80 in chips) 
Seat 3: QuakieMan ($22.27 in chips) 
Seat 4: pokersenis ($18.83 in chips) 
Seat 5: Mahu2021 ($11.61 in chips) 
Seat 6: pelao15 ($11.15 in chips) 
zzz7zzz7zzz: posts small blind $0.05
QuakieMan: posts big blind $0.10
*** HOLE CARDS ***
Dealt to Mahu2021 [8c 8h]
pokersenis: folds 
Mahu2021: raises $0.20 to $0.30
pelao15: folds 
Bur1k: folds 
zzz7zzz7zzz: calls $0.25
QuakieMan: folds 
*** FLOP *** [Jc 7c Ts]
zzz7zzz7zzz: checks 
Mahu2021: checks 
*** TURN *** [Jc 7c Ts] [9s]
zzz7zzz7zzz: checks 
Mahu2021: bets $0.67
zzz7zzz7zzz: calls $0.67
*** RIVER *** [Jc 7c Ts 9s] [2d]
zzz7zzz7zzz: checks 
Mahu2021: bets $1.95
zzz7zzz7zzz: calls $1.83 and is all-in
Uncalled bet ($0.12) returned to Mahu2021
*** SHOW DOWN ***
Mahu2021: shows [8c 8h] (a straight, Seven to Jack)
zzz7zzz7zzz: shows [6c 6h] (a pair of Sixes)
Mahu2021 collected $5.44 from pot
*** SUMMARY ***
Total pot $5.70 | Rake $0.26 
Board [Jc 7c Ts 9s 2d]
Seat 1: Bur1k (button) folded before Flop (didn't bet)
Seat 2: zzz7zzz7zzz (small blind) showed [6c 6h] and lost with a pair of Sixes
Seat 3: QuakieMan (big blind) folded before Flop
Seat 4: pokersenis folded before Flop (didn't bet)
Seat 5: Mahu2021 showed [8c 8h] and won ($5.44) with a straight, Seven to Jack
Seat 6: pelao15 folded before Flop (didn't bet)



PokerStars Zoom Hand #255447144677:  Hold'em No Limit ($0.05/$0.10) - 2025/03/25 17:27:26 CET [2025/03/25 12:27:26 ET]
Table 'Aludra' 6-max Seat #1 is the button
Seat 1: edi758 ($6.30 in chips) 
Seat 2: dmaap1 ($16.80 in chips) 
Seat 3: 0zym4nd14s ($11.31 in chips) 
Seat 4: PovilasX ($10.42 in chips) 
Seat 5: eNeeo ($11.86 in chips) 
Seat 6: Mahu2021 ($11.61 in chips) 
dmaap1: posts small blind $0.05
0zym4nd14s: posts big blind $0.10
*** HOLE CARDS ***
Dealt to Mahu2021 [5d As]
PovilasX: raises $0.15 to $0.25
eNeeo: folds 
Mahu2021: folds 
edi758: calls $0.25
dmaap1: raises $1.06 to $1.31
0zym4nd14s: folds 
PovilasX: calls $1.06
edi758: folds 
*** FLOP *** [8h 9c 7h]
dmaap1: checks 
PovilasX: bets $2.13
dmaap1: folds 
Uncalled bet ($2.13) returned to PovilasX
PovilasX collected $2.84 from pot
PovilasX: doesn't show hand 
*** SUMMARY ***
Total pot $2.97 | Rake $0.13 
Board [8h 9c 7h]
Seat 1: edi758 (button) folded before Flop
Seat 2: dmaap1 (small blind) folded on the Flop
Seat 3: 0zym4nd14s (big blind) folded before Flop
Seat 4: PovilasX collected ($2.84)
Seat 5: eNeeo folded before Flop (didn't bet)
Seat 6: Mahu2021 folded before Flop (didn't bet)



PokerStars Zoom Hand #255447155450:  Hold'em No Limit ($0.05/$0.10) - 2025/03/25 17:28:18 CET [2025/03/25 12:28:18 ET]
Table 'Aludra' 6-max Seat #1 is the button
Seat 1: dmaap1 ($15.49 in chips) 
Seat 2: humo97 ($10 in chips) 
Seat 3: lassen22 ($3.71 in chips) 
Seat 4: Mahu2021 ($14.25 in chips) 
Seat 5: Sanjireyes ($9.95 in chips) 
Seat 6: PovilasX ($10 in chips) 
humo97: posts small blind $0.05
lassen22: posts big blind $0.10
*** HOLE CARDS ***
Dealt to Mahu2021 [9c 2h]
Mahu2021: folds 
Sanjireyes: folds 
PovilasX: folds 
dmaap1: folds 
humo97: raises $0.13 to $0.23
lassen22: folds 
Uncalled bet ($0.13) returned to humo97
humo97 collected $0.20 from pot
humo97: doesn't show hand 
*** SUMMARY ***
Total pot $0.20 | Rake $0 
Seat 1: dmaap1 (button) folded before Flop (didn't bet)
Seat 2: humo97 (small blind) collected ($0.20)
Seat 3: lassen22 (big blind) folded before Flop
Seat 4: Mahu2021 folded before Flop (didn't bet)
Seat 5: Sanjireyes folded before Flop (didn't bet)
Seat 6: PovilasX folded before Flop (didn't bet)



PokerStars Zoom Hand #255447157454:  Hold'em No Limit ($0.05/$0.10) - 2025/03/25 17:28:28 CET [2025/03/25 12:28:28 ET]
Table 'Aludra' 6-max Seat #1 is the button
Seat 1: Mahu2021 ($14.15 in chips) 
Seat 2: tecnesiano ($9.18 in chips) 
Seat 3: denis4250 ($7.05 in chips) 
Seat 4: Bur1k ($5 in chips) 
Seat 5: Thiguin9 ($10 in chips) 
Seat 6: prettika ($3.15 in chips) 
tecnesiano: posts small blind $0.05
denis4250: posts big blind $0.10
*** HOLE CARDS ***
Dealt to Mahu2021 [2c 5c]
Bur1k: folds 
Thiguin9: folds 
prettika: folds 
Mahu2021: folds 
tecnesiano: folds 
Uncalled bet ($0.05) returned to denis4250
denis4250 collected $0.10 from pot
denis4250: doesn't show hand 
*** SUMMARY ***
Total pot $0.10 | Rake $0 
Seat 1: Mahu2021 (button) folded before Flop (didn't bet)
Seat 2: tecnesiano (small blind) folded before Flop
Seat 3: denis4250 (big blind) collected ($0.10)
Seat 4: Bur1k folded before Flop (didn't bet)
Seat 5: Thiguin9 folded before Flop (didn't bet)
Seat 6: prettika folded before Flop (didn't bet)



PokerStars Zoom Hand #255447156366:  Hold'em No Limit ($0.05/$0.10) - 2025/03/25 17:28:23 CET [2025/03/25 12:28:23 ET]
Table 'Aludra' 6-max Seat #1 is the button
Seat 1: QuakieMan ($22.12 in chips) 
Seat 2: Die8 ($10.05 in chips) 
Seat 3: Mahu2021 ($14.25 in chips) 
Seat 4: citizen6e ($11.45 in chips) 
Seat 5: tecnesiano ($9.18 in chips) 
Seat 6: PovilasX ($10 in chips) 
Die8: posts small blind $0.05
Mahu2021: posts big blind $0.10
*** HOLE CARDS ***
Dealt to Mahu2021 [9d 2s]
citizen6e: raises $0.20 to $0.30
tecnesiano: folds 
PovilasX: folds 
QuakieMan: folds 
Die8: folds 
Mahu2021: folds 
Uncalled bet ($0.20) returned to citizen6e
citizen6e collected $0.25 from pot
citizen6e: doesn't show hand 
*** SUMMARY ***
Total pot $0.25 | Rake $0 
Seat 1: QuakieMan (button) folded before Flop (didn't bet)
Seat 2: Die8 (small blind) folded before Flop
Seat 3: Mahu2021 (big blind) folded before Flop
Seat 4: citizen6e collected ($0.25)
Seat 5: tecnesiano folded before Flop (didn't bet)
Seat 6: PovilasX folded before Flop (didn't bet)



PokerStars Zoom Hand #255447158813:  Hold'em No Limit ($0.05/$0.10) - 2025/03/25 17:28:35 CET [2025/03/25 12:28:35 ET]
Table 'Aludra' 6-max Seat #1 is the button
Seat 1: lassen22 ($3.56 in chips) 
Seat 2: Mahu2021 ($14.15 in chips) 
Seat 3: QuakieMan ($22.12 in chips) 
Seat 4: TQANiblet ($19.24 in chips) 
Seat 5: AlvinoD ($10.92 in chips) 
Seat 6: Riper3 ($27.81 in chips) 
Mahu2021: posts small blind $0.05
QuakieMan: posts big blind $0.10
*** HOLE CARDS ***
Dealt to Mahu2021 [4c 3h]
TQANiblet: raises $0.10 to $0.20
AlvinoD: folds 
Riper3: folds 
lassen22: folds 
Mahu2021: folds 
QuakieMan: folds 
Uncalled bet ($0.10) returned to TQANiblet
TQANiblet collected $0.25 from pot
TQANiblet: doesn't show hand 
*** SUMMARY ***
Total pot $0.25 | Rake $0 
Seat 1: lassen22 (button) folded before Flop (didn't bet)
Seat 2: Mahu2021 (small blind) folded before Flop
Seat 3: QuakieMan (big blind) folded before Flop
Seat 4: TQANiblet collected ($0.25)
Seat 5: AlvinoD folded before Flop (didn't bet)
Seat 6: Riper3 folded before Flop (didn't bet)



PokerStars Zoom Hand #255447160595:  Hold'em No Limit ($0.05/$0.10) - 2025/03/25 17:28:43 CET [2025/03/25 12:28:43 ET]
Table 'Aludra' 6-max Seat #1 is the button
Seat 1: Pescador1202 ($10.42 in chips) 
Seat 2: YDMB ($4.95 in chips) 
Seat 3: Riper3 ($27.81 in chips) 
Seat 4: 19Slavon95 ($10 in chips) 
Seat 5: topax76 ($20.87 in chips) 
Seat 6: Mahu2021 ($14.10 in chips) 
YDMB: posts small blind $0.05
Riper3: posts big blind $0.10
*** HOLE CARDS ***
Dealt to Mahu2021 [9h Kc]
19Slavon95: folds 
topax76: folds 
Mahu2021: folds 
Pescador1202: folds 
YDMB: folds 
Uncalled bet ($0.05) returned to Riper3
Riper3 collected $0.10 from pot
Riper3: doesn't show hand 
*** SUMMARY ***
Total pot $0.10 | Rake $0 
Seat 1: Pescador1202 (button) folded before Flop (didn't bet)
Seat 2: YDMB (small blind) folded before Flop
Seat 3: Riper3 (big blind) collected ($0.10)
Seat 4: 19Slavon95 folded before Flop (didn't bet)
Seat 5: topax76 folded before Flop (didn't bet)
Seat 6: Mahu2021 folded before Flop (didn't bet)



PokerStars Zoom Hand #255447162478:  Hold'em No Limit ($0.05/$0.10) - 2025/03/25 17:28:52 CET [2025/03/25 12:28:52 ET]
Table 'Aludra' 6-max Seat #1 is the button
Seat 1: Steg674 ($12.41 in chips) 
Seat 2: Die8 ($10 in chips) 
Seat 3: QuakieMan ($11.95 in chips) 
Seat 4: Mahu2021 ($14.05 in chips) 
Seat 5: THMN30 ($10.15 in chips) 
Seat 6: Profbetting ($17.60 in chips) 
Die8: posts small blind $0.05
QuakieMan: posts big blind $0.10
*** HOLE CARDS ***
Dealt to Mahu2021 [7c Kc]
Mahu2021: folds 
THMN30: folds 
Profbetting: folds 
Steg674: folds 
Die8: raises $0.16 to $0.26
QuakieMan: calls $0.16
*** FLOP *** [Th 4d Ks]
Die8: checks 
QuakieMan: bets $0.25
Die8: folds 
Uncalled bet ($0.25) returned to QuakieMan
QuakieMan collected $0.50 from pot
QuakieMan: doesn't show hand 
*** SUMMARY ***
Total pot $0.52 | Rake $0.02 
Board [Th 4d Ks]
Seat 1: Steg674 (button) folded before Flop (didn't bet)
Seat 2: Die8 (small blind) folded on the Flop
Seat 3: QuakieMan (big blind) collected ($0.50)
Seat 4: Mahu2021 folded before Flop (didn't bet)
Seat 5: THMN30 folded before Flop (didn't bet)
Seat 6: Profbetting folded before Flop (didn't bet)



PokerStars Zoom Hand #255447161642:  Hold'em No Limit ($0.05/$0.10) - 2025/03/25 17:28:48 CET [2025/03/25 12:28:48 ET]
Table 'Aludra' 6-max Seat #1 is the button
Seat 1: YDMB ($4.90 in chips) 
Seat 2: Mahu2021 ($14.10 in chips) 
Seat 3: Pescador1202 ($10.42 in chips) 
Seat 4: QuakieMan ($11.95 in chips) 
Seat 5: Tozsy17 ($10.53 in chips) 
Seat 6: Bur1k ($5 in chips) 
Mahu2021: posts small blind $0.05
Pescador1202: posts big blind $0.10
*** HOLE CARDS ***
Dealt to Mahu2021 [7h 9c]
QuakieMan: folds 
Tozsy17: raises $0.21 to $0.31
Bur1k: raises $0.59 to $0.90
YDMB: calls $0.90
Mahu2021: folds 
Pescador1202: folds 
Tozsy17: raises $7.04 to $7.94
Bur1k: calls $4.10 and is all-in
YDMB: calls $4 and is all-in
Uncalled bet ($2.94) returned to Tozsy17
*** FLOP *** [2s 6s Tc]
*** TURN *** [2s 6s Tc] [Ah]
*** RIVER *** [2s 6s Tc Ah] [2d]
*** SHOW DOWN ***
Tozsy17: shows [Jh Jc] (two pair, Jacks and Deuces)
Bur1k: shows [Ad Kh] (two pair, Aces and Deuces)
Bur1k collected $0.19 from side pot
YDMB: shows [Qd Ks] (a pair of Deuces)
Bur1k collected $14.18 from main pot
*** SUMMARY ***
Total pot $15.05 Main pot $14.18. Side pot $0.19. | Rake $0.68 
Board [2s 6s Tc Ah 2d]
Seat 1: YDMB (button) showed [Qd Ks] and lost with a pair of Deuces
Seat 2: Mahu2021 (small blind) folded before Flop
Seat 3: Pescador1202 (big blind) folded before Flop
Seat 4: QuakieMan folded before Flop (didn't bet)
Seat 5: Tozsy17 showed [Jh Jc] and lost with two pair, Jacks and Deuces
Seat 6: Bur1k showed [Ad Kh] and won ($14.37) with two pair, Aces and Deuces



PokerStars Zoom Hand #255447164111:  Hold'em No Limit ($0.05/$0.10) - 2025/03/25 17:29:00 CET [2025/03/25 12:29:00 ET]
Table 'Aludra' 6-max Seat #1 is the button
Seat 1: topax76 ($20.77 in chips) 
Seat 2: Pescador1202 ($10.32 in chips) 
Seat 3: lassen22 ($3.56 in chips) 
Seat 4: baikout112 ($4.51 in chips) 
Seat 5: Mahu2021 ($14.05 in chips) 
Seat 6: Cosimo1870 ($4.87 in chips) 
Pescador1202: posts small blind $0.05
lassen22: posts big blind $0.10
*** HOLE CARDS ***
Dealt to Mahu2021 [Ad 4d]
baikout112: folds 
Mahu2021: raises $0.20 to $0.30
Cosimo1870: calls $0.30
topax76: folds 
Pescador1202: folds 
lassen22: calls $0.20
*** FLOP *** [Kc Qc 7s]
lassen22: checks 
Mahu2021: checks 
Cosimo1870: bets $0.46
lassen22: folds 
Mahu2021: folds 
Uncalled bet ($0.46) returned to Cosimo1870
Cosimo1870 collected $0.91 from pot
Cosimo1870: doesn't show hand 
*** SUMMARY ***
Total pot $0.95 | Rake $0.04 
Board [Kc Qc 7s]
Seat 1: topax76 (button) folded before Flop (didn't bet)
Seat 2: Pescador1202 (small blind) folded before Flop
Seat 3: lassen22 (big blind) folded on the Flop
Seat 4: baikout112 folded before Flop (didn't bet)
Seat 5: Mahu2021 folded on the Flop
Seat 6: Cosimo1870 collected ($0.91)



PokerStars Zoom Hand #255447170246:  Hold'em No Limit ($0.05/$0.10) - 2025/03/25 17:29:30 CET [2025/03/25 12:29:30 ET]
Table 'Aludra' 6-max Seat #1 is the button
Seat 1: Thiguin9 ($10 in chips) 
Seat 2: ultimateyo ($5.97 in chips) 
Seat 3: Mahu2021 ($13.75 in chips) 
Seat 4: AlvinoD ($12.77 in chips) 
Seat 5: thebuilder86 ($18.26 in chips) 
Seat 6: QuakieMan ($12.19 in chips) 
ultimateyo: posts small blind $0.05
Mahu2021: posts big blind $0.10
*** HOLE CARDS ***
Dealt to Mahu2021 [Ad Qc]
AlvinoD: folds 
thebuilder86: folds 
QuakieMan: folds 
Thiguin9: folds 
ultimateyo: raises $0.10 to $0.20
Mahu2021: raises $0.90 to $1.10
ultimateyo: folds 
Uncalled bet ($0.90) returned to Mahu2021
Mahu2021 collected $0.40 from pot
Mahu2021: doesn't show hand 
*** SUMMARY ***
Total pot $0.40 | Rake $0 
Seat 1: Thiguin9 (button) folded before Flop (didn't bet)
Seat 2: ultimateyo (small blind) folded before Flop
Seat 3: Mahu2021 (big blind) collected ($0.40)
Seat 4: AlvinoD folded before Flop (didn't bet)
Seat 5: thebuilder86 folded before Flop (didn't bet)
Seat 6: QuakieMan folded before Flop (didn't bet)



PokerStars Zoom Hand #255447174790:  Hold'em No Limit ($0.05/$0.10) - 2025/03/25 17:29:52 CET [2025/03/25 12:29:52 ET]
Table 'Aludra' 6-max Seat #1 is the button
Seat 1: pokersenis ($11.13 in chips) 
Seat 2: Frankenjura ($10 in chips) 
Seat 3: liebhabär ($10 in chips) 
Seat 4: L.K.A.LUC ($9.68 in chips) 
Seat 5: Mahu2021 ($13.95 in chips) 
Seat 6: kaitekiz ($10 in chips) 
Frankenjura: posts small blind $0.05
liebhabär: posts big blind $0.10
*** HOLE CARDS ***
Dealt to Mahu2021 [7c 2h]
L.K.A.LUC: folds 
Mahu2021: folds 
kaitekiz: raises $0.13 to $0.23
pokersenis: folds 
Frankenjura: folds 
liebhabär: folds 
Uncalled bet ($0.13) returned to kaitekiz
kaitekiz collected $0.25 from pot
kaitekiz: doesn't show hand 
*** SUMMARY ***
Total pot $0.25 | Rake $0 
Seat 1: pokersenis (button) folded before Flop (didn't bet)
Seat 2: Frankenjura (small blind) folded before Flop
Seat 3: liebhabär (big blind) folded before Flop
Seat 4: L.K.A.LUC folded before Flop (didn't bet)
Seat 5: Mahu2021 folded before Flop (didn't bet)
Seat 6: kaitekiz collected ($0.25)



PokerStars Zoom Hand #255447169436:  Hold'em No Limit ($0.05/$0.10) - 2025/03/25 17:29:26 CET [2025/03/25 12:29:26 ET]
Table 'Aludra' 6-max Seat #1 is the button
Seat 1: Mahu2021 ($13.75 in chips) 
Seat 2: Tinchoolp768 ($10.30 in chips) 
Seat 3: PovilasX ($10.28 in chips) 
Seat 4: Frankenjura ($10.02 in chips) 
Seat 5: chuckboutch ($2.11 in chips) 
Seat 6: banterfull ($5.42 in chips) 
Tinchoolp768: posts small blind $0.05
PovilasX: posts big blind $0.10
*** HOLE CARDS ***
Dealt to Mahu2021 [3d 5s]
Frankenjura: folds 
chuckboutch: calls $0.10
banterfull: calls $0.10
Mahu2021: folds 
Tinchoolp768: calls $0.05
PovilasX: checks 
*** FLOP *** [5d Ts Js]
Tinchoolp768: checks 
PovilasX: bets $0.20
chuckboutch: calls $0.20
banterfull: folds 
Tinchoolp768: folds 
*** TURN *** [5d Ts Js] [8s]
PovilasX: checks 
chuckboutch: bets $0.40
PovilasX: folds 
Uncalled bet ($0.40) returned to chuckboutch
chuckboutch collected $0.76 from pot
chuckboutch: doesn't show hand 
*** SUMMARY ***
Total pot $0.80 | Rake $0.04 
Board [5d Ts Js 8s]
Seat 1: Mahu2021 (button) folded before Flop (didn't bet)
Seat 2: Tinchoolp768 (small blind) folded on the Flop
Seat 3: PovilasX (big blind) folded on the Turn
Seat 4: Frankenjura folded before Flop (didn't bet)
Seat 5: chuckboutch collected ($0.76)
Seat 6: banterfull folded on the Flop



PokerStars Zoom Hand #255447173534:  Hold'em No Limit ($0.05/$0.10) - 2025/03/25 17:29:47 CET [2025/03/25 12:29:47 ET]
Table 'Aludra' 6-max Seat #1 is the button
Seat 1: Smdpair77 ($12.33 in chips) 
Seat 2: Die8 ($15.40 in chips) 
Seat 3: TQANiblet ($20.16 in chips) 
Seat 4: tecnesiano ($8.53 in chips) 
Seat 5: QuakieMan ($12.14 in chips) 
Seat 6: Mahu2021 ($13.95 in chips) 
Die8: posts small blind $0.05
TQANiblet: posts big blind $0.10
*** HOLE CARDS ***
Dealt to Mahu2021 [6h Qc]
tecnesiano: raises $0.20 to $0.30
QuakieMan: folds 
Mahu2021: folds 
Smdpair77: folds 
Die8: folds 
TQANiblet: calls $0.20
*** FLOP *** [Ts 3c 7d]
TQANiblet: checks 
tecnesiano: bets $0.31
TQANiblet: calls $0.31
*** TURN *** [Ts 3c 7d] [7s]
TQANiblet: checks 
tecnesiano: bets $0.80
TQANiblet: folds 
Uncalled bet ($0.80) returned to tecnesiano
tecnesiano collected $1.21 from pot
tecnesiano: doesn't show hand 
*** SUMMARY ***
Total pot $1.27 | Rake $0.06 
Board [Ts 3c 7d 7s]
Seat 1: Smdpair77 (button) folded before Flop (didn't bet)
Seat 2: Die8 (small blind) folded before Flop
Seat 3: TQANiblet (big blind) folded on the Turn
Seat 4: tecnesiano collected ($1.21)
Seat 5: QuakieMan folded before Flop (didn't bet)
Seat 6: Mahu2021 folded before Flop (didn't bet)



PokerStars Zoom Hand #255447186838:  Hold'em No Limit ($0.05/$0.10) - 2025/03/25 17:30:49 CET [2025/03/25 12:30:49 ET]
Table 'Aludra' 6-max Seat #1 is the button
Seat 1: E2AS ($7.83 in chips) 
Seat 2: shj13 ($10.63 in chips) 
Seat 3: Chun221 ($23.53 in chips) 
Seat 4: Mahu2021 ($13.56 in chips) 
Seat 5: thebuilder86 ($16.13 in chips) 
Seat 6: topax76 ($20.89 in chips) 
shj13: posts small blind $0.05
Chun221: posts big blind $0.10
*** HOLE CARDS ***
Dealt to Mahu2021 [Jd 5h]
Mahu2021: folds 
thebuilder86: folds 
topax76: folds 
E2AS: folds 
shj13: folds 
Uncalled bet ($0.05) returned to Chun221
Chun221 collected $0.10 from pot
Chun221: doesn't show hand 
*** SUMMARY ***
Total pot $0.10 | Rake $0 
Seat 1: E2AS (button) folded before Flop (didn't bet)
Seat 2: shj13 (small blind) folded before Flop
Seat 3: Chun221 (big blind) collected ($0.10)
Seat 4: Mahu2021 folded before Flop (didn't bet)
Seat 5: thebuilder86 folded before Flop (didn't bet)
Seat 6: topax76 folded before Flop (didn't bet)



PokerStars Zoom Hand #255447180944:  Hold'em No Limit ($0.05/$0.10) - 2025/03/25 17:30:21 CET [2025/03/25 12:30:21 ET]
Table 'Aludra' 6-max Seat #1 is the button
Seat 1: Tozsy17 ($12.90 in chips) 
Seat 2: Mahu2021 ($13.71 in chips) 
Seat 3: Danielitoosk ($13.19 in chips) 
Seat 4: rk_ito7 ($13.04 in chips) 
Seat 5: Frankenjura ($10 in chips) 
Seat 6: liebhabär ($20.06 in chips) 
Mahu2021: posts small blind $0.05
Danielitoosk: posts big blind $0.10
*** HOLE CARDS ***
Dealt to Mahu2021 [6s 2c]
rk_ito7: folds 
Frankenjura: raises $0.13 to $0.23
liebhabär: folds 
Tozsy17: folds 
Mahu2021: folds 
Danielitoosk: raises $0.87 to $1.10
Frankenjura: folds 
Uncalled bet ($0.87) returned to Danielitoosk
Danielitoosk collected $0.51 from pot
Danielitoosk: doesn't show hand 
*** SUMMARY ***
Total pot $0.51 | Rake $0 
Seat 1: Tozsy17 (button) folded before Flop (didn't bet)
Seat 2: Mahu2021 (small blind) folded before Flop
Seat 3: Danielitoosk (big blind) collected ($0.51)
Seat 4: rk_ito7 folded before Flop (didn't bet)
Seat 5: Frankenjura folded before Flop
Seat 6: liebhabär folded before Flop (didn't bet)



PokerStars Zoom Hand #255447181822:  Hold'em No Limit ($0.05/$0.10) - 2025/03/25 17:30:26 CET [2025/03/25 12:30:26 ET]
Table 'Aludra' 6-max Seat #1 is the button
Seat 1: Trepz6233 ($7.05 in chips) 
Seat 2: lassen22 ($3.11 in chips) 
Seat 3: Mahu2021 ($13.66 in chips) 
Seat 4: ultimateyo ($6.16 in chips) 
Seat 5: Bur1k ($5.33 in chips) 
Seat 6: topax76 ($29.21 in chips) 
lassen22: posts small blind $0.05
Mahu2021: posts big blind $0.10
*** HOLE CARDS ***
Dealt to Mahu2021 [As 9d]
ultimateyo: raises $0.14 to $0.24
Bur1k: folds 
topax76: folds 
Trepz6233: calls $0.24
lassen22: folds 
Mahu2021: folds 
*** FLOP *** [5s 3d 5h]
ultimateyo: bets $0.24
Trepz6233: calls $0.24
*** TURN *** [5s 3d 5h] [9s]
ultimateyo: bets $0.54
Trepz6233: calls $0.54
*** RIVER *** [5s 3d 5h 9s] [7h]
ultimateyo: checks 
Trepz6233: bets $3
ultimateyo: calls $3
*** SHOW DOWN ***
Trepz6233: shows [Ts Kc] (a pair of Fives)
ultimateyo: shows [Jc Jd] (two pair, Jacks and Fives)
ultimateyo collected $7.82 from pot
*** SUMMARY ***
Total pot $8.19 | Rake $0.37 
Board [5s 3d 5h 9s 7h]
Seat 1: Trepz6233 (button) showed [Ts Kc] and lost with a pair of Fives
Seat 2: lassen22 (small blind) folded before Flop
Seat 3: Mahu2021 (big blind) folded before Flop
Seat 4: ultimateyo showed [Jc Jd] and won ($7.82) with two pair, Jacks and Fives
Seat 5: Bur1k folded before Flop (didn't bet)
Seat 6: topax76 folded before Flop (didn't bet)



PokerStars Zoom Hand #255447185784:  Hold'em No Limit ($0.05/$0.10) - 2025/03/25 17:30:45 CET [2025/03/25 12:30:45 ET]
Table 'Aludra' 6-max Seat #1 is the button
Seat 1: Danielitoosk ($15.08 in chips) 
Seat 2: danilo1411 ($6.62 in chips) 
Seat 3: liebhabär ($20.06 in chips) 
Seat 4: QuakieMan ($11.64 in chips) 
Seat 5: Mahu2021 ($13.56 in chips) 
Seat 6: Chun221 ($23.53 in chips) 
danilo1411: posts small blind $0.05
liebhabär: posts big blind $0.10
*** HOLE CARDS ***
Dealt to Mahu2021 [7d Qd]
QuakieMan: folds 
Mahu2021: folds 
Chun221: folds 
Danielitoosk: raises $0.15 to $0.25
danilo1411: calls $0.20
liebhabär: calls $0.15
*** FLOP *** [7c 4d 3s]
danilo1411: checks 
liebhabär: bets $0.18
Danielitoosk: raises $0.54 to $0.72
danilo1411: folds 
liebhabär: folds 
Uncalled bet ($0.54) returned to Danielitoosk
Danielitoosk collected $1.06 from pot
Danielitoosk: doesn't show hand 
*** SUMMARY ***
Total pot $1.11 | Rake $0.05 
Board [7c 4d 3s]
Seat 1: Danielitoosk (button) collected ($1.06)
Seat 2: danilo1411 (small blind) folded on the Flop
Seat 3: liebhabär (big blind) folded on the Flop
Seat 4: QuakieMan folded before Flop (didn't bet)
Seat 5: Mahu2021 folded before Flop (didn't bet)
Seat 6: Chun221 folded before Flop (didn't bet)



PokerStars Zoom Hand #255447176042:  Hold'em No Limit ($0.05/$0.10) - 2025/03/25 17:29:57 CET [2025/03/25 12:29:57 ET]
Table 'Aludra' 6-max Seat #1 is the button
Seat 1: looser00091 ($15.89 in chips) 
Seat 2: raiko43 ($11.34 in chips) 
Seat 3: thebuilder86 ($27.78 in chips) 
Seat 4: Mahu2021 ($13.95 in chips) 
Seat 5: L.K.A.LUC ($9.68 in chips) 
Seat 6: Pescador1202 ($10.08 in chips) 
raiko43: posts small blind $0.05
thebuilder86: posts big blind $0.10
*** HOLE CARDS ***
Dealt to Mahu2021 [7h 6h]
Mahu2021: raises $0.14 to $0.24
L.K.A.LUC: folds 
Pescador1202: folds 
looser00091: raises $0.56 to $0.80
raiko43: calls $0.75
thebuilder86: folds 
Mahu2021: folds 
*** FLOP *** [Ts Td 8h]
raiko43: checks 
looser00091: bets $0.56
raiko43: raises $0.74 to $1.30
looser00091: calls $0.74
*** TURN *** [Ts Td 8h] [4h]
raiko43: checks 
looser00091: checks 
*** RIVER *** [Ts Td 8h 4h] [Kh]
raiko43: checks 
looser00091: checks 
*** SHOW DOWN ***
raiko43: shows [Qd Qh] (two pair, Queens and Tens)
looser00091: mucks hand 
raiko43 collected $4.34 from pot
*** SUMMARY ***
Total pot $4.54 | Rake $0.20 
Board [Ts Td 8h 4h Kh]
Seat 1: looser00091 (button) mucked [Jc Jh]
Seat 2: raiko43 (small blind) showed [Qd Qh] and won ($4.34) with two pair, Queens and Tens
Seat 3: thebuilder86 (big blind) folded before Flop
Seat 4: Mahu2021 folded before Flop
Seat 5: L.K.A.LUC folded before Flop (didn't bet)
Seat 6: Pescador1202 folded before Flop (didn't bet)



PokerStars Zoom Hand #255447188087:  Hold'em No Limit ($0.05/$0.10) - 2025/03/25 17:30:56 CET [2025/03/25 12:30:56 ET]
Table 'Aludra' 6-max Seat #1 is the button
Seat 1: 0zym4nd14s ($11.77 in chips) 
Seat 2: Die8 ($10.40 in chips) 
Seat 3: eNeeo ($9.29 in chips) 
Seat 4: Mahu2021 ($13.56 in chips) 
Seat 5: Pescador1202 ($10.48 in chips) 
Seat 6: citizen6e ($11.69 in chips) 
Die8: posts small blind $0.05
eNeeo: posts big blind $0.10
*** HOLE CARDS ***
Dealt to Mahu2021 [6h 3d]
Mahu2021: folds 
Pescador1202: folds 
citizen6e: folds 
0zym4nd14s: raises $0.15 to $0.25
Die8: raises $0.77 to $1.02
eNeeo: folds 
0zym4nd14s: folds 
Uncalled bet ($0.77) returned to Die8
Die8 collected $0.60 from pot
Die8: doesn't show hand 
*** SUMMARY ***
Total pot $0.60 | Rake $0 
Seat 1: 0zym4nd14s (button) folded before Flop
Seat 2: Die8 (small blind) collected ($0.60)
Seat 3: eNeeo (big blind) folded before Flop
Seat 4: Mahu2021 folded before Flop (didn't bet)
Seat 5: Pescador1202 folded before Flop (didn't bet)
Seat 6: citizen6e folded before Flop (didn't bet)



PokerStars Zoom Hand #255447188932:  Hold'em No Limit ($0.05/$0.10) - 2025/03/25 17:31:00 CET [2025/03/25 12:31:00 ET]
Table 'Aludra' 6-max Seat #1 is the button
Seat 1: kaitekiz ($18.77 in chips) 
Seat 2: pelao15 ($12.29 in chips) 
Seat 3: Mahu2021 ($13.56 in chips) 
Seat 4: topax76 ($29.21 in chips) 
Seat 5: Smdpair77 ($12.28 in chips) 
Seat 6: 19Slavon95 ($10 in chips) 
pelao15: posts small blind $0.05
Mahu2021: posts big blind $0.10
*** HOLE CARDS ***
Dealt to Mahu2021 [Td 9d]
topax76: folds 
Smdpair77: folds 
19Slavon95: folds 
kaitekiz: raises $0.15 to $0.25
pelao15: folds 
Mahu2021: calls $0.15
*** FLOP *** [6d 9h 4d]
Mahu2021: checks 
kaitekiz: checks 
*** TURN *** [6d 9h 4d] [Th]
Mahu2021: bets $0.53
kaitekiz: calls $0.53
*** RIVER *** [6d 9h 4d Th] [4c]
Mahu2021: bets $1.54
kaitekiz: calls $1.54
*** SHOW DOWN ***
Mahu2021: shows [Td 9d] (two pair, Tens and Nines)
kaitekiz: mucks hand 
Mahu2021 collected $4.48 from pot
*** SUMMARY ***
Total pot $4.69 | Rake $0.21 
Board [6d 9h 4d Th 4c]
Seat 1: kaitekiz (button) mucked [Jc Tc]
Seat 2: pelao15 (small blind) folded before Flop
Seat 3: Mahu2021 (big blind) showed [Td 9d] and won ($4.48) with two pair, Tens and Nines
Seat 4: topax76 folded before Flop (didn't bet)
Seat 5: Smdpair77 folded before Flop (didn't bet)
Seat 6: 19Slavon95 folded before Flop (didn't bet)



PokerStars Zoom Hand #255447184926:  Hold'em No Limit ($0.05/$0.10) - 2025/03/25 17:30:41 CET [2025/03/25 12:30:41 ET]
Table 'Aludra' 6-max Seat #1 is the button
Seat 1: Mahu2021 ($13.56 in chips) 
Seat 2: dalson5000 ($4.07 in chips) 
Seat 3: AllMenMstSrv ($11.25 in chips) 
Seat 4: kingsman5454 ($10 in chips) 
Seat 5: shanks4ever ($6.20 in chips) 
Seat 6: Tozsy17 ($10 in chips) 
dalson5000: posts small blind $0.05
AllMenMstSrv: posts big blind $0.10
*** HOLE CARDS ***
Dealt to Mahu2021 [9d 8c]
kingsman5454: folds 
shanks4ever: folds 
Tozsy17: folds 
Mahu2021: folds 
dalson5000: raises $0.10 to $0.20
AllMenMstSrv: calls $0.10
*** FLOP *** [Qd 5c Qs]
dalson5000: checks 
AllMenMstSrv: checks 
*** TURN *** [Qd 5c Qs] [7s]
dalson5000: bets $0.20
AllMenMstSrv: calls $0.20
*** RIVER *** [Qd 5c Qs 7s] [Jh]
dalson5000: bets $0.38
AllMenMstSrv: raises $0.38 to $0.76
dalson5000: folds 
Uncalled bet ($0.38) returned to AllMenMstSrv
AllMenMstSrv collected $1.49 from pot
AllMenMstSrv: doesn't show hand 
*** SUMMARY ***
Total pot $1.56 | Rake $0.07 
Board [Qd 5c Qs 7s Jh]
Seat 1: Mahu2021 (button) folded before Flop (didn't bet)
Seat 2: dalson5000 (small blind) folded on the River
Seat 3: AllMenMstSrv (big blind) collected ($1.49)
Seat 4: kingsman5454 folded before Flop (didn't bet)
Seat 5: shanks4ever folded before Flop (didn't bet)
Seat 6: Tozsy17 folded before Flop (didn't bet)



PokerStars Zoom Hand #255447199795:  Hold'em No Limit ($0.05/$0.10) - 2025/03/25 17:31:52 CET [2025/03/25 12:31:52 ET]
Table 'Aludra' 6-max Seat #1 is the button
Seat 1: Danielitoosk ($49 in chips) 
Seat 2: edi758 ($4.80 in chips) 
Seat 3: Frankenjura ($10 in chips) 
Seat 4: QuakieMan ($20.92 in chips) 
Seat 5: Mahu2021 ($15.67 in chips) 
Seat 6: Bur1k ($5.18 in chips) 
edi758: posts small blind $0.05
Frankenjura: posts big blind $0.10
*** HOLE CARDS ***
Dealt to Mahu2021 [Kd 6s]
QuakieMan: folds 
Mahu2021: folds 
Bur1k: folds 
Danielitoosk: raises $0.15 to $0.25
edi758: folds 
Frankenjura: folds 
Uncalled bet ($0.15) returned to Danielitoosk
Danielitoosk collected $0.25 from pot
Danielitoosk: doesn't show hand 
*** SUMMARY ***
Total pot $0.25 | Rake $0 
Seat 1: Danielitoosk (button) collected ($0.25)
Seat 2: edi758 (small blind) folded before Flop
Seat 3: Frankenjura (big blind) folded before Flop
Seat 4: QuakieMan folded before Flop (didn't bet)
Seat 5: Mahu2021 folded before Flop (didn't bet)
Seat 6: Bur1k folded before Flop (didn't bet)



PokerStars Zoom Hand #255447201710:  Hold'em No Limit ($0.05/$0.10) - 2025/03/25 17:32:01 CET [2025/03/25 12:32:01 ET]
Table 'Aludra' 6-max Seat #1 is the button
Seat 1: denis4250 ($9.31 in chips) 
Seat 2: Mahu2021 ($15.67 in chips) 
Seat 3: QuakieMan ($11.64 in chips) 
Seat 4: Thiguin9 ($10.19 in chips) 
Seat 5: raiko43 ($14.53 in chips) 
Seat 6: edi758 ($4.75 in chips) 
Mahu2021: posts small blind $0.05
QuakieMan: posts big blind $0.10
*** HOLE CARDS ***
Dealt to Mahu2021 [6c As]
Thiguin9: folds 
raiko43: folds 
edi758: folds 
denis4250: folds 
Mahu2021: folds 
Uncalled bet ($0.05) returned to QuakieMan
QuakieMan collected $0.10 from pot
QuakieMan: doesn't show hand 
*** SUMMARY ***
Total pot $0.10 | Rake $0 
Seat 1: denis4250 (button) folded before Flop (didn't bet)
Seat 2: Mahu2021 (small blind) folded before Flop
Seat 3: QuakieMan (big blind) collected ($0.10)
Seat 4: Thiguin9 folded before Flop (didn't bet)
Seat 5: raiko43 folded before Flop (didn't bet)
Seat 6: edi758 folded before Flop (didn't bet)



PokerStars Zoom Hand #255447183665:  Hold'em No Limit ($0.05/$0.10) - 2025/03/25 17:30:34 CET [2025/03/25 12:30:34 ET]
Table 'Aludra' 6-max Seat #1 is the button
Seat 1: L.K.A.LUC ($9.96 in chips) 
Seat 2: AllMenMstSrv ($10.31 in chips) 
Seat 3: Bur1k ($5.33 in chips) 
Seat 4: dmaap1 ($21.94 in chips) 
Seat 5: pelao15 ($12.29 in chips) 
Seat 6: Mahu2021 ($13.56 in chips) 
AllMenMstSrv: posts small blind $0.05
Bur1k: posts big blind $0.10
*** HOLE CARDS ***
Dealt to Mahu2021 [2s 5h]
dmaap1: raises $0.10 to $0.20
pelao15: folds 
Mahu2021: folds 
L.K.A.LUC: calls $0.20
AllMenMstSrv: calls $0.15
Bur1k: folds 
*** FLOP *** [8s Ts 9h]
AllMenMstSrv: checks 
dmaap1: bets $0.34
L.K.A.LUC: raises $0.68 to $1.02
AllMenMstSrv: raises $2.29 to $3.31
dmaap1: calls $2.97
L.K.A.LUC: raises $6.45 to $9.76 and is all-in
AllMenMstSrv: raises $0.35 to $10.11 and is all-in
dmaap1: calls $6.80
*** TURN *** [8s Ts 9h] [Kh]
*** RIVER *** [8s Ts 9h Kh] [8d]
*** SHOW DOWN ***
AllMenMstSrv: shows [6d 7d] (a straight, Six to Ten)
dmaap1: shows [Qs Js] (a straight, Nine to King)
dmaap1 collected $0.67 from side pot
L.K.A.LUC: shows [Qc Jd] (a straight, Nine to King)
dmaap1 collected $14.32 from main pot
L.K.A.LUC cashed out the hand for $8.69 | Cash Out Fee $0.18
*** SUMMARY ***
Total pot $30.68 Main pot $28.63. Side pot $0.67. | Rake $1.38 
Board [8s Ts 9h Kh 8d]
Seat 1: L.K.A.LUC (button) showed [Qc Jd] and won ($14.31) with a straight, Nine to King (pot not awarded as player cashed out)
Seat 2: AllMenMstSrv (small blind) showed [6d 7d] and lost with a straight, Six to Ten
Seat 3: Bur1k (big blind) folded before Flop
Seat 4: dmaap1 showed [Qs Js] and won ($14.99) with a straight, Nine to King
Seat 5: pelao15 folded before Flop (didn't bet)
Seat 6: Mahu2021 folded before Flop (didn't bet)



PokerStars Zoom Hand #255447203871:  Hold'em No Limit ($0.05/$0.10) - 2025/03/25 17:32:11 CET [2025/03/25 12:32:11 ET]
Table 'Aludra' 6-max Seat #1 is the button
Seat 1: citizen6e ($10 in chips) 
Seat 2: thebuilder86 ($16.40 in chips) 
Seat 3: kingsman5454 ($10.10 in chips) 
Seat 4: Frankenjura ($10 in chips) 
Seat 5: liebhabär ($12.63 in chips) 
Seat 6: Mahu2021 ($15.62 in chips) 
thebuilder86: posts small blind $0.05
kingsman5454: posts big blind $0.10
*** HOLE CARDS ***
Dealt to Mahu2021 [Ac 8c]
Frankenjura: folds 
liebhabär: folds 
Mahu2021: raises $0.20 to $0.30
citizen6e: folds 
thebuilder86: folds 
kingsman5454: folds 
Uncalled bet ($0.20) returned to Mahu2021
Mahu2021 collected $0.25 from pot
Mahu2021: doesn't show hand 
*** SUMMARY ***
Total pot $0.25 | Rake $0 
Seat 1: citizen6e (button) folded before Flop (didn't bet)
Seat 2: thebuilder86 (small blind) folded before Flop
Seat 3: kingsman5454 (big blind) folded before Flop
Seat 4: Frankenjura folded before Flop (didn't bet)
Seat 5: liebhabär folded before Flop (didn't bet)
Seat 6: Mahu2021 collected ($0.25)



PokerStars Zoom Hand #255447206818:  Hold'em No Limit ($0.05/$0.10) - 2025/03/25 17:32:25 CET [2025/03/25 12:32:25 ET]
Table 'Aludra' 6-max Seat #1 is the button
Seat 1: Thiguin9 ($10.67 in chips) 
Seat 2: kingsman5454 ($10 in chips) 
Seat 3: Mahu2021 ($15.77 in chips) 
Seat 4: Die8 ($15.64 in chips) 
Seat 5: edi758 ($4.75 in chips) 
Seat 6: ultimateyo ($9.91 in chips) 
kingsman5454: posts small blind $0.05
Mahu2021: posts big blind $0.10
*** HOLE CARDS ***
Dealt to Mahu2021 [7c 6s]
Die8: folds 
edi758: folds 
ultimateyo: folds 
Thiguin9: folds 
kingsman5454: folds 
Uncalled bet ($0.05) returned to Mahu2021
Mahu2021 collected $0.10 from pot
Mahu2021: doesn't show hand 
*** SUMMARY ***
Total pot $0.10 | Rake $0 
Seat 1: Thiguin9 (button) folded before Flop (didn't bet)
Seat 2: kingsman5454 (small blind) folded before Flop
Seat 3: Mahu2021 (big blind) collected ($0.10)
Seat 4: Die8 folded before Flop (didn't bet)
Seat 5: edi758 folded before Flop (didn't bet)
Seat 6: ultimateyo folded before Flop (didn't bet)



PokerStars Zoom Hand #255447197472:  Hold'em No Limit ($0.05/$0.10) - 2025/03/25 17:31:41 CET [2025/03/25 12:31:41 ET]
Table 'Aludra' 6-max Seat #1 is the button
Seat 1: Die8 ($15.54 in chips) 
Seat 2: Mahu2021 ($15.72 in chips) 
Seat 3: Tozsy17 ($10.23 in chips) 
Seat 4: zzz7zzz7zzz ($3.71 in chips) 
Seat 5: saljam23 ($16.04 in chips) 
Seat 6: kaitekiz ($16.45 in chips) 
Mahu2021: posts small blind $0.05
Tozsy17: posts big blind $0.10
*** HOLE CARDS ***
Dealt to Mahu2021 [7s Ad]
zzz7zzz7zzz: folds 
saljam23: folds 
kaitekiz: raises $0.13 to $0.23
Die8: folds 
Mahu2021: folds 
Tozsy17: calls $0.13
*** FLOP *** [5c Ts 7d]
Tozsy17: checks 
kaitekiz: checks 
*** TURN *** [5c Ts 7d] [Qc]
Tozsy17: checks 
kaitekiz: bets $0.61
Tozsy17: folds 
Uncalled bet ($0.61) returned to kaitekiz
kaitekiz collected $0.49 from pot
kaitekiz: doesn't show hand 
*** SUMMARY ***
Total pot $0.51 | Rake $0.02 
Board [5c Ts 7d Qc]
Seat 1: Die8 (button) folded before Flop (didn't bet)
Seat 2: Mahu2021 (small blind) folded before Flop
Seat 3: Tozsy17 (big blind) folded on the Turn
Seat 4: zzz7zzz7zzz folded before Flop (didn't bet)
Seat 5: saljam23 folded before Flop (didn't bet)
Seat 6: kaitekiz collected ($0.49)



PokerStars Zoom Hand #255447200841:  Hold'em No Limit ($0.05/$0.10) - 2025/03/25 17:31:57 CET [2025/03/25 12:31:57 ET]
Table 'Aludra' 6-max Seat #1 is the button
Seat 1: Mahu2021 ($15.67 in chips) 
Seat 2: yeojiha24 ($10.25 in chips) 
Seat 3: 0zym4nd14s ($11.47 in chips) 
Seat 4: Steg674 ($10.82 in chips) 
Seat 5: Tozsy17 ($10.36 in chips) 
Seat 6: 19Slavon95 ($10 in chips) 
yeojiha24: posts small blind $0.05
0zym4nd14s: posts big blind $0.10
*** HOLE CARDS ***
Dealt to Mahu2021 [8h 5d]
Steg674: folds 
Tozsy17: folds 
19Slavon95: raises $0.15 to $0.25
Mahu2021: folds 
yeojiha24: raises $0.95 to $1.20
0zym4nd14s: folds 
19Slavon95: calls $0.95
*** FLOP *** [Jc Td 8s]
yeojiha24: checks 
19Slavon95: bets $0.79
yeojiha24: calls $0.79
*** TURN *** [Jc Td 8s] [Ks]
yeojiha24: checks 
19Slavon95: bets $1.29
yeojiha24: calls $1.29
*** RIVER *** [Jc Td 8s Ks] [Js]
yeojiha24: checks 
19Slavon95: checks 
*** SHOW DOWN ***
yeojiha24: shows [Jh Kc] (a full house, Jacks full of Kings)
19Slavon95: mucks hand 
yeojiha24 collected $6.36 from pot
*** SUMMARY ***
Total pot $6.66 | Rake $0.30 
Board [Jc Td 8s Ks Js]
Seat 1: Mahu2021 (button) folded before Flop (didn't bet)
Seat 2: yeojiha24 (small blind) showed [Jh Kc] and won ($6.36) with a full house, Jacks full of Kings
Seat 3: 0zym4nd14s (big blind) folded before Flop
Seat 4: Steg674 folded before Flop (didn't bet)
Seat 5: Tozsy17 folded before Flop (didn't bet)
Seat 6: 19Slavon95 mucked [Ah Qh]



PokerStars Zoom Hand #255447210005:  Hold'em No Limit ($0.05/$0.10) - 2025/03/25 17:32:40 CET [2025/03/25 12:32:40 ET]
Table 'Aludra' 6-max Seat #1 is the button
Seat 1: rk_ito7 ($26.79 in chips) 
Seat 2: chuckboutch ($1.16 in chips) 
Seat 3: THMN30 ($19.21 in chips) 
Seat 4: Thiguin9 ($10.67 in chips) 
Seat 5: yeojiha24 ($10 in chips) 
Seat 6: Mahu2021 ($15.82 in chips) 
chuckboutch: posts small blind $0.05
THMN30: posts big blind $0.10
*** HOLE CARDS ***
Dealt to Mahu2021 [Ac Kh]
Thiguin9: raises $0.15 to $0.25
yeojiha24: folds 
Mahu2021: calls $0.25
rk_ito7: folds 
chuckboutch: folds 
THMN30: folds 
*** FLOP *** [Ts 4s 3s]
Thiguin9: checks 
Mahu2021: bets $0.62
Thiguin9: calls $0.62
*** TURN *** [Ts 4s 3s] [Td]
Thiguin9: checks 
Mahu2021: checks 
*** RIVER *** [Ts 4s 3s Td] [5d]
Thiguin9: checks 
Mahu2021: checks 
*** SHOW DOWN ***
Thiguin9: shows [Jh Js] (two pair, Jacks and Tens)
Mahu2021: mucks hand 
Thiguin9 collected $1.80 from pot
*** SUMMARY ***
Total pot $1.89 | Rake $0.09 
Board [Ts 4s 3s Td 5d]
Seat 1: rk_ito7 (button) folded before Flop (didn't bet)
Seat 2: chuckboutch (small blind) folded before Flop
Seat 3: THMN30 (big blind) folded before Flop
Seat 4: Thiguin9 showed [Jh Js] and won ($1.80) with two pair, Jacks and Tens
Seat 5: yeojiha24 folded before Flop (didn't bet)
Seat 6: Mahu2021 mucked [Ac Kh]



