PokerStars Zoom Hand #255827482848:  Hold'em No Limit ($0.10/$0.25) - 2025/04/21 14:14:23 CET [2025/04/21 8:14:23 ET]
Table 'Hydra' 6-max Seat #1 is the button
Seat 1: DenOneM$ ($33.62 in chips) 
Seat 2: minitwomaxi ($37.10 in chips) 
Seat 3: Mahu2021 ($17.85 in chips) 
Seat 4: BISTECA213 ($25.10 in chips) 
Seat 5: KAMVEGAS ($24.25 in chips) 
Seat 6: chem558 ($31.82 in chips) 
minitwomaxi: posts small blind $0.10
Mahu2021: posts big blind $0.25
*** HOLE CARDS ***
Dealt to Mahu2021 [6s 9s]
BISTECA213: calls $0.25
KAMVEGAS: folds 
chem558: folds 
DenOneM$: calls $0.25
minitwomaxi: raises $1.20 to $1.45
Mahu2021: folds 
BISTECA213: calls $1.20
DenOneM$: folds 
*** FLOP *** [6d 6c Th]
minitwomaxi: checks 
BISTECA213: checks 
*** TURN *** [6d 6c Th] [Qc]
minitwomaxi: checks 
BISTECA213: checks 
*** RIVER *** [6d 6c Th Qc] [6h]
minitwomaxi: bets $1.15
BISTECA213: calls $1.15
*** SHOW DOWN ***
minitwomaxi: shows [Kd Ah] (three of a kind, Sixes)
BISTECA213: mucks hand 
minitwomaxi collected $5.38 from pot
*** SUMMARY ***
Total pot $5.70 | Rake $0.32 
Board [6d 6c Th Qc 6h]
Seat 1: DenOneM$ (button) folded before Flop
Seat 2: minitwomaxi (small blind) showed [Kd Ah] and won ($5.38) with three of a kind, Sixes
Seat 3: Mahu2021 (big blind) folded before Flop
Seat 4: BISTECA213 mucked [3d Ad]
Seat 5: KAMVEGAS folded before Flop (didn't bet)
Seat 6: chem558 folded before Flop (didn't bet)



PokerStars Zoom Hand #255827485200:  Hold'em No Limit ($0.10/$0.25) - 2025/04/21 14:14:40 CET [2025/04/21 8:14:40 ET]
Table 'Hydra' 6-max Seat #1 is the button
Seat 1: Bobbymcgee99 ($97.37 in chips) 
Seat 2: Mahu2021 ($17.60 in chips) 
Seat 3: redraw01 ($28.08 in chips) 
Seat 4: CkpYnYLeznbl ($139.82 in chips) 
Seat 5: Chronist77 ($31.78 in chips) 
Seat 6: Tozsy17 ($25 in chips) 
Mahu2021: posts small blind $0.10
redraw01: posts big blind $0.25
*** HOLE CARDS ***
Dealt to Mahu2021 [Ad 3d]
CkpYnYLeznbl: folds 
Chronist77: folds 
Tozsy17: raises $1.04 to $1.29
Bobbymcgee99: folds 
Mahu2021: folds 
redraw01: folds 
Uncalled bet ($1.04) returned to Tozsy17
Tozsy17 collected $0.60 from pot
Tozsy17: doesn't show hand 
*** SUMMARY ***
Total pot $0.60 | Rake $0 
Seat 1: Bobbymcgee99 (button) folded before Flop (didn't bet)
Seat 2: Mahu2021 (small blind) folded before Flop
Seat 3: redraw01 (big blind) folded before Flop
Seat 4: CkpYnYLeznbl folded before Flop (didn't bet)
Seat 5: Chronist77 folded before Flop (didn't bet)
Seat 6: Tozsy17 collected ($0.60)



PokerStars Zoom Hand #255827489366:  Hold'em No Limit ($0.10/$0.25) - 2025/04/21 14:15:11 CET [2025/04/21 8:15:11 ET]
Table 'Hydra' 6-max Seat #1 is the button
Seat 1: Mahu2021 ($17.50 in chips) 
Seat 2: KAMVEGAS ($23.07 in chips) 
Seat 3: Lucas2santo ($25.69 in chips) 
Seat 4: chem558 ($21.69 in chips) 
Seat 5: spartacus777777 ($29.71 in chips) 
Seat 6: 3PBKN ($35.35 in chips) 
KAMVEGAS: posts small blind $0.10
Lucas2santo: posts big blind $0.25
*** HOLE CARDS ***
Dealt to Mahu2021 [As Th]
chem558: raises $0.50 to $0.75
spartacus777777: folds 
3PBKN: calls $0.75
Mahu2021: folds 
KAMVEGAS: folds 
Lucas2santo: folds 
*** FLOP *** [Ks 6d Tc]
chem558: bets $0.64
3PBKN: calls $0.64
*** TURN *** [Ks 6d Tc] [8h]
chem558: bets $2.25
3PBKN: folds 
Uncalled bet ($2.25) returned to chem558
chem558 collected $2.99 from pot
chem558: doesn't show hand 
*** SUMMARY ***
Total pot $3.13 | Rake $0.14 
Board [Ks 6d Tc 8h]
Seat 1: Mahu2021 (button) folded before Flop (didn't bet)
Seat 2: KAMVEGAS (small blind) folded before Flop
Seat 3: Lucas2santo (big blind) folded before Flop
Seat 4: chem558 collected ($2.99)
Seat 5: spartacus777777 folded before Flop (didn't bet)
Seat 6: 3PBKN folded on the Turn



PokerStars Zoom Hand #255827491398:  Hold'em No Limit ($0.10/$0.25) - 2025/04/21 14:15:26 CET [2025/04/21 8:15:26 ET]
Table 'Hydra' 6-max Seat #1 is the button
Seat 1: KAMVEGAS ($22.97 in chips) 
Seat 2: Mahu2021 ($17.50 in chips) 
Seat 3: BISTECA213 ($22.40 in chips) 
Seat 4: AAKK618 ($14.86 in chips) 
Seat 5: Gto_gtfo ($31.30 in chips) 
Seat 6: CkpYnYLeznbl ($138.95 in chips) 
Mahu2021: posts small blind $0.10
BISTECA213: posts big blind $0.25
*** HOLE CARDS ***
Dealt to Mahu2021 [8c Qd]
AAKK618: folds 
Gto_gtfo: folds 
CkpYnYLeznbl: folds 
KAMVEGAS: raises $0.50 to $0.75
Mahu2021: folds 
BISTECA213: calls $0.50
*** FLOP *** [4s 9d 3h]
BISTECA213: bets $1.53
KAMVEGAS: calls $1.53
*** TURN *** [4s 9d 3h] [Qc]
BISTECA213: bets $4.45
KAMVEGAS: folds 
Uncalled bet ($4.45) returned to BISTECA213
BISTECA213 collected $4.45 from pot
BISTECA213: doesn't show hand 
*** SUMMARY ***
Total pot $4.66 | Rake $0.21 
Board [4s 9d 3h Qc]
Seat 1: KAMVEGAS (button) folded on the Turn
Seat 2: Mahu2021 (small blind) folded before Flop
Seat 3: BISTECA213 (big blind) collected ($4.45)
Seat 4: AAKK618 folded before Flop (didn't bet)
Seat 5: Gto_gtfo folded before Flop (didn't bet)
Seat 6: CkpYnYLeznbl folded before Flop (didn't bet)



PokerStars Zoom Hand #255827492361:  Hold'em No Limit ($0.10/$0.25) - 2025/04/21 14:15:33 CET [2025/04/21 8:15:33 ET]
Table 'Hydra' 6-max Seat #1 is the button
Seat 1: 3PBKN ($27.86 in chips) 
Seat 2: Gto_gtfo ($25.35 in chips) 
Seat 3: Mahu2021 ($17.40 in chips) 
Seat 4: Lucas2santo ($25.44 in chips) 
Seat 5: spartacus777777 ($31.28 in chips) 
Seat 6: bremp555 ($24.65 in chips) 
Gto_gtfo: posts small blind $0.10
Mahu2021: posts big blind $0.25
*** HOLE CARDS ***
Dealt to Mahu2021 [Qd 5d]
Lucas2santo: raises $0.25 to $0.50
spartacus777777: folds 
bremp555: folds 
3PBKN: folds 
Gto_gtfo: folds 
Mahu2021: calls $0.25
*** FLOP *** [Js 4s 4d]
Mahu2021: checks 
Lucas2santo: bets $0.26
Mahu2021: folds 
Uncalled bet ($0.26) returned to Lucas2santo
Lucas2santo collected $1.05 from pot
Lucas2santo: doesn't show hand 
*** SUMMARY ***
Total pot $1.10 | Rake $0.05 
Board [Js 4s 4d]
Seat 1: 3PBKN (button) folded before Flop (didn't bet)
Seat 2: Gto_gtfo (small blind) folded before Flop
Seat 3: Mahu2021 (big blind) folded on the Flop
Seat 4: Lucas2santo collected ($1.05)
Seat 5: spartacus777777 folded before Flop (didn't bet)
Seat 6: bremp555 folded before Flop (didn't bet)



PokerStars Zoom Hand #255827490857:  Hold'em No Limit ($0.10/$0.25) - 2025/04/21 14:15:22 CET [2025/04/21 8:15:22 ET]
Table 'Hydra' 6-max Seat #1 is the button
Seat 1: IrishSimey92 ($25 in chips) 
Seat 2: CkpYnYLeznbl ($139.05 in chips) 
Seat 3: 1VolkodavVDV ($12.46 in chips) 
Seat 4: Gto_gtfo ($31.30 in chips) 
Seat 5: Lucas2santo ($25.44 in chips) 
Seat 6: Mahu2021 ($17.50 in chips) 
CkpYnYLeznbl: posts small blind $0.10
1VolkodavVDV: posts big blind $0.25
*** HOLE CARDS ***
Dealt to Mahu2021 [9d Qs]
Gto_gtfo: folds 
Lucas2santo: folds 
Mahu2021: folds 
IrishSimey92: raises $0.37 to $0.62
CkpYnYLeznbl: folds 
1VolkodavVDV: calls $0.37
*** FLOP *** [5d 7c Ac]
1VolkodavVDV: checks 
IrishSimey92: bets $0.70
1VolkodavVDV: raises $0.98 to $1.68
IrishSimey92: calls $0.98
*** TURN *** [5d 7c Ac] [5s]
1VolkodavVDV: bets $2.42
IrishSimey92: folds 
Uncalled bet ($2.42) returned to 1VolkodavVDV
1VolkodavVDV collected $4.49 from pot
1VolkodavVDV: doesn't show hand 
*** SUMMARY ***
Total pot $4.70 | Rake $0.21 
Board [5d 7c Ac 5s]
Seat 1: IrishSimey92 (button) folded on the Turn
Seat 2: CkpYnYLeznbl (small blind) folded before Flop
Seat 3: 1VolkodavVDV (big blind) collected ($4.49)
Seat 4: Gto_gtfo folded before Flop (didn't bet)
Seat 5: Lucas2santo folded before Flop (didn't bet)
Seat 6: Mahu2021 folded before Flop (didn't bet)



PokerStars Zoom Hand #255827495221:  Hold'em No Limit ($0.10/$0.25) - 2025/04/21 14:15:54 CET [2025/04/21 8:15:54 ET]
Table 'Hydra' 6-max Seat #1 is the button
Seat 1: GrozovaIra ($29.71 in chips) 
Seat 2: BISTECA213 ($24.57 in chips) 
Seat 3: chem558 ($23.29 in chips) 
Seat 4: Tozsy17 ($25.50 in chips) 
Seat 5: Mahu2021 ($16.90 in chips) 
Seat 6: Fargo2015 ($26.61 in chips) 
BISTECA213: posts small blind $0.10
chem558: posts big blind $0.25
*** HOLE CARDS ***
Dealt to Mahu2021 [As Qd]
Tozsy17: raises $0.54 to $0.79
Mahu2021: raises $1.96 to $2.75
Fargo2015: folds 
GrozovaIra: folds 
BISTECA213: calls $2.65
chem558: folds 
Tozsy17: folds 
*** FLOP *** [Qc Jc Td]
BISTECA213: checks 
Mahu2021: bets $6.25
BISTECA213: raises $15.57 to $21.82 and is all-in
Mahu2021: calls $7.90 and is all-in
Uncalled bet ($7.67) returned to BISTECA213
*** TURN *** [Qc Jc Td] [7d]
*** RIVER *** [Qc Jc Td 7d] [8h]
*** SHOW DOWN ***
BISTECA213: shows [Jh Qh] (two pair, Queens and Jacks)
Mahu2021: shows [As Qd] (a pair of Queens)
BISTECA213 collected $33.27 from pot
*** SUMMARY ***
Total pot $34.84 | Rake $1.57 
Board [Qc Jc Td 7d 8h]
Seat 1: GrozovaIra (button) folded before Flop (didn't bet)
Seat 2: BISTECA213 (small blind) showed [Jh Qh] and won ($33.27) with two pair, Queens and Jacks
Seat 3: chem558 (big blind) folded before Flop
Seat 4: Tozsy17 folded before Flop
Seat 5: Mahu2021 showed [As Qd] and lost with a pair of Queens
Seat 6: Fargo2015 folded before Flop (didn't bet)



