PokerStars Zoom Hand #255562246347:  Hold'em No Limit ($0.05/$0.10) - 2025/04/02 20:26:50 CET [2025/04/02 14:26:50 ET]
Table 'Aludra' 6-max Seat #1 is the button
Seat 1: PovilasX ($19.46 in chips) 
Seat 2: Clicker89 ($9.90 in chips) 
Seat 3: Mahu2021 ($10 in chips) 
Seat 4: COVEIROANCAP ($16.10 in chips) 
Seat 5: Cr0w932 ($11.74 in chips) 
Seat 6: Cristi/Arg ($10.14 in chips) 
Clicker89: posts small blind $0.05
Mahu2021: posts big blind $0.10
*** HOLE CARDS ***
Dealt to Mahu2021 [5d 8s]
COVEIROANCAP: folds 
Cr0w932: folds 
Cristi/Arg: folds 
PovilasX: raises $0.15 to $0.25
Clicker89: folds 
Mahu2021: folds 
Uncalled bet ($0.15) returned to PovilasX
PovilasX collected $0.25 from pot
PovilasX: doesn't show hand 
*** SUMMARY ***
Total pot $0.25 | Rake $0 
Seat 1: PovilasX (button) collected ($0.25)
Seat 2: Clicker89 (small blind) folded before Flop
Seat 3: Mahu2021 (big blind) folded before Flop
Seat 4: COVEIROANCAP folded before Flop (didn't bet)
Seat 5: Cr0w932 folded before Flop (didn't bet)
Seat 6: Cristi/Arg folded before Flop (didn't bet)



PokerStars Zoom Hand #255562249019:  Hold'em No Limit ($0.05/$0.10) - 2025/04/02 20:27:00 CET [2025/04/02 14:27:00 ET]
Table 'Aludra' 6-max Seat #1 is the button
Seat 1: crashoverrun ($8.29 in chips) 
Seat 2: Mahu2021 ($9.90 in chips) 
Seat 3: tommi327 ($19.15 in chips) 
Seat 4: Gimme63 ($4.98 in chips) 
Seat 5: ParamonQQ ($10 in chips) 
Seat 6: Losimas(LT) ($10.04 in chips) 
Mahu2021: posts small blind $0.05
tommi327: posts big blind $0.10
*** HOLE CARDS ***
Dealt to Mahu2021 [8h 7d]
Gimme63: folds 
ParamonQQ: folds 
Losimas(LT): folds 
crashoverrun: raises $0.10 to $0.20
Mahu2021: folds 
tommi327: folds 
Uncalled bet ($0.10) returned to crashoverrun
crashoverrun collected $0.25 from pot
crashoverrun: doesn't show hand 
*** SUMMARY ***
Total pot $0.25 | Rake $0 
Seat 1: crashoverrun (button) collected ($0.25)
Seat 2: Mahu2021 (small blind) folded before Flop
Seat 3: tommi327 (big blind) folded before Flop
Seat 4: Gimme63 folded before Flop (didn't bet)
Seat 5: ParamonQQ folded before Flop (didn't bet)
Seat 6: Losimas(LT) folded before Flop (didn't bet)



PokerStars Zoom Hand #255562250765:  Hold'em No Limit ($0.05/$0.10) - 2025/04/02 20:27:07 CET [2025/04/02 14:27:07 ET]
Table 'Aludra' 6-max Seat #1 is the button
Seat 1: Mahu2021 ($9.85 in chips) 
Seat 2: Losimas(LT) ($10.04 in chips) 
Seat 3: ghanisha ($10 in chips) 
Seat 4: dsanchez11 ($10.34 in chips) 
Seat 5: 65446418 ($17.29 in chips) 
Seat 6: THMN30 ($24.60 in chips) 
Losimas(LT): posts small blind $0.05
ghanisha: posts big blind $0.10
*** HOLE CARDS ***
Dealt to Mahu2021 [Jc 2s]
dsanchez11: folds 
65446418: folds 
THMN30: raises $0.12 to $0.22
Mahu2021: folds 
Losimas(LT): folds 
ghanisha: folds 
Uncalled bet ($0.12) returned to THMN30
THMN30 collected $0.25 from pot
THMN30: doesn't show hand 
*** SUMMARY ***
Total pot $0.25 | Rake $0 
Seat 1: Mahu2021 (button) folded before Flop (didn't bet)
Seat 2: Losimas(LT) (small blind) folded before Flop
Seat 3: ghanisha (big blind) folded before Flop
Seat 4: dsanchez11 folded before Flop (didn't bet)
Seat 5: 65446418 folded before Flop (didn't bet)
Seat 6: THMN30 collected ($0.25)



PokerStars Zoom Hand #255562251668:  Hold'em No Limit ($0.05/$0.10) - 2025/04/02 20:27:10 CET [2025/04/02 14:27:10 ET]
Table 'Aludra' 6-max Seat #1 is the button
Seat 1: JRebus ($24.52 in chips) 
Seat 2: dsanchez11 ($10.85 in chips) 
Seat 3: Rubbernicks ($10.34 in chips) 
Seat 4: tommi327 ($19.05 in chips) 
Seat 5: Gimme63 ($4.93 in chips) 
Seat 6: Mahu2021 ($9.85 in chips) 
dsanchez11: posts small blind $0.05
Rubbernicks: posts big blind $0.10
*** HOLE CARDS ***
Dealt to Mahu2021 [9d 3d]
tommi327: folds 
Gimme63: folds 
Mahu2021: folds 
JRebus: raises $0.20 to $0.30
dsanchez11: folds 
Rubbernicks: calls $0.20
*** FLOP *** [As Qs 8c]
Rubbernicks: checks 
JRebus: bets $0.30
Rubbernicks: folds 
Uncalled bet ($0.30) returned to JRebus
JRebus collected $0.62 from pot
JRebus: doesn't show hand 
*** SUMMARY ***
Total pot $0.65 | Rake $0.03 
Board [As Qs 8c]
Seat 1: JRebus (button) collected ($0.62)
Seat 2: dsanchez11 (small blind) folded before Flop
Seat 3: Rubbernicks (big blind) folded on the Flop
Seat 4: tommi327 folded before Flop (didn't bet)
Seat 5: Gimme63 folded before Flop (didn't bet)
Seat 6: Mahu2021 folded before Flop (didn't bet)



PokerStars Zoom Hand #255562252378:  Hold'em No Limit ($0.05/$0.10) - 2025/04/02 20:27:13 CET [2025/04/02 14:27:13 ET]
Table 'Aludra' 6-max Seat #1 is the button
Seat 1: jakdawak1 ($16.73 in chips) 
Seat 2: Tozsy17 ($10 in chips) 
Seat 3: Matzet1ka ($11.95 in chips) 
Seat 4: Smailodon ($7.49 in chips) 
Seat 5: Mahu2021 ($9.85 in chips) 
Seat 6: darchas ($10.34 in chips) 
Tozsy17: posts small blind $0.05
Matzet1ka: posts big blind $0.10
*** HOLE CARDS ***
Dealt to Mahu2021 [As Jh]
Smailodon: folds 
Mahu2021: raises $0.15 to $0.25
darchas: folds 
jakdawak1: raises $0.75 to $1
Tozsy17: folds 
Matzet1ka: folds 
Mahu2021: folds 
Uncalled bet ($0.75) returned to jakdawak1
jakdawak1 collected $0.65 from pot
jakdawak1: doesn't show hand 
*** SUMMARY ***
Total pot $0.65 | Rake $0 
Seat 1: jakdawak1 (button) collected ($0.65)
Seat 2: Tozsy17 (small blind) folded before Flop
Seat 3: Matzet1ka (big blind) folded before Flop
Seat 4: Smailodon folded before Flop (didn't bet)
Seat 5: Mahu2021 folded before Flop
Seat 6: darchas folded before Flop (didn't bet)



PokerStars Zoom Hand #255562254960:  Hold'em No Limit ($0.05/$0.10) - 2025/04/02 20:27:23 CET [2025/04/02 14:27:23 ET]
Table 'Aludra' 6-max Seat #1 is the button
Seat 1: COVEIROANCAP ($12.66 in chips) 
Seat 2: Clicker89 ($10 in chips) 
Seat 3: JRebus ($9.86 in chips) 
Seat 4: Cr0w932 ($11.69 in chips) 
Seat 5: ghanisha ($10 in chips) 
Seat 6: Mahu2021 ($9.60 in chips) 
Clicker89: posts small blind $0.05
JRebus: posts big blind $0.10
*** HOLE CARDS ***
Dealt to Mahu2021 [5s 8d]
Cr0w932: folds 
ghanisha: folds 
Mahu2021: folds 
COVEIROANCAP: raises $0.15 to $0.25
Clicker89: folds 
JRebus: folds 
Uncalled bet ($0.15) returned to COVEIROANCAP
COVEIROANCAP collected $0.25 from pot
COVEIROANCAP: doesn't show hand 
*** SUMMARY ***
Total pot $0.25 | Rake $0 
Seat 1: COVEIROANCAP (button) collected ($0.25)
Seat 2: Clicker89 (small blind) folded before Flop
Seat 3: JRebus (big blind) folded before Flop
Seat 4: Cr0w932 folded before Flop (didn't bet)
Seat 5: ghanisha folded before Flop (didn't bet)
Seat 6: Mahu2021 folded before Flop (didn't bet)



PokerStars Zoom Hand #255562256112:  Hold'em No Limit ($0.05/$0.10) - 2025/04/02 20:27:28 CET [2025/04/02 14:27:28 ET]
Table 'Aludra' 6-max Seat #1 is the button
Seat 1: yEyoU ($10.10 in chips) 
Seat 2: marcio1979 ($22.46 in chips) 
Seat 3: Mahu2021 ($9.60 in chips) 
Seat 4: slapnuts3 ($31.44 in chips) 
Seat 5: COVEIROANCAP ($13.08 in chips) 
Seat 6: Clicker89 ($10.15 in chips) 
marcio1979: posts small blind $0.05
Mahu2021: posts big blind $0.10
*** HOLE CARDS ***
Dealt to Mahu2021 [4d Ac]
slapnuts3: folds 
COVEIROANCAP: raises $0.15 to $0.25
Clicker89: folds 
yEyoU: folds 
marcio1979: folds 
Mahu2021: folds 
Uncalled bet ($0.15) returned to COVEIROANCAP
COVEIROANCAP collected $0.25 from pot
COVEIROANCAP: doesn't show hand 
*** SUMMARY ***
Total pot $0.25 | Rake $0 
Seat 1: yEyoU (button) folded before Flop (didn't bet)
Seat 2: marcio1979 (small blind) folded before Flop
Seat 3: Mahu2021 (big blind) folded before Flop
Seat 4: slapnuts3 folded before Flop (didn't bet)
Seat 5: COVEIROANCAP collected ($0.25)
Seat 6: Clicker89 folded before Flop (didn't bet)



PokerStars Zoom Hand #255562259675:  Hold'em No Limit ($0.05/$0.10) - 2025/04/02 20:27:42 CET [2025/04/02 14:27:42 ET]
Table 'Aludra' 6-max Seat #1 is the button
Seat 1: dreamcome12 ($10 in chips) 
Seat 2: Mahu2021 ($9.50 in chips) 
Seat 3: JRebus ($9.73 in chips) 
Seat 4: Matzet1ka ($12.93 in chips) 
Seat 5: Paragon96 ($10.72 in chips) 
Seat 6: slapnuts3 ($38.25 in chips) 
Mahu2021: posts small blind $0.05
JRebus: posts big blind $0.10
*** HOLE CARDS ***
Dealt to Mahu2021 [Qd 3h]
Matzet1ka: folds 
Paragon96: raises $0.15 to $0.25
slapnuts3: folds 
dreamcome12: folds 
Mahu2021: folds 
JRebus: folds 
Uncalled bet ($0.15) returned to Paragon96
Paragon96 collected $0.25 from pot
Paragon96: doesn't show hand 
*** SUMMARY ***
Total pot $0.25 | Rake $0 
Seat 1: dreamcome12 (button) folded before Flop (didn't bet)
Seat 2: Mahu2021 (small blind) folded before Flop
Seat 3: JRebus (big blind) folded before Flop
Seat 4: Matzet1ka folded before Flop (didn't bet)
Seat 5: Paragon96 collected ($0.25)
Seat 6: slapnuts3 folded before Flop (didn't bet)



PokerStars Zoom Hand #255562260964:  Hold'em No Limit ($0.05/$0.10) - 2025/04/02 20:27:47 CET [2025/04/02 14:27:47 ET]
Table 'Aludra' 6-max Seat #1 is the button
Seat 1: Mahu2021 ($9.45 in chips) 
Seat 2: marcio1979 ($16.59 in chips) 
Seat 3: dsanchez11 ($10.95 in chips) 
Seat 4: Clicker89 ($9.95 in chips) 
Seat 5: dreamcome12 ($10.25 in chips) 
Seat 6: ouchbigslick ($11.08 in chips) 
marcio1979: posts small blind $0.05
dsanchez11: posts big blind $0.10
*** HOLE CARDS ***
Dealt to Mahu2021 [2d 4s]
Clicker89: folds 
dreamcome12: folds 
ouchbigslick: raises $0.15 to $0.25
Mahu2021: folds 
marcio1979: folds 
dsanchez11: folds 
Uncalled bet ($0.15) returned to ouchbigslick
ouchbigslick collected $0.25 from pot
ouchbigslick: doesn't show hand 
*** SUMMARY ***
Total pot $0.25 | Rake $0 
Seat 1: Mahu2021 (button) folded before Flop (didn't bet)
Seat 2: marcio1979 (small blind) folded before Flop
Seat 3: dsanchez11 (big blind) folded before Flop
Seat 4: Clicker89 folded before Flop (didn't bet)
Seat 5: dreamcome12 folded before Flop (didn't bet)
Seat 6: ouchbigslick collected ($0.25)



PokerStars Zoom Hand #255562262228:  Hold'em No Limit ($0.05/$0.10) - 2025/04/02 20:27:52 CET [2025/04/02 14:27:52 ET]
Table 'Aludra' 6-max Seat #1 is the button
Seat 1: ThiagoBPP ($23.35 in chips) 
Seat 2: JRebus ($13.78 in chips) 
Seat 3: ddoctah ($10 in chips) 
Seat 4: SlyBoogyz ($17.29 in chips) 
Seat 5: Mahu2021 ($9.45 in chips) 
Seat 6: r00tw00t ($13.11 in chips) 
JRebus: posts small blind $0.05
ddoctah: posts big blind $0.10
*** HOLE CARDS ***
Dealt to Mahu2021 [Ks As]
SlyBoogyz: folds 
Mahu2021: raises $0.15 to $0.25
r00tw00t: calls $0.25
ThiagoBPP: folds 
JRebus: folds 
ddoctah: folds 
*** FLOP *** [5d 4d Kd]
Mahu2021: bets $0.30
r00tw00t: raises $0.30 to $0.60
Mahu2021: calls $0.30
*** TURN *** [5d 4d Kd] [Tc]
Mahu2021: bets $0.30
r00tw00t: calls $0.30
*** RIVER *** [5d 4d Kd Tc] [Ts]
Mahu2021: bets $2.34
r00tw00t: folds 
Uncalled bet ($2.34) returned to Mahu2021
Mahu2021 collected $2.34 from pot
Mahu2021: doesn't show hand 
*** SUMMARY ***
Total pot $2.45 | Rake $0.11 
Board [5d 4d Kd Tc Ts]
Seat 1: ThiagoBPP (button) folded before Flop (didn't bet)
Seat 2: JRebus (small blind) folded before Flop
Seat 3: ddoctah (big blind) folded before Flop
Seat 4: SlyBoogyz folded before Flop (didn't bet)
Seat 5: Mahu2021 collected ($2.34)
Seat 6: r00tw00t folded on the River



PokerStars Zoom Hand #255562270376:  Hold'em No Limit ($0.05/$0.10) - 2025/04/02 20:28:24 CET [2025/04/02 14:28:24 ET]
Table 'Aludra' 6-max Seat #1 is the button
Seat 1: COVEIROANCAP ($14.47 in chips) 
Seat 2: aalewee56 ($8.25 in chips) 
Seat 3: lEternamente ($10 in chips) 
Seat 4: Mahu2021 ($10.64 in chips) 
Seat 5: Matzet1ka ($11.29 in chips) 
Seat 6: PovilasX ($18.81 in chips) 
aalewee56: posts small blind $0.05
lEternamente: posts big blind $0.10
*** HOLE CARDS ***
Dealt to Mahu2021 [Js 9c]
Mahu2021: folds 
Matzet1ka: folds 
PovilasX: folds 
COVEIROANCAP: folds 
aalewee56: folds 
Uncalled bet ($0.05) returned to lEternamente
lEternamente collected $0.10 from pot
lEternamente: doesn't show hand 
*** SUMMARY ***
Total pot $0.10 | Rake $0 
Seat 1: COVEIROANCAP (button) folded before Flop (didn't bet)
Seat 2: aalewee56 (small blind) folded before Flop
Seat 3: lEternamente (big blind) collected ($0.10)
Seat 4: Mahu2021 folded before Flop (didn't bet)
Seat 5: Matzet1ka folded before Flop (didn't bet)
Seat 6: PovilasX folded before Flop (didn't bet)



PokerStars Zoom Hand #255562271258:  Hold'em No Limit ($0.05/$0.10) - 2025/04/02 20:28:28 CET [2025/04/02 14:28:28 ET]
Table 'Aludra' 6-max Seat #1 is the button
Seat 1: Mahu2021 ($10.64 in chips) 
Seat 2: Gimme63 ($4.53 in chips) 
Seat 3: Ripppo ($9.92 in chips) 
Seat 4: Losimas(LT) ($10.50 in chips) 
Seat 5: PovilasX ($18.81 in chips) 
Seat 6: picasso__197 ($10.22 in chips) 
Gimme63: posts small blind $0.05
Ripppo: posts big blind $0.10
*** HOLE CARDS ***
Dealt to Mahu2021 [Th 6d]
Losimas(LT): folds 
PovilasX: folds 
picasso__197: folds 
Mahu2021: folds 
Gimme63: raises $0.20 to $0.30
Ripppo: folds 
Uncalled bet ($0.20) returned to Gimme63
Gimme63 collected $0.20 from pot
Gimme63: doesn't show hand 
*** SUMMARY ***
Total pot $0.20 | Rake $0 
Seat 1: Mahu2021 (button) folded before Flop (didn't bet)
Seat 2: Gimme63 (small blind) collected ($0.20)
Seat 3: Ripppo (big blind) folded before Flop
Seat 4: Losimas(LT) folded before Flop (didn't bet)
Seat 5: PovilasX folded before Flop (didn't bet)
Seat 6: picasso__197 folded before Flop (didn't bet)



PokerStars Zoom Hand #255562272746:  Hold'em No Limit ($0.05/$0.10) - 2025/04/02 20:28:33 CET [2025/04/02 14:28:33 ET]
Table 'Aludra' 6-max Seat #1 is the button
Seat 1: slapnuts3 ($38.10 in chips) 
Seat 2: PavanaTTo23 ($12.54 in chips) 
Seat 3: Mahu2021 ($10.64 in chips) 
Seat 4: PovilasX ($18.81 in chips) 
Seat 5: Blast4Sure ($15.25 in chips) 
Seat 6: m4tthaios ($4.20 in chips) 
PavanaTTo23: posts small blind $0.05
Mahu2021: posts big blind $0.10
*** HOLE CARDS ***
Dealt to Mahu2021 [5c 4h]
PovilasX: folds 
Blast4Sure: folds 
m4tthaios: folds 
slapnuts3: raises $0.13 to $0.23
PavanaTTo23: folds 
Mahu2021: folds 
Uncalled bet ($0.13) returned to slapnuts3
slapnuts3 collected $0.25 from pot
slapnuts3: doesn't show hand 
*** SUMMARY ***
Total pot $0.25 | Rake $0 
Seat 1: slapnuts3 (button) collected ($0.25)
Seat 2: PavanaTTo23 (small blind) folded before Flop
Seat 3: Mahu2021 (big blind) folded before Flop
Seat 4: PovilasX folded before Flop (didn't bet)
Seat 5: Blast4Sure folded before Flop (didn't bet)
Seat 6: m4tthaios folded before Flop (didn't bet)



PokerStars Zoom Hand #255562276298:  Hold'em No Limit ($0.05/$0.10) - 2025/04/02 20:28:48 CET [2025/04/02 14:28:48 ET]
Table 'Aludra' 6-max Seat #1 is the button
Seat 1: Ripppo ($9.82 in chips) 
Seat 2: ddoctah ($10 in chips) 
Seat 3: r00tw00t ($11.81 in chips) 
Seat 4: pd159 ($31.25 in chips) 
Seat 5: diogames ($10 in chips) 
Seat 6: Mahu2021 ($10.49 in chips) 
ddoctah: posts small blind $0.05
r00tw00t: posts big blind $0.10
*** HOLE CARDS ***
Dealt to Mahu2021 [9h 6s]
pd159: folds 
diogames: folds 
Mahu2021: folds 
Ripppo: raises $0.10 to $0.20
ddoctah: folds 
r00tw00t: calls $0.10
*** FLOP *** [7h 6d Qd]
r00tw00t: checks 
Ripppo: bets $0.10
r00tw00t: calls $0.10
*** TURN *** [7h 6d Qd] [7d]
r00tw00t: checks 
Ripppo: checks 
*** RIVER *** [7h 6d Qd 7d] [9c]
r00tw00t: bets $0.50
Ripppo: calls $0.50
*** SHOW DOWN ***
r00tw00t: shows [Qc Qh] (a full house, Queens full of Sevens)
Ripppo: mucks hand 
r00tw00t collected $1.58 from pot
*** SUMMARY ***
Total pot $1.65 | Rake $0.07 
Board [7h 6d Qd 7d 9c]
Seat 1: Ripppo (button) mucked [Js As]
Seat 2: ddoctah (small blind) folded before Flop
Seat 3: r00tw00t (big blind) showed [Qc Qh] and won ($1.58) with a full house, Queens full of Sevens
Seat 4: pd159 folded before Flop (didn't bet)
Seat 5: diogames folded before Flop (didn't bet)
Seat 6: Mahu2021 folded before Flop (didn't bet)



PokerStars Zoom Hand #255562274765:  Hold'em No Limit ($0.05/$0.10) - 2025/04/02 20:28:42 CET [2025/04/02 14:28:42 ET]
Table 'Aludra' 6-max Seat #1 is the button
Seat 1: PovilasX ($18.81 in chips) 
Seat 2: Mahu2021 ($10.54 in chips) 
Seat 3: aalewee56 ($8.20 in chips) 
Seat 4: tibixfuvar ($10.32 in chips) 
Seat 5: Pippitappeli ($9.95 in chips) 
Seat 6: Cr0w932 ($11.29 in chips) 
Mahu2021: posts small blind $0.05
aalewee56: posts big blind $0.10
*** HOLE CARDS ***
Dealt to Mahu2021 [Kc 7d]
tibixfuvar: raises $0.10 to $0.20
Pippitappeli: folds 
Cr0w932: folds 
PovilasX: folds 
Mahu2021: folds 
aalewee56: calls $0.10
*** FLOP *** [Qs Js 9c]
aalewee56: checks 
tibixfuvar: bets $0.43
aalewee56: calls $0.43
*** TURN *** [Qs Js 9c] [3h]
aalewee56: checks 
tibixfuvar: bets $0.63
aalewee56: calls $0.63
*** RIVER *** [Qs Js 9c 3h] [3c]
aalewee56: checks 
tibixfuvar: bets $2
aalewee56: folds 
Uncalled bet ($2) returned to tibixfuvar
tibixfuvar collected $2.45 from pot
tibixfuvar: doesn't show hand 
*** SUMMARY ***
Total pot $2.57 | Rake $0.12 
Board [Qs Js 9c 3h 3c]
Seat 1: PovilasX (button) folded before Flop (didn't bet)
Seat 2: Mahu2021 (small blind) folded before Flop
Seat 3: aalewee56 (big blind) folded on the River
Seat 4: tibixfuvar collected ($2.45)
Seat 5: Pippitappeli folded before Flop (didn't bet)
Seat 6: Cr0w932 folded before Flop (didn't bet)



PokerStars Zoom Hand #255562278685:  Hold'em No Limit ($0.05/$0.10) - 2025/04/02 20:28:58 CET [2025/04/02 14:28:58 ET]
Table 'Aludra' 6-max Seat #1 is the button
Seat 1: D_Kwal ($18.30 in chips) 
Seat 2: lEternamente ($10 in chips) 
Seat 3: JRebus ($8.98 in chips) 
Seat 4: Paragon96 ($11.02 in chips) 
Seat 5: Mahu2021 ($10.49 in chips) 
Seat 6: yEyoU ($10.25 in chips) 
lEternamente: posts small blind $0.05
JRebus: posts big blind $0.10
*** HOLE CARDS ***
Dealt to Mahu2021 [Td Qd]
Paragon96: folds 
Mahu2021: raises $0.14 to $0.24
yEyoU: folds 
D_Kwal: folds 
lEternamente: folds 
JRebus: folds 
Uncalled bet ($0.14) returned to Mahu2021
Mahu2021 collected $0.25 from pot
Mahu2021: doesn't show hand 
*** SUMMARY ***
Total pot $0.25 | Rake $0 
Seat 1: D_Kwal (button) folded before Flop (didn't bet)
Seat 2: lEternamente (small blind) folded before Flop
Seat 3: JRebus (big blind) folded before Flop
Seat 4: Paragon96 folded before Flop (didn't bet)
Seat 5: Mahu2021 collected ($0.25)
Seat 6: yEyoU folded before Flop (didn't bet)



PokerStars Zoom Hand #255562287813:  Hold'em No Limit ($0.05/$0.10) - 2025/04/02 20:29:34 CET [2025/04/02 14:29:34 ET]
Table 'Aludra' 6-max Seat #1 is the button
Seat 1: AmazingIKnow ($8.26 in chips) 
Seat 2: Matzet1ka ($11.66 in chips) 
Seat 3: Mahu2021 ($10.64 in chips) 
Seat 4: r00tw00t ($12.59 in chips) 
Seat 5: rich238 ($11.21 in chips) 
Seat 6: SlyBoogyz ($18.29 in chips) 
Matzet1ka: posts small blind $0.05
Mahu2021: posts big blind $0.10
*** HOLE CARDS ***
Dealt to Mahu2021 [5h Kc]
r00tw00t: folds 
rich238: folds 
SlyBoogyz: folds 
AmazingIKnow: folds 
Matzet1ka: folds 
Uncalled bet ($0.05) returned to Mahu2021
Mahu2021 collected $0.10 from pot
Mahu2021: doesn't show hand 
*** SUMMARY ***
Total pot $0.10 | Rake $0 
Seat 1: AmazingIKnow (button) folded before Flop (didn't bet)
Seat 2: Matzet1ka (small blind) folded before Flop
Seat 3: Mahu2021 (big blind) collected ($0.10)
Seat 4: r00tw00t folded before Flop (didn't bet)
Seat 5: rich238 folded before Flop (didn't bet)
Seat 6: SlyBoogyz folded before Flop (didn't bet)



PokerStars Zoom Hand #255562286609:  Hold'em No Limit ($0.05/$0.10) - 2025/04/02 20:29:29 CET [2025/04/02 14:29:29 ET]
Table 'Aludra' 6-max Seat #1 is the button
Seat 1: Gimme63 ($4.48 in chips) 
Seat 2: stelio83 ($10.05 in chips) 
Seat 3: SANGRE1977 ($8.24 in chips) 
Seat 4: marcio1979 ($14.90 in chips) 
Seat 5: Matzet1ka ($11.66 in chips) 
Seat 6: Mahu2021 ($10.64 in chips) 
stelio83: posts small blind $0.05
SANGRE1977: posts big blind $0.10
*** HOLE CARDS ***
Dealt to Mahu2021 [Kh 7c]
marcio1979: folds 
Matzet1ka: folds 
Mahu2021: folds 
Gimme63: folds 
stelio83: calls $0.05
SANGRE1977: checks 
*** FLOP *** [Qc 5s 6s]
stelio83: checks 
SANGRE1977: checks 
*** TURN *** [Qc 5s 6s] [Td]
stelio83: checks 
SANGRE1977: bets $0.19
stelio83: folds 
Uncalled bet ($0.19) returned to SANGRE1977
SANGRE1977 collected $0.19 from pot
SANGRE1977: doesn't show hand 
*** SUMMARY ***
Total pot $0.20 | Rake $0.01 
Board [Qc 5s 6s Td]
Seat 1: Gimme63 (button) folded before Flop (didn't bet)
Seat 2: stelio83 (small blind) folded on the Turn
Seat 3: SANGRE1977 (big blind) collected ($0.19)
Seat 4: marcio1979 folded before Flop (didn't bet)
Seat 5: Matzet1ka folded before Flop (didn't bet)
Seat 6: Mahu2021 folded before Flop (didn't bet)



PokerStars Zoom Hand #255562284360:  Hold'em No Limit ($0.05/$0.10) - 2025/04/02 20:29:20 CET [2025/04/02 14:29:20 ET]
Table 'Aludra' 6-max Seat #1 is the button
Seat 1: Mahu2021 ($10.64 in chips) 
Seat 2: JYCKF ($14.21 in chips) 
Seat 3: ThiagoBPP ($10.40 in chips) 
Seat 4: slapnuts3 ($30.60 in chips) 
Seat 5: ciceron86 ($10.35 in chips) 
Seat 6: killbill899 ($14.31 in chips) 
JYCKF: posts small blind $0.05
ThiagoBPP: posts big blind $0.10
*** HOLE CARDS ***
Dealt to Mahu2021 [6s Ad]
slapnuts3: folds 
ciceron86: raises $0.15 to $0.25
killbill899: calls $0.25
Mahu2021: folds 
JYCKF: calls $0.20
ThiagoBPP: folds 
*** FLOP *** [9c 3h Ks]
JYCKF: checks 
ciceron86: bets $0.24
killbill899: calls $0.24
JYCKF: folds 
*** TURN *** [9c 3h Ks] [8c]
ciceron86: checks 
killbill899: bets $0.30
ciceron86: folds 
Uncalled bet ($0.30) returned to killbill899
killbill899 collected $1.27 from pot
killbill899: doesn't show hand 
*** SUMMARY ***
Total pot $1.33 | Rake $0.06 
Board [9c 3h Ks 8c]
Seat 1: Mahu2021 (button) folded before Flop (didn't bet)
Seat 2: JYCKF (small blind) folded on the Flop
Seat 3: ThiagoBPP (big blind) folded before Flop
Seat 4: slapnuts3 folded before Flop (didn't bet)
Seat 5: ciceron86 folded on the Turn
Seat 6: killbill899 collected ($1.27)



PokerStars Zoom Hand #255562285416:  Hold'em No Limit ($0.05/$0.10) - 2025/04/02 20:29:25 CET [2025/04/02 14:29:25 ET]
Table 'Aludra' 6-max Seat #1 is the button
Seat 1: sunino ($17.81 in chips) 
Seat 2: m4tthaios ($9.63 in chips) 
Seat 3: marcio1979 ($10 in chips) 
Seat 4: Mahu2021 ($10.64 in chips) 
Seat 5: JRebus ($24.24 in chips) 
Seat 6: SwishTiroCerto ($8.73 in chips) 
m4tthaios: posts small blind $0.05
marcio1979: posts big blind $0.10
*** HOLE CARDS ***
Dealt to Mahu2021 [Jd 7h]
Mahu2021: folds 
JRebus: folds 
SwishTiroCerto: folds 
sunino: raises $0.20 to $0.30
m4tthaios: folds 
marcio1979: calls $0.20
*** FLOP *** [5s 8d Kh]
marcio1979: checks 
sunino: checks 
*** TURN *** [5s 8d Kh] [Kd]
marcio1979: bets $0.20
sunino: calls $0.20
*** RIVER *** [5s 8d Kh Kd] [8s]
marcio1979: checks 
sunino: checks 
*** SHOW DOWN ***
marcio1979: shows [2h 2d] (two pair, Kings and Eights)
sunino: shows [6h 6d] (two pair, Kings and Eights - Six kicker)
sunino collected $1 from pot
*** SUMMARY ***
Total pot $1.05 | Rake $0.05 
Board [5s 8d Kh Kd 8s]
Seat 1: sunino (button) showed [6h 6d] and won ($1) with two pair, Kings and Eights
Seat 2: m4tthaios (small blind) folded before Flop
Seat 3: marcio1979 (big blind) showed [2h 2d] and lost with two pair, Kings and Eights
Seat 4: Mahu2021 folded before Flop (didn't bet)
Seat 5: JRebus folded before Flop (didn't bet)
Seat 6: SwishTiroCerto folded before Flop (didn't bet)



PokerStars Zoom Hand #255562292253:  Hold'em No Limit ($0.05/$0.10) - 2025/04/02 20:29:52 CET [2025/04/02 14:29:52 ET]
Table 'Aludra' 6-max Seat #1 is the button
Seat 1: PavanaTTo23 ($12.54 in chips) 
Seat 2: brunotessa ($9.80 in chips) 
Seat 3: ddoctah ($10 in chips) 
Seat 4: COVEIROANCAP ($11.99 in chips) 
Seat 5: Mahu2021 ($10.69 in chips) 
Seat 6: Ripppo ($8.87 in chips) 
brunotessa: posts small blind $0.05
ddoctah: posts big blind $0.10
*** HOLE CARDS ***
Dealt to Mahu2021 [Jh Ts]
COVEIROANCAP: folds 
Mahu2021: folds 
Ripppo: folds 
PavanaTTo23: folds 
brunotessa: calls $0.05
ddoctah: checks 
*** FLOP *** [9s 8s 6s]
brunotessa: checks 
ddoctah: checks 
*** TURN *** [9s 8s 6s] [Qs]
brunotessa: checks 
ddoctah: checks 
*** RIVER *** [9s 8s 6s Qs] [Th]
brunotessa: checks 
ddoctah: checks 
*** SHOW DOWN ***
brunotessa: shows [2h 2c] (a pair of Deuces)
ddoctah: shows [3c 3d] (a pair of Threes)
ddoctah collected $0.19 from pot
*** SUMMARY ***
Total pot $0.20 | Rake $0.01 
Board [9s 8s 6s Qs Th]
Seat 1: PavanaTTo23 (button) folded before Flop (didn't bet)
Seat 2: brunotessa (small blind) showed [2h 2c] and lost with a pair of Deuces
Seat 3: ddoctah (big blind) showed [3c 3d] and won ($0.19) with a pair of Threes
Seat 4: COVEIROANCAP folded before Flop (didn't bet)
Seat 5: Mahu2021 folded before Flop (didn't bet)
Seat 6: Ripppo folded before Flop (didn't bet)



PokerStars Zoom Hand #255562293368:  Hold'em No Limit ($0.05/$0.10) - 2025/04/02 20:29:56 CET [2025/04/02 14:29:56 ET]
Table 'Aludra' 6-max Seat #1 is the button
Seat 1: rich238 ($11.11 in chips) 
Seat 2: Mahu2021 ($10.69 in chips) 
Seat 3: yEyoU ($12.51 in chips) 
Seat 4: ciceron86 ($10 in chips) 
Seat 5: SANGRE1977 ($8.33 in chips) 
Seat 6: COVEIROANCAP ($11.99 in chips) 
Mahu2021: posts small blind $0.05
yEyoU: posts big blind $0.10
*** HOLE CARDS ***
Dealt to Mahu2021 [2d 2c]
ciceron86: folds 
SANGRE1977: calls $0.10
COVEIROANCAP: folds 
rich238: folds 
Mahu2021: calls $0.05
yEyoU: checks 
*** FLOP *** [Jd Td Qs]
Mahu2021: checks 
yEyoU: bets $0.19
SANGRE1977: calls $0.19
Mahu2021: folds 
*** TURN *** [Jd Td Qs] [Qh]
yEyoU: bets $0.44
SANGRE1977: folds 
Uncalled bet ($0.44) returned to yEyoU
yEyoU collected $0.65 from pot
yEyoU: doesn't show hand 
*** SUMMARY ***
Total pot $0.68 | Rake $0.03 
Board [Jd Td Qs Qh]
Seat 1: rich238 (button) folded before Flop (didn't bet)
Seat 2: Mahu2021 (small blind) folded on the Flop
Seat 3: yEyoU (big blind) collected ($0.65)
Seat 4: ciceron86 folded before Flop (didn't bet)
Seat 5: SANGRE1977 folded on the Turn
Seat 6: COVEIROANCAP folded before Flop (didn't bet)



PokerStars Zoom Hand #255562301652:  Hold'em No Limit ($0.05/$0.10) - 2025/04/02 20:30:28 CET [2025/04/02 14:30:28 ET]
Table 'Aludra' 6-max Seat #1 is the button
Seat 1: ciceron86 ($10 in chips) 
Seat 2: dreamcome12 ($10.40 in chips) 
Seat 3: yEyoU ($10.10 in chips) 
Seat 4: Mahu2021 ($10.59 in chips) 
Seat 5: diogames ($10.54 in chips) 
Seat 6: I_Stunner_U ($9.85 in chips) 
dreamcome12: posts small blind $0.05
yEyoU: posts big blind $0.10
*** HOLE CARDS ***
Dealt to Mahu2021 [5s 8d]
Mahu2021: folds 
diogames: raises $0.15 to $0.25
I_Stunner_U: folds 
ciceron86: folds 
dreamcome12: folds 
yEyoU: folds 
Uncalled bet ($0.15) returned to diogames
diogames collected $0.25 from pot
diogames: doesn't show hand 
*** SUMMARY ***
Total pot $0.25 | Rake $0 
Seat 1: ciceron86 (button) folded before Flop (didn't bet)
Seat 2: dreamcome12 (small blind) folded before Flop
Seat 3: yEyoU (big blind) folded before Flop
Seat 4: Mahu2021 folded before Flop (didn't bet)
Seat 5: diogames collected ($0.25)
Seat 6: I_Stunner_U folded before Flop (didn't bet)



PokerStars Zoom Hand #255562300333:  Hold'em No Limit ($0.05/$0.10) - 2025/04/02 20:30:23 CET [2025/04/02 14:30:23 ET]
Table 'Aludra' 6-max Seat #1 is the button
Seat 1: Losimas(LT) ($12.15 in chips) 
Seat 2: diogames ($10.59 in chips) 
Seat 3: SwishTiroCerto ($8.68 in chips) 
Seat 4: Mahu2021 ($10.59 in chips) 
Seat 5: Sn1p3rBR ($25.47 in chips) 
Seat 6: JRebus ($13.37 in chips) 
diogames: posts small blind $0.05
SwishTiroCerto: posts big blind $0.10
*** HOLE CARDS ***
Dealt to Mahu2021 [3s 3c]
Mahu2021: folds 
Sn1p3rBR: raises $0.10 to $0.20
JRebus: folds 
Losimas(LT): folds 
diogames: folds 
SwishTiroCerto: calls $0.10
*** FLOP *** [Ks 2s 7d]
SwishTiroCerto: checks 
Sn1p3rBR: bets $0.32
SwishTiroCerto: calls $0.32
*** TURN *** [Ks 2s 7d] [7c]
SwishTiroCerto: checks 
Sn1p3rBR: bets $0.68
SwishTiroCerto: calls $0.68
*** RIVER *** [Ks 2s 7d 7c] [Ah]
SwishTiroCerto: checks 
Sn1p3rBR: checks 
*** SHOW DOWN ***
SwishTiroCerto: shows [5c Kc] (two pair, Kings and Sevens)
Sn1p3rBR: shows [Js Kh] (two pair, Kings and Sevens)
SwishTiroCerto collected $1.17 from pot
Sn1p3rBR collected $1.17 from pot
*** SUMMARY ***
Total pot $2.45 | Rake $0.11 
Board [Ks 2s 7d 7c Ah]
Seat 1: Losimas(LT) (button) folded before Flop (didn't bet)
Seat 2: diogames (small blind) folded before Flop
Seat 3: SwishTiroCerto (big blind) showed [5c Kc] and won ($1.17) with two pair, Kings and Sevens
Seat 4: Mahu2021 folded before Flop (didn't bet)
Seat 5: Sn1p3rBR showed [Js Kh] and won ($1.17) with two pair, Kings and Sevens
Seat 6: JRebus folded before Flop (didn't bet)



PokerStars Zoom Hand #255562303295:  Hold'em No Limit ($0.05/$0.10) - 2025/04/02 20:30:35 CET [2025/04/02 14:30:35 ET]
Table 'Aludra' 6-max Seat #1 is the button
Seat 1: ddoctah ($10 in chips) 
Seat 2: JRebus ($9.85 in chips) 
Seat 3: Mahu2021 ($10.59 in chips) 
Seat 4: darchas ($14.35 in chips) 
Seat 5: looser00091 ($22.61 in chips) 
Seat 6: crashoverrun ($7.79 in chips) 
JRebus: posts small blind $0.05
Mahu2021: posts big blind $0.10
*** HOLE CARDS ***
Dealt to Mahu2021 [Ad Jc]
darchas: raises $0.10 to $0.20
looser00091: folds 
crashoverrun: calls $0.20
ddoctah: folds 
JRebus: folds 
Mahu2021: calls $0.10
*** FLOP *** [Qs 6h As]
Mahu2021: checks 
darchas: checks 
crashoverrun: bets $0.25
Mahu2021: calls $0.25
darchas: folds 
*** TURN *** [Qs 6h As] [9h]
Mahu2021: checks 
crashoverrun: checks 
*** RIVER *** [Qs 6h As 9h] [3h]
Mahu2021: checks 
crashoverrun: checks 
*** SHOW DOWN ***
Mahu2021: shows [Ad Jc] (a pair of Aces)
crashoverrun: mucks hand 
Mahu2021 collected $1.10 from pot
*** SUMMARY ***
Total pot $1.15 | Rake $0.05 
Board [Qs 6h As 9h 3h]
Seat 1: ddoctah (button) folded before Flop (didn't bet)
Seat 2: JRebus (small blind) folded before Flop
Seat 3: Mahu2021 (big blind) showed [Ad Jc] and won ($1.10) with a pair of Aces
Seat 4: darchas folded on the Flop
Seat 5: looser00091 folded before Flop (didn't bet)
Seat 6: crashoverrun mucked [Jh 8s]



PokerStars Zoom Hand #255562317649:  Hold'em No Limit ($0.05/$0.10) - 2025/04/02 20:31:32 CET [2025/04/02 14:31:32 ET]
Table 'Aludra' 6-max Seat #1 is the button
Seat 1: Mahu2021 ($11.19 in chips) 
Seat 2: Cristi/Arg ($14.68 in chips) 
Seat 3: JRebus ($13.32 in chips) 
Seat 4: ouchbigslick ($22.40 in chips) 
Seat 5: PavanaTTo23 ($18.33 in chips) 
Seat 6: r00tw00t ($7.50 in chips) 
Cristi/Arg: posts small blind $0.05
JRebus: posts big blind $0.10
*** HOLE CARDS ***
Dealt to Mahu2021 [Kc 6d]
ouchbigslick: folds 
PavanaTTo23: folds 
r00tw00t: folds 
Mahu2021: folds 
Cristi/Arg: folds 
Uncalled bet ($0.05) returned to JRebus
JRebus collected $0.10 from pot
JRebus: doesn't show hand 
*** SUMMARY ***
Total pot $0.10 | Rake $0 
Seat 1: Mahu2021 (button) folded before Flop (didn't bet)
Seat 2: Cristi/Arg (small blind) folded before Flop
Seat 3: JRebus (big blind) collected ($0.10)
Seat 4: ouchbigslick folded before Flop (didn't bet)
Seat 5: PavanaTTo23 folded before Flop (didn't bet)
Seat 6: r00tw00t folded before Flop (didn't bet)



PokerStars Zoom Hand #255562316070:  Hold'em No Limit ($0.05/$0.10) - 2025/04/02 20:31:26 CET [2025/04/02 14:31:26 ET]
Table 'Aludra' 6-max Seat #1 is the button
Seat 1: Bekbolat69 ($3.56 in chips) 
Seat 2: Mahu2021 ($11.24 in chips) 
Seat 3: Belini XY ($22.84 in chips) 
Seat 4: East_Zoo ($32.56 in chips) 
Seat 5: HakuBD ($35.86 in chips) 
Seat 6: MTziiinn ($10 in chips) 
Mahu2021: posts small blind $0.05
Belini XY: posts big blind $0.10
*** HOLE CARDS ***
Dealt to Mahu2021 [6c Qc]
East_Zoo: folds 
HakuBD: raises $0.15 to $0.25
MTziiinn: folds 
Bekbolat69: folds 
Mahu2021: folds 
Belini XY: folds 
Uncalled bet ($0.15) returned to HakuBD
HakuBD collected $0.25 from pot
HakuBD: doesn't show hand 
*** SUMMARY ***
Total pot $0.25 | Rake $0 
Seat 1: Bekbolat69 (button) folded before Flop (didn't bet)
Seat 2: Mahu2021 (small blind) folded before Flop
Seat 3: Belini XY (big blind) folded before Flop
Seat 4: East_Zoo folded before Flop (didn't bet)
Seat 5: HakuBD collected ($0.25)
Seat 6: MTziiinn folded before Flop (didn't bet)



