PokerStars Zoom Hand #255673604858:  Hold'em No Limit ($0.05/$0.10) - 2025/04/10 16:07:39 CET [2025/04/10 10:07:39 ET]
Table 'Aludra' 6-max Seat #1 is the button
Seat 1: anacarlacelso ($10 in chips) 
Seat 2: cooper202 ($8.59 in chips) 
Seat 3: Mahu2021 ($10 in chips) 
Seat 4: willpea2 ($10 in chips) 
Seat 5: A_Rommel ($24.12 in chips) 
Seat 6: DIMBA1977 ($11.75 in chips) 
cooper202: posts small blind $0.05
Mahu2021: posts big blind $0.10
*** HOLE CARDS ***
Dealt to Mahu2021 [Kd 3c]
willpea2: raises $0.15 to $0.25
A_Rommel: folds 
DIMBA1977: folds 
anacarlacelso: folds 
cooper202: folds 
Mahu2021: folds 
Uncalled bet ($0.15) returned to willpea2
willpea2 collected $0.25 from pot
willpea2: doesn't show hand 
*** SUMMARY ***
Total pot $0.25 | Rake $0 
Seat 1: anacarlacelso (button) folded before Flop (didn't bet)
Seat 2: cooper202 (small blind) folded before Flop
Seat 3: Mahu2021 (big blind) folded before Flop
Seat 4: willpea2 collected ($0.25)
Seat 5: A_Rommel folded before Flop (didn't bet)
Seat 6: DIMBA1977 folded before Flop (didn't bet)



PokerStars Zoom Hand #255673606887:  Hold'em No Limit ($0.05/$0.10) - 2025/04/10 16:07:52 CET [2025/04/10 10:07:52 ET]
Table 'Aludra' 6-max Seat #1 is the button
Seat 1: Komezoo ($11.87 in chips) 
Seat 2: Mahu2021 ($9.90 in chips) 
Seat 3: PROSTOZIDAR ($3.28 in chips) 
Seat 4: orangetime13 ($10 in chips) 
Seat 5: ViktorVarchuk ($10.39 in chips) 
Seat 6: kesaDasdas ($7.38 in chips) 
Mahu2021: posts small blind $0.05
PROSTOZIDAR: posts big blind $0.10
*** HOLE CARDS ***
Dealt to Mahu2021 [Qh 4d]
orangetime13: folds 
ViktorVarchuk: folds 
kesaDasdas: folds 
Komezoo: raises $0.15 to $0.25
Mahu2021: folds 
PROSTOZIDAR: folds 
Uncalled bet ($0.15) returned to Komezoo
Komezoo collected $0.25 from pot
Komezoo: doesn't show hand 
*** SUMMARY ***
Total pot $0.25 | Rake $0 
Seat 1: Komezoo (button) collected ($0.25)
Seat 2: Mahu2021 (small blind) folded before Flop
Seat 3: PROSTOZIDAR (big blind) folded before Flop
Seat 4: orangetime13 folded before Flop (didn't bet)
Seat 5: ViktorVarchuk folded before Flop (didn't bet)
Seat 6: kesaDasdas folded before Flop (didn't bet)



PokerStars Zoom Hand #255673606260:  Hold'em No Limit ($0.05/$0.10) - 2025/04/10 16:07:48 CET [2025/04/10 10:07:48 ET]
Table 'Aludra' 6-max Seat #1 is the button
Seat 1: Mahu2021 ($9.90 in chips) 
Seat 2: kesaDasdas ($7.43 in chips) 
Seat 3: cooper202 ($8.54 in chips) 
Seat 4: Tema_Guz ($10.73 in chips) 
Seat 5: gyusco33 ($10.46 in chips) 
Seat 6: BilaTserkva00 ($10 in chips) 
kesaDasdas: posts small blind $0.05
cooper202: posts big blind $0.10
*** HOLE CARDS ***
Dealt to Mahu2021 [2s 6c]
Tema_Guz: folds 
gyusco33: raises $0.20 to $0.30
BilaTserkva00: folds 
Mahu2021: folds 
kesaDasdas: folds 
cooper202: calls $0.20
*** FLOP *** [Tc 7h 4c]
cooper202: checks 
gyusco33: bets $0.62
cooper202: calls $0.62
*** TURN *** [Tc 7h 4c] [9d]
cooper202: checks 
gyusco33: checks 
*** RIVER *** [Tc 7h 4c 9d] [Qc]
cooper202: bets $0.90
gyusco33: raises $3.60 to $4.50
cooper202: calls $3.60
*** SHOW DOWN ***
gyusco33: shows [Ac Kc] (a flush, Ace high)
cooper202: mucks hand 
gyusco33 collected $10.40 from pot
*** SUMMARY ***
Total pot $10.89 | Rake $0.49 
Board [Tc 7h 4c 9d Qc]
Seat 1: Mahu2021 (button) folded before Flop (didn't bet)
Seat 2: kesaDasdas (small blind) folded before Flop
Seat 3: cooper202 (big blind) mucked [Jc 8d]
Seat 4: Tema_Guz folded before Flop (didn't bet)
Seat 5: gyusco33 showed [Ac Kc] and won ($10.40) with a flush, Ace high
Seat 6: BilaTserkva00 folded before Flop (didn't bet)



PokerStars Zoom Hand #255673607525:  Hold'em No Limit ($0.05/$0.10) - 2025/04/10 16:07:56 CET [2025/04/10 10:07:56 ET]
Table 'Aludra' 6-max Seat #1 is the button
Seat 1: agusdecarca ($19.53 in chips) 
Seat 2: jim.gr450 ($13.23 in chips) 
Seat 3: vovo4ka318 ($10.95 in chips) 
Seat 4: hogatto3 ($14.77 in chips) 
Seat 5: kesaDasdas ($7.38 in chips) 
Seat 6: Mahu2021 ($9.85 in chips) 
jim.gr450: posts small blind $0.05
vovo4ka318: posts big blind $0.10
*** HOLE CARDS ***
Dealt to Mahu2021 [Js Ts]
hogatto3: raises $0.12 to $0.22
kesaDasdas: calls $0.22
Mahu2021: calls $0.22
agusdecarca: folds 
jim.gr450: folds 
vovo4ka318: folds 
*** FLOP *** [Kd 7c 8s]
hogatto3: checks 
kesaDasdas: bets $0.20
Mahu2021: calls $0.20
hogatto3: raises $0.70 to $0.90
kesaDasdas: folds 
Mahu2021: folds 
Uncalled bet ($0.70) returned to hogatto3
hogatto3 collected $1.35 from pot
hogatto3: doesn't show hand 
*** SUMMARY ***
Total pot $1.41 | Rake $0.06 
Board [Kd 7c 8s]
Seat 1: agusdecarca (button) folded before Flop (didn't bet)
Seat 2: jim.gr450 (small blind) folded before Flop
Seat 3: vovo4ka318 (big blind) folded before Flop
Seat 4: hogatto3 collected ($1.35)
Seat 5: kesaDasdas folded on the Flop
Seat 6: Mahu2021 folded on the Flop



PokerStars Zoom Hand #255673617282:  Hold'em No Limit ($0.05/$0.10) - 2025/04/10 16:08:57 CET [2025/04/10 10:08:57 ET]
Table 'Aludra' 6-max Seat #1 is the button
Seat 1: vassili_10 ($14.08 in chips) 
Seat 2: Winik810 ($10.95 in chips) 
Seat 3: kesaDasdas ($6.96 in chips) 
Seat 4: keirin459 ($11.15 in chips) 
Seat 5: Mahu2021 ($9.43 in chips) 
Seat 6: PokerSapiens1 ($2.89 in chips) 
Winik810: posts small blind $0.05
kesaDasdas: posts big blind $0.10
*** HOLE CARDS ***
Dealt to Mahu2021 [6c Tc]
keirin459: folds 
Mahu2021: folds 
PokerSapiens1: folds 
vassili_10: folds 
Winik810: raises $0.20 to $0.30
kesaDasdas: folds 
Uncalled bet ($0.20) returned to Winik810
Winik810 collected $0.20 from pot
Winik810: doesn't show hand 
*** SUMMARY ***
Total pot $0.20 | Rake $0 
Seat 1: vassili_10 (button) folded before Flop (didn't bet)
Seat 2: Winik810 (small blind) collected ($0.20)
Seat 3: kesaDasdas (big blind) folded before Flop
Seat 4: keirin459 folded before Flop (didn't bet)
Seat 5: Mahu2021 folded before Flop (didn't bet)
Seat 6: PokerSapiens1 folded before Flop (didn't bet)



PokerStars Zoom Hand #255673618362:  Hold'em No Limit ($0.05/$0.10) - 2025/04/10 16:09:04 CET [2025/04/10 10:09:04 ET]
Table 'Aludra' 6-max Seat #1 is the button
Seat 1: SlipperySealion ($18.23 in chips) 
Seat 2: Luffy V ($13.05 in chips) 
Seat 3: Mahu2021 ($9.43 in chips) 
Seat 4: KrayzieNutz ($10 in chips) 
Seat 5: Tema_Guz ($10 in chips) 
Seat 6: Merel3105 ($13.31 in chips) 
Luffy V: posts small blind $0.05
Mahu2021: posts big blind $0.10
*** HOLE CARDS ***
Dealt to Mahu2021 [2d 2h]
KrayzieNutz: folds 
Tema_Guz: folds 
Merel3105: calls $0.10
SlipperySealion: folds 
Luffy V: raises $0.45 to $0.55
Mahu2021: calls $0.45
Merel3105: folds 
*** FLOP *** [3h 8c Tc]
Luffy V: bets $0.38
Mahu2021: calls $0.38
*** TURN *** [3h 8c Tc] [Ac]
Luffy V: checks 
Mahu2021: bets $1.87
Luffy V: folds 
Uncalled bet ($1.87) returned to Mahu2021
Mahu2021 collected $1.87 from pot
Mahu2021: doesn't show hand 
*** SUMMARY ***
Total pot $1.96 | Rake $0.09 
Board [3h 8c Tc Ac]
Seat 1: SlipperySealion (button) folded before Flop (didn't bet)
Seat 2: Luffy V (small blind) folded on the Turn
Seat 3: Mahu2021 (big blind) collected ($1.87)
Seat 4: KrayzieNutz folded before Flop (didn't bet)
Seat 5: Tema_Guz folded before Flop (didn't bet)
Seat 6: Merel3105 folded before Flop



PokerStars Zoom Hand #255673617868:  Hold'em No Limit ($0.05/$0.10) - 2025/04/10 16:09:01 CET [2025/04/10 10:09:01 ET]
Table 'Aludra' 6-max Seat #1 is the button
Seat 1: vovo4ka318 ($10.06 in chips) 
Seat 2: Alistair4567 ($23.11 in chips) 
Seat 3: Luffy V ($14.03 in chips) 
Seat 4: Mahu2021 ($9.43 in chips) 
Seat 5: Clicker89 ($10 in chips) 
Seat 6: JD 2266 E ($20.64 in chips) 
Alistair4567: posts small blind $0.05
Luffy V: posts big blind $0.10
*** HOLE CARDS ***
Dealt to Mahu2021 [9d 3h]
Mahu2021: folds 
Clicker89: raises $0.12 to $0.22
JD 2266 E: calls $0.22
vovo4ka318: folds 
Alistair4567: folds 
Luffy V: calls $0.12
*** FLOP *** [7c 2h 4c]
Luffy V: checks 
Clicker89: checks 
JD 2266 E: bets $0.20
Luffy V: calls $0.20
Clicker89: folds 
*** TURN *** [7c 2h 4c] [Ad]
Luffy V: checks 
JD 2266 E: bets $0.82
Luffy V: raises $1.13 to $1.95
JD 2266 E: folds 
Uncalled bet ($1.13) returned to Luffy V
Luffy V collected $2.63 from pot
Luffy V: doesn't show hand 
*** SUMMARY ***
Total pot $2.75 | Rake $0.12 
Board [7c 2h 4c Ad]
Seat 1: vovo4ka318 (button) folded before Flop (didn't bet)
Seat 2: Alistair4567 (small blind) folded before Flop
Seat 3: Luffy V (big blind) collected ($2.63)
Seat 4: Mahu2021 folded before Flop (didn't bet)
Seat 5: Clicker89 folded on the Flop
Seat 6: JD 2266 E folded on the Turn



PokerStars Zoom Hand #255673626023:  Hold'em No Limit ($0.05/$0.10) - 2025/04/10 16:09:52 CET [2025/04/10 10:09:52 ET]
Table 'Aludra' 6-max Seat #1 is the button
Seat 1: akeno1987 ($9.85 in chips) 
Seat 2: Smallpotate ($17.51 in chips) 
Seat 3: strashilisht ($10 in chips) 
Seat 4: Mahu2021 ($10.32 in chips) 
Seat 5: Komezoo ($11.87 in chips) 
Seat 6: cal9091 ($14.76 in chips) 
Smallpotate: posts small blind $0.05
strashilisht: posts big blind $0.10
*** HOLE CARDS ***
Dealt to Mahu2021 [Js 7d]
Mahu2021: folds 
Komezoo: folds 
cal9091: folds 
akeno1987: raises $0.12 to $0.22
Smallpotate: raises $0.78 to $1
strashilisht: folds 
akeno1987: folds 
Uncalled bet ($0.78) returned to Smallpotate
Smallpotate collected $0.54 from pot
Smallpotate: doesn't show hand 
*** SUMMARY ***
Total pot $0.54 | Rake $0 
Seat 1: akeno1987 (button) folded before Flop
Seat 2: Smallpotate (small blind) collected ($0.54)
Seat 3: strashilisht (big blind) folded before Flop
Seat 4: Mahu2021 folded before Flop (didn't bet)
Seat 5: Komezoo folded before Flop (didn't bet)
Seat 6: cal9091 folded before Flop (didn't bet)



PokerStars Zoom Hand #255673627755:  Hold'em No Limit ($0.05/$0.10) - 2025/04/10 16:10:03 CET [2025/04/10 10:10:03 ET]
Table 'Aludra' 6-max Seat #1 is the button
Seat 1: willpea2 ($10.72 in chips) 
Seat 2: Merel3105 ($13.06 in chips) 
Seat 3: Mahu2021 ($10.27 in chips) 
Seat 4: Antitodo ($10.10 in chips) 
Seat 5: edi758 ($20.73 in chips) 
Seat 6: yorkeller ($17.21 in chips) 
Merel3105: posts small blind $0.05
Mahu2021: posts big blind $0.10
*** HOLE CARDS ***
Dealt to Mahu2021 [Qd 3s]
Antitodo: folds 
edi758: folds 
yorkeller: folds 
willpea2: raises $0.15 to $0.25
Merel3105: folds 
Mahu2021: folds 
Uncalled bet ($0.15) returned to willpea2
willpea2 collected $0.25 from pot
willpea2: doesn't show hand 
*** SUMMARY ***
Total pot $0.25 | Rake $0 
Seat 1: willpea2 (button) collected ($0.25)
Seat 2: Merel3105 (small blind) folded before Flop
Seat 3: Mahu2021 (big blind) folded before Flop
Seat 4: Antitodo folded before Flop (didn't bet)
Seat 5: edi758 folded before Flop (didn't bet)
Seat 6: yorkeller folded before Flop (didn't bet)



PokerStars Zoom Hand #255673627175:  Hold'em No Limit ($0.05/$0.10) - 2025/04/10 16:09:59 CET [2025/04/10 10:09:59 ET]
Table 'Aludra' 6-max Seat #1 is the button
Seat 1: Winik810 ($11.10 in chips) 
Seat 2: Mahu2021 ($10.32 in chips) 
Seat 3: GrozovaIra ($14.80 in chips) 
Seat 4: Morkwa555 ($7.48 in chips) 
Seat 5: maki8180 ($8.07 in chips) 
Seat 6: kesaDasdas ($6.84 in chips) 
Mahu2021: posts small blind $0.05
GrozovaIra: posts big blind $0.10
*** HOLE CARDS ***
Dealt to Mahu2021 [3d 9c]
Morkwa555: calls $0.10
maki8180: raises $0.20 to $0.30
kesaDasdas: folds 
Winik810: folds 
Mahu2021: folds 
GrozovaIra: folds 
Morkwa555: calls $0.20
*** FLOP *** [7d 3c 2h]
Morkwa555: checks 
maki8180: bets $7.77 and is all-in
Morkwa555: folds 
Uncalled bet ($7.77) returned to maki8180
maki8180 collected $0.72 from pot
maki8180: doesn't show hand 
*** SUMMARY ***
Total pot $0.75 | Rake $0.03 
Board [7d 3c 2h]
Seat 1: Winik810 (button) folded before Flop (didn't bet)
Seat 2: Mahu2021 (small blind) folded before Flop
Seat 3: GrozovaIra (big blind) folded before Flop
Seat 4: Morkwa555 folded on the Flop
Seat 5: maki8180 collected ($0.72)
Seat 6: kesaDasdas folded before Flop (didn't bet)



PokerStars Zoom Hand #255673629069:  Hold'em No Limit ($0.05/$0.10) - 2025/04/10 16:10:11 CET [2025/04/10 10:10:11 ET]
Table 'Aludra' 6-max Seat #1 is the button
Seat 1: Mahu2021 ($10.17 in chips) 
Seat 2: Luffy V ($15.42 in chips) 
Seat 3: PokerSapiens1 ($5.15 in chips) 
Seat 4: GrozovaIra ($27.31 in chips) 
Seat 5: polidoro26 ($8.86 in chips) 
Seat 6: Antitodo ($10.82 in chips) 
Luffy V: posts small blind $0.05
PokerSapiens1: posts big blind $0.10
*** HOLE CARDS ***
Dealt to Mahu2021 [9c 4d]
GrozovaIra: folds 
polidoro26: folds 
Antitodo: folds 
Mahu2021: folds 
Luffy V: folds 
Uncalled bet ($0.05) returned to PokerSapiens1
PokerSapiens1 collected $0.10 from pot
PokerSapiens1: doesn't show hand 
*** SUMMARY ***
Total pot $0.10 | Rake $0 
Seat 1: Mahu2021 (button) folded before Flop (didn't bet)
Seat 2: Luffy V (small blind) folded before Flop
Seat 3: PokerSapiens1 (big blind) collected ($0.10)
Seat 4: GrozovaIra folded before Flop (didn't bet)
Seat 5: polidoro26 folded before Flop (didn't bet)
Seat 6: Antitodo folded before Flop (didn't bet)



PokerStars Zoom Hand #255673626644:  Hold'em No Limit ($0.05/$0.10) - 2025/04/10 16:09:56 CET [2025/04/10 10:09:56 ET]
Table 'Aludra' 6-max Seat #1 is the button
Seat 1: Mahu2021 ($10.32 in chips) 
Seat 2: Antitodo ($10.87 in chips) 
Seat 3: hogatto3 ($12.94 in chips) 
Seat 4: PokerSapiens1 ($5.15 in chips) 
Seat 5: willpea2 ($10.72 in chips) 
Seat 6: A_Rommel ($40.71 in chips) 
Antitodo: posts small blind $0.05
hogatto3: posts big blind $0.10
*** HOLE CARDS ***
Dealt to Mahu2021 [6c As]
PokerSapiens1: folds 
willpea2: folds 
A_Rommel: raises $0.10 to $0.20
Mahu2021: folds 
Antitodo: folds 
hogatto3: folds 
Uncalled bet ($0.10) returned to A_Rommel
A_Rommel collected $0.25 from pot
A_Rommel: doesn't show hand 
*** SUMMARY ***
Total pot $0.25 | Rake $0 
Seat 1: Mahu2021 (button) folded before Flop (didn't bet)
Seat 2: Antitodo (small blind) folded before Flop
Seat 3: hogatto3 (big blind) folded before Flop
Seat 4: PokerSapiens1 folded before Flop (didn't bet)
Seat 5: willpea2 folded before Flop (didn't bet)
Seat 6: A_Rommel collected ($0.25)



PokerStars Zoom Hand #255673624366:  Hold'em No Limit ($0.05/$0.10) - 2025/04/10 16:09:42 CET [2025/04/10 10:09:42 ET]
Table 'Aludra' 6-max Seat #1 is the button
Seat 1: 50´s Ghost ($10 in chips) 
Seat 2: Mahu2021 ($10.37 in chips) 
Seat 3: Tomag55 ($4.89 in chips) 
Seat 4: anemoeis ($8.54 in chips) 
Seat 5: lionsaolin ($14.39 in chips) 
Seat 6: Luffy V ($11.08 in chips) 
Mahu2021: posts small blind $0.05
Tomag55: posts big blind $0.10
*** HOLE CARDS ***
Dealt to Mahu2021 [Js 8h]
anemoeis: folds 
lionsaolin: folds 
Luffy V: raises $0.15 to $0.25
50´s Ghost: folds 
Mahu2021: folds 
Tomag55: calls $0.15
*** FLOP *** [2d 2h Kc]
Tomag55: checks 
Luffy V: bets $0.17
Tomag55: calls $0.17
*** TURN *** [2d 2h Kc] [Qs]
Tomag55: checks 
Luffy V: bets $0.64
Tomag55: raises $1.06 to $1.70
Luffy V: calls $1.06
*** RIVER *** [2d 2h Kc Qs] [4h]
Tomag55: bets $2.77 and is all-in
Luffy V: calls $2.77
*** SHOW DOWN ***
Tomag55: shows [Ks Qc] (two pair, Kings and Queens)
Luffy V: shows [Qd Kh] (two pair, Kings and Queens)
Tomag55 collected $4.70 from pot
Luffy V collected $4.69 from pot
*** SUMMARY ***
Total pot $9.83 | Rake $0.44 
Board [2d 2h Kc Qs 4h]
Seat 1: 50´s Ghost (button) folded before Flop (didn't bet)
Seat 2: Mahu2021 (small blind) folded before Flop
Seat 3: Tomag55 (big blind) showed [Ks Qc] and won ($4.70) with two pair, Kings and Queens
Seat 4: anemoeis folded before Flop (didn't bet)
Seat 5: lionsaolin folded before Flop (didn't bet)
Seat 6: Luffy V showed [Qd Kh] and won ($4.69) with two pair, Kings and Queens



PokerStars Zoom Hand #255673629851:  Hold'em No Limit ($0.05/$0.10) - 2025/04/10 16:10:16 CET [2025/04/10 10:10:16 ET]
Table 'Aludra' 6-max Seat #1 is the button
Seat 1: 0ofreeo0 ($10 in chips) 
Seat 2: jim.gr450 ($20.79 in chips) 
Seat 3: PROSTOZIDAR ($2.34 in chips) 
Seat 4: russkiiiiiii ($11.51 in chips) 
Seat 5: keirin459 ($12.10 in chips) 
Seat 6: Mahu2021 ($10.17 in chips) 
jim.gr450: posts small blind $0.05
PROSTOZIDAR: posts big blind $0.10
*** HOLE CARDS ***
Dealt to Mahu2021 [9c 8s]
russkiiiiiii: raises $0.10 to $0.20
keirin459: folds 
Mahu2021: folds 
0ofreeo0: folds 
jim.gr450: folds 
PROSTOZIDAR: raises $2.14 to $2.34 and is all-in
russkiiiiiii: folds 
Uncalled bet ($2.14) returned to PROSTOZIDAR
PROSTOZIDAR collected $0.45 from pot
PROSTOZIDAR: doesn't show hand 
*** SUMMARY ***
Total pot $0.45 | Rake $0 
Seat 1: 0ofreeo0 (button) folded before Flop (didn't bet)
Seat 2: jim.gr450 (small blind) folded before Flop
Seat 3: PROSTOZIDAR (big blind) collected ($0.45)
Seat 4: russkiiiiiii folded before Flop
Seat 5: keirin459 folded before Flop (didn't bet)
Seat 6: Mahu2021 folded before Flop (didn't bet)



PokerStars Zoom Hand #255673624990:  Hold'em No Limit ($0.05/$0.10) - 2025/04/10 16:09:45 CET [2025/04/10 10:09:45 ET]
Table 'Aludra' 6-max Seat #1 is the button
Seat 1: Mùúh 22 ($16.33 in chips) 
Seat 2: octavian1971 ($25.69 in chips) 
Seat 3: Tema_Guz ($10.15 in chips) 
Seat 4: GrozovaIra ($14.80 in chips) 
Seat 5: r1bkata ($11.41 in chips) 
Seat 6: Mahu2021 ($10.32 in chips) 
octavian1971: posts small blind $0.05
Tema_Guz: posts big blind $0.10
*** HOLE CARDS ***
Dealt to Mahu2021 [Jh 7s]
GrozovaIra: folds 
r1bkata: folds 
Mahu2021: folds 
Mùúh 22: folds 
octavian1971: raises $0.20 to $0.30
Tema_Guz: calls $0.20
*** FLOP *** [Td 6c 6h]
octavian1971: checks 
Tema_Guz: checks 
*** TURN *** [Td 6c 6h] [4h]
octavian1971: checks 
Tema_Guz: bets $0.43
octavian1971: calls $0.43
*** RIVER *** [Td 6c 6h 4h] [Ks]
octavian1971: checks 
Tema_Guz: bets $1.04
octavian1971: calls $1.04
*** SHOW DOWN ***
Tema_Guz: shows [9h Qd] (a pair of Sixes)
octavian1971: shows [As Kc] (two pair, Kings and Sixes)
octavian1971 collected $3.38 from pot
*** SUMMARY ***
Total pot $3.54 | Rake $0.16 
Board [Td 6c 6h 4h Ks]
Seat 1: Mùúh 22 (button) folded before Flop (didn't bet)
Seat 2: octavian1971 (small blind) showed [As Kc] and won ($3.38) with two pair, Kings and Sixes
Seat 3: Tema_Guz (big blind) showed [9h Qd] and lost with a pair of Sixes
Seat 4: GrozovaIra folded before Flop (didn't bet)
Seat 5: r1bkata folded before Flop (didn't bet)
Seat 6: Mahu2021 folded before Flop (didn't bet)



PokerStars Zoom Hand #255673633144:  Hold'em No Limit ($0.05/$0.10) - 2025/04/10 16:10:36 CET [2025/04/10 10:10:36 ET]
Table 'Aludra' 6-max Seat #1 is the button
Seat 1: Die8 ($11.75 in chips) 
Seat 2: Mahu2021 ($10.17 in chips) 
Seat 3: elChipLead3r ($10 in chips) 
Seat 4: Antitodo ($10.82 in chips) 
Seat 5: PokerSapiens1 ($5.20 in chips) 
Seat 6: ipcriss ($11.99 in chips) 
Mahu2021: posts small blind $0.05
elChipLead3r: posts big blind $0.10
*** HOLE CARDS ***
Dealt to Mahu2021 [3d Ks]
Antitodo: folds 
PokerSapiens1: raises $0.10 to $0.20
ipcriss: folds 
Die8: folds 
Mahu2021: folds 
elChipLead3r: folds 
Uncalled bet ($0.10) returned to PokerSapiens1
PokerSapiens1 collected $0.25 from pot
PokerSapiens1: doesn't show hand 
*** SUMMARY ***
Total pot $0.25 | Rake $0 
Seat 1: Die8 (button) folded before Flop (didn't bet)
Seat 2: Mahu2021 (small blind) folded before Flop
Seat 3: elChipLead3r (big blind) folded before Flop
Seat 4: Antitodo folded before Flop (didn't bet)
Seat 5: PokerSapiens1 collected ($0.25)
Seat 6: ipcriss folded before Flop (didn't bet)



PokerStars Zoom Hand #255673632018:  Hold'em No Limit ($0.05/$0.10) - 2025/04/10 16:10:29 CET [2025/04/10 10:10:29 ET]
Table 'Aludra' 6-max Seat #1 is the button
Seat 1: keirin459 ($12.05 in chips) 
Seat 2: PokerSapiens1 ($5 in chips) 
Seat 3: Clicker89 ($10 in chips) 
Seat 4: Mahu2021 ($10.17 in chips) 
Seat 5: Tema_Guz ($24.22 in chips) 
Seat 6: Luffy V ($19.65 in chips) 
PokerSapiens1: posts small blind $0.05
Clicker89: posts big blind $0.10
*** HOLE CARDS ***
Dealt to Mahu2021 [4d Qc]
Mahu2021: folds 
Tema_Guz: raises $0.20 to $0.30
Luffy V: raises $0.60 to $0.90
keirin459: folds 
PokerSapiens1: folds 
Clicker89: folds 
Tema_Guz: folds 
Uncalled bet ($0.60) returned to Luffy V
Luffy V collected $0.75 from pot
Luffy V: doesn't show hand 
*** SUMMARY ***
Total pot $0.75 | Rake $0 
Seat 1: keirin459 (button) folded before Flop (didn't bet)
Seat 2: PokerSapiens1 (small blind) folded before Flop
Seat 3: Clicker89 (big blind) folded before Flop
Seat 4: Mahu2021 folded before Flop (didn't bet)
Seat 5: Tema_Guz folded before Flop
Seat 6: Luffy V collected ($0.75)



PokerStars Zoom Hand #255673633647:  Hold'em No Limit ($0.05/$0.10) - 2025/04/10 16:10:39 CET [2025/04/10 10:10:39 ET]
Table 'Aludra' 6-max Seat #1 is the button
Seat 1: kesaDasdas ($6.84 in chips) 
Seat 2: Clicker89 ($10 in chips) 
Seat 3: Mahu2021 ($10.12 in chips) 
Seat 4: Die8 ($11.75 in chips) 
Seat 5: ipcriss ($11.99 in chips) 
Seat 6: pokersenis ($12.61 in chips) 
Clicker89: posts small blind $0.05
Mahu2021: posts big blind $0.10
*** HOLE CARDS ***
Dealt to Mahu2021 [6h 8d]
Die8: folds 
ipcriss: folds 
pokersenis: folds 
kesaDasdas: folds 
Clicker89: raises $0.20 to $0.30
Mahu2021: folds 
Uncalled bet ($0.20) returned to Clicker89
Clicker89 collected $0.20 from pot
Clicker89: doesn't show hand 
*** SUMMARY ***
Total pot $0.20 | Rake $0 
Seat 1: kesaDasdas (button) folded before Flop (didn't bet)
Seat 2: Clicker89 (small blind) collected ($0.20)
Seat 3: Mahu2021 (big blind) folded before Flop
Seat 4: Die8 folded before Flop (didn't bet)
Seat 5: ipcriss folded before Flop (didn't bet)
Seat 6: pokersenis folded before Flop (didn't bet)



PokerStars Zoom Hand #255673632651:  Hold'em No Limit ($0.05/$0.10) - 2025/04/10 16:10:33 CET [2025/04/10 10:10:33 ET]
Table 'Aludra' 6-max Seat #1 is the button
Seat 1: PokerSapiens1 ($3.12 in chips) 
Seat 2: ViktorVarchuk ($12.26 in chips) 
Seat 3: elChipLead3r ($10 in chips) 
Seat 4: Mahu2021 ($10.17 in chips) 
Seat 5: GrozovaIra ($10.18 in chips) 
Seat 6: willpea2 ($10.82 in chips) 
ViktorVarchuk: posts small blind $0.05
elChipLead3r: posts big blind $0.10
*** HOLE CARDS ***
Dealt to Mahu2021 [8h 7c]
Mahu2021: folds 
GrozovaIra: folds 
willpea2: raises $0.15 to $0.25
PokerSapiens1: folds 
ViktorVarchuk: folds 
elChipLead3r: raises $0.55 to $0.80
willpea2: raises $1.04 to $1.84
elChipLead3r: raises $8.16 to $10 and is all-in
willpea2: calls $8.16
*** FIRST FLOP *** [3d 3h Tc]
*** FIRST TURN *** [3d 3h Tc] [4d]
*** FIRST RIVER *** [3d 3h Tc 4d] [4s]
*** SECOND FLOP *** [7d 6s Kc]
*** SECOND TURN *** [7d 6s Kc] [8d]
*** SECOND RIVER *** [7d 6s Kc 8d] [5h]
*** FIRST SHOW DOWN ***
elChipLead3r: shows [Kh Ac] (two pair, Fours and Threes)
willpea2: shows [Ks Ah] (two pair, Fours and Threes)
elChipLead3r collected $4.79 from pot
willpea2 collected $4.79 from pot
*** SECOND SHOW DOWN ***
elChipLead3r: shows [Kh Ac] (a pair of Kings)
willpea2: shows [Ks Ah] (a pair of Kings)
elChipLead3r collected $4.79 from pot
willpea2 collected $4.78 from pot
*** SUMMARY ***
Total pot $20.05 | Rake $0.90 
Hand was run twice
FIRST Board [3d 3h Tc 4d 4s]
SECOND Board [7d 6s Kc 8d 5h]
Seat 1: PokerSapiens1 (button) folded before Flop (didn't bet)
Seat 2: ViktorVarchuk (small blind) folded before Flop
Seat 3: elChipLead3r (big blind) showed [Kh Ac] and won ($4.79) with two pair, Fours and Threes, and won ($4.79) with a pair of Kings
Seat 4: Mahu2021 folded before Flop (didn't bet)
Seat 5: GrozovaIra folded before Flop (didn't bet)
Seat 6: willpea2 showed [Ks Ah] and won ($4.79) with two pair, Fours and Threes, and won ($4.78) with a pair of Kings



PokerStars Zoom Hand #255673636544:  Hold'em No Limit ($0.05/$0.10) - 2025/04/10 16:10:56 CET [2025/04/10 10:10:56 ET]
Table 'Aludra' 6-max Seat #1 is the button
Seat 1: hogatto3 ($12.69 in chips) 
Seat 2: PROSTOZIDAR ($2.59 in chips) 
Seat 3: cooper202 ($8.70 in chips) 
Seat 4: maki8180 ($8.34 in chips) 
Seat 5: LUBOSF99 ($5.97 in chips) 
Seat 6: Mahu2021 ($10.02 in chips) 
PROSTOZIDAR: posts small blind $0.05
cooper202: posts big blind $0.10
*** HOLE CARDS ***
Dealt to Mahu2021 [Qh 9h]
maki8180: folds 
LUBOSF99: raises $0.10 to $0.20
Mahu2021: calls $0.20
hogatto3: folds 
PROSTOZIDAR: raises $2.39 to $2.59 and is all-in
cooper202: folds 
LUBOSF99: raises $3.38 to $5.97 and is all-in
Mahu2021: folds 
Uncalled bet ($3.38) returned to LUBOSF99
*** FLOP *** [3s Jc 2c]
*** TURN *** [3s Jc 2c] [8d]
*** RIVER *** [3s Jc 2c 8d] [3d]
*** SHOW DOWN ***
PROSTOZIDAR: shows [Ts Tc] (two pair, Tens and Threes)
LUBOSF99: shows [As Qc] (a pair of Threes)
PROSTOZIDAR collected $5.23 from pot
*** SUMMARY ***
Total pot $5.48 | Rake $0.25 
Board [3s Jc 2c 8d 3d]
Seat 1: hogatto3 (button) folded before Flop (didn't bet)
Seat 2: PROSTOZIDAR (small blind) showed [Ts Tc] and won ($5.23) with two pair, Tens and Threes
Seat 3: cooper202 (big blind) folded before Flop
Seat 4: maki8180 folded before Flop (didn't bet)
Seat 5: LUBOSF99 showed [As Qc] and lost with a pair of Threes
Seat 6: Mahu2021 folded before Flop



PokerStars Zoom Hand #255673631331:  Hold'em No Limit ($0.05/$0.10) - 2025/04/10 16:10:25 CET [2025/04/10 10:10:25 ET]
Table 'Aludra' 6-max Seat #1 is the button
Seat 1: jim.gr450 ($19.76 in chips) 
Seat 2: milchengel ($22.07 in chips) 
Seat 3: yorkeller ($17.21 in chips) 
Seat 4: pokersenis ($20.79 in chips) 
Seat 5: Mahu2021 ($10.17 in chips) 
Seat 6: DeosDraco777 ($9.65 in chips) 
milchengel: posts small blind $0.05
yorkeller: posts big blind $0.10
*** HOLE CARDS ***
Dealt to Mahu2021 [Jh 3h]
pokersenis: folds 
Mahu2021: folds 
DeosDraco777: raises $0.10 to $0.20
jim.gr450: folds 
milchengel: calls $0.15
yorkeller: calls $0.10
*** FLOP *** [8h 5h 6d]
milchengel: bets $0.30
yorkeller: raises $1.17 to $1.47
DeosDraco777: folds 
milchengel: calls $1.17
*** TURN *** [8h 5h 6d] [4c]
milchengel: checks 
yorkeller: bets $1.69
milchengel: calls $1.69
*** RIVER *** [8h 5h 6d 4c] [2d]
milchengel: bets $1.60
yorkeller: calls $1.60
*** SHOW DOWN ***
milchengel: shows [8d 5d] (two pair, Eights and Fives)
yorkeller: mucks hand 
milchengel collected $9.54 from pot
*** SUMMARY ***
Total pot $10.12 | Rake $0.58 
Board [8h 5h 6d 4c 2d]
Seat 1: jim.gr450 (button) folded before Flop (didn't bet)
Seat 2: milchengel (small blind) showed [8d 5d] and won ($9.54) with two pair, Eights and Fives
Seat 3: yorkeller (big blind) mucked [8c Qs]
Seat 4: pokersenis folded before Flop (didn't bet)
Seat 5: Mahu2021 folded before Flop (didn't bet)
Seat 6: DeosDraco777 folded on the Flop



PokerStars Zoom Hand #255673638708:  Hold'em No Limit ($0.05/$0.10) - 2025/04/10 16:11:10 CET [2025/04/10 10:11:10 ET]
Table 'Aludra' 6-max Seat #1 is the button
Seat 1: Mahu2021 ($9.82 in chips) 
Seat 2: keirin459 ($11.95 in chips) 
Seat 3: agusdecarca ($18.56 in chips) 
Seat 4: royacht ($7.50 in chips) 
Seat 5: Chakanicki ($6.03 in chips) 
Seat 6: SlipperySealion ($10 in chips) 
keirin459: posts small blind $0.05
agusdecarca: posts big blind $0.10
*** HOLE CARDS ***
Dealt to Mahu2021 [Ac Qd]
royacht: folds 
Chakanicki: folds 
SlipperySealion: folds 
Mahu2021: raises $0.20 to $0.30
keirin459: folds 
agusdecarca: folds 
Uncalled bet ($0.20) returned to Mahu2021
Mahu2021 collected $0.25 from pot
Mahu2021: doesn't show hand 
*** SUMMARY ***
Total pot $0.25 | Rake $0 
Seat 1: Mahu2021 (button) collected ($0.25)
Seat 2: keirin459 (small blind) folded before Flop
Seat 3: agusdecarca (big blind) folded before Flop
Seat 4: royacht folded before Flop (didn't bet)
Seat 5: Chakanicki folded before Flop (didn't bet)
Seat 6: SlipperySealion folded before Flop (didn't bet)



PokerStars Zoom Hand #255673641928:  Hold'em No Limit ($0.05/$0.10) - 2025/04/10 16:11:30 CET [2025/04/10 10:11:30 ET]
Table 'Aludra' 6-max Seat #1 is the button
Seat 1: agusdecarca ($18.41 in chips) 
Seat 2: cooper202 ($8.55 in chips) 
Seat 3: GrozovaIra ($10.13 in chips) 
Seat 4: Luffy V ($10.88 in chips) 
Seat 5: Mahu2021 ($9.97 in chips) 
Seat 6: pokersenis ($20.88 in chips) 
cooper202: posts small blind $0.05
GrozovaIra: posts big blind $0.10
*** HOLE CARDS ***
Dealt to Mahu2021 [Qh Ac]
Luffy V: folds 
Mahu2021: raises $0.12 to $0.22
pokersenis: folds 
agusdecarca: folds 
cooper202: calls $0.17
GrozovaIra: raises $0.93 to $1.15
Mahu2021: calls $0.93
cooper202: folds 
*** FLOP *** [5d Kd Ad]
GrozovaIra: checks 
Mahu2021: bets $1.10
GrozovaIra: folds 
Uncalled bet ($1.10) returned to Mahu2021
Mahu2021 collected $2.41 from pot
Mahu2021: doesn't show hand 
*** SUMMARY ***
Total pot $2.52 | Rake $0.11 
Board [5d Kd Ad]
Seat 1: agusdecarca (button) folded before Flop (didn't bet)
Seat 2: cooper202 (small blind) folded before Flop
Seat 3: GrozovaIra (big blind) folded on the Flop
Seat 4: Luffy V folded before Flop (didn't bet)
Seat 5: Mahu2021 collected ($2.41)
Seat 6: pokersenis folded before Flop (didn't bet)



PokerStars Zoom Hand #255673648854:  Hold'em No Limit ($0.05/$0.10) - 2025/04/10 16:12:13 CET [2025/04/10 10:12:13 ET]
Table 'Aludra' 6-max Seat #1 is the button
Seat 1: vassili_10 ($24.85 in chips) 
Seat 2: Alistair4567 ($18.53 in chips) 
Seat 3: Tema_Guz ($23.42 in chips) 
Seat 4: GrozovaIra ($10 in chips) 
Seat 5: Mahu2021 ($11.23 in chips) 
Seat 6: Luffy V ($19.60 in chips) 
Alistair4567: posts small blind $0.05
Tema_Guz: posts big blind $0.10
*** HOLE CARDS ***
Dealt to Mahu2021 [Jd Ts]
GrozovaIra: folds 
Mahu2021: folds 
Luffy V: folds 
vassili_10: raises $0.14 to $0.24
Alistair4567: folds 
Tema_Guz: folds 
Uncalled bet ($0.14) returned to vassili_10
vassili_10 collected $0.25 from pot
vassili_10: doesn't show hand 
*** SUMMARY ***
Total pot $0.25 | Rake $0 
Seat 1: vassili_10 (button) collected ($0.25)
Seat 2: Alistair4567 (small blind) folded before Flop
Seat 3: Tema_Guz (big blind) folded before Flop
Seat 4: GrozovaIra folded before Flop (didn't bet)
Seat 5: Mahu2021 folded before Flop (didn't bet)
Seat 6: Luffy V folded before Flop (didn't bet)



PokerStars Zoom Hand #255673649477:  Hold'em No Limit ($0.05/$0.10) - 2025/04/10 16:12:17 CET [2025/04/10 10:12:17 ET]
Table 'Aludra' 6-max Seat #1 is the button
Seat 1: Luffy V ($19.60 in chips) 
Seat 2: GrozovaIra ($10 in chips) 
Seat 3: Mahu2021 ($11.23 in chips) 
Seat 4: lionsaolin ($16.46 in chips) 
Seat 5: ViktorVarchuk ($18.17 in chips) 
Seat 6: anemoeis ($7.65 in chips) 
GrozovaIra: posts small blind $0.05
Mahu2021: posts big blind $0.10
*** HOLE CARDS ***
Dealt to Mahu2021 [3s 2d]
lionsaolin: folds 
ViktorVarchuk: folds 
anemoeis: folds 
Luffy V: folds 
GrozovaIra: raises $0.20 to $0.30
Mahu2021: calls $0.20
*** FLOP *** [6c 9d Td]
GrozovaIra: checks 
Mahu2021: bets $0.30
GrozovaIra: folds 
Uncalled bet ($0.30) returned to Mahu2021
Mahu2021 collected $0.57 from pot
Mahu2021: doesn't show hand 
*** SUMMARY ***
Total pot $0.60 | Rake $0.03 
Board [6c 9d Td]
Seat 1: Luffy V (button) folded before Flop (didn't bet)
Seat 2: GrozovaIra (small blind) folded on the Flop
Seat 3: Mahu2021 (big blind) collected ($0.57)
Seat 4: lionsaolin folded before Flop (didn't bet)
Seat 5: ViktorVarchuk folded before Flop (didn't bet)
Seat 6: anemoeis folded before Flop (didn't bet)



PokerStars Zoom Hand #255673652583:  Hold'em No Limit ($0.05/$0.10) - 2025/04/10 16:12:36 CET [2025/04/10 10:12:36 ET]
Table 'Aludra' 6-max Seat #1 is the button
Seat 1: SlipperySealion ($10 in chips) 
Seat 2: Mahu2021 ($11.50 in chips) 
Seat 3: BeTnAnOs ($4.70 in chips) 
Seat 4: hogatto3 ($15.80 in chips) 
Seat 5: pokersenis ($12.24 in chips) 
Seat 6: vassili_10 ($25 in chips) 
Mahu2021: posts small blind $0.05
BeTnAnOs: posts big blind $0.10
*** HOLE CARDS ***
Dealt to Mahu2021 [Ks Qd]
hogatto3: folds 
pokersenis: folds 
vassili_10: raises $0.14 to $0.24
SlipperySealion: raises $0.56 to $0.80
Mahu2021: folds 
BeTnAnOs: calls $0.70
vassili_10: calls $0.56
*** FLOP *** [4c Jc 5c]
BeTnAnOs: checks 
vassili_10: checks 
SlipperySealion: bets $0.50
BeTnAnOs: calls $0.50
vassili_10: folds 
*** TURN *** [4c Jc 5c] [2d]
BeTnAnOs: checks 
SlipperySealion: checks 
*** RIVER *** [4c Jc 5c 2d] [3h]
BeTnAnOs: bets $3.40 and is all-in
SlipperySealion: folds 
Uncalled bet ($3.40) returned to BeTnAnOs
BeTnAnOs collected $3.29 from pot
BeTnAnOs: doesn't show hand 
*** SUMMARY ***
Total pot $3.45 | Rake $0.16 
Board [4c Jc 5c 2d 3h]
Seat 1: SlipperySealion (button) folded on the River
Seat 2: Mahu2021 (small blind) folded before Flop
Seat 3: BeTnAnOs (big blind) collected ($3.29)
Seat 4: hogatto3 folded before Flop (didn't bet)
Seat 5: pokersenis folded before Flop (didn't bet)
Seat 6: vassili_10 folded on the Flop



PokerStars Zoom Hand #255673655034:  Hold'em No Limit ($0.05/$0.10) - 2025/04/10 16:12:51 CET [2025/04/10 10:12:51 ET]
Table 'Aludra' 6-max Seat #1 is the button
Seat 1: Mahu2021 ($11.45 in chips) 
Seat 2: Chakanicki ($4.85 in chips) 
Seat 3: Komezoo ($13.38 in chips) 
Seat 4: jim.gr450 ($11.72 in chips) 
Seat 5: cal9091 ($17.32 in chips) 
Seat 6: yorkeller ($12.60 in chips) 
Chakanicki: posts small blind $0.05
Komezoo: posts big blind $0.10
*** HOLE CARDS ***
Dealt to Mahu2021 [Tc Ts]
jim.gr450: folds 
cal9091: folds 
yorkeller: folds 
Mahu2021: raises $0.20 to $0.30
Chakanicki: folds 
Komezoo: raises $1 to $1.30
Mahu2021: calls $1
*** FLOP *** [9h 9d Jc]
Komezoo: bets $0.51
Mahu2021: calls $0.51
*** TURN *** [9h 9d Jc] [2s]
Komezoo: bets $2.90
Mahu2021: calls $2.90
*** RIVER *** [9h 9d Jc 2s] [3d]
Komezoo: checks 
Mahu2021: checks 
*** SHOW DOWN ***
Komezoo: shows [Qc Ks] (a pair of Nines)
Mahu2021: shows [Tc Ts] (two pair, Tens and Nines)
Mahu2021 collected $9.04 from pot
*** SUMMARY ***
Total pot $9.47 | Rake $0.43 
Board [9h 9d Jc 2s 3d]
Seat 1: Mahu2021 (button) showed [Tc Ts] and won ($9.04) with two pair, Tens and Nines
Seat 2: Chakanicki (small blind) folded before Flop
Seat 3: Komezoo (big blind) showed [Qc Ks] and lost with a pair of Nines
Seat 4: jim.gr450 folded before Flop (didn't bet)
Seat 5: cal9091 folded before Flop (didn't bet)
Seat 6: yorkeller folded before Flop (didn't bet)



PokerStars Zoom Hand #255673666635:  Hold'em No Limit ($0.05/$0.10) - 2025/04/10 16:14:03 CET [2025/04/10 10:14:03 ET]
Table 'Aludra' 6-max Seat #1 is the button
Seat 1: Mùúh 22 ($17.25 in chips) 
Seat 2: GrozovaIra ($10.42 in chips) 
Seat 3: jim.gr450 ($27.83 in chips) 
Seat 4: Mahu2021 ($15.78 in chips) 
Seat 5: agusdecarca ($17.25 in chips) 
Seat 6: gyusco33 ($13.39 in chips) 
GrozovaIra: posts small blind $0.05
jim.gr450: posts big blind $0.10
*** HOLE CARDS ***
Dealt to Mahu2021 [9h Ah]
Mahu2021: raises $0.20 to $0.30
agusdecarca: folds 
gyusco33: folds 
Mùúh 22: folds 
GrozovaIra: folds 
jim.gr450: folds 
Uncalled bet ($0.20) returned to Mahu2021
Mahu2021 collected $0.25 from pot
Mahu2021: doesn't show hand 
*** SUMMARY ***
Total pot $0.25 | Rake $0 
Seat 1: Mùúh 22 (button) folded before Flop (didn't bet)
Seat 2: GrozovaIra (small blind) folded before Flop
Seat 3: jim.gr450 (big blind) folded before Flop
Seat 4: Mahu2021 collected ($0.25)
Seat 5: agusdecarca folded before Flop (didn't bet)
Seat 6: gyusco33 folded before Flop (didn't bet)



PokerStars Zoom Hand #255673666019:  Hold'em No Limit ($0.05/$0.10) - 2025/04/10 16:13:59 CET [2025/04/10 10:13:59 ET]
Table 'Aludra' 6-max Seat #1 is the button
Seat 1: milchengel ($26.25 in chips) 
Seat 2: Merel3105 ($13.58 in chips) 
Seat 3: Yogui_jos ($10.45 in chips) 
Seat 4: GrozovaIra ($13.77 in chips) 
Seat 5: edi758 ($20.76 in chips) 
Seat 6: Mahu2021 ($15.78 in chips) 
Merel3105: posts small blind $0.05
Yogui_jos: posts big blind $0.10
*** HOLE CARDS ***
Dealt to Mahu2021 [3c 6h]
GrozovaIra: folds 
edi758: folds 
Mahu2021: folds 
milchengel: raises $0.10 to $0.20
Merel3105 has timed out
Merel3105: folds 
Yogui_jos: folds 
Uncalled bet ($0.10) returned to milchengel
milchengel collected $0.25 from pot
milchengel: doesn't show hand 
*** SUMMARY ***
Total pot $0.25 | Rake $0 
Seat 1: milchengel (button) collected ($0.25)
Seat 2: Merel3105 (small blind) folded before Flop
Seat 3: Yogui_jos (big blind) folded before Flop
Seat 4: GrozovaIra folded before Flop (didn't bet)
Seat 5: edi758 folded before Flop (didn't bet)
Seat 6: Mahu2021 folded before Flop (didn't bet)



PokerStars Zoom Hand #255673668477:  Hold'em No Limit ($0.05/$0.10) - 2025/04/10 16:14:14 CET [2025/04/10 10:14:14 ET]
Table 'Aludra' 6-max Seat #1 is the button
Seat 1: elChipLead3r ($10 in chips) 
Seat 2: 50´s Ghost ($10 in chips) 
Seat 3: maki8180 ($11 in chips) 
Seat 4: PokerSapiens1 ($3.07 in chips) 
Seat 5: Clicker89 ($10 in chips) 
Seat 6: Mahu2021 ($15.93 in chips) 
50´s Ghost: posts small blind $0.05
maki8180: posts big blind $0.10
*** HOLE CARDS ***
Dealt to Mahu2021 [Js Ac]
PokerSapiens1: folds 
Clicker89: folds 
Mahu2021: raises $0.20 to $0.30
elChipLead3r: folds 
50´s Ghost: folds 
maki8180: calls $0.20
*** FLOP *** [Kc 4h Qc]
maki8180: checks 
Mahu2021: bets $0.30
maki8180: calls $0.30
*** TURN *** [Kc 4h Qc] [Td]
maki8180: checks 
Mahu2021: checks 
*** RIVER *** [Kc 4h Qc Td] [2d]
maki8180: checks 
Mahu2021: bets $1.40
maki8180: folds 
Uncalled bet ($1.40) returned to Mahu2021
Mahu2021 collected $1.19 from pot
Mahu2021: doesn't show hand 
*** SUMMARY ***
Total pot $1.25 | Rake $0.06 
Board [Kc 4h Qc Td 2d]
Seat 1: elChipLead3r (button) folded before Flop (didn't bet)
Seat 2: 50´s Ghost (small blind) folded before Flop
Seat 3: maki8180 (big blind) folded on the River
Seat 4: PokerSapiens1 folded before Flop (didn't bet)
Seat 5: Clicker89 folded before Flop (didn't bet)
Seat 6: Mahu2021 collected ($1.19)



PokerStars Zoom Hand #255673674578:  Hold'em No Limit ($0.05/$0.10) - 2025/04/10 16:14:52 CET [2025/04/10 10:14:52 ET]
Table 'Aludra' 6-max Seat #1 is the button
Seat 1: 0ofreeo0 ($14.79 in chips) 
Seat 2: pokersenis ($20.88 in chips) 
Seat 3: doccian ($12.45 in chips) 
Seat 4: Mahu2021 ($16.52 in chips) 
Seat 5: hogatto3 ($17.34 in chips) 
Seat 6: ViktorVarchuk ($17.21 in chips) 
pokersenis: posts small blind $0.05
doccian: posts big blind $0.10
*** HOLE CARDS ***
Dealt to Mahu2021 [Jc 4c]
Mahu2021: folds 
hogatto3: raises $0.12 to $0.22
ViktorVarchuk: folds 
0ofreeo0: folds 
pokersenis: folds 
doccian: folds 
Uncalled bet ($0.12) returned to hogatto3
hogatto3 collected $0.25 from pot
hogatto3: doesn't show hand 
*** SUMMARY ***
Total pot $0.25 | Rake $0 
Seat 1: 0ofreeo0 (button) folded before Flop (didn't bet)
Seat 2: pokersenis (small blind) folded before Flop
Seat 3: doccian (big blind) folded before Flop
Seat 4: Mahu2021 folded before Flop (didn't bet)
Seat 5: hogatto3 collected ($0.25)
Seat 6: ViktorVarchuk folded before Flop (didn't bet)



PokerStars Zoom Hand #255673675290:  Hold'em No Limit ($0.05/$0.10) - 2025/04/10 16:14:56 CET [2025/04/10 10:14:56 ET]
Table 'Aludra' 6-max Seat #1 is the button
Seat 1: A_Rommel ($41.80 in chips) 
Seat 2: Shturaff ($11.39 in chips) 
Seat 3: Mahu2021 ($16.52 in chips) 
Seat 4: Komezoo ($10.15 in chips) 
Seat 5: octavian1971 ($29.91 in chips) 
Seat 6: PokerSapiens1 ($4.51 in chips) 
Shturaff: posts small blind $0.05
Mahu2021: posts big blind $0.10
*** HOLE CARDS ***
Dealt to Mahu2021 [Ah Kh]
Komezoo: folds 
octavian1971: folds 
PokerSapiens1: folds 
A_Rommel: folds 
Shturaff: raises $0.20 to $0.30
Mahu2021: raises $0.80 to $1.10
Shturaff: calls $0.80
*** FLOP *** [Ks 5h Tc]
Shturaff: checks 
Mahu2021: bets $2.10
Shturaff: folds 
Uncalled bet ($2.10) returned to Mahu2021
Mahu2021 collected $2.10 from pot
Mahu2021: doesn't show hand 
*** SUMMARY ***
Total pot $2.20 | Rake $0.10 
Board [Ks 5h Tc]
Seat 1: A_Rommel (button) folded before Flop (didn't bet)
Seat 2: Shturaff (small blind) folded on the Flop
Seat 3: Mahu2021 (big blind) collected ($2.10)
Seat 4: Komezoo folded before Flop (didn't bet)
Seat 5: octavian1971 folded before Flop (didn't bet)
Seat 6: PokerSapiens1 folded before Flop (didn't bet)



