PokerStars Zoom Hand #253908528363:  Hold'em No Limit ($0.05/$0.10) - 2024/12/18 15:51:09 CET [2024/12/18 9:51:09 ET]
Table 'Aludra' 6-max Seat #1 is the button
Seat 1: bmetoo ($10.55 in chips) 
Seat 2: 50´s Ghost ($11.50 in chips) 
Seat 3: Mahu2021 ($10 in chips) 
Seat 4: Silaliskis69 ($10.71 in chips) 
Seat 5: Cyborg_0113 ($10.45 in chips) 
Seat 6: bartez29 ($10 in chips) 
50´s Ghost: posts small blind $0.05
Mahu2021: posts big blind $0.10
*** HOLE CARDS ***
Dealt to Mahu2021 [2d Ad]
Silaliskis69: raises $0.10 to $0.20
Cyborg_0113: folds 
bartez29: folds 
bmetoo: folds 
50´s Ghost: folds 
Mahu2021: calls $0.10
*** FLOP *** [5h 4c 7s]
Mahu2021: checks 
Silaliskis69: checks 
*** TURN *** [5h 4c 7s] [9h]
Mahu2021: checks 
Silaliskis69: bets $0.20
Mahu2021: folds 
Uncalled bet ($0.20) returned to Silaliskis69
Silaliskis69 collected $0.43 from pot
Silaliskis69: doesn't show hand 
*** SUMMARY ***
Total pot $0.45 | Rake $0.02 
Board [5h 4c 7s 9h]
Seat 1: bmetoo (button) folded before Flop (didn't bet)
Seat 2: 50´s Ghost (small blind) folded before Flop
Seat 3: Mahu2021 (big blind) folded on the Turn
Seat 4: Silaliskis69 collected ($0.43)
Seat 5: Cyborg_0113 folded before Flop (didn't bet)
Seat 6: bartez29 folded before Flop (didn't bet)



PokerStars Zoom Hand #253908532052:  Hold'em No Limit ($0.05/$0.10) - 2024/12/18 15:51:29 CET [2024/12/18 9:51:29 ET]
Table 'Aludra' 6-max Seat #1 is the button
Seat 1: 50´s Ghost ($11.45 in chips) 
Seat 2: Mahu2021 ($9.80 in chips) 
Seat 3: pougia777 ($10.52 in chips) 
Seat 4: bartez29 ($10 in chips) 
Seat 5: Thesheep69 ($13.81 in chips) 
Seat 6: prkiller40 ($17.23 in chips) 
Mahu2021: posts small blind $0.05
pougia777: posts big blind $0.10
*** HOLE CARDS ***
Dealt to Mahu2021 [5s 2c]
bartez29: folds 
Thesheep69: folds 
prkiller40: folds 
50´s Ghost: folds 
Mahu2021: folds 
Uncalled bet ($0.05) returned to pougia777
pougia777 collected $0.10 from pot
pougia777: doesn't show hand 
*** SUMMARY ***
Total pot $0.10 | Rake $0 
Seat 1: 50´s Ghost (button) folded before Flop (didn't bet)
Seat 2: Mahu2021 (small blind) folded before Flop
Seat 3: pougia777 (big blind) collected ($0.10)
Seat 4: bartez29 folded before Flop (didn't bet)
Seat 5: Thesheep69 folded before Flop (didn't bet)
Seat 6: prkiller40 folded before Flop (didn't bet)



PokerStars Zoom Hand #253908532920:  Hold'em No Limit ($0.05/$0.10) - 2024/12/18 15:51:34 CET [2024/12/18 9:51:34 ET]
Table 'Aludra' 6-max Seat #1 is the button
Seat 1: Mahu2021 ($9.75 in chips) 
Seat 2: nbgd ($4.55 in chips) 
Seat 3: VitorArj ($13.81 in chips) 
Seat 4: prkiller40 ($17.23 in chips) 
Seat 5: brdoyle81 ($10 in chips) 
Seat 6: greu1943 ($3.30 in chips) 
nbgd: posts small blind $0.05
VitorArj: posts big blind $0.10
*** HOLE CARDS ***
Dealt to Mahu2021 [Jd Th]
prkiller40: raises $0.20 to $0.30
brdoyle81: folds 
greu1943: folds 
Mahu2021: calls $0.30
nbgd: folds 
VitorArj: folds 
*** FLOP *** [7d Qs 9c]
prkiller40: bets $0.40
Mahu2021: calls $0.40
*** TURN *** [7d Qs 9c] [7s]
prkiller40: checks 
Mahu2021: checks 
*** RIVER *** [7d Qs 9c 7s] [Kh]
prkiller40: checks 
Mahu2021: bets $1.48
prkiller40: folds 
Uncalled bet ($1.48) returned to Mahu2021
Mahu2021 collected $1.48 from pot
Mahu2021: doesn't show hand 
*** SUMMARY ***
Total pot $1.55 | Rake $0.07 
Board [7d Qs 9c 7s Kh]
Seat 1: Mahu2021 (button) collected ($1.48)
Seat 2: nbgd (small blind) folded before Flop
Seat 3: VitorArj (big blind) folded before Flop
Seat 4: prkiller40 folded on the River
Seat 5: brdoyle81 folded before Flop (didn't bet)
Seat 6: greu1943 folded before Flop (didn't bet)



PokerStars Zoom Hand #253908541863:  Hold'em No Limit ($0.05/$0.10) - 2024/12/18 15:52:23 CET [2024/12/18 9:52:23 ET]
Table 'Aludra' 6-max Seat #1 is the button
Seat 1: P1ntail ($13.17 in chips) 
Seat 2: timmy 2a ($13.49 in chips) 
Seat 3: Ritter00 ($4.23 in chips) 
Seat 4: QED42 ($11.48 in chips) 
Seat 5: Mahu2021 ($10.23 in chips) 
Seat 6: realgeo ($10 in chips) 
timmy 2a: posts small blind $0.05
Ritter00: posts big blind $0.10
*** HOLE CARDS ***
Dealt to Mahu2021 [Th 6h]
QED42: folds 
Mahu2021: folds 
realgeo: folds 
P1ntail: folds 
timmy 2a: folds 
Uncalled bet ($0.05) returned to Ritter00
Ritter00 collected $0.10 from pot
Ritter00: doesn't show hand 
*** SUMMARY ***
Total pot $0.10 | Rake $0 
Seat 1: P1ntail (button) folded before Flop (didn't bet)
Seat 2: timmy 2a (small blind) folded before Flop
Seat 3: Ritter00 (big blind) collected ($0.10)
Seat 4: QED42 folded before Flop (didn't bet)
Seat 5: Mahu2021 folded before Flop (didn't bet)
Seat 6: realgeo folded before Flop (didn't bet)



PokerStars Zoom Hand #253908538874:  Hold'em No Limit ($0.05/$0.10) - 2024/12/18 15:52:07 CET [2024/12/18 9:52:07 ET]
Table 'Aludra' 6-max Seat #1 is the button
Seat 1: Fatty1911 ($3.08 in chips) 
Seat 2: Silaliskis69 ($10.69 in chips) 
Seat 3: Thesheep69 ($14.09 in chips) 
Seat 4: mensebes ($9.31 in chips) 
Seat 5: MarkGillmor ($15.96 in chips) 
Seat 6: Mahu2021 ($10.53 in chips) 
Silaliskis69: posts small blind $0.05
Thesheep69: posts big blind $0.10
*** HOLE CARDS ***
Dealt to Mahu2021 [8h Kh]
mensebes: folds 
MarkGillmor: folds 
Mahu2021: raises $0.20 to $0.30
Fatty1911: raises $0.45 to $0.75
Silaliskis69: calls $0.70
Thesheep69: folds 
Mahu2021: folds 
*** FLOP *** [7d 3s 6s]
Silaliskis69: checks 
Fatty1911: bets $2.33 and is all-in
Silaliskis69: folds 
Uncalled bet ($2.33) returned to Fatty1911
Fatty1911 collected $1.81 from pot
Fatty1911: doesn't show hand 
*** SUMMARY ***
Total pot $1.90 | Rake $0.09 
Board [7d 3s 6s]
Seat 1: Fatty1911 (button) collected ($1.81)
Seat 2: Silaliskis69 (small blind) folded on the Flop
Seat 3: Thesheep69 (big blind) folded before Flop
Seat 4: mensebes folded before Flop (didn't bet)
Seat 5: MarkGillmor folded before Flop (didn't bet)
Seat 6: Mahu2021 folded before Flop



PokerStars Zoom Hand #253908542671:  Hold'em No Limit ($0.05/$0.10) - 2024/12/18 15:52:28 CET [2024/12/18 9:52:28 ET]
Table 'Aludra' 6-max Seat #1 is the button
Seat 1: Mùúh 22 ($10.42 in chips) 
Seat 2: rGiosa ($23.87 in chips) 
Seat 3: Rock_n_RollerT ($8.84 in chips) 
Seat 4: realgeo ($10 in chips) 
Seat 5: timmy 2a ($13.44 in chips) 
Seat 6: Mahu2021 ($10.23 in chips) 
rGiosa: posts small blind $0.05
Rock_n_RollerT: posts big blind $0.10
*** HOLE CARDS ***
Dealt to Mahu2021 [Td Jc]
realgeo: folds 
timmy 2a: raises $0.10 to $0.20
Mahu2021: folds 
Mùúh 22: folds 
rGiosa: folds 
Rock_n_RollerT: calls $0.10
*** FLOP *** [2s Ts Ks]
Rock_n_RollerT: checks 
timmy 2a: checks 
*** TURN *** [2s Ts Ks] [3h]
Rock_n_RollerT: bets $0.10
timmy 2a: calls $0.10
*** RIVER *** [2s Ts Ks 3h] [Qd]
Rock_n_RollerT: bets $0.10
timmy 2a: calls $0.10
*** SHOW DOWN ***
Rock_n_RollerT: shows [Ah Kc] (a pair of Kings)
timmy 2a: mucks hand 
Rock_n_RollerT collected $0.81 from pot
*** SUMMARY ***
Total pot $0.85 | Rake $0.04 
Board [2s Ts Ks 3h Qd]
Seat 1: Mùúh 22 (button) folded before Flop (didn't bet)
Seat 2: rGiosa (small blind) folded before Flop
Seat 3: Rock_n_RollerT (big blind) showed [Ah Kc] and won ($0.81) with a pair of Kings
Seat 4: realgeo folded before Flop (didn't bet)
Seat 5: timmy 2a mucked [5d 5h]
Seat 6: Mahu2021 folded before Flop (didn't bet)



PokerStars Zoom Hand #253908543369:  Hold'em No Limit ($0.05/$0.10) - 2024/12/18 15:52:31 CET [2024/12/18 9:52:31 ET]
Table 'Aludra' 6-max Seat #1 is the button
Seat 1: Ritter00 ($4.28 in chips) 
Seat 2: antoniciuc ($20.75 in chips) 
Seat 3: Mahu2021 ($10.23 in chips) 
Seat 4: vakalo ($20.39 in chips) 
Seat 5: Luffy V ($19.75 in chips) 
Seat 6: cybik945 ($10.16 in chips) 
antoniciuc: posts small blind $0.05
Mahu2021: posts big blind $0.10
*** HOLE CARDS ***
Dealt to Mahu2021 [4s 4c]
vakalo: folds 
Luffy V: raises $0.15 to $0.25
cybik945: folds 
Ritter00: folds 
antoniciuc: folds 
Mahu2021: calls $0.15
*** FLOP *** [Js Qh 9h]
Mahu2021: checks 
Luffy V: bets $0.16
Mahu2021: folds 
Uncalled bet ($0.16) returned to Luffy V
Luffy V collected $0.53 from pot
Luffy V: doesn't show hand 
*** SUMMARY ***
Total pot $0.55 | Rake $0.02 
Board [Js Qh 9h]
Seat 1: Ritter00 (button) folded before Flop (didn't bet)
Seat 2: antoniciuc (small blind) folded before Flop
Seat 3: Mahu2021 (big blind) folded on the Flop
Seat 4: vakalo folded before Flop (didn't bet)
Seat 5: Luffy V collected ($0.53)
Seat 6: cybik945 folded before Flop (didn't bet)



PokerStars Zoom Hand #253908549880:  Hold'em No Limit ($0.05/$0.10) - 2024/12/18 15:53:08 CET [2024/12/18 9:53:08 ET]
Table 'Aludra' 6-max Seat #1 is the button
Seat 1: realgeo ($20.34 in chips) 
Seat 2: xentoryl ($10.05 in chips) 
Seat 3: genmaitya ($10.38 in chips) 
Seat 4: Matheuzada ($8.82 in chips) 
Seat 5: Mahu2021 ($9.93 in chips) 
Seat 6: liebhabär ($12.05 in chips) 
xentoryl: posts small blind $0.05
genmaitya: posts big blind $0.10
*** HOLE CARDS ***
Dealt to Mahu2021 [Ad Ts]
Matheuzada: folds 
Mahu2021: raises $0.20 to $0.30
liebhabär: raises $0.60 to $0.90
realgeo: folds 
xentoryl: folds 
genmaitya: folds 
Mahu2021: folds 
Uncalled bet ($0.60) returned to liebhabär
liebhabär collected $0.75 from pot
liebhabär: doesn't show hand 
*** SUMMARY ***
Total pot $0.75 | Rake $0 
Seat 1: realgeo (button) folded before Flop (didn't bet)
Seat 2: xentoryl (small blind) folded before Flop
Seat 3: genmaitya (big blind) folded before Flop
Seat 4: Matheuzada folded before Flop (didn't bet)
Seat 5: Mahu2021 folded before Flop
Seat 6: liebhabär collected ($0.75)



PokerStars Zoom Hand #253908549112:  Hold'em No Limit ($0.05/$0.10) - 2024/12/18 15:53:04 CET [2024/12/18 9:53:04 ET]
Table 'Aludra' 6-max Seat #1 is the button
Seat 1: bissogro ($12.42 in chips) 
Seat 2: Mahu2021 ($9.98 in chips) 
Seat 3: Deox666 ($10 in chips) 
Seat 4: xentoryl ($10.05 in chips) 
Seat 5: McLovin060381 ($19.29 in chips) 
Seat 6: KRSofM ($14.13 in chips) 
Mahu2021: posts small blind $0.05
Deox666: posts big blind $0.10
*** HOLE CARDS ***
Dealt to Mahu2021 [4c Jh]
xentoryl: folds 
McLovin060381: raises $0.20 to $0.30
KRSofM: folds 
bissogro: folds 
Mahu2021: folds 
Deox666: calls $0.20
*** FLOP *** [7s 9h 3h]
Deox666: checks 
McLovin060381: checks 
*** TURN *** [7s 9h 3h] [7h]
Deox666: checks 
McLovin060381: bets $0.20
Deox666: folds 
Uncalled bet ($0.20) returned to McLovin060381
McLovin060381 collected $0.62 from pot
McLovin060381: doesn't show hand 
*** SUMMARY ***
Total pot $0.65 | Rake $0.03 
Board [7s 9h 3h 7h]
Seat 1: bissogro (button) folded before Flop (didn't bet)
Seat 2: Mahu2021 (small blind) folded before Flop
Seat 3: Deox666 (big blind) folded on the Turn
Seat 4: xentoryl folded before Flop (didn't bet)
Seat 5: McLovin060381 collected ($0.62)
Seat 6: KRSofM folded before Flop (didn't bet)



PokerStars Zoom Hand #253908548212:  Hold'em No Limit ($0.05/$0.10) - 2024/12/18 15:52:59 CET [2024/12/18 9:52:59 ET]
Table 'Aludra' 6-max Seat #1 is the button
Seat 1: Mahu2021 ($9.98 in chips) 
Seat 2: VitorArj ($11.94 in chips) 
Seat 3: bartez29 ($10 in chips) 
Seat 4: Luffy V ($20.03 in chips) 
Seat 5: mathiasfiske ($12.83 in chips) 
Seat 6: antoniciuc ($20.75 in chips) 
VitorArj: posts small blind $0.05
bartez29: posts big blind $0.10
*** HOLE CARDS ***
Dealt to Mahu2021 [Td 4d]
Luffy V: folds 
mathiasfiske: folds 
antoniciuc: raises $0.20 to $0.30
Mahu2021: folds 
VitorArj: raises $0.90 to $1.20
bartez29: folds 
antoniciuc: calls $0.90
*** FLOP *** [Jh Kc 8h]
VitorArj: bets $0.60
antoniciuc: folds 
Uncalled bet ($0.60) returned to VitorArj
VitorArj collected $2.39 from pot
VitorArj: doesn't show hand 
*** SUMMARY ***
Total pot $2.50 | Rake $0.11 
Board [Jh Kc 8h]
Seat 1: Mahu2021 (button) folded before Flop (didn't bet)
Seat 2: VitorArj (small blind) collected ($2.39)
Seat 3: bartez29 (big blind) folded before Flop
Seat 4: Luffy V folded before Flop (didn't bet)
Seat 5: mathiasfiske folded before Flop (didn't bet)
Seat 6: antoniciuc folded on the Flop



PokerStars Zoom Hand #253908553101:  Hold'em No Limit ($0.05/$0.10) - 2024/12/18 15:53:26 CET [2024/12/18 9:53:26 ET]
Table 'Aludra' 6-max Seat #1 is the button
Seat 1: Mallardz ($10.35 in chips) 
Seat 2: Mahu2021 ($9.63 in chips) 
Seat 3: Ritter00 ($2.15 in chips) 
Seat 4: nbgd ($5.84 in chips) 
Seat 5: KRSofM ($29.13 in chips) 
Seat 6: blindprotector ($10.51 in chips) 
Mahu2021: posts small blind $0.05
Ritter00: posts big blind $0.10
*** HOLE CARDS ***
Dealt to Mahu2021 [2d Js]
nbgd: folds 
KRSofM: folds 
blindprotector: raises $0.15 to $0.25
Mallardz: folds 
Mahu2021: folds 
Ritter00: folds 
Uncalled bet ($0.15) returned to blindprotector
blindprotector collected $0.25 from pot
blindprotector: doesn't show hand 
*** SUMMARY ***
Total pot $0.25 | Rake $0 
Seat 1: Mallardz (button) folded before Flop (didn't bet)
Seat 2: Mahu2021 (small blind) folded before Flop
Seat 3: Ritter00 (big blind) folded before Flop
Seat 4: nbgd folded before Flop (didn't bet)
Seat 5: KRSofM folded before Flop (didn't bet)
Seat 6: blindprotector collected ($0.25)



PokerStars Zoom Hand #253908554581:  Hold'em No Limit ($0.05/$0.10) - 2024/12/18 15:53:34 CET [2024/12/18 9:53:34 ET]
Table 'Aludra' 6-max Seat #1 is the button
Seat 1: QED42 ($12 in chips) 
Seat 2: Silaliskis69 ($10.28 in chips) 
Seat 3: Mahu2021 ($9.58 in chips) 
Seat 4: Luffy V ($17.84 in chips) 
Seat 5: brdoyle81 ($12.51 in chips) 
Seat 6: xentoryl ($10 in chips) 
Silaliskis69: posts small blind $0.05
Mahu2021: posts big blind $0.10
*** HOLE CARDS ***
Dealt to Mahu2021 [Jh 6c]
Luffy V: folds 
brdoyle81: folds 
xentoryl: folds 
QED42: folds 
Silaliskis69: folds 
Uncalled bet ($0.05) returned to Mahu2021
Mahu2021 collected $0.10 from pot
Mahu2021: doesn't show hand 
*** SUMMARY ***
Total pot $0.10 | Rake $0 
Seat 1: QED42 (button) folded before Flop (didn't bet)
Seat 2: Silaliskis69 (small blind) folded before Flop
Seat 3: Mahu2021 (big blind) collected ($0.10)
Seat 4: Luffy V folded before Flop (didn't bet)
Seat 5: brdoyle81 folded before Flop (didn't bet)
Seat 6: xentoryl folded before Flop (didn't bet)



PokerStars Zoom Hand #253908553960:  Hold'em No Limit ($0.05/$0.10) - 2024/12/18 15:53:31 CET [2024/12/18 9:53:31 ET]
Table 'Aludra' 6-max Seat #1 is the button
Seat 1: nbgd ($5.84 in chips) 
Seat 2: prkiller40 ($16.50 in chips) 
Seat 3: rGiosa ($23.67 in chips) 
Seat 4: Mahu2021 ($9.58 in chips) 
Seat 5: Silaliskis69 ($6.97 in chips) 
Seat 6: VitorArj ($13.13 in chips) 
prkiller40: posts small blind $0.05
rGiosa: posts big blind $0.10
*** HOLE CARDS ***
Dealt to Mahu2021 [6s Kd]
Mahu2021: folds 
Silaliskis69: raises $0.30 to $0.40
VitorArj: folds 
nbgd: folds 
prkiller40: folds 
rGiosa: folds 
Uncalled bet ($0.30) returned to Silaliskis69
Silaliskis69 collected $0.25 from pot
Silaliskis69: doesn't show hand 
*** SUMMARY ***
Total pot $0.25 | Rake $0 
Seat 1: nbgd (button) folded before Flop (didn't bet)
Seat 2: prkiller40 (small blind) folded before Flop
Seat 3: rGiosa (big blind) folded before Flop
Seat 4: Mahu2021 folded before Flop (didn't bet)
Seat 5: Silaliskis69 collected ($0.25)
Seat 6: VitorArj folded before Flop (didn't bet)



PokerStars Zoom Hand #253908556246:  Hold'em No Limit ($0.05/$0.10) - 2024/12/18 15:53:44 CET [2024/12/18 9:53:44 ET]
Table 'Aludra' 6-max Seat #1 is the button
Seat 1: greu1943 ($3.49 in chips) 
Seat 2: Thesheep69 ($10.20 in chips) 
Seat 3: Cheeeeerrss1 ($10.82 in chips) 
Seat 4: timmy 2a ($14.36 in chips) 
Seat 5: Mahu2021 ($9.63 in chips) 
Seat 6: Cyborg_0113 ($10.10 in chips) 
Thesheep69: posts small blind $0.05
Cheeeeerrss1: posts big blind $0.10
*** HOLE CARDS ***
Dealt to Mahu2021 [Ad Qc]
timmy 2a: folds 
Mahu2021: raises $0.20 to $0.30
Cyborg_0113: folds 
greu1943: folds 
Thesheep69: folds 
Cheeeeerrss1: folds 
Uncalled bet ($0.20) returned to Mahu2021
Mahu2021 collected $0.25 from pot
Mahu2021: doesn't show hand 
*** SUMMARY ***
Total pot $0.25 | Rake $0 
Seat 1: greu1943 (button) folded before Flop (didn't bet)
Seat 2: Thesheep69 (small blind) folded before Flop
Seat 3: Cheeeeerrss1 (big blind) folded before Flop
Seat 4: timmy 2a folded before Flop (didn't bet)
Seat 5: Mahu2021 collected ($0.25)
Seat 6: Cyborg_0113 folded before Flop (didn't bet)



PokerStars Zoom Hand #253908559893:  Hold'em No Limit ($0.05/$0.10) - 2024/12/18 15:54:04 CET [2024/12/18 9:54:04 ET]
Table 'Aludra' 6-max Seat #1 is the button
Seat 1: Mahu2021 ($9.78 in chips) 
Seat 2: MarkGillmor ($13.88 in chips) 
Seat 3: Deox666 ($13 in chips) 
Seat 4: zzz7zzz7zzz ($17.38 in chips) 
Seat 5: Ritter00 ($2.15 in chips) 
Seat 6: pandaman9010 ($7.86 in chips) 
MarkGillmor: posts small blind $0.05
Deox666: posts big blind $0.10
*** HOLE CARDS ***
Dealt to Mahu2021 [Ad 4s]
zzz7zzz7zzz: raises $0.10 to $0.20
Ritter00: folds 
pandaman9010: folds 
Mahu2021: calls $0.20
MarkGillmor: folds 
Deox666: calls $0.10
*** FLOP *** [Tc 3h 2s]
Deox666: checks 
zzz7zzz7zzz: bets $0.31
Mahu2021: calls $0.31
Deox666: folds 
*** TURN *** [Tc 3h 2s] [5c]
zzz7zzz7zzz: checks 
Mahu2021: bets $0.40
zzz7zzz7zzz: calls $0.40
*** RIVER *** [Tc 3h 2s 5c] [3s]
zzz7zzz7zzz: checks 
Mahu2021: bets $1.98
zzz7zzz7zzz: calls $1.98
*** SHOW DOWN ***
Mahu2021: shows [Ad 4s] (a straight, Ace to Five)
zzz7zzz7zzz: mucks hand 
Mahu2021 collected $5.76 from pot
*** SUMMARY ***
Total pot $6.03 | Rake $0.27 
Board [Tc 3h 2s 5c 3s]
Seat 1: Mahu2021 (button) showed [Ad 4s] and won ($5.76) with a straight, Ace to Five
Seat 2: MarkGillmor (small blind) folded before Flop
Seat 3: Deox666 (big blind) folded on the Flop
Seat 4: zzz7zzz7zzz mucked [Kd Kh]
Seat 5: Ritter00 folded before Flop (didn't bet)
Seat 6: pandaman9010 folded before Flop (didn't bet)



PokerStars Zoom Hand #253908565516:  Hold'em No Limit ($0.05/$0.10) - 2024/12/18 15:54:36 CET [2024/12/18 9:54:36 ET]
Table 'Aludra' 6-max Seat #1 is the button
Seat 1: VitorArj ($10 in chips) 
Seat 2: KRSofM ($9.82 in chips) 
Seat 3: serotonine91 ($10 in chips) 
Seat 4: G.MASTER2010 ($7.30 in chips) 
Seat 5: Silaliskis69 ($7.12 in chips) 
Seat 6: Mahu2021 ($12.65 in chips) 
KRSofM: posts small blind $0.05
serotonine91: posts big blind $0.10
*** HOLE CARDS ***
Dealt to Mahu2021 [Jd 6c]
G.MASTER2010: folds 
Silaliskis69: raises $0.40 to $0.50
Mahu2021: folds 
VitorArj: folds 
KRSofM: folds 
serotonine91: folds 
Uncalled bet ($0.40) returned to Silaliskis69
Silaliskis69 collected $0.25 from pot
Silaliskis69: doesn't show hand 
*** SUMMARY ***
Total pot $0.25 | Rake $0 
Seat 1: VitorArj (button) folded before Flop (didn't bet)
Seat 2: KRSofM (small blind) folded before Flop
Seat 3: serotonine91 (big blind) folded before Flop
Seat 4: G.MASTER2010 folded before Flop (didn't bet)
Seat 5: Silaliskis69 collected ($0.25)
Seat 6: Mahu2021 folded before Flop (didn't bet)



PokerStars Zoom Hand #253908568210:  Hold'em No Limit ($0.05/$0.10) - 2024/12/18 15:54:51 CET [2024/12/18 9:54:51 ET]
Table 'Aludra' 6-max Seat #1 is the button
Seat 1: Cheeeeerrss1 ($15.05 in chips) 
Seat 2: Mahu2021 ($12.65 in chips) 
Seat 3: brdoyle81 ($12.51 in chips) 
Seat 4: blindprotector ($11.84 in chips) 
Seat 5: SuperAlex23 ($9.37 in chips) 
Seat 6: Deox666 ($10 in chips) 
Mahu2021: posts small blind $0.05
brdoyle81: posts big blind $0.10
*** HOLE CARDS ***
Dealt to Mahu2021 [Qc Qs]
blindprotector: folds 
SuperAlex23: folds 
Deox666: folds 
Cheeeeerrss1: folds 
Mahu2021: raises $0.20 to $0.30
brdoyle81: folds 
Uncalled bet ($0.20) returned to Mahu2021
Mahu2021 collected $0.20 from pot
Mahu2021: doesn't show hand 
*** SUMMARY ***
Total pot $0.20 | Rake $0 
Seat 1: Cheeeeerrss1 (button) folded before Flop (didn't bet)
Seat 2: Mahu2021 (small blind) collected ($0.20)
Seat 3: brdoyle81 (big blind) folded before Flop
Seat 4: blindprotector folded before Flop (didn't bet)
Seat 5: SuperAlex23 folded before Flop (didn't bet)
Seat 6: Deox666 folded before Flop (didn't bet)



PokerStars Zoom Hand #253908571029:  Hold'em No Limit ($0.05/$0.10) - 2024/12/18 15:55:07 CET [2024/12/18 9:55:07 ET]
Table 'Aludra' 6-max Seat #1 is the button
Seat 1: P1ntail ($15.88 in chips) 
Seat 2: gp motos ($14.53 in chips) 
Seat 3: Mahu2021 ($12.75 in chips) 
Seat 4: nekt13_verou ($10.43 in chips) 
Seat 5: Ritter00 ($6.93 in chips) 
Seat 6: 50´s Ghost ($12.37 in chips) 
gp motos: posts small blind $0.05
Mahu2021: posts big blind $0.10
*** HOLE CARDS ***
Dealt to Mahu2021 [6d Tc]
nekt13_verou: raises $0.20 to $0.30
Ritter00: folds 
50´s Ghost: folds 
P1ntail: folds 
gp motos: folds 
Mahu2021: folds 
Uncalled bet ($0.20) returned to nekt13_verou
nekt13_verou collected $0.25 from pot
nekt13_verou: doesn't show hand 
*** SUMMARY ***
Total pot $0.25 | Rake $0 
Seat 1: P1ntail (button) folded before Flop (didn't bet)
Seat 2: gp motos (small blind) folded before Flop
Seat 3: Mahu2021 (big blind) folded before Flop
Seat 4: nekt13_verou collected ($0.25)
Seat 5: Ritter00 folded before Flop (didn't bet)
Seat 6: 50´s Ghost folded before Flop (didn't bet)



