PokerStars Zoom Hand #255429984246:  Hold'em No Limit ($0.05/$0.10) - 2025/03/24 12:18:07 CET [2025/03/24 7:18:07 ET]
Table 'Aludra' 6-max Seat #1 is the button
Seat 1: $isko917 ($10 in chips) 
Seat 2: Gregory.M23 ($11.03 in chips) 
Seat 3: Mahu2021 ($10 in chips) 
Seat 4: Clicker89 ($10.36 in chips) 
Seat 5: oocs ($15.91 in chips) 
Seat 6: 7stanbul ($19.34 in chips) 
Gregory.M23: posts small blind $0.05
Mahu2021: posts big blind $0.10
*** HOLE CARDS ***
Dealt to Mahu2021 [4s Qc]
Clicker89: folds 
oocs: folds 
7stanbul: folds 
$isko917: raises $0.14 to $0.24
Gregory.M23: folds 
Mahu2021: folds 
Uncalled bet ($0.14) returned to $isko917
$isko917 collected $0.25 from pot
$isko917: doesn't show hand 
*** SUMMARY ***
Total pot $0.25 | Rake $0 
Seat 1: $isko917 (button) collected ($0.25)
Seat 2: Gregory.M23 (small blind) folded before Flop
Seat 3: Mahu2021 (big blind) folded before Flop
Seat 4: Clicker89 folded before Flop (didn't bet)
Seat 5: oocs folded before Flop (didn't bet)
Seat 6: 7stanbul folded before Flop (didn't bet)



PokerStars Zoom Hand #255429985485:  Hold'em No Limit ($0.05/$0.10) - 2025/03/24 12:18:17 CET [2025/03/24 7:18:17 ET]
Table 'Aludra' 6-max Seat #1 is the button
Seat 1: Andreesen ($10 in chips) 
Seat 2: Mahu2021 ($9.90 in chips) 
Seat 3: aggovic ($10 in chips) 
Seat 4: Bobbymcgee99 ($27.60 in chips) 
Seat 5: Paganini171 ($0.98 in chips) 
Seat 6: Smailodon ($4.25 in chips) 
Mahu2021: posts small blind $0.05
aggovic: posts big blind $0.10
*** HOLE CARDS ***
Dealt to Mahu2021 [Jh 6h]
Bobbymcgee99: folds 
Paganini171: raises $0.70 to $0.80
Smailodon: folds 
Andreesen: folds 
Mahu2021: folds 
aggovic: folds 
Uncalled bet ($0.70) returned to Paganini171
Paganini171 collected $0.25 from pot
Paganini171: doesn't show hand 
*** SUMMARY ***
Total pot $0.25 | Rake $0 
Seat 1: Andreesen (button) folded before Flop (didn't bet)
Seat 2: Mahu2021 (small blind) folded before Flop
Seat 3: aggovic (big blind) folded before Flop
Seat 4: Bobbymcgee99 folded before Flop (didn't bet)
Seat 5: Paganini171 collected ($0.25)
Seat 6: Smailodon folded before Flop (didn't bet)



PokerStars Zoom Hand #255429986921:  Hold'em No Limit ($0.05/$0.10) - 2025/03/24 12:18:30 CET [2025/03/24 7:18:30 ET]
Table 'Aludra' 6-max Seat #1 is the button
Seat 1: Mahu2021 ($9.85 in chips) 
Seat 2: superbrono ($4.70 in chips) 
Seat 3: Andreesen ($11.47 in chips) 
Seat 4: Campbell0305 ($4.85 in chips) 
Seat 5: Smailodon ($4.20 in chips) 
Seat 6: sirexim ($4.85 in chips) 
superbrono: posts small blind $0.05
Andreesen: posts big blind $0.10
*** HOLE CARDS ***
Dealt to Mahu2021 [Tc 9s]
Campbell0305: raises $0.20 to $0.30
Smailodon: folds 
sirexim: folds 
Mahu2021: folds 
superbrono: folds 
Andreesen: folds 
Uncalled bet ($0.20) returned to Campbell0305
Campbell0305 collected $0.25 from pot
Campbell0305: doesn't show hand 
*** SUMMARY ***
Total pot $0.25 | Rake $0 
Seat 1: Mahu2021 (button) folded before Flop (didn't bet)
Seat 2: superbrono (small blind) folded before Flop
Seat 3: Andreesen (big blind) folded before Flop
Seat 4: Campbell0305 collected ($0.25)
Seat 5: Smailodon folded before Flop (didn't bet)
Seat 6: sirexim folded before Flop (didn't bet)



PokerStars Zoom Hand #255429987578:  Hold'em No Limit ($0.05/$0.10) - 2025/03/24 12:18:36 CET [2025/03/24 7:18:36 ET]
Table 'Aludra' 6-max Seat #1 is the button
Seat 1: BluffsLord ($16.06 in chips) 
Seat 2: Paganini171 ($1.13 in chips) 
Seat 3: Danitureza ($11.59 in chips) 
Seat 4: Mahu2021 ($9.85 in chips) 
Seat 5: sirexim ($4.85 in chips) 
Seat 6: aggovic ($10 in chips) 
Paganini171: posts small blind $0.05
Danitureza: posts big blind $0.10
*** HOLE CARDS ***
Dealt to Mahu2021 [5c Jd]
Mahu2021: folds 
sirexim: folds 
aggovic: folds 
BluffsLord: folds 
Paganini171: folds 
Uncalled bet ($0.05) returned to Danitureza
Danitureza collected $0.10 from pot
Danitureza: doesn't show hand 
*** SUMMARY ***
Total pot $0.10 | Rake $0 
Seat 1: BluffsLord (button) folded before Flop (didn't bet)
Seat 2: Paganini171 (small blind) folded before Flop
Seat 3: Danitureza (big blind) collected ($0.10)
Seat 4: Mahu2021 folded before Flop (didn't bet)
Seat 5: sirexim folded before Flop (didn't bet)
Seat 6: aggovic folded before Flop (didn't bet)



PokerStars Zoom Hand #255429988162:  Hold'em No Limit ($0.05/$0.10) - 2025/03/24 12:18:41 CET [2025/03/24 7:18:41 ET]
Table 'Aludra' 6-max Seat #1 is the button
Seat 1: Yash1ch ($4.24 in chips) 
Seat 2: Campbell0305 ($5 in chips) 
Seat 3: Mahu2021 ($9.85 in chips) 
Seat 4: sirexim ($4.85 in chips) 
Seat 5: aggovic ($10 in chips) 
Seat 6: Danitureza ($13.10 in chips) 
Campbell0305: posts small blind $0.05
Mahu2021: posts big blind $0.10
*** HOLE CARDS ***
Dealt to Mahu2021 [5s 8h]
sirexim: folds 
aggovic: folds 
Danitureza: folds 
Yash1ch: folds 
Campbell0305: raises $0.20 to $0.30
Mahu2021: folds 
Uncalled bet ($0.20) returned to Campbell0305
Campbell0305 collected $0.20 from pot
Campbell0305: doesn't show hand 
*** SUMMARY ***
Total pot $0.20 | Rake $0 
Seat 1: Yash1ch (button) folded before Flop (didn't bet)
Seat 2: Campbell0305 (small blind) collected ($0.20)
Seat 3: Mahu2021 (big blind) folded before Flop
Seat 4: sirexim folded before Flop (didn't bet)
Seat 5: aggovic folded before Flop (didn't bet)
Seat 6: Danitureza folded before Flop (didn't bet)



PokerStars Zoom Hand #255429985997:  Hold'em No Limit ($0.05/$0.10) - 2025/03/24 12:18:22 CET [2025/03/24 7:18:22 ET]
Table 'Aludra' 6-max Seat #1 is the button
Seat 1: like.yasu119 ($9.70 in chips) 
Seat 2: Smailodon ($4.25 in chips) 
Seat 3: Bobbymcgee99 ($27.60 in chips) 
Seat 4: afwing16 ($14.41 in chips) 
Seat 5: $isko917 ($10.80 in chips) 
Seat 6: Mahu2021 ($9.85 in chips) 
Smailodon: posts small blind $0.05
Bobbymcgee99: posts big blind $0.10
*** HOLE CARDS ***
Dealt to Mahu2021 [Jh 9h]
afwing16: folds 
$isko917: folds 
Mahu2021: folds 
like.yasu119: raises $0.10 to $0.20
Smailodon: folds 
Bobbymcgee99: calls $0.10
*** FLOP *** [3c 5c Th]
Bobbymcgee99: checks 
like.yasu119: bets $0.22
Bobbymcgee99: folds 
Uncalled bet ($0.22) returned to like.yasu119
like.yasu119 collected $0.43 from pot
like.yasu119: doesn't show hand 
*** SUMMARY ***
Total pot $0.45 | Rake $0.02 
Board [3c 5c Th]
Seat 1: like.yasu119 (button) collected ($0.43)
Seat 2: Smailodon (small blind) folded before Flop
Seat 3: Bobbymcgee99 (big blind) folded on the Flop
Seat 4: afwing16 folded before Flop (didn't bet)
Seat 5: $isko917 folded before Flop (didn't bet)
Seat 6: Mahu2021 folded before Flop (didn't bet)



PokerStars Zoom Hand #255429989193:  Hold'em No Limit ($0.05/$0.10) - 2025/03/24 12:18:50 CET [2025/03/24 7:18:50 ET]
Table 'Aludra' 6-max Seat #1 is the button
Seat 1: nitro3grain ($13.49 in chips) 
Seat 2: Mahu2021 ($9.75 in chips) 
Seat 3: $isko917 ($10.80 in chips) 
Seat 4: oocs ($14.56 in chips) 
Seat 5: Yash1ch ($4.24 in chips) 
Seat 6: BluffsLord ($12.84 in chips) 
Mahu2021: posts small blind $0.05
$isko917: posts big blind $0.10
*** HOLE CARDS ***
Dealt to Mahu2021 [Ac 4h]
oocs: raises $0.15 to $0.25
Yash1ch: folds 
BluffsLord: folds 
nitro3grain: folds 
Mahu2021: folds 
$isko917: folds 
Uncalled bet ($0.15) returned to oocs
oocs collected $0.25 from pot
oocs: doesn't show hand 
*** SUMMARY ***
Total pot $0.25 | Rake $0 
Seat 1: nitro3grain (button) folded before Flop (didn't bet)
Seat 2: Mahu2021 (small blind) folded before Flop
Seat 3: $isko917 (big blind) folded before Flop
Seat 4: oocs collected ($0.25)
Seat 5: Yash1ch folded before Flop (didn't bet)
Seat 6: BluffsLord folded before Flop (didn't bet)



PokerStars Zoom Hand #255429990136:  Hold'em No Limit ($0.05/$0.10) - 2025/03/24 12:18:58 CET [2025/03/24 7:18:58 ET]
Table 'Aludra' 6-max Seat #1 is the button
Seat 1: Alexkrycek88 ($19.79 in chips) 
Seat 2: DH1996LFC ($8.77 in chips) 
Seat 3: Danitureza ($13.05 in chips) 
Seat 4: the_luggster ($14.69 in chips) 
Seat 5: Mahu2021 ($9.70 in chips) 
Seat 6: Campbell0305 ($5.10 in chips) 
DH1996LFC: posts small blind $0.05
Danitureza: posts big blind $0.10
*** HOLE CARDS ***
Dealt to Mahu2021 [Ac Ah]
the_luggster: folds 
Mahu2021: raises $0.14 to $0.24
Campbell0305: folds 
Alexkrycek88: folds 
DH1996LFC: raises $0.54 to $0.78
Danitureza: folds 
Mahu2021: raises $8.92 to $9.70 and is all-in
DH1996LFC: calls $7.99 and is all-in
Uncalled bet ($0.93) returned to Mahu2021
*** FLOP *** [Td Qd 4d]
*** TURN *** [Td Qd 4d] [Kh]
*** RIVER *** [Td Qd 4d Kh] [3s]
*** SHOW DOWN ***
DH1996LFC: shows [As Kd] (a pair of Kings)
Mahu2021: shows [Ac Ah] (a pair of Aces)
Mahu2021 cashed out the hand for $15.28 | Cash Out Fee $0.31
*** SUMMARY ***
Total pot $17.64 | Rake $0.79 
Board [Td Qd 4d Kh 3s]
Seat 1: Alexkrycek88 (button) folded before Flop (didn't bet)
Seat 2: DH1996LFC (small blind) showed [As Kd] and lost with a pair of Kings
Seat 3: Danitureza (big blind) folded before Flop
Seat 4: the_luggster folded before Flop (didn't bet)
Seat 5: Mahu2021 showed [Ac Ah] and won ($16.85) with a pair of Aces (pot not awarded as player cashed out)
Seat 6: Campbell0305 folded before Flop (didn't bet)



PokerStars Zoom Hand #255429992942:  Hold'em No Limit ($0.05/$0.10) - 2025/03/24 12:19:23 CET [2025/03/24 7:19:23 ET]
Table 'Aludra' 6-max Seat #1 is the button
Seat 1: Mahu2021 ($16.21 in chips) 
Seat 2: Danitureza ($12.95 in chips) 
Seat 3: Andreesen ($11.32 in chips) 
Seat 4: decao-uchiha ($18.02 in chips) 
Seat 5: Bobbymcgee99 ($27.35 in chips) 
Seat 6: Alexkrycek88 ($19.59 in chips) 
Danitureza: posts small blind $0.05
Andreesen: posts big blind $0.10
*** HOLE CARDS ***
Dealt to Mahu2021 [3s 3h]
decao-uchiha: folds 
Bobbymcgee99: folds 
Alexkrycek88: folds 
Mahu2021: raises $0.14 to $0.24
Danitureza: folds 
Andreesen: folds 
Uncalled bet ($0.14) returned to Mahu2021
Mahu2021 collected $0.25 from pot
Mahu2021: doesn't show hand 
*** SUMMARY ***
Total pot $0.25 | Rake $0 
Seat 1: Mahu2021 (button) collected ($0.25)
Seat 2: Danitureza (small blind) folded before Flop
Seat 3: Andreesen (big blind) folded before Flop
Seat 4: decao-uchiha folded before Flop (didn't bet)
Seat 5: Bobbymcgee99 folded before Flop (didn't bet)
Seat 6: Alexkrycek88 folded before Flop (didn't bet)



PokerStars Zoom Hand #255430009201:  Hold'em No Limit ($0.05/$0.10) - 2025/03/24 12:21:45 CET [2025/03/24 7:21:45 ET]
Table 'Aludra' 6-max Seat #1 is the button
Seat 1: kalamitsis ($12.27 in chips) 
Seat 2: Mahu2021 ($16.26 in chips) 
Seat 3: Reddington567 ($39.50 in chips) 
Seat 4: shj13 ($20.99 in chips) 
Seat 5: $isko917 ($12.84 in chips) 
Seat 6: afwing16 ($14.56 in chips) 
Mahu2021: posts small blind $0.05
Reddington567: posts big blind $0.10
*** HOLE CARDS ***
Dealt to Mahu2021 [Td 9c]
shj13: folds 
$isko917: folds 
afwing16: folds 
kalamitsis: folds 
Mahu2021: folds 
Uncalled bet ($0.05) returned to Reddington567
Reddington567 collected $0.10 from pot
Reddington567: doesn't show hand 
*** SUMMARY ***
Total pot $0.10 | Rake $0 
Seat 1: kalamitsis (button) folded before Flop (didn't bet)
Seat 2: Mahu2021 (small blind) folded before Flop
Seat 3: Reddington567 (big blind) collected ($0.10)
Seat 4: shj13 folded before Flop (didn't bet)
Seat 5: $isko917 folded before Flop (didn't bet)
Seat 6: afwing16 folded before Flop (didn't bet)



PokerStars Zoom Hand #255430009786:  Hold'em No Limit ($0.05/$0.10) - 2025/03/24 12:21:50 CET [2025/03/24 7:21:50 ET]
Table 'Aludra' 6-max Seat #1 is the button
Seat 1: kalamitsis ($9.15 in chips) 
Seat 2: shj13 ($20.99 in chips) 
Seat 3: Yash1ch ($5.15 in chips) 
Seat 4: Mahu2021 ($16.21 in chips) 
Seat 5: Smailodon ($5.02 in chips) 
Seat 6: $isko917 ($12.84 in chips) 
shj13: posts small blind $0.05
Yash1ch: posts big blind $0.10
*** HOLE CARDS ***
Dealt to Mahu2021 [7h 3d]
Mahu2021: folds 
Smailodon: folds 
$isko917: folds 
kalamitsis: folds 
shj13: folds 
Uncalled bet ($0.05) returned to Yash1ch
Yash1ch collected $0.10 from pot
Yash1ch: doesn't show hand 
*** SUMMARY ***
Total pot $0.10 | Rake $0 
Seat 1: kalamitsis (button) folded before Flop (didn't bet)
Seat 2: shj13 (small blind) folded before Flop
Seat 3: Yash1ch (big blind) collected ($0.10)
Seat 4: Mahu2021 folded before Flop (didn't bet)
Seat 5: Smailodon folded before Flop (didn't bet)
Seat 6: $isko917 folded before Flop (didn't bet)



PokerStars Zoom Hand #255430007585:  Hold'em No Limit ($0.05/$0.10) - 2025/03/24 12:21:31 CET [2025/03/24 7:21:31 ET]
Table 'Aludra' 6-max Seat #1 is the button
Seat 1: Campbell0305 ($2.92 in chips) 
Seat 2: Drachaon2 ($10 in chips) 
Seat 3: Mahu2021 ($16.36 in chips) 
Seat 4: Firthb ($9.15 in chips) 
Seat 5: luckyagainn ($10 in chips) 
Seat 6: $isko917 ($10 in chips) 
Drachaon2: posts small blind $0.05
Mahu2021: posts big blind $0.10
*** HOLE CARDS ***
Dealt to Mahu2021 [Jd Kd]
Firthb: calls $0.10
luckyagainn: raises $0.30 to $0.40
$isko917: folds 
Campbell0305: folds 
Drachaon2: raises $0.90 to $1.30
Mahu2021: folds 
Firthb: raises $0.90 to $2.20
luckyagainn: folds 
Drachaon2: folds 
Uncalled bet ($0.90) returned to Firthb
Firthb collected $3.10 from pot
Firthb: doesn't show hand 
*** SUMMARY ***
Total pot $3.10 | Rake $0 
Seat 1: Campbell0305 (button) folded before Flop (didn't bet)
Seat 2: Drachaon2 (small blind) folded before Flop
Seat 3: Mahu2021 (big blind) folded before Flop
Seat 4: Firthb collected ($3.10)
Seat 5: luckyagainn folded before Flop
Seat 6: $isko917 folded before Flop (didn't bet)



PokerStars Zoom Hand #255430007190:  Hold'em No Limit ($0.05/$0.10) - 2025/03/24 12:21:28 CET [2025/03/24 7:21:28 ET]
Table 'Aludra' 6-max Seat #1 is the button
Seat 1: Yash1ch ($5.20 in chips) 
Seat 2: Andreesen ($10.15 in chips) 
Seat 3: koin1234 ($10.40 in chips) 
Seat 4: Isay2345678 ($9.85 in chips) 
Seat 5: kalamitsis ($12.27 in chips) 
Seat 6: Mahu2021 ($16.36 in chips) 
Andreesen: posts small blind $0.05
koin1234: posts big blind $0.10
*** HOLE CARDS ***
Dealt to Mahu2021 [3h 7d]
Isay2345678: folds 
kalamitsis: folds 
Mahu2021: folds 
Yash1ch: folds 
Andreesen: raises $0.20 to $0.30
koin1234: calls $0.20
*** FLOP *** [6h Qc 6d]
Andreesen: checks 
koin1234: checks 
*** TURN *** [6h Qc 6d] [Jc]
Andreesen: checks 
koin1234: checks 
*** RIVER *** [6h Qc 6d Jc] [Ad]
Andreesen: bets $0.19
koin1234: folds 
Uncalled bet ($0.19) returned to Andreesen
Andreesen collected $0.56 from pot
Andreesen: doesn't show hand 
*** SUMMARY ***
Total pot $0.60 | Rake $0.04 
Board [6h Qc 6d Jc Ad]
Seat 1: Yash1ch (button) folded before Flop (didn't bet)
Seat 2: Andreesen (small blind) collected ($0.56)
Seat 3: koin1234 (big blind) folded on the River
Seat 4: Isay2345678 folded before Flop (didn't bet)
Seat 5: kalamitsis folded before Flop (didn't bet)
Seat 6: Mahu2021 folded before Flop (didn't bet)



PokerStars Zoom Hand #255430010258:  Hold'em No Limit ($0.05/$0.10) - 2025/03/24 12:21:54 CET [2025/03/24 7:21:54 ET]
Table 'Aludra' 6-max Seat #1 is the button
Seat 1: nicholas kenny ($10.62 in chips) 
Seat 2: fransisweber ($10.15 in chips) 
Seat 3: Mahu2021 ($16.21 in chips) 
Seat 4: Reddington567 ($39.55 in chips) 
Seat 5: JustAltF4 ($30.21 in chips) 
Seat 6: iskander575 ($14.16 in chips) 
fransisweber: posts small blind $0.05
Mahu2021: posts big blind $0.10
*** HOLE CARDS ***
Dealt to Mahu2021 [Tc 6c]
Reddington567: folds 
JustAltF4: raises $0.20 to $0.30
iskander575: folds 
nicholas kenny: folds 
fransisweber: folds 
Mahu2021: folds 
Uncalled bet ($0.20) returned to JustAltF4
JustAltF4 collected $0.25 from pot
JustAltF4: doesn't show hand 
*** SUMMARY ***
Total pot $0.25 | Rake $0 
Seat 1: nicholas kenny (button) folded before Flop (didn't bet)
Seat 2: fransisweber (small blind) folded before Flop
Seat 3: Mahu2021 (big blind) folded before Flop
Seat 4: Reddington567 folded before Flop (didn't bet)
Seat 5: JustAltF4 collected ($0.25)
Seat 6: iskander575 folded before Flop (didn't bet)



PokerStars Zoom Hand #255430006612:  Hold'em No Limit ($0.05/$0.10) - 2025/03/24 12:21:23 CET [2025/03/24 7:21:23 ET]
Table 'Aludra' 6-max Seat #1 is the button
Seat 1: the_luggster ($15.29 in chips) 
Seat 2: $isko917 ($10 in chips) 
Seat 3: Danitureza ($12.60 in chips) 
Seat 4: nitro3grain ($11.31 in chips) 
Seat 5: Mahu2021 ($16.36 in chips) 
Seat 6: luckyagainn ($10 in chips) 
$isko917: posts small blind $0.05
Danitureza: posts big blind $0.10
*** HOLE CARDS ***
Dealt to Mahu2021 [Ah 7c]
nitro3grain: raises $0.20 to $0.30
Mahu2021: folds 
luckyagainn: folds 
the_luggster: raises $0.60 to $0.90
$isko917: folds 
Danitureza: raises $1.60 to $2.50
nitro3grain: folds 
the_luggster: calls $1.60
*** FLOP *** [Jd 8d 2s]
Danitureza: bets $2.29
the_luggster: folds 
Uncalled bet ($2.29) returned to Danitureza
Danitureza collected $5.11 from pot
Danitureza: doesn't show hand 
*** SUMMARY ***
Total pot $5.35 | Rake $0.24 
Board [Jd 8d 2s]
Seat 1: the_luggster (button) folded on the Flop
Seat 2: $isko917 (small blind) folded before Flop
Seat 3: Danitureza (big blind) collected ($5.11)
Seat 4: nitro3grain folded before Flop
Seat 5: Mahu2021 folded before Flop (didn't bet)
Seat 6: luckyagainn folded before Flop (didn't bet)



PokerStars Zoom Hand #255430011457:  Hold'em No Limit ($0.05/$0.10) - 2025/03/24 12:22:04 CET [2025/03/24 7:22:04 ET]
Table 'Aludra' 6-max Seat #1 is the button
Seat 1: Mahu2021 ($16.11 in chips) 
Seat 2: shj13 ($12.59 in chips) 
Seat 3: $isko917 ($11.83 in chips) 
Seat 4: iskander575 ($14.16 in chips) 
Seat 5: Lentwood ($11.63 in chips) 
Seat 6: Vicktorio ($16.15 in chips) 
shj13: posts small blind $0.05
$isko917: posts big blind $0.10
*** HOLE CARDS ***
Dealt to Mahu2021 [Qd 3c]
iskander575: folds 
Lentwood: folds 
Vicktorio: folds 
Mahu2021: raises $0.20 to $0.30
shj13: folds 
$isko917: folds 
Uncalled bet ($0.20) returned to Mahu2021
Mahu2021 collected $0.25 from pot
Mahu2021: doesn't show hand 
*** SUMMARY ***
Total pot $0.25 | Rake $0 
Seat 1: Mahu2021 (button) collected ($0.25)
Seat 2: shj13 (small blind) folded before Flop
Seat 3: $isko917 (big blind) folded before Flop
Seat 4: iskander575 folded before Flop (didn't bet)
Seat 5: Lentwood folded before Flop (didn't bet)
Seat 6: Vicktorio folded before Flop (didn't bet)



PokerStars Zoom Hand #255430013733:  Hold'em No Limit ($0.05/$0.10) - 2025/03/24 12:22:24 CET [2025/03/24 7:22:24 ET]
Table 'Aludra' 6-max Seat #1 is the button
Seat 1: franz Z750 ($10.24 in chips) 
Seat 2: Clicker89 ($9.98 in chips) 
Seat 3: Vicktorio ($16.15 in chips) 
Seat 4: Bobbymcgee99 ($24.83 in chips) 
Seat 5: like.yasu119 ($12.84 in chips) 
Seat 6: Mahu2021 ($16.26 in chips) 
Clicker89: posts small blind $0.05
Vicktorio: posts big blind $0.10
*** HOLE CARDS ***
Dealt to Mahu2021 [9s Kh]
Bobbymcgee99: raises $0.10 to $0.20
like.yasu119: folds 
Mahu2021: folds 
franz Z750: folds 
Clicker89: folds 
Vicktorio: folds 
Uncalled bet ($0.10) returned to Bobbymcgee99
Bobbymcgee99 collected $0.25 from pot
Bobbymcgee99: doesn't show hand 
*** SUMMARY ***
Total pot $0.25 | Rake $0 
Seat 1: franz Z750 (button) folded before Flop (didn't bet)
Seat 2: Clicker89 (small blind) folded before Flop
Seat 3: Vicktorio (big blind) folded before Flop
Seat 4: Bobbymcgee99 collected ($0.25)
Seat 5: like.yasu119 folded before Flop (didn't bet)
Seat 6: Mahu2021 folded before Flop (didn't bet)



PokerStars Zoom Hand #255430014513:  Hold'em No Limit ($0.05/$0.10) - 2025/03/24 12:22:30 CET [2025/03/24 7:22:30 ET]
Table 'Aludra' 6-max Seat #1 is the button
Seat 1: oocs ($13.05 in chips) 
Seat 2: Drachaon2 ($10.05 in chips) 
Seat 3: fransisweber ($10.10 in chips) 
Seat 4: $isko917 ($10.73 in chips) 
Seat 5: Mahu2021 ($16.26 in chips) 
Seat 6: bogata111 ($1.87 in chips) 
Drachaon2: posts small blind $0.05
fransisweber: posts big blind $0.10
*** HOLE CARDS ***
Dealt to Mahu2021 [Qd Ad]
$isko917: folds 
Mahu2021: raises $0.13 to $0.23
bogata111: folds 
oocs: calls $0.23
Drachaon2: folds 
fransisweber: folds 
*** FLOP *** [7d 6d 5h]
Mahu2021: bets $0.30
oocs: raises $0.70 to $1
Mahu2021: calls $0.70
*** TURN *** [7d 6d 5h] [2s]
Mahu2021: checks 
oocs: checks 
*** RIVER *** [7d 6d 5h 2s] [9c]
Mahu2021: checks 
oocs: bets $3.64
Mahu2021: folds 
Uncalled bet ($3.64) returned to oocs
oocs collected $2.49 from pot
oocs: doesn't show hand 
*** SUMMARY ***
Total pot $2.61 | Rake $0.12 
Board [7d 6d 5h 2s 9c]
Seat 1: oocs (button) collected ($2.49)
Seat 2: Drachaon2 (small blind) folded before Flop
Seat 3: fransisweber (big blind) folded before Flop
Seat 4: $isko917 folded before Flop (didn't bet)
Seat 5: Mahu2021 folded on the River
Seat 6: bogata111 folded before Flop (didn't bet)



PokerStars Zoom Hand #255430021663:  Hold'em No Limit ($0.05/$0.10) - 2025/03/24 12:23:31 CET [2025/03/24 7:23:31 ET]
Table 'Aludra' 6-max Seat #1 is the button
Seat 1: bogata111 ($1.22 in chips) 
Seat 2: $isko917 ($10.63 in chips) 
Seat 3: sirexim ($4.22 in chips) 
Seat 4: Mahu2021 ($15.03 in chips) 
Seat 5: the_luggster ($10 in chips) 
Seat 6: Reddington567 ($39.25 in chips) 
$isko917: posts small blind $0.05
sirexim: posts big blind $0.10
*** HOLE CARDS ***
Dealt to Mahu2021 [8h 8s]
Mahu2021: raises $0.13 to $0.23
the_luggster: folds 
Reddington567: folds 
bogata111: folds 
$isko917: folds 
sirexim: folds 
Uncalled bet ($0.13) returned to Mahu2021
Mahu2021 collected $0.25 from pot
Mahu2021: doesn't show hand 
*** SUMMARY ***
Total pot $0.25 | Rake $0 
Seat 1: bogata111 (button) folded before Flop (didn't bet)
Seat 2: $isko917 (small blind) folded before Flop
Seat 3: sirexim (big blind) folded before Flop
Seat 4: Mahu2021 collected ($0.25)
Seat 5: the_luggster folded before Flop (didn't bet)
Seat 6: Reddington567 folded before Flop (didn't bet)



PokerStars Zoom Hand #255430025026:  Hold'em No Limit ($0.05/$0.10) - 2025/03/24 12:24:01 CET [2025/03/24 7:24:01 ET]
Table 'Aludra' 6-max Seat #1 is the button
Seat 1: hiding.by ($12.63 in chips) 
Seat 2: Drachaon2 ($10.30 in chips) 
Seat 3: augtoth ($22.70 in chips) 
Seat 4: kalamitsis ($10.87 in chips) 
Seat 5: Mahu2021 ($15.13 in chips) 
Seat 6: Danitureza ($10.19 in chips) 
Drachaon2: posts small blind $0.05
augtoth: posts big blind $0.10
*** HOLE CARDS ***
Dealt to Mahu2021 [7s Ah]
kalamitsis: folds 
Mahu2021: folds 
Danitureza: folds 
hiding.by: raises $0.20 to $0.30
Drachaon2: folds 
augtoth: folds 
Uncalled bet ($0.20) returned to hiding.by
hiding.by collected $0.25 from pot
hiding.by: doesn't show hand 
*** SUMMARY ***
Total pot $0.25 | Rake $0 
Seat 1: hiding.by (button) collected ($0.25)
Seat 2: Drachaon2 (small blind) folded before Flop
Seat 3: augtoth (big blind) folded before Flop
Seat 4: kalamitsis folded before Flop (didn't bet)
Seat 5: Mahu2021 folded before Flop (didn't bet)
Seat 6: Danitureza folded before Flop (didn't bet)



PokerStars Zoom Hand #255430025481:  Hold'em No Limit ($0.05/$0.10) - 2025/03/24 12:24:05 CET [2025/03/24 7:24:05 ET]
Table 'Aludra' 6-max Seat #1 is the button
Seat 1: Mahu2021 ($15.13 in chips) 
Seat 2: malthashotzs ($12.55 in chips) 
Seat 3: kalamitsis ($10.87 in chips) 
Seat 4: aggovic ($10 in chips) 
Seat 5: MG_BEAST/666 ($8.73 in chips) 
Seat 6: shj13 ($13.09 in chips) 
malthashotzs: posts small blind $0.05
kalamitsis: posts big blind $0.10
*** HOLE CARDS ***
Dealt to Mahu2021 [Jc Qd]
aggovic: folds 
MG_BEAST/666: folds 
shj13: raises $0.15 to $0.25
Mahu2021: calls $0.25
malthashotzs: folds 
kalamitsis: calls $0.15
*** FLOP *** [5s 3c Kd]
kalamitsis: bets $0.25
shj13: folds 
Mahu2021: folds 
Uncalled bet ($0.25) returned to kalamitsis
kalamitsis collected $0.76 from pot
kalamitsis: doesn't show hand 
*** SUMMARY ***
Total pot $0.80 | Rake $0.04 
Board [5s 3c Kd]
Seat 1: Mahu2021 (button) folded on the Flop
Seat 2: malthashotzs (small blind) folded before Flop
Seat 3: kalamitsis (big blind) collected ($0.76)
Seat 4: aggovic folded before Flop (didn't bet)
Seat 5: MG_BEAST/666 folded before Flop (didn't bet)
Seat 6: shj13 folded on the Flop



PokerStars Zoom Hand #255430027894:  Hold'em No Limit ($0.05/$0.10) - 2025/03/24 12:24:25 CET [2025/03/24 7:24:25 ET]
Table 'Aludra' 6-max Seat #1 is the button
Seat 1: nitro3grain ($11.01 in chips) 
Seat 2: aggovic ($10 in chips) 
Seat 3: sirexim ($4.07 in chips) 
Seat 4: like.yasu119 ($12.29 in chips) 
Seat 5: MrKrabs1970 ($8.49 in chips) 
Seat 6: Mahu2021 ($14.88 in chips) 
aggovic: posts small blind $0.05
sirexim: posts big blind $0.10
*** HOLE CARDS ***
Dealt to Mahu2021 [Th 8d]
like.yasu119: folds 
MrKrabs1970: calls $0.10
Mahu2021: folds 
nitro3grain: folds 
aggovic: folds 
sirexim: checks 
*** FLOP *** [8h Jh 8s]
sirexim: checks 
MrKrabs1970: checks 
*** TURN *** [8h Jh 8s] [5s]
sirexim: checks 
MrKrabs1970: checks 
*** RIVER *** [8h Jh 8s 5s] [9s]
sirexim: checks 
MrKrabs1970: checks 
*** SHOW DOWN ***
sirexim: shows [6s 9c] (two pair, Nines and Eights)
MrKrabs1970: mucks hand 
sirexim collected $0.24 from pot
*** SUMMARY ***
Total pot $0.25 | Rake $0.01 
Board [8h Jh 8s 5s 9s]
Seat 1: nitro3grain (button) folded before Flop (didn't bet)
Seat 2: aggovic (small blind) folded before Flop
Seat 3: sirexim (big blind) showed [6s 9c] and won ($0.24) with two pair, Nines and Eights
Seat 4: like.yasu119 folded before Flop (didn't bet)
Seat 5: MrKrabs1970 mucked [4s Kd]
Seat 6: Mahu2021 folded before Flop (didn't bet)



PokerStars Zoom Hand #255430023421:  Hold'em No Limit ($0.05/$0.10) - 2025/03/24 12:23:47 CET [2025/03/24 7:23:47 ET]
Table 'Aludra' 6-max Seat #1 is the button
Seat 1: vishnea4ok ($16.06 in chips) 
Seat 2: Mahu2021 ($15.18 in chips) 
Seat 3: aggovic ($10 in chips) 
Seat 4: Sven1985100 ($13.21 in chips) 
Seat 5: nitro3grain ($11.16 in chips) 
Seat 6: Danitureza ($13.66 in chips) 
Mahu2021: posts small blind $0.05
aggovic: posts big blind $0.10
*** HOLE CARDS ***
Dealt to Mahu2021 [9d Ad]
Sven1985100: raises $0.10 to $0.20
nitro3grain: folds 
Danitureza: raises $0.55 to $0.75
vishnea4ok: folds 
Mahu2021: folds 
aggovic: folds 
Sven1985100: calls $0.55
*** FLOP *** [6d 7h 8c]
Sven1985100: checks 
Danitureza: bets $1.12
Sven1985100: calls $1.12
*** TURN *** [6d 7h 8c] [Qh]
Sven1985100: checks 
Danitureza: bets $2.57
Sven1985100: folds 
Uncalled bet ($2.57) returned to Danitureza
Danitureza collected $3.71 from pot
Danitureza: doesn't show hand 
*** SUMMARY ***
Total pot $3.89 | Rake $0.18 
Board [6d 7h 8c Qh]
Seat 1: vishnea4ok (button) folded before Flop (didn't bet)
Seat 2: Mahu2021 (small blind) folded before Flop
Seat 3: aggovic (big blind) folded before Flop
Seat 4: Sven1985100 folded on the Turn
Seat 5: nitro3grain folded before Flop (didn't bet)
Seat 6: Danitureza collected ($3.71)



PokerStars Zoom Hand #255430028977:  Hold'em No Limit ($0.05/$0.10) - 2025/03/24 12:24:34 CET [2025/03/24 7:24:34 ET]
Table 'Aludra' 6-max Seat #1 is the button
Seat 1: Veltiu ($9.90 in chips) 
Seat 2: koin1234 ($10.64 in chips) 
Seat 3: Mahu2021 ($14.88 in chips) 
Seat 4: shj13 ($12.84 in chips) 
Seat 5: Clicker89 ($10.25 in chips) 
Seat 6: droldan30 ($6.15 in chips) 
koin1234: posts small blind $0.05
Mahu2021: posts big blind $0.10
*** HOLE CARDS ***
Dealt to Mahu2021 [2s 4c]
shj13: folds 
Clicker89: folds 
droldan30: raises $0.20 to $0.30
Veltiu: folds 
koin1234: folds 
Mahu2021: folds 
Uncalled bet ($0.20) returned to droldan30
droldan30 collected $0.25 from pot
droldan30: doesn't show hand 
*** SUMMARY ***
Total pot $0.25 | Rake $0 
Seat 1: Veltiu (button) folded before Flop (didn't bet)
Seat 2: koin1234 (small blind) folded before Flop
Seat 3: Mahu2021 (big blind) folded before Flop
Seat 4: shj13 folded before Flop (didn't bet)
Seat 5: Clicker89 folded before Flop (didn't bet)
Seat 6: droldan30 collected ($0.25)



PokerStars Zoom Hand #255430028521:  Hold'em No Limit ($0.05/$0.10) - 2025/03/24 12:24:30 CET [2025/03/24 7:24:30 ET]
Table 'Aludra' 6-max Seat #1 is the button
Seat 1: NoOperations ($9.95 in chips) 
Seat 2: Gregory.M23 ($11.91 in chips) 
Seat 3: koin1234 ($10 in chips) 
Seat 4: Mahu2021 ($14.88 in chips) 
Seat 5: oocs ($14.81 in chips) 
Seat 6: like.yasu119 ($12.29 in chips) 
Gregory.M23: posts small blind $0.05
koin1234: posts big blind $0.10
*** HOLE CARDS ***
Dealt to Mahu2021 [7s Kc]
Mahu2021: folds 
oocs: raises $0.15 to $0.25
like.yasu119: calls $0.25
NoOperations: folds 
Gregory.M23: folds 
koin1234: folds 
*** FLOP *** [Qd 4h Qh]
oocs: bets $0.19
like.yasu119: calls $0.19
*** TURN *** [Qd 4h Qh] [7h]
oocs: checks 
like.yasu119: bets $0.49
oocs: folds 
Uncalled bet ($0.49) returned to like.yasu119
like.yasu119 collected $0.98 from pot
like.yasu119: doesn't show hand 
*** SUMMARY ***
Total pot $1.03 | Rake $0.05 
Board [Qd 4h Qh 7h]
Seat 1: NoOperations (button) folded before Flop (didn't bet)
Seat 2: Gregory.M23 (small blind) folded before Flop
Seat 3: koin1234 (big blind) folded before Flop
Seat 4: Mahu2021 folded before Flop (didn't bet)
Seat 5: oocs folded on the Turn
Seat 6: like.yasu119 collected ($0.98)



PokerStars Zoom Hand #255430032380:  Hold'em No Limit ($0.05/$0.10) - 2025/03/24 12:25:02 CET [2025/03/24 7:25:02 ET]
Table 'Aludra' 6-max Seat #1 is the button
Seat 1: sirexim ($4.71 in chips) 
Seat 2: 7stanbul ($20.47 in chips) 
Seat 3: augtoth ($10.80 in chips) 
Seat 4: $isko917 ($11.53 in chips) 
Seat 5: Mahu2021 ($14.73 in chips) 
Seat 6: Sven1985100 ($11.29 in chips) 
7stanbul: posts small blind $0.05
augtoth: posts big blind $0.10
*** HOLE CARDS ***
Dealt to Mahu2021 [4s Qc]
$isko917: folds 
Mahu2021: folds 
Sven1985100: folds 
sirexim: folds 
7stanbul: folds 
Uncalled bet ($0.05) returned to augtoth
augtoth collected $0.10 from pot
augtoth: doesn't show hand 
*** SUMMARY ***
Total pot $0.10 | Rake $0 
Seat 1: sirexim (button) folded before Flop (didn't bet)
Seat 2: 7stanbul (small blind) folded before Flop
Seat 3: augtoth (big blind) collected ($0.10)
Seat 4: $isko917 folded before Flop (didn't bet)
Seat 5: Mahu2021 folded before Flop (didn't bet)
Seat 6: Sven1985100 folded before Flop (didn't bet)



PokerStars Zoom Hand #255430031782:  Hold'em No Limit ($0.05/$0.10) - 2025/03/24 12:24:57 CET [2025/03/24 7:24:57 ET]
Table 'Aludra' 6-max Seat #1 is the button
Seat 1: Isay2345678 ($20.01 in chips) 
Seat 2: Mahu2021 ($14.78 in chips) 
Seat 3: Bobbymcgee99 ($27.64 in chips) 
Seat 4: Firthb ($15.11 in chips) 
Seat 5: augtoth ($22.70 in chips) 
Seat 6: JoeStack ($5.58 in chips) 
Mahu2021: posts small blind $0.05
Bobbymcgee99: posts big blind $0.10
*** HOLE CARDS ***
Dealt to Mahu2021 [3d Jh]
Firthb: folds 
augtoth: folds 
JoeStack: folds 
Isay2345678: raises $0.10 to $0.20
Mahu2021: folds 
Bobbymcgee99: calls $0.10
*** FLOP *** [Ks Ad 5c]
Bobbymcgee99: checks 
Isay2345678: bets $0.22
Bobbymcgee99: folds 
Uncalled bet ($0.22) returned to Isay2345678
Isay2345678 collected $0.43 from pot
Isay2345678: doesn't show hand 
*** SUMMARY ***
Total pot $0.45 | Rake $0.02 
Board [Ks Ad 5c]
Seat 1: Isay2345678 (button) collected ($0.43)
Seat 2: Mahu2021 (small blind) folded before Flop
Seat 3: Bobbymcgee99 (big blind) folded on the Flop
Seat 4: Firthb folded before Flop (didn't bet)
Seat 5: augtoth folded before Flop (didn't bet)
Seat 6: JoeStack folded before Flop (didn't bet)



PokerStars Zoom Hand #255430035058:  Hold'em No Limit ($0.05/$0.10) - 2025/03/24 12:25:24 CET [2025/03/24 7:25:24 ET]
Table 'Aludra' 6-max Seat #1 is the button
Seat 1: kalamitsis ($10.73 in chips) 
Seat 2: oocs ($10.05 in chips) 
Seat 3: HARIT81 ($13.50 in chips) 
Seat 4: luckyagainn ($12.05 in chips) 
Seat 5: Mahu2021 ($14.73 in chips) 
Seat 6: Footraiser ($11.01 in chips) 
oocs: posts small blind $0.05
HARIT81: posts big blind $0.10
*** HOLE CARDS ***
Dealt to Mahu2021 [3h 8h]
luckyagainn: folds 
Mahu2021: folds 
Footraiser: folds 
kalamitsis: folds 
oocs: folds 
Uncalled bet ($0.05) returned to HARIT81
HARIT81 collected $0.10 from pot
HARIT81: doesn't show hand 
*** SUMMARY ***
Total pot $0.10 | Rake $0 
Seat 1: kalamitsis (button) folded before Flop (didn't bet)
Seat 2: oocs (small blind) folded before Flop
Seat 3: HARIT81 (big blind) collected ($0.10)
Seat 4: luckyagainn folded before Flop (didn't bet)
Seat 5: Mahu2021 folded before Flop (didn't bet)
Seat 6: Footraiser folded before Flop (didn't bet)



PokerStars Zoom Hand #255430035980:  Hold'em No Limit ($0.05/$0.10) - 2025/03/24 12:25:32 CET [2025/03/24 7:25:32 ET]
Table 'Aludra' 6-max Seat #1 is the button
Seat 1: the_luggster ($10.42 in chips) 
Seat 2: luckyagainn ($12.05 in chips) 
Seat 3: Mahu2021 ($14.73 in chips) 
Seat 4: afwing16 ($13.76 in chips) 
Seat 5: Bobbymcgee99 ($27.44 in chips) 
Seat 6: kalamitsis ($10.73 in chips) 
luckyagainn: posts small blind $0.05
Mahu2021: posts big blind $0.10
*** HOLE CARDS ***
Dealt to Mahu2021 [Jh Kh]
afwing16: raises $0.15 to $0.25
Bobbymcgee99: folds 
kalamitsis: folds 
the_luggster: folds 
luckyagainn: folds 
Mahu2021: calls $0.15
*** FLOP *** [2s 4d Qs]
Mahu2021: checks 
afwing16: bets $0.17
Mahu2021: calls $0.17
*** TURN *** [2s 4d Qs] [Kd]
Mahu2021: checks 
afwing16: checks 
*** RIVER *** [2s 4d Qs Kd] [5d]
Mahu2021: bets $0.85
afwing16: calls $0.85
*** SHOW DOWN ***
Mahu2021: shows [Jh Kh] (a pair of Kings)
afwing16: mucks hand 
Mahu2021 collected $2.47 from pot
*** SUMMARY ***
Total pot $2.59 | Rake $0.12 
Board [2s 4d Qs Kd 5d]
Seat 1: the_luggster (button) folded before Flop (didn't bet)
Seat 2: luckyagainn (small blind) folded before Flop
Seat 3: Mahu2021 (big blind) showed [Jh Kh] and won ($2.47) with a pair of Kings
Seat 4: afwing16 mucked [9h Ks]
Seat 5: Bobbymcgee99 folded before Flop (didn't bet)
Seat 6: kalamitsis folded before Flop (didn't bet)



PokerStars Zoom Hand #255430032865:  Hold'em No Limit ($0.05/$0.10) - 2025/03/24 12:25:06 CET [2025/03/24 7:25:06 ET]
Table 'Aludra' 6-max Seat #1 is the button
Seat 1: Mahu2021 ($14.73 in chips) 
Seat 2: MrKrabs1970 ($8.17 in chips) 
Seat 3: Andreesen ($10 in chips) 
Seat 4: kalamitsis ($11.81 in chips) 
Seat 5: 7stanbul ($20.42 in chips) 
Seat 6: Reddington567 ($54.92 in chips) 
MrKrabs1970: posts small blind $0.05
Andreesen: posts big blind $0.10
*** HOLE CARDS ***
Dealt to Mahu2021 [8d Ad]
kalamitsis: folds 
7stanbul: raises $0.15 to $0.25
Reddington567: raises $0.55 to $0.80
Mahu2021: folds 
MrKrabs1970: folds 
Andreesen: folds 
7stanbul: calls $0.55
*** FLOP *** [7s Ac Qs]
7stanbul: checks 
Reddington567: bets $0.48
7stanbul: calls $0.48
*** TURN *** [7s Ac Qs] [Qc]
7stanbul: checks 
Reddington567: checks 
*** RIVER *** [7s Ac Qs Qc] [7c]
7stanbul: checks 
Reddington567: checks 
*** SHOW DOWN ***
7stanbul: shows [As Kd] (two pair, Aces and Queens)
Reddington567: mucks hand 
7stanbul collected $2.56 from pot
*** SUMMARY ***
Total pot $2.71 | Rake $0.15 
Board [7s Ac Qs Qc 7c]
Seat 1: Mahu2021 (button) folded before Flop (didn't bet)
Seat 2: MrKrabs1970 (small blind) folded before Flop
Seat 3: Andreesen (big blind) folded before Flop
Seat 4: kalamitsis folded before Flop (didn't bet)
Seat 5: 7stanbul showed [As Kd] and won ($2.56) with two pair, Aces and Queens
Seat 6: Reddington567 mucked [5s 5h]



PokerStars Zoom Hand #255430039181:  Hold'em No Limit ($0.05/$0.10) - 2025/03/24 12:25:59 CET [2025/03/24 7:25:59 ET]
Table 'Aludra' 6-max Seat #1 is the button
Seat 1: JustAltF4 ($30.02 in chips) 
Seat 2: fransisweber ($11.45 in chips) 
Seat 3: mmaryjane_79 ($11.02 in chips) 
Seat 4: Mahu2021 ($15.93 in chips) 
Seat 5: kalamitsis ($12.42 in chips) 
Seat 6: Firthb ($15.34 in chips) 
fransisweber: posts small blind $0.05
mmaryjane_79: posts big blind $0.10
*** HOLE CARDS ***
Dealt to Mahu2021 [Ac 8c]
Mahu2021: folds 
kalamitsis: folds 
Firthb: folds 
JustAltF4: folds 
fransisweber: folds 
Uncalled bet ($0.05) returned to mmaryjane_79
mmaryjane_79 collected $0.10 from pot
mmaryjane_79: doesn't show hand 
*** SUMMARY ***
Total pot $0.10 | Rake $0 
Seat 1: JustAltF4 (button) folded before Flop (didn't bet)
Seat 2: fransisweber (small blind) folded before Flop
Seat 3: mmaryjane_79 (big blind) collected ($0.10)
Seat 4: Mahu2021 folded before Flop (didn't bet)
Seat 5: kalamitsis folded before Flop (didn't bet)
Seat 6: Firthb folded before Flop (didn't bet)



PokerStars Zoom Hand #255430040035:  Hold'em No Limit ($0.05/$0.10) - 2025/03/24 12:26:06 CET [2025/03/24 7:26:06 ET]
Table 'Aludra' 6-max Seat #1 is the button
Seat 1: ShrimpMan999 ($9.90 in chips) 
Seat 2: Mahu2021 ($15.93 in chips) 
Seat 3: kalamitsis ($11.71 in chips) 
Seat 4: Lækkerhed ($8.48 in chips) 
Seat 5: franz Z750 ($10.15 in chips) 
Seat 6: Inc-Zra ($24.83 in chips) 
Mahu2021: posts small blind $0.05
kalamitsis: posts big blind $0.10
*** HOLE CARDS ***
Dealt to Mahu2021 [Qc Kd]
Lækkerhed: raises $0.10 to $0.20
franz Z750: raises $0.50 to $0.70
Inc-Zra: folds 
ShrimpMan999: folds 
Mahu2021: folds 
kalamitsis: folds 
Lækkerhed: folds 
Uncalled bet ($0.50) returned to franz Z750
franz Z750 collected $0.55 from pot
franz Z750: doesn't show hand 
*** SUMMARY ***
Total pot $0.55 | Rake $0 
Seat 1: ShrimpMan999 (button) folded before Flop (didn't bet)
Seat 2: Mahu2021 (small blind) folded before Flop
Seat 3: kalamitsis (big blind) folded before Flop
Seat 4: Lækkerhed folded before Flop
Seat 5: franz Z750 collected ($0.55)
Seat 6: Inc-Zra folded before Flop (didn't bet)



PokerStars Zoom Hand #255430035472:  Hold'em No Limit ($0.05/$0.10) - 2025/03/24 12:25:28 CET [2025/03/24 7:25:28 ET]
Table 'Aludra' 6-max Seat #1 is the button
Seat 1: $isko917 ($11.43 in chips) 
Seat 2: sirexim ($4.06 in chips) 
Seat 3: nitro3grain ($10.81 in chips) 
Seat 4: afwing16 ($13.76 in chips) 
Seat 5: MrKrabs1970 ($8.02 in chips) 
Seat 6: Mahu2021 ($14.73 in chips) 
sirexim: posts small blind $0.05
nitro3grain: posts big blind $0.10
*** HOLE CARDS ***
Dealt to Mahu2021 [Jd 9c]
afwing16: folds 
MrKrabs1970: raises $0.25 to $0.35
Mahu2021: folds 
$isko917: folds 
sirexim: folds 
nitro3grain: calls $0.25
*** FLOP *** [5c 8h 3s]
nitro3grain: bets $0.36
MrKrabs1970: raises $0.36 to $0.72
nitro3grain: calls $0.36
*** TURN *** [5c 8h 3s] [7d]
nitro3grain: checks 
MrKrabs1970: bets $1.05
nitro3grain: calls $1.05
*** RIVER *** [5c 8h 3s 7d] [5d]
nitro3grain: bets $4.10
MrKrabs1970: folds 
Uncalled bet ($4.10) returned to nitro3grain
nitro3grain collected $4.10 from pot
nitro3grain: doesn't show hand 
*** SUMMARY ***
Total pot $4.29 | Rake $0.19 
Board [5c 8h 3s 7d 5d]
Seat 1: $isko917 (button) folded before Flop (didn't bet)
Seat 2: sirexim (small blind) folded before Flop
Seat 3: nitro3grain (big blind) collected ($4.10)
Seat 4: afwing16 folded before Flop (didn't bet)
Seat 5: MrKrabs1970 folded on the River
Seat 6: Mahu2021 folded before Flop (didn't bet)



PokerStars Zoom Hand #255430041114:  Hold'em No Limit ($0.05/$0.10) - 2025/03/24 12:26:15 CET [2025/03/24 7:26:15 ET]
Table 'Aludra' 6-max Seat #1 is the button
Seat 1: oocs ($14.52 in chips) 
Seat 2: Inc-Zra ($24.83 in chips) 
Seat 3: hiding.by ($12.58 in chips) 
Seat 4: Mahu2021 ($15.88 in chips) 
Seat 5: alex6255 ($10 in chips) 
Seat 6: Lækkerhed ($8.28 in chips) 
Inc-Zra: posts small blind $0.05
hiding.by: posts big blind $0.10
*** HOLE CARDS ***
Dealt to Mahu2021 [Ks Ah]
Mahu2021: raises $0.13 to $0.23
alex6255: folds 
Lækkerhed: folds 
oocs: folds 
Inc-Zra: folds 
hiding.by: folds 
Uncalled bet ($0.13) returned to Mahu2021
Mahu2021 collected $0.25 from pot
Mahu2021: doesn't show hand 
*** SUMMARY ***
Total pot $0.25 | Rake $0 
Seat 1: oocs (button) folded before Flop (didn't bet)
Seat 2: Inc-Zra (small blind) folded before Flop
Seat 3: hiding.by (big blind) folded before Flop
Seat 4: Mahu2021 collected ($0.25)
Seat 5: alex6255 folded before Flop (didn't bet)
Seat 6: Lækkerhed folded before Flop (didn't bet)



PokerStars Zoom Hand #255430043282:  Hold'em No Limit ($0.05/$0.10) - 2025/03/24 12:26:33 CET [2025/03/24 7:26:33 ET]
Table 'Aludra' 6-max Seat #1 is the button
Seat 1: aggovic ($19.10 in chips) 
Seat 2: Andreesen ($13.69 in chips) 
Seat 3: Mahu2021 ($16.03 in chips) 
Seat 4: Inc-Zra ($11.84 in chips) 
Seat 5: augtoth ($10.66 in chips) 
Seat 6: Isay2345678 ($19.24 in chips) 
Andreesen: posts small blind $0.05
Mahu2021: posts big blind $0.10
*** HOLE CARDS ***
Dealt to Mahu2021 [Th Js]
Inc-Zra: raises $0.10 to $0.20
augtoth: folds 
Isay2345678: folds 
aggovic: folds 
Andreesen: folds 
Mahu2021: raises $0.90 to $1.10
Inc-Zra: folds 
Uncalled bet ($0.90) returned to Mahu2021
Mahu2021 collected $0.45 from pot
Mahu2021: doesn't show hand 
*** SUMMARY ***
Total pot $0.45 | Rake $0 
Seat 1: aggovic (button) folded before Flop (didn't bet)
Seat 2: Andreesen (small blind) folded before Flop
Seat 3: Mahu2021 (big blind) collected ($0.45)
Seat 4: Inc-Zra folded before Flop
Seat 5: augtoth folded before Flop (didn't bet)
Seat 6: Isay2345678 folded before Flop (didn't bet)



