PokerStars Zoom Hand #255094359512:  Hold'em No Limit ($0.05/$0.10) - 2025/03/01 22:11:54 CET [2025/03/01 16:11:54 ET]
Table 'Aludra' 6-max Seat #1 is the button
Seat 1: Last70 ($21.05 in chips) 
Seat 2: ManuuVidela ($10 in chips) 
Seat 3: Mahu2021 ($10 in chips) 
Seat 4: volo464 ($5.46 in chips) 
Seat 5: alanindublin ($12.80 in chips) 
Seat 6: crytexs123 ($6.09 in chips) 
ManuuVidela: posts small blind $0.05
Mahu2021: posts big blind $0.10
*** HOLE CARDS ***
Dealt to Mahu2021 [Qd Ac]
volo464: calls $0.10
alanindublin: folds 
crytexs123: calls $0.10
Last70: raises $0.40 to $0.50
ManuuVidela: folds 
Mahu2021: calls $0.40
volo464: calls $0.40
crytexs123: calls $0.40
*** FLOP *** [4h 2d 4d]
Mahu2021: checks 
volo464: checks 
crytexs123: checks 
Last70: checks 
*** TURN *** [4h 2d 4d] [8h]
Mahu2021: checks 
volo464: checks 
crytexs123: checks 
Last70: checks 
*** RIVER *** [4h 2d 4d 8h] [9d]
Mahu2021: checks 
volo464: bets $0.40
crytexs123: folds 
Last70: folds 
Mahu2021: folds 
Uncalled bet ($0.40) returned to volo464
volo464 collected $1.96 from pot
volo464: doesn't show hand 
*** SUMMARY ***
Total pot $2.05 | Rake $0.09 
Board [4h 2d 4d 8h 9d]
Seat 1: Last70 (button) folded on the River
Seat 2: ManuuVidela (small blind) folded before Flop
Seat 3: Mahu2021 (big blind) folded on the River
Seat 4: volo464 collected ($1.96)
Seat 5: alanindublin folded before Flop (didn't bet)
Seat 6: crytexs123 folded on the River



PokerStars Zoom Hand #255094376936:  Hold'em No Limit ($0.05/$0.10) - 2025/03/01 22:12:54 CET [2025/03/01 16:12:54 ET]
Table 'Aludra' 6-max Seat #1 is the button
Seat 1: Mahu2021 ($9.45 in chips) 
Seat 2: ProjectPokerPro ($10.80 in chips) 
Seat 3: sonyks2007 ($9.36 in chips) 
Seat 4: erps112 ($13.96 in chips) 
Seat 5: Die8 ($13.14 in chips) 
Seat 6: iron b-man ($9.85 in chips) 
ProjectPokerPro: posts small blind $0.05
sonyks2007: posts big blind $0.10
*** HOLE CARDS ***
Dealt to Mahu2021 [3d 4h]
erps112: folds 
Die8: folds 
iron b-man: raises $0.15 to $0.25
Mahu2021: folds 
ProjectPokerPro: folds 
sonyks2007: folds 
Uncalled bet ($0.15) returned to iron b-man
iron b-man collected $0.25 from pot
iron b-man: doesn't show hand 
*** SUMMARY ***
Total pot $0.25 | Rake $0 
Seat 1: Mahu2021 (button) folded before Flop (didn't bet)
Seat 2: ProjectPokerPro (small blind) folded before Flop
Seat 3: sonyks2007 (big blind) folded before Flop
Seat 4: erps112 folded before Flop (didn't bet)
Seat 5: Die8 folded before Flop (didn't bet)
Seat 6: iron b-man collected ($0.25)



PokerStars Zoom Hand #255094384285:  Hold'em No Limit ($0.05/$0.10) - 2025/03/01 22:13:19 CET [2025/03/01 16:13:19 ET]
Table 'Aludra' 6-max Seat #1 is the button
Seat 1: go_vandam ($16.34 in chips) 
Seat 2: enry7.ice ($12.16 in chips) 
Seat 3: acedebase ($8.27 in chips) 
Seat 4: pokeripuikko ($15.25 in chips) 
Seat 5: Mahu2021 ($9.21 in chips) 
Seat 6: Last70 ($24.34 in chips) 
enry7.ice: posts small blind $0.05
acedebase: posts big blind $0.10
*** HOLE CARDS ***
Dealt to Mahu2021 [Ad 2h]
pokeripuikko: folds 
Mahu2021: folds 
Last70: folds 
go_vandam: folds 
enry7.ice: raises $0.20 to $0.30
acedebase: folds 
Uncalled bet ($0.20) returned to enry7.ice
enry7.ice collected $0.20 from pot
enry7.ice: doesn't show hand 
*** SUMMARY ***
Total pot $0.20 | Rake $0 
Seat 1: go_vandam (button) folded before Flop (didn't bet)
Seat 2: enry7.ice (small blind) collected ($0.20)
Seat 3: acedebase (big blind) folded before Flop
Seat 4: pokeripuikko folded before Flop (didn't bet)
Seat 5: Mahu2021 folded before Flop (didn't bet)
Seat 6: Last70 folded before Flop (didn't bet)



PokerStars Zoom Hand #255094377886:  Hold'em No Limit ($0.05/$0.10) - 2025/03/01 22:12:57 CET [2025/03/01 16:12:57 ET]
Table 'Aludra' 6-max Seat #1 is the button
Seat 1: TilTheEnd982 ($10 in chips) 
Seat 2: Fpithers ($16.10 in chips) 
Seat 3: CaJe94 ($10.15 in chips) 
Seat 4: SkyBoy23 ($39.15 in chips) 
Seat 5: Highway25 ($16.49 in chips) 
Seat 6: Mahu2021 ($9.45 in chips) 
Fpithers: posts small blind $0.05
CaJe94: posts big blind $0.10
*** HOLE CARDS ***
Dealt to Mahu2021 [9h Ks]
SkyBoy23: folds 
Highway25: folds 
Mahu2021: raises $0.14 to $0.24
TilTheEnd982: folds 
Fpithers: raises $0.76 to $1
CaJe94: calls $0.90
Mahu2021: folds 
*** FLOP *** [5h 8s 7c]
Fpithers: bets $0.71
CaJe94: calls $0.71
*** TURN *** [5h 8s 7c] [6d]
Fpithers: checks 
CaJe94: checks 
*** RIVER *** [5h 8s 7c 6d] [As]
Fpithers: checks 
CaJe94: bets $1.16
Fpithers: calls $1.16
*** SHOW DOWN ***
CaJe94: shows [Ah Qc] (a pair of Aces)
Fpithers: shows [8h 8d] (three of a kind, Eights)
Fpithers collected $5.71 from pot
*** SUMMARY ***
Total pot $5.98 | Rake $0.27 
Board [5h 8s 7c 6d As]
Seat 1: TilTheEnd982 (button) folded before Flop (didn't bet)
Seat 2: Fpithers (small blind) showed [8h 8d] and won ($5.71) with three of a kind, Eights
Seat 3: CaJe94 (big blind) showed [Ah Qc] and lost with a pair of Aces
Seat 4: SkyBoy23 folded before Flop (didn't bet)
Seat 5: Highway25 folded before Flop (didn't bet)
Seat 6: Mahu2021 folded before Flop



PokerStars Zoom Hand #255094375638:  Hold'em No Limit ($0.05/$0.10) - 2025/03/01 22:12:49 CET [2025/03/01 16:12:49 ET]
Table 'Aludra' 6-max Seat #1 is the button
Seat 1: Looseandfun ($4.48 in chips) 
Seat 2: Mahu2021 ($9.50 in chips) 
Seat 3: qewwqew ($9.39 in chips) 
Seat 4: sonyks2007 ($8.50 in chips) 
Seat 5: emo114 ($10.32 in chips) 
Seat 6: dh7889 ($10.60 in chips) 
Mahu2021: posts small blind $0.05
qewwqew: posts big blind $0.10
*** HOLE CARDS ***
Dealt to Mahu2021 [7c 5h]
sonyks2007: folds 
emo114: folds 
dh7889: folds 
Looseandfun: calls $0.10
Mahu2021: folds 
qewwqew: raises $0.25 to $0.35
Looseandfun: raises $0.45 to $0.80
qewwqew: calls $0.45
*** FLOP *** [Ah 9h 9s]
qewwqew: checks 
Looseandfun: checks 
*** TURN *** [Ah 9h 9s] [Jd]
qewwqew: checks 
Looseandfun: bets $0.79
qewwqew: calls $0.79
*** RIVER *** [Ah 9h 9s Jd] [2c]
qewwqew: checks 
Looseandfun: bets $2.89 and is all-in
qewwqew: folds 
Uncalled bet ($2.89) returned to Looseandfun
Looseandfun collected $3.08 from pot
Looseandfun: doesn't show hand 
*** SUMMARY ***
Total pot $3.23 | Rake $0.15 
Board [Ah 9h 9s Jd 2c]
Seat 1: Looseandfun (button) collected ($3.08)
Seat 2: Mahu2021 (small blind) folded before Flop
Seat 3: qewwqew (big blind) folded on the River
Seat 4: sonyks2007 folded before Flop (didn't bet)
Seat 5: emo114 folded before Flop (didn't bet)
Seat 6: dh7889 folded before Flop (didn't bet)



PokerStars Zoom Hand #255094385503:  Hold'em No Limit ($0.05/$0.10) - 2025/03/01 22:13:23 CET [2025/03/01 16:13:23 ET]
Table 'Aludra' 6-max Seat #1 is the button
Seat 1: Mahu2021 ($9.21 in chips) 
Seat 2: TilTheEnd982 ($10 in chips) 
Seat 3: M4tt_NMVP ($10.10 in chips) 
Seat 4: yellda ($11.49 in chips) 
Seat 5: volkman10 ($9.60 in chips) 
Seat 6: emo114 ($10.10 in chips) 
TilTheEnd982: posts small blind $0.05
M4tt_NMVP: posts big blind $0.10
*** HOLE CARDS ***
Dealt to Mahu2021 [Kc 8c]
yellda: folds 
volkman10: folds 
emo114: folds 
Mahu2021: raises $0.14 to $0.24
TilTheEnd982: folds 
M4tt_NMVP: calls $0.14
*** FLOP *** [8d Js 5h]
M4tt_NMVP: checks 
Mahu2021: bets $0.30
M4tt_NMVP: calls $0.30
*** TURN *** [8d Js 5h] [Jc]
M4tt_NMVP: checks 
Mahu2021: bets $1.08
M4tt_NMVP has timed out
M4tt_NMVP: folds 
Uncalled bet ($1.08) returned to Mahu2021
Mahu2021 collected $1.08 from pot
Mahu2021: doesn't show hand 
*** SUMMARY ***
Total pot $1.13 | Rake $0.05 
Board [8d Js 5h Jc]
Seat 1: Mahu2021 (button) collected ($1.08)
Seat 2: TilTheEnd982 (small blind) folded before Flop
Seat 3: M4tt_NMVP (big blind) folded on the Turn
Seat 4: yellda folded before Flop (didn't bet)
Seat 5: volkman10 folded before Flop (didn't bet)
Seat 6: emo114 folded before Flop (didn't bet)



PokerStars Zoom Hand #255094411128:  Hold'em No Limit ($0.05/$0.10) - 2025/03/01 22:14:50 CET [2025/03/01 16:14:50 ET]
Table 'Aludra' 6-max Seat #1 is the button
Seat 1: EYE BALL 313 ($3.35 in chips) 
Seat 2: erps112 ($12.92 in chips) 
Seat 3: Mahu2021 ($9.75 in chips) 
Seat 4: Highway25 ($10.93 in chips) 
Seat 5: volkman10 ($9.10 in chips) 
Seat 6: Fpithers ($32.87 in chips) 
erps112: posts small blind $0.05
Mahu2021: posts big blind $0.10
*** HOLE CARDS ***
Dealt to Mahu2021 [7h Ad]
Highway25: folds 
volkman10: folds 
Fpithers: raises $0.15 to $0.25
EYE BALL 313: folds 
erps112: folds 
Mahu2021: calls $0.15
*** FLOP *** [5s 8h 5c]
Mahu2021: checks 
Fpithers: checks 
*** TURN *** [5s 8h 5c] [Kc]
Mahu2021: checks 
Fpithers: bets $0.17
Mahu2021: calls $0.17
*** RIVER *** [5s 8h 5c Kc] [Qd]
Mahu2021: checks 
Fpithers: checks 
*** SHOW DOWN ***
Mahu2021: shows [7h Ad] (a pair of Fives)
Fpithers: mucks hand 
Mahu2021 collected $0.85 from pot
*** SUMMARY ***
Total pot $0.89 | Rake $0.04 
Board [5s 8h 5c Kc Qd]
Seat 1: EYE BALL 313 (button) folded before Flop (didn't bet)
Seat 2: erps112 (small blind) folded before Flop
Seat 3: Mahu2021 (big blind) showed [7h Ad] and won ($0.85) with a pair of Fives
Seat 4: Highway25 folded before Flop (didn't bet)
Seat 5: volkman10 folded before Flop (didn't bet)
Seat 6: Fpithers mucked [Jd Ts]



PokerStars Zoom Hand #255094419656:  Hold'em No Limit ($0.05/$0.10) - 2025/03/01 22:15:19 CET [2025/03/01 16:15:19 ET]
Table 'Aludra' 6-max Seat #1 is the button
Seat 1: SpaSitelqT ($11.29 in chips) 
Seat 2: Mahu2021 ($10.18 in chips) 
Seat 3: darchas ($10.64 in chips) 
Seat 4: enry7.ice ($10 in chips) 
Seat 5: dh7889 ($10 in chips) 
Seat 6: volkman10 ($11.10 in chips) 
Mahu2021: posts small blind $0.05
darchas: posts big blind $0.10
*** HOLE CARDS ***
Dealt to Mahu2021 [Th 7c]
enry7.ice: folds 
dh7889: folds 
volkman10: raises $0.10 to $0.20
SpaSitelqT: folds 
Mahu2021: folds 
darchas: folds 
Uncalled bet ($0.10) returned to volkman10
volkman10 collected $0.25 from pot
volkman10: doesn't show hand 
*** SUMMARY ***
Total pot $0.25 | Rake $0 
Seat 1: SpaSitelqT (button) folded before Flop (didn't bet)
Seat 2: Mahu2021 (small blind) folded before Flop
Seat 3: darchas (big blind) folded before Flop
Seat 4: enry7.ice folded before Flop (didn't bet)
Seat 5: dh7889 folded before Flop (didn't bet)
Seat 6: volkman10 collected ($0.25)



PokerStars Zoom Hand #255094512457:  Hold'em No Limit ($0.05/$0.10) - 2025/03/01 22:20:31 CET [2025/03/01 16:20:31 ET]
Table 'Aludra' 6-max Seat #1 is the button
Seat 1: durugica10 ($24.28 in chips) 
Seat 2: a1scadge ($26.95 in chips) 
Seat 3: JD 2266 E ($28.46 in chips) 
Seat 4: Mahu2021 ($10.13 in chips) 
Seat 5: qewwqew ($11.32 in chips) 
Seat 6: sonyks2007 ($12.38 in chips) 
a1scadge: posts small blind $0.05
JD 2266 E: posts big blind $0.10
*** HOLE CARDS ***
Dealt to Mahu2021 [Jd Kc]
Mahu2021: raises $0.14 to $0.24
qewwqew: folds 
sonyks2007: calls $0.24
durugica10: folds 
a1scadge: calls $0.19
JD 2266 E: calls $0.14
*** FLOP *** [Ks Jc 5s]
a1scadge: checks 
JD 2266 E: checks 
Mahu2021: bets $0.92
sonyks2007: folds 
a1scadge: calls $0.92
JD 2266 E: folds 
*** TURN *** [Ks Jc 5s] [Kd]
a1scadge: checks 
Mahu2021: checks 
*** RIVER *** [Ks Jc 5s Kd] [Qc]
a1scadge: checks 
Mahu2021: bets $2.67
a1scadge: folds 
Uncalled bet ($2.67) returned to Mahu2021
Mahu2021 collected $2.67 from pot
Mahu2021: doesn't show hand 
*** SUMMARY ***
Total pot $2.80 | Rake $0.13 
Board [Ks Jc 5s Kd Qc]
Seat 1: durugica10 (button) folded before Flop (didn't bet)
Seat 2: a1scadge (small blind) folded on the River
Seat 3: JD 2266 E (big blind) folded on the Flop
Seat 4: Mahu2021 collected ($2.67)
Seat 5: qewwqew folded before Flop (didn't bet)
Seat 6: sonyks2007 folded on the Flop



