PokerStars Zoom Hand #256149386204:  Hold'em No Limit ($0.05/$0.10) - 2025/05/15 8:58:11 CET [2025/05/15 2:58:11 ET]
Table 'Aludra' 6-max Seat #1 is the button
Seat 1: Higgs Bo$on ($10.43 in chips) 
Seat 2: Mahu2021 ($9.90 in chips) 
Seat 3: carlossalido ($23.46 in chips) 
Seat 4: luvingkind ($10.69 in chips) 
Seat 5: zoras5 ($10.72 in chips) 
Seat 6: daveymck ($10.13 in chips) 
Mahu2021: posts small blind $0.05
carlossalido: posts big blind $0.10
*** HOLE CARDS ***
Dealt to Mahu2021 [8d Jh]
luvingkind: folds 
zoras5: folds 
daveymck: folds 
Higgs Bo$on: raises $0.15 to $0.25
Mahu2021: folds 
carlossalido: folds 
Uncalled bet ($0.15) returned to Higgs Bo$on
Higgs Bo$on collected $0.25 from pot
Higgs Bo$on: doesn't show hand 
*** SUMMARY ***
Total pot $0.25 | Rake $0 
Seat 1: Higgs Bo$on (button) collected ($0.25)
Seat 2: Mahu2021 (small blind) folded before Flop
Seat 3: carlossalido (big blind) folded before Flop
Seat 4: luvingkind folded before Flop (didn't bet)
Seat 5: zoras5 folded before Flop (didn't bet)
Seat 6: daveymck folded before Flop (didn't bet)



PokerStars Zoom Hand #256149386447:  Hold'em No Limit ($0.05/$0.10) - 2025/05/15 8:58:15 CET [2025/05/15 2:58:15 ET]
Table 'Aludra' 6-max Seat #1 is the button
Seat 1: Mahu2021 ($9.85 in chips) 
Seat 2: iudicus ($10 in chips) 
Seat 3: pcsk8 ($10 in chips) 
Seat 4: ararinha44 ($12.19 in chips) 
Seat 5: nickypimps ($10.87 in chips) 
Seat 6: luvingkind ($10.69 in chips) 
iudicus: posts small blind $0.05
pcsk8: posts big blind $0.10
*** HOLE CARDS ***
Dealt to Mahu2021 [8s Tc]
ararinha44: raises $0.10 to $0.20
nickypimps: folds 
luvingkind: raises $0.55 to $0.75
Mahu2021: folds 
iudicus: folds 
pcsk8: folds 
ararinha44: folds 
Uncalled bet ($0.55) returned to luvingkind
luvingkind collected $0.55 from pot
luvingkind: doesn't show hand 
*** SUMMARY ***
Total pot $0.55 | Rake $0 
Seat 1: Mahu2021 (button) folded before Flop (didn't bet)
Seat 2: iudicus (small blind) folded before Flop
Seat 3: pcsk8 (big blind) folded before Flop
Seat 4: ararinha44 folded before Flop
Seat 5: nickypimps folded before Flop (didn't bet)
Seat 6: luvingkind collected ($0.55)



PokerStars Zoom Hand #256149386821:  Hold'em No Limit ($0.05/$0.10) - 2025/05/15 8:58:21 CET [2025/05/15 2:58:21 ET]
Table 'Aludra' 6-max Seat #1 is the button
Seat 1: GM_Reginaldo ($9.68 in chips) 
Seat 2: pcsk8 ($10 in chips) 
Seat 3: weak bosons ($11.68 in chips) 
Seat 4: suntony ($24.70 in chips) 
Seat 5: bmwpotti ($7.05 in chips) 
Seat 6: Mahu2021 ($9.85 in chips) 
pcsk8: posts small blind $0.05
weak bosons: posts big blind $0.10
*** HOLE CARDS ***
Dealt to Mahu2021 [Kc Ad]
suntony: raises $0.20 to $0.30
bmwpotti: calls $0.30
Mahu2021: raises $0.90 to $1.20
GM_Reginaldo: folds 
pcsk8: folds 
weak bosons: folds 
suntony: raises $1.60 to $2.80
bmwpotti: folds 
Mahu2021: calls $1.60
*** FLOP *** [9c 8d 4d]
suntony: bets $21.90 and is all-in
Mahu2021: folds 
Uncalled bet ($21.90) returned to suntony
suntony collected $5.78 from pot
suntony: doesn't show hand 
*** SUMMARY ***
Total pot $6.05 | Rake $0.27 
Board [9c 8d 4d]
Seat 1: GM_Reginaldo (button) folded before Flop (didn't bet)
Seat 2: pcsk8 (small blind) folded before Flop
Seat 3: weak bosons (big blind) folded before Flop
Seat 4: suntony collected ($5.78)
Seat 5: bmwpotti folded before Flop
Seat 6: Mahu2021 folded on the Flop



PokerStars Zoom Hand #256149385260:  Hold'em No Limit ($0.05/$0.10) - 2025/05/15 8:57:55 CET [2025/05/15 2:57:55 ET]
Table 'Aludra' 6-max Seat #1 is the button
Seat 1: Cmmc1 ($14.48 in chips) 
Seat 2: LevA1989 ($10 in chips) 
Seat 3: Mahu2021 ($10 in chips) 
Seat 4: fkdupshit ($6.95 in chips) 
Seat 5: thanson17 ($7.62 in chips) 
Seat 6: luvingkind ($10.69 in chips) 
LevA1989: posts small blind $0.05
Mahu2021: posts big blind $0.10
*** HOLE CARDS ***
Dealt to Mahu2021 [6d 9s]
fkdupshit: raises $0.15 to $0.25
thanson17: folds 
luvingkind: folds 
Cmmc1: folds 
LevA1989: raises $0.90 to $1.15
Mahu2021: folds 
fkdupshit: calls $0.90
*** FLOP *** [7h 6s 3h]
LevA1989: bets $1.15
fkdupshit: raises $4.65 to $5.80 and is all-in
LevA1989: calls $4.65
*** TURN *** [7h 6s 3h] [9d]
*** RIVER *** [7h 6s 3h 9d] [2d]
*** SHOW DOWN ***
LevA1989: shows [As Kc] (high card Ace)
fkdupshit: shows [Ac Ad] (a pair of Aces)
fkdupshit collected $13.37 from pot
*** SUMMARY ***
Total pot $14 | Rake $0.63 
Board [7h 6s 3h 9d 2d]
Seat 1: Cmmc1 (button) folded before Flop (didn't bet)
Seat 2: LevA1989 (small blind) showed [As Kc] and lost with high card Ace
Seat 3: Mahu2021 (big blind) folded before Flop
Seat 4: fkdupshit showed [Ac Ad] and won ($13.37) with a pair of Aces
Seat 5: thanson17 folded before Flop (didn't bet)
Seat 6: luvingkind folded before Flop (didn't bet)



PokerStars Zoom Hand #256149388686:  Hold'em No Limit ($0.05/$0.10) - 2025/05/15 8:58:53 CET [2025/05/15 2:58:53 ET]
Table 'Aludra' 6-max Seat #1 is the button
Seat 1: iudicus ($10 in chips) 
Seat 2: WithM2 ($12.57 in chips) 
Seat 3: nickypimps ($10.87 in chips) 
Seat 4: weak bosons ($10 in chips) 
Seat 5: Mahu2021 ($7.05 in chips) 
Seat 6: suntony ($27.68 in chips) 
WithM2: posts small blind $0.05
nickypimps: posts big blind $0.10
*** HOLE CARDS ***
Dealt to Mahu2021 [2c Kd]
weak bosons: folds 
Mahu2021: folds 
suntony: raises $0.20 to $0.30
iudicus: folds 
WithM2: folds 
nickypimps: folds 
Uncalled bet ($0.20) returned to suntony
suntony collected $0.25 from pot
suntony: doesn't show hand 
*** SUMMARY ***
Total pot $0.25 | Rake $0 
Seat 1: iudicus (button) folded before Flop (didn't bet)
Seat 2: WithM2 (small blind) folded before Flop
Seat 3: nickypimps (big blind) folded before Flop
Seat 4: weak bosons folded before Flop (didn't bet)
Seat 5: Mahu2021 folded before Flop (didn't bet)
Seat 6: suntony collected ($0.25)



PokerStars Zoom Hand #256149389644:  Hold'em No Limit ($0.05/$0.10) - 2025/05/15 8:59:09 CET [2025/05/15 2:59:09 ET]
Table 'Aludra' 6-max Seat #1 is the button
Seat 1: CappedandHero ($12.68 in chips) 
Seat 2: GHughesPoker ($11.73 in chips) 
Seat 3: Mahu2021 ($7 in chips) 
Seat 4: zoras5 ($10.57 in chips) 
Seat 5: ararinha44 ($10.32 in chips) 
Seat 6: Higgs Bo$on ($10.53 in chips) 
GHughesPoker: posts small blind $0.05
Mahu2021: posts big blind $0.10
*** HOLE CARDS ***
Dealt to Mahu2021 [6c 3h]
zoras5: raises $0.20 to $0.30
ararinha44: folds 
Higgs Bo$on: folds 
CappedandHero: folds 
GHughesPoker: folds 
Mahu2021: folds 
Uncalled bet ($0.20) returned to zoras5
zoras5 collected $0.25 from pot
zoras5: doesn't show hand 
*** SUMMARY ***
Total pot $0.25 | Rake $0 
Seat 1: CappedandHero (button) folded before Flop (didn't bet)
Seat 2: GHughesPoker (small blind) folded before Flop
Seat 3: Mahu2021 (big blind) folded before Flop
Seat 4: zoras5 collected ($0.25)
Seat 5: ararinha44 folded before Flop (didn't bet)
Seat 6: Higgs Bo$on folded before Flop (didn't bet)



PokerStars Zoom Hand #256149390510:  Hold'em No Limit ($0.05/$0.10) - 2025/05/15 8:59:24 CET [2025/05/15 2:59:24 ET]
Table 'Aludra' 6-max Seat #1 is the button
Seat 1: farofale ($10.16 in chips) 
Seat 2: Mahu2021 ($6.90 in chips) 
Seat 3: suntony ($27.83 in chips) 
Seat 4: WithM2 ($12.52 in chips) 
Seat 5: weak bosons ($10.10 in chips) 
Seat 6: thanson17 ($6.55 in chips) 
Mahu2021: posts small blind $0.05
suntony: posts big blind $0.10
*** HOLE CARDS ***
Dealt to Mahu2021 [Qd Kc]
WithM2: folds 
weak bosons: folds 
thanson17: folds 
farofale: folds 
Mahu2021: raises $0.20 to $0.30
suntony: folds 
Uncalled bet ($0.20) returned to Mahu2021
Mahu2021 collected $0.20 from pot
Mahu2021: doesn't show hand 
*** SUMMARY ***
Total pot $0.20 | Rake $0 
Seat 1: farofale (button) folded before Flop (didn't bet)
Seat 2: Mahu2021 (small blind) collected ($0.20)
Seat 3: suntony (big blind) folded before Flop
Seat 4: WithM2 folded before Flop (didn't bet)
Seat 5: weak bosons folded before Flop (didn't bet)
Seat 6: thanson17 folded before Flop (didn't bet)



PokerStars Zoom Hand #256149390251:  Hold'em No Limit ($0.05/$0.10) - 2025/05/15 8:59:20 CET [2025/05/15 2:59:20 ET]
Table 'Aludra' 6-max Seat #1 is the button
Seat 1: Mahu2021 ($6.90 in chips) 
Seat 2: iudicus ($10 in chips) 
Seat 3: camoulife ($10.24 in chips) 
Seat 4: sedgy575 ($14.36 in chips) 
Seat 5: ElJosen'10 ($12.85 in chips) 
Seat 6: carlossalido ($24.10 in chips) 
iudicus: posts small blind $0.05
camoulife: posts big blind $0.10
*** HOLE CARDS ***
Dealt to Mahu2021 [7c Qd]
sedgy575: folds 
ElJosen'10: raises $0.15 to $0.25
carlossalido: calls $0.25
Mahu2021: folds 
iudicus: folds 
camoulife: folds 
*** FLOP *** [3d Tc 2s]
ElJosen'10: bets $0.25
carlossalido: calls $0.25
*** TURN *** [3d Tc 2s] [4s]
ElJosen'10: bets $0.94
carlossalido: folds 
Uncalled bet ($0.94) returned to ElJosen'10
ElJosen'10 collected $1.10 from pot
ElJosen'10: doesn't show hand 
*** SUMMARY ***
Total pot $1.15 | Rake $0.05 
Board [3d Tc 2s 4s]
Seat 1: Mahu2021 (button) folded before Flop (didn't bet)
Seat 2: iudicus (small blind) folded before Flop
Seat 3: camoulife (big blind) folded before Flop
Seat 4: sedgy575 folded before Flop (didn't bet)
Seat 5: ElJosen'10 collected ($1.10)
Seat 6: carlossalido folded on the Turn



PokerStars Zoom Hand #256149391281:  Hold'em No Limit ($0.05/$0.10) - 2025/05/15 8:59:37 CET [2025/05/15 2:59:37 ET]
Table 'Aludra' 6-max Seat #1 is the button
Seat 1: sedgy575 ($14.26 in chips) 
Seat 2: ale gajardo ($10 in chips) 
Seat 3: CappedandHero ($16.76 in chips) 
Seat 4: GastiLodi ($3.51 in chips) 
Seat 5: ElJosen'10 ($11.54 in chips) 
Seat 6: Mahu2021 ($7 in chips) 
ale gajardo: posts small blind $0.05
CappedandHero: posts big blind $0.10
*** HOLE CARDS ***
Dealt to Mahu2021 [9c 8c]
GastiLodi: folds 
ElJosen'10: folds 
Mahu2021: raises $0.20 to $0.30
sedgy575: folds 
ale gajardo: calls $0.25
CappedandHero: folds 
*** FLOP *** [8h 9h Ac]
ale gajardo: checks 
Mahu2021: bets $0.30
ale gajardo: calls $0.30
*** TURN *** [8h 9h Ac] [4s]
ale gajardo: checks 
Mahu2021: bets $1.24
ale gajardo: calls $1.24
*** RIVER *** [8h 9h Ac 4s] [2s]
ale gajardo: checks 
Mahu2021: bets $3.61
ale gajardo: folds 
Uncalled bet ($3.61) returned to Mahu2021
Mahu2021 collected $3.61 from pot
Mahu2021: doesn't show hand 
*** SUMMARY ***
Total pot $3.78 | Rake $0.17 
Board [8h 9h Ac 4s 2s]
Seat 1: sedgy575 (button) folded before Flop (didn't bet)
Seat 2: ale gajardo (small blind) folded on the River
Seat 3: CappedandHero (big blind) folded before Flop
Seat 4: GastiLodi folded before Flop (didn't bet)
Seat 5: ElJosen'10 folded before Flop (didn't bet)
Seat 6: Mahu2021 collected ($3.61)



PokerStars Zoom Hand #256149390037:  Hold'em No Limit ($0.05/$0.10) - 2025/05/15 8:59:16 CET [2025/05/15 2:59:16 ET]
Table 'Aludra' 6-max Seat #1 is the button
Seat 1: GHughesPoker ($9.91 in chips) 
Seat 2: farofale ($10.21 in chips) 
Seat 3: Higgs Bo$on ($20.53 in chips) 
Seat 4: Mahu2021 ($6.90 in chips) 
Seat 5: fkdupshit ($13.22 in chips) 
Seat 6: tappypuppy ($11.93 in chips) 
farofale: posts small blind $0.05
Higgs Bo$on: posts big blind $0.10
*** HOLE CARDS ***
Dealt to Mahu2021 [5h 8d]
Mahu2021: folds 
fkdupshit: folds 
tappypuppy: raises $0.15 to $0.25
GHughesPoker: calls $0.25
farofale: folds 
Higgs Bo$on: calls $0.15
*** FLOP *** [Jd Qd 9h]
Higgs Bo$on: checks 
tappypuppy: checks 
GHughesPoker: bets $0.80
Higgs Bo$on: raises $1.18 to $1.98
tappypuppy: folds 
GHughesPoker: raises $7.68 to $9.66 and is all-in
Higgs Bo$on: calls $7.68
*** TURN *** [Jd Qd 9h] [8h]
*** RIVER *** [Jd Qd 9h 8h] [3s]
*** SHOW DOWN ***
Higgs Bo$on: shows [Td Kd] (a straight, Nine to King)
GHughesPoker: shows [8s Ts] (a straight, Eight to Queen)
Higgs Bo$on collected $19.21 from pot
*** SUMMARY ***
Total pot $20.12 | Rake $0.91 
Board [Jd Qd 9h 8h 3s]
Seat 1: GHughesPoker (button) showed [8s Ts] and lost with a straight, Eight to Queen
Seat 2: farofale (small blind) folded before Flop
Seat 3: Higgs Bo$on (big blind) showed [Td Kd] and won ($19.21) with a straight, Nine to King
Seat 4: Mahu2021 folded before Flop (didn't bet)
Seat 5: fkdupshit folded before Flop (didn't bet)
Seat 6: tappypuppy folded on the Flop



PokerStars Zoom Hand #256149389041:  Hold'em No Limit ($0.05/$0.10) - 2025/05/15 8:58:59 CET [2025/05/15 2:58:59 ET]
Table 'Aludra' 6-max Seat #1 is the button
Seat 1: ararinha44 ($10.32 in chips) 
Seat 2: Mahu2021 ($7.05 in chips) 
Seat 3: iudicus ($10.61 in chips) 
Seat 4: LevA1989 ($5.85 in chips) 
Seat 5: GHughesPoker ($34.20 in chips) 
Seat 6: Baratrum777 ($10 in chips) 
Mahu2021: posts small blind $0.05
iudicus: posts big blind $0.10
*** HOLE CARDS ***
Dealt to Mahu2021 [8s Qd]
LevA1989: raises $0.10 to $0.20
GHughesPoker: calls $0.20
Baratrum777: folds 
ararinha44: folds 
Mahu2021: folds 
iudicus: calls $0.10
*** FLOP *** [Qc Jh 9h]
iudicus: checks 
LevA1989: checks 
GHughesPoker: checks 
*** TURN *** [Qc Jh 9h] [2c]
iudicus: checks 
LevA1989: bets $0.31
GHughesPoker: calls $0.31
iudicus: calls $0.31
*** RIVER *** [Qc Jh 9h 2c] [3d]
iudicus: checks 
LevA1989: checks 
GHughesPoker: checks 
*** SHOW DOWN ***
iudicus: shows [Ks Qh] (a pair of Queens)
LevA1989: mucks hand 
GHughesPoker: mucks hand 
iudicus collected $1.49 from pot
*** SUMMARY ***
Total pot $1.58 | Rake $0.09 
Board [Qc Jh 9h 2c 3d]
Seat 1: ararinha44 (button) folded before Flop (didn't bet)
Seat 2: Mahu2021 (small blind) folded before Flop
Seat 3: iudicus (big blind) showed [Ks Qh] and won ($1.49) with a pair of Queens
Seat 4: LevA1989 mucked [Jc Ad]
Seat 5: GHughesPoker mucked [Th Td]
Seat 6: Baratrum777 folded before Flop (didn't bet)



PokerStars Zoom Hand #256149394163:  Hold'em No Limit ($0.05/$0.10) - 2025/05/15 9:00:25 CET [2025/05/15 3:00:25 ET]
Table 'Aludra' 6-max Seat #1 is the button
Seat 1: Higgs Bo$on ($11.01 in chips) 
Seat 2: pcsk8 ($12.37 in chips) 
Seat 3: ohzzinu ($10 in chips) 
Seat 4: Mahu2021 ($8.77 in chips) 
Seat 5: Baratrum777 ($10 in chips) 
Seat 6: ararinha44 ($10.17 in chips) 
pcsk8: posts small blind $0.05
ohzzinu: posts big blind $0.10
*** HOLE CARDS ***
Dealt to Mahu2021 [3d 8h]
Mahu2021: folds 
Baratrum777: folds 
ararinha44: folds 
Higgs Bo$on: folds 
pcsk8: folds 
Uncalled bet ($0.05) returned to ohzzinu
ohzzinu collected $0.10 from pot
ohzzinu: doesn't show hand 
*** SUMMARY ***
Total pot $0.10 | Rake $0 
Seat 1: Higgs Bo$on (button) folded before Flop (didn't bet)
Seat 2: pcsk8 (small blind) folded before Flop
Seat 3: ohzzinu (big blind) collected ($0.10)
Seat 4: Mahu2021 folded before Flop (didn't bet)
Seat 5: Baratrum777 folded before Flop (didn't bet)
Seat 6: ararinha44 folded before Flop (didn't bet)



PokerStars Zoom Hand #256149393363:  Hold'em No Limit ($0.05/$0.10) - 2025/05/15 9:00:12 CET [2025/05/15 3:00:12 ET]
Table 'Aludra' 6-max Seat #1 is the button
Seat 1: RCDC2312 ($6.73 in chips) 
Seat 2: WithM2 ($12.42 in chips) 
Seat 3: ElJosen'10 ($13.45 in chips) 
Seat 4: Paganini171 ($5.96 in chips) 
Seat 5: Mahu2021 ($8.77 in chips) 
Seat 6: LevA1989 ($11.95 in chips) 
WithM2: posts small blind $0.05
ElJosen'10: posts big blind $0.10
*** HOLE CARDS ***
Dealt to Mahu2021 [Qc 9d]
Paganini171: folds 
Mahu2021: folds 
LevA1989: raises $0.10 to $0.20
RCDC2312: calls $0.20
WithM2: folds 
ElJosen'10: folds 
*** FLOP *** [9h Ad Jh]
LevA1989: checks 
RCDC2312: bets $0.53
LevA1989: folds 
Uncalled bet ($0.53) returned to RCDC2312
RCDC2312 collected $0.53 from pot
RCDC2312: doesn't show hand 
*** SUMMARY ***
Total pot $0.55 | Rake $0.02 
Board [9h Ad Jh]
Seat 1: RCDC2312 (button) collected ($0.53)
Seat 2: WithM2 (small blind) folded before Flop
Seat 3: ElJosen'10 (big blind) folded before Flop
Seat 4: Paganini171 folded before Flop (didn't bet)
Seat 5: Mahu2021 folded before Flop (didn't bet)
Seat 6: LevA1989 folded on the Flop



PokerStars Zoom Hand #256149394452:  Hold'em No Limit ($0.05/$0.10) - 2025/05/15 9:00:30 CET [2025/05/15 3:00:30 ET]
Table 'Aludra' 6-max Seat #1 is the button
Seat 1: CappedandHero ($44.61 in chips) 
Seat 2: Jocosta94 ($10.52 in chips) 
Seat 3: Mahu2021 ($8.77 in chips) 
Seat 4: GHughesPoker ($33.69 in chips) 
Seat 5: thanson17 ($7.22 in chips) 
Seat 6: daveymck ($10.35 in chips) 
Jocosta94: posts small blind $0.05
Mahu2021: posts big blind $0.10
*** HOLE CARDS ***
Dealt to Mahu2021 [Ts Ks]
GHughesPoker: raises $0.13 to $0.23
thanson17: folds 
daveymck: folds 
CappedandHero: folds 
Jocosta94: folds 
Mahu2021: calls $0.13
*** FLOP *** [As 3h 4s]
Mahu2021: checks 
GHughesPoker: bets $0.18
Mahu2021: raises $0.72 to $0.90
GHughesPoker: folds 
Uncalled bet ($0.72) returned to Mahu2021
Mahu2021 collected $0.83 from pot
Mahu2021: doesn't show hand 
*** SUMMARY ***
Total pot $0.87 | Rake $0.04 
Board [As 3h 4s]
Seat 1: CappedandHero (button) folded before Flop (didn't bet)
Seat 2: Jocosta94 (small blind) folded before Flop
Seat 3: Mahu2021 (big blind) collected ($0.83)
Seat 4: GHughesPoker folded on the Flop
Seat 5: thanson17 folded before Flop (didn't bet)
Seat 6: daveymck folded before Flop (didn't bet)



PokerStars Zoom Hand #256149396542:  Hold'em No Limit ($0.05/$0.10) - 2025/05/15 9:01:02 CET [2025/05/15 3:01:02 ET]
Table 'Aludra' 6-max Seat #1 is the button
Seat 1: Mahu2021 ($9.19 in chips) 
Seat 2: zoras5 ($10.57 in chips) 
Seat 3: tappypuppy ($10.17 in chips) 
Seat 4: ohzzinu ($10 in chips) 
Seat 5: Jocosta94 ($10.47 in chips) 
Seat 6: pcsk8 ($19.57 in chips) 
zoras5: posts small blind $0.05
tappypuppy: posts big blind $0.10
*** HOLE CARDS ***
Dealt to Mahu2021 [7h Kd]
ohzzinu: folds 
Jocosta94: folds 
pcsk8: folds 
Mahu2021: folds 
zoras5: folds 
Uncalled bet ($0.05) returned to tappypuppy
tappypuppy collected $0.10 from pot
tappypuppy: doesn't show hand 
*** SUMMARY ***
Total pot $0.10 | Rake $0 
Seat 1: Mahu2021 (button) folded before Flop (didn't bet)
Seat 2: zoras5 (small blind) folded before Flop
Seat 3: tappypuppy (big blind) collected ($0.10)
Seat 4: ohzzinu folded before Flop (didn't bet)
Seat 5: Jocosta94 folded before Flop (didn't bet)
Seat 6: pcsk8 folded before Flop (didn't bet)



PokerStars Zoom Hand #256149397210:  Hold'em No Limit ($0.05/$0.10) - 2025/05/15 9:01:12 CET [2025/05/15 3:01:12 ET]
Table 'Aludra' 6-max Seat #1 is the button
Seat 1: 77aum7 ($11.47 in chips) 
Seat 2: GM_Reginaldo ($9.69 in chips) 
Seat 3: LevA1989 ($5.85 in chips) 
Seat 4: Higgs Bo$on ($29.53 in chips) 
Seat 5: weak bosons ($10 in chips) 
Seat 6: Mahu2021 ($9.19 in chips) 
GM_Reginaldo: posts small blind $0.05
LevA1989: posts big blind $0.10
*** HOLE CARDS ***
Dealt to Mahu2021 [Ks Qh]
Higgs Bo$on: folds 
weak bosons: folds 
Mahu2021: raises $0.20 to $0.30
77aum7: folds 
GM_Reginaldo: folds 
LevA1989: folds 
Uncalled bet ($0.20) returned to Mahu2021
Mahu2021 collected $0.25 from pot
Mahu2021: doesn't show hand 
*** SUMMARY ***
Total pot $0.25 | Rake $0 
Seat 1: 77aum7 (button) folded before Flop (didn't bet)
Seat 2: GM_Reginaldo (small blind) folded before Flop
Seat 3: LevA1989 (big blind) folded before Flop
Seat 4: Higgs Bo$on folded before Flop (didn't bet)
Seat 5: weak bosons folded before Flop (didn't bet)
Seat 6: Mahu2021 collected ($0.25)



PokerStars Zoom Hand #256149396940:  Hold'em No Limit ($0.05/$0.10) - 2025/05/15 9:01:08 CET [2025/05/15 3:01:08 ET]
Table 'Aludra' 6-max Seat #1 is the button
Seat 1: iudicus ($10 in chips) 
Seat 2: daveymck ($10.70 in chips) 
Seat 3: Baratrum777 ($10 in chips) 
Seat 4: pcsk8 ($12.22 in chips) 
Seat 5: Mahu2021 ($9.19 in chips) 
Seat 6: GastiLodi ($8.16 in chips) 
daveymck: posts small blind $0.05
Baratrum777: posts big blind $0.10
*** HOLE CARDS ***
Dealt to Mahu2021 [Th 8s]
pcsk8: folds 
Mahu2021: folds 
GastiLodi: raises $0.20 to $0.30
iudicus: folds 
daveymck: folds 
Baratrum777: folds 
Uncalled bet ($0.20) returned to GastiLodi
GastiLodi collected $0.25 from pot
GastiLodi: doesn't show hand 
*** SUMMARY ***
Total pot $0.25 | Rake $0 
Seat 1: iudicus (button) folded before Flop (didn't bet)
Seat 2: daveymck (small blind) folded before Flop
Seat 3: Baratrum777 (big blind) folded before Flop
Seat 4: pcsk8 folded before Flop (didn't bet)
Seat 5: Mahu2021 folded before Flop (didn't bet)
Seat 6: GastiLodi collected ($0.25)



PokerStars Zoom Hand #256149398169:  Hold'em No Limit ($0.05/$0.10) - 2025/05/15 9:01:27 CET [2025/05/15 3:01:27 ET]
Table 'Aludra' 6-max Seat #1 is the button
Seat 1: julle112 ($13.94 in chips) 
Seat 2: Mahu2021 ($9.34 in chips) 
Seat 3: iudicus ($10 in chips) 
Seat 4: LevA1989 ($11.47 in chips) 
Seat 5: Higgs Bo$on ($10.76 in chips) 
Seat 6: 77aum7 ($11.47 in chips) 
Mahu2021: posts small blind $0.05
iudicus: posts big blind $0.10
*** HOLE CARDS ***
Dealt to Mahu2021 [7s 8d]
LevA1989: folds 
Higgs Bo$on: folds 
77aum7: raises $0.17 to $0.27
julle112: folds 
Mahu2021: folds 
iudicus: calls $0.17
*** FLOP *** [Ts Qd 5c]
iudicus: checks 
77aum7: bets $0.56
iudicus: folds 
Uncalled bet ($0.56) returned to 77aum7
77aum7 collected $0.56 from pot
77aum7: doesn't show hand 
*** SUMMARY ***
Total pot $0.59 | Rake $0.03 
Board [Ts Qd 5c]
Seat 1: julle112 (button) folded before Flop (didn't bet)
Seat 2: Mahu2021 (small blind) folded before Flop
Seat 3: iudicus (big blind) folded on the Flop
Seat 4: LevA1989 folded before Flop (didn't bet)
Seat 5: Higgs Bo$on folded before Flop (didn't bet)
Seat 6: 77aum7 collected ($0.56)



PokerStars Zoom Hand #256149399191:  Hold'em No Limit ($0.05/$0.10) - 2025/05/15 9:01:43 CET [2025/05/15 3:01:43 ET]
Table 'Aludra' 6-max Seat #1 is the button
Seat 1: ohzzinu ($10 in chips) 
Seat 2: Higgs Bo$on ($10.81 in chips) 
Seat 3: Mahu2021 ($9.29 in chips) 
Seat 4: thanson17 ($6.47 in chips) 
Seat 5: CappedandHero ($44.56 in chips) 
Seat 6: iudicus ($10.15 in chips) 
Higgs Bo$on: posts small blind $0.05
Mahu2021: posts big blind $0.10
*** HOLE CARDS ***
Dealt to Mahu2021 [6c 8s]
thanson17: folds 
CappedandHero: folds 
iudicus: folds 
ohzzinu: folds 
Higgs Bo$on: folds 
Uncalled bet ($0.05) returned to Mahu2021
Mahu2021 collected $0.10 from pot
Mahu2021: doesn't show hand 
*** SUMMARY ***
Total pot $0.10 | Rake $0 
Seat 1: ohzzinu (button) folded before Flop (didn't bet)
Seat 2: Higgs Bo$on (small blind) folded before Flop
Seat 3: Mahu2021 (big blind) collected ($0.10)
Seat 4: thanson17 folded before Flop (didn't bet)
Seat 5: CappedandHero folded before Flop (didn't bet)
Seat 6: iudicus folded before Flop (didn't bet)



PokerStars Zoom Hand #256149403719:  Hold'em No Limit ($0.05/$0.10) - 2025/05/15 9:02:54 CET [2025/05/15 3:02:54 ET]
Table 'Aludra' 6-max Seat #1 is the button
Seat 1: Mahu2021 ($9.34 in chips) 
Seat 2: camoulife ($10 in chips) 
Seat 3: iudicus ($10.15 in chips) 
Seat 4: Bur1k ($5.96 in chips) 
Seat 5: ElJosen'10 ($14.55 in chips) 
Seat 6: Tompi2510 ($10.10 in chips) 
camoulife: posts small blind $0.05
iudicus: posts big blind $0.10
*** HOLE CARDS ***
Dealt to Mahu2021 [3d 4c]
Bur1k: raises $0.20 to $0.30
ElJosen'10: folds 
Tompi2510: folds 
Mahu2021: folds 
camoulife: folds 
iudicus: folds 
Uncalled bet ($0.20) returned to Bur1k
Bur1k collected $0.25 from pot
Bur1k: doesn't show hand 
*** SUMMARY ***
Total pot $0.25 | Rake $0 
Seat 1: Mahu2021 (button) folded before Flop (didn't bet)
Seat 2: camoulife (small blind) folded before Flop
Seat 3: iudicus (big blind) folded before Flop
Seat 4: Bur1k collected ($0.25)
Seat 5: ElJosen'10 folded before Flop (didn't bet)
Seat 6: Tompi2510 folded before Flop (didn't bet)



PokerStars Zoom Hand #256149403986:  Hold'em No Limit ($0.05/$0.10) - 2025/05/15 9:02:58 CET [2025/05/15 3:02:58 ET]
Table 'Aludra' 6-max Seat #1 is the button
Seat 1: CappedandHero ($11.69 in chips) 
Seat 2: Mahu2021 ($9.34 in chips) 
Seat 3: zoras5 ($22.49 in chips) 
Seat 4: fkdupshit ($12.32 in chips) 
Seat 5: GM_Reginaldo ($8.95 in chips) 
Seat 6: camoulife ($10 in chips) 
Mahu2021: posts small blind $0.05
zoras5: posts big blind $0.10
*** HOLE CARDS ***
Dealt to Mahu2021 [Qc 3c]
fkdupshit: folds 
GM_Reginaldo: raises $0.10 to $0.20
camoulife: folds 
CappedandHero: folds 
Mahu2021: folds 
zoras5: folds 
Uncalled bet ($0.10) returned to GM_Reginaldo
GM_Reginaldo collected $0.25 from pot
GM_Reginaldo: doesn't show hand 
*** SUMMARY ***
Total pot $0.25 | Rake $0 
Seat 1: CappedandHero (button) folded before Flop (didn't bet)
Seat 2: Mahu2021 (small blind) folded before Flop
Seat 3: zoras5 (big blind) folded before Flop
Seat 4: fkdupshit folded before Flop (didn't bet)
Seat 5: GM_Reginaldo collected ($0.25)
Seat 6: camoulife folded before Flop (didn't bet)



PokerStars Zoom Hand #256149404502:  Hold'em No Limit ($0.05/$0.10) - 2025/05/15 9:03:07 CET [2025/05/15 3:03:07 ET]
Table 'Aludra' 6-max Seat #1 is the button
Seat 1: Mahu2021 ($9.29 in chips) 
Seat 2: iudicus ($10.05 in chips) 
Seat 3: RCDC2312 ($5.74 in chips) 
Seat 4: ElJosen'10 ($11.86 in chips) 
Seat 5: camoulife ($10 in chips) 
Seat 6: ararinha44 ($10.36 in chips) 
iudicus: posts small blind $0.05
RCDC2312: posts big blind $0.10
*** HOLE CARDS ***
Dealt to Mahu2021 [2s 3s]
ElJosen'10: folds 
camoulife: folds 
ararinha44: folds 
Mahu2021: raises $0.20 to $0.30
iudicus: folds 
RCDC2312: calls $0.20
*** FLOP *** [Kd Qh 8s]
RCDC2312: bets $0.62
Mahu2021: folds 
Uncalled bet ($0.62) returned to RCDC2312
RCDC2312 collected $0.61 from pot
RCDC2312: doesn't show hand 
*** SUMMARY ***
Total pot $0.65 | Rake $0.04 
Board [Kd Qh 8s]
Seat 1: Mahu2021 (button) folded on the Flop
Seat 2: iudicus (small blind) folded before Flop
Seat 3: RCDC2312 (big blind) collected ($0.61)
Seat 4: ElJosen'10 folded before Flop (didn't bet)
Seat 5: camoulife folded before Flop (didn't bet)
Seat 6: ararinha44 folded before Flop (didn't bet)



PokerStars Zoom Hand #256149403417:  Hold'em No Limit ($0.05/$0.10) - 2025/05/15 9:02:49 CET [2025/05/15 3:02:49 ET]
Table 'Aludra' 6-max Seat #1 is the button
Seat 1: wrongtruth ($28.72 in chips) 
Seat 2: ElJosen'10 ($14.60 in chips) 
Seat 3: ararinha44 ($12.09 in chips) 
Seat 4: Mahu2021 ($9.34 in chips) 
Seat 5: sedgy575 ($14.21 in chips) 
Seat 6: Facusushi ($3.23 in chips) 
ElJosen'10: posts small blind $0.05
ararinha44: posts big blind $0.10
*** HOLE CARDS ***
Dealt to Mahu2021 [Qh 7s]
Mahu2021: folds 
sedgy575: raises $0.15 to $0.25
Facusushi: calls $0.25
wrongtruth: calls $0.25
ElJosen'10: folds 
ararinha44: folds 
*** FLOP *** [Kd 5c 8h]
sedgy575: checks 
Facusushi: bets $0.10
wrongtruth: calls $0.10
sedgy575: calls $0.10
*** TURN *** [Kd 5c 8h] [9d]
sedgy575: checks 
Facusushi: bets $0.10
wrongtruth: raises $1.35 to $1.45
sedgy575: folds 
Facusushi: folds 
Uncalled bet ($1.35) returned to wrongtruth
wrongtruth collected $1.34 from pot
wrongtruth: doesn't show hand 
*** SUMMARY ***
Total pot $1.40 | Rake $0.06 
Board [Kd 5c 8h 9d]
Seat 1: wrongtruth (button) collected ($1.34)
Seat 2: ElJosen'10 (small blind) folded before Flop
Seat 3: ararinha44 (big blind) folded before Flop
Seat 4: Mahu2021 folded before Flop (didn't bet)
Seat 5: sedgy575 folded on the Turn
Seat 6: Facusushi folded on the Turn



PokerStars Zoom Hand #256149405854:  Hold'em No Limit ($0.05/$0.10) - 2025/05/15 9:03:27 CET [2025/05/15 3:03:27 ET]
Table 'Aludra' 6-max Seat #1 is the button
Seat 1: ElJosen'10 ($14.55 in chips) 
Seat 2: luvingkind ($14.26 in chips) 
Seat 3: CappedandHero ($13.60 in chips) 
Seat 4: luca21bj ($11.27 in chips) 
Seat 5: Mahu2021 ($8.99 in chips) 
Seat 6: Bur1k ($6.11 in chips) 
luvingkind: posts small blind $0.05
CappedandHero: posts big blind $0.10
*** HOLE CARDS ***
Dealt to Mahu2021 [5d 3c]
luca21bj: raises $0.10 to $0.20
Mahu2021: folds 
Bur1k: folds 
ElJosen'10: folds 
luvingkind: folds 
CappedandHero: folds 
Uncalled bet ($0.10) returned to luca21bj
luca21bj collected $0.25 from pot
luca21bj: doesn't show hand 
*** SUMMARY ***
Total pot $0.25 | Rake $0 
Seat 1: ElJosen'10 (button) folded before Flop (didn't bet)
Seat 2: luvingkind (small blind) folded before Flop
Seat 3: CappedandHero (big blind) folded before Flop
Seat 4: luca21bj collected ($0.25)
Seat 5: Mahu2021 folded before Flop (didn't bet)
Seat 6: Bur1k folded before Flop (didn't bet)



PokerStars Zoom Hand #256149404187:  Hold'em No Limit ($0.05/$0.10) - 2025/05/15 9:03:02 CET [2025/05/15 3:03:02 ET]
Table 'Aludra' 6-max Seat #1 is the button
Seat 1: ararinha44 ($11.99 in chips) 
Seat 2: thanson17 ($8.10 in chips) 
Seat 3: taka736 ($10 in chips) 
Seat 4: RCDC2312 ($5.74 in chips) 
Seat 5: Tompi2510 ($10.10 in chips) 
Seat 6: Mahu2021 ($9.29 in chips) 
thanson17: posts small blind $0.05
taka736: posts big blind $0.10
*** HOLE CARDS ***
Dealt to Mahu2021 [8d 5h]
RCDC2312: folds 
Tompi2510: folds 
Mahu2021: folds 
ararinha44: raises $0.10 to $0.20
thanson17: folds 
taka736: calls $0.10
*** FLOP *** [4s Jd 9h]
taka736: checks 
ararinha44: bets $0.14
taka736: calls $0.14
*** TURN *** [4s Jd 9h] [Qc]
taka736: checks 
ararinha44: checks 
*** RIVER *** [4s Jd 9h Qc] [5s]
taka736: bets $1.52
ararinha44: calls $1.52
*** SHOW DOWN ***
taka736: shows [4c 4d] (three of a kind, Fours)
ararinha44: mucks hand 
taka736 collected $3.60 from pot
*** SUMMARY ***
Total pot $3.77 | Rake $0.17 
Board [4s Jd 9h Qc 5s]
Seat 1: ararinha44 (button) mucked [Td Qd]
Seat 2: thanson17 (small blind) folded before Flop
Seat 3: taka736 (big blind) showed [4c 4d] and won ($3.60) with three of a kind, Fours
Seat 4: RCDC2312 folded before Flop (didn't bet)
Seat 5: Tompi2510 folded before Flop (didn't bet)
Seat 6: Mahu2021 folded before Flop (didn't bet)



PokerStars Zoom Hand #256149406305:  Hold'em No Limit ($0.05/$0.10) - 2025/05/15 9:03:34 CET [2025/05/15 3:03:34 ET]
Table 'Aludra' 6-max Seat #1 is the button
Seat 1: thanson17 ($8 in chips) 
Seat 2: Tompi2510 ($10 in chips) 
Seat 3: Mahu2021 ($8.99 in chips) 
Seat 4: zoras5 ($11.77 in chips) 
Seat 5: luvingkind ($14.21 in chips) 
Seat 6: wrongtruth ($29.61 in chips) 
Tompi2510: posts small blind $0.05
Mahu2021: posts big blind $0.10
*** HOLE CARDS ***
Dealt to Mahu2021 [Ks 4h]
zoras5: folds 
luvingkind: folds 
wrongtruth: folds 
thanson17: raises $0.12 to $0.22
Tompi2510: raises $0.83 to $1.05
Mahu2021: folds 
thanson17: folds 
Uncalled bet ($0.83) returned to Tompi2510
Tompi2510 collected $0.54 from pot
Tompi2510: doesn't show hand 
*** SUMMARY ***
Total pot $0.54 | Rake $0 
Seat 1: thanson17 (button) folded before Flop
Seat 2: Tompi2510 (small blind) collected ($0.54)
Seat 3: Mahu2021 (big blind) folded before Flop
Seat 4: zoras5 folded before Flop (didn't bet)
Seat 5: luvingkind folded before Flop (didn't bet)
Seat 6: wrongtruth folded before Flop (didn't bet)



PokerStars Zoom Hand #256149407491:  Hold'em No Limit ($0.05/$0.10) - 2025/05/15 9:03:52 CET [2025/05/15 3:03:52 ET]
Table 'Aludra' 6-max Seat #1 is the button
Seat 1: dreamcome12 ($19.42 in chips) 
Seat 2: Bur1k ($6.16 in chips) 
Seat 3: ararinha44 ($10 in chips) 
Seat 4: CappedandHero ($13.50 in chips) 
Seat 5: weak bosons ($10.38 in chips) 
Seat 6: Mahu2021 ($8.89 in chips) 
Bur1k: posts small blind $0.05
ararinha44: posts big blind $0.10
*** HOLE CARDS ***
Dealt to Mahu2021 [4d 9d]
CappedandHero: raises $0.12 to $0.22
weak bosons: folds 
Mahu2021: folds 
dreamcome12: folds 
Bur1k: folds 
ararinha44: folds 
Uncalled bet ($0.12) returned to CappedandHero
CappedandHero collected $0.25 from pot
CappedandHero: doesn't show hand 
*** SUMMARY ***
Total pot $0.25 | Rake $0 
Seat 1: dreamcome12 (button) folded before Flop (didn't bet)
Seat 2: Bur1k (small blind) folded before Flop
Seat 3: ararinha44 (big blind) folded before Flop
Seat 4: CappedandHero collected ($0.25)
Seat 5: weak bosons folded before Flop (didn't bet)
Seat 6: Mahu2021 folded before Flop (didn't bet)



PokerStars Zoom Hand #256149408061:  Hold'em No Limit ($0.05/$0.10) - 2025/05/15 9:04:01 CET [2025/05/15 3:04:01 ET]
Table 'Aludra' 6-max Seat #1 is the button
Seat 1: thanson17 ($7.29 in chips) 
Seat 2: RCDC2312 ($5.85 in chips) 
Seat 3: Mahu2021 ($8.89 in chips) 
Seat 4: dreamcome12 ($19.42 in chips) 
Seat 5: luvingkind ($14.11 in chips) 
Seat 6: Bur1k ($5 in chips) 
RCDC2312: posts small blind $0.05
Mahu2021: posts big blind $0.10
*** HOLE CARDS ***
Dealt to Mahu2021 [4h 8d]
dreamcome12: folds 
luvingkind: folds 
Bur1k: folds 
thanson17: raises $0.12 to $0.22
RCDC2312: folds 
Mahu2021: folds 
Uncalled bet ($0.12) returned to thanson17
thanson17 collected $0.25 from pot
thanson17: doesn't show hand 
*** SUMMARY ***
Total pot $0.25 | Rake $0 
Seat 1: thanson17 (button) collected ($0.25)
Seat 2: RCDC2312 (small blind) folded before Flop
Seat 3: Mahu2021 (big blind) folded before Flop
Seat 4: dreamcome12 folded before Flop (didn't bet)
Seat 5: luvingkind folded before Flop (didn't bet)
Seat 6: Bur1k folded before Flop (didn't bet)



PokerStars Zoom Hand #256149407212:  Hold'em No Limit ($0.05/$0.10) - 2025/05/15 9:03:48 CET [2025/05/15 3:03:48 ET]
Table 'Aludra' 6-max Seat #1 is the button
Seat 1: pcsk8 ($11.82 in chips) 
Seat 2: luvingkind ($10 in chips) 
Seat 3: CappedandHero ($25.52 in chips) 
Seat 4: Mahu2021 ($8.89 in chips) 
Seat 5: dreamcome12 ($34.39 in chips) 
Seat 6: zoras5 ($11.77 in chips) 
luvingkind: posts small blind $0.05
CappedandHero: posts big blind $0.10
*** HOLE CARDS ***
Dealt to Mahu2021 [Jd 5d]
Mahu2021: folds 
dreamcome12: folds 
zoras5: folds 
pcsk8: raises $0.15 to $0.25
luvingkind: folds 
CappedandHero: raises $0.95 to $1.20
pcsk8: folds 
Uncalled bet ($0.95) returned to CappedandHero
CappedandHero collected $0.55 from pot
CappedandHero: doesn't show hand 
*** SUMMARY ***
Total pot $0.55 | Rake $0 
Seat 1: pcsk8 (button) folded before Flop
Seat 2: luvingkind (small blind) folded before Flop
Seat 3: CappedandHero (big blind) collected ($0.55)
Seat 4: Mahu2021 folded before Flop (didn't bet)
Seat 5: dreamcome12 folded before Flop (didn't bet)
Seat 6: zoras5 folded before Flop (didn't bet)



PokerStars Zoom Hand #256149407729:  Hold'em No Limit ($0.05/$0.10) - 2025/05/15 9:03:56 CET [2025/05/15 3:03:56 ET]
Table 'Aludra' 6-max Seat #1 is the button
Seat 1: RCDC2312 ($5.85 in chips) 
Seat 2: weak bosons ($10.38 in chips) 
Seat 3: suntony ($31.70 in chips) 
Seat 4: iudicus ($12.15 in chips) 
Seat 5: Mahu2021 ($8.89 in chips) 
Seat 6: luvingkind ($14.11 in chips) 
weak bosons: posts small blind $0.05
suntony: posts big blind $0.10
*** HOLE CARDS ***
Dealt to Mahu2021 [9c 3h]
iudicus: raises $0.10 to $0.20
Mahu2021: folds 
luvingkind: folds 
RCDC2312: folds 
weak bosons: raises $0.70 to $0.90
suntony: folds 
iudicus: folds 
Uncalled bet ($0.70) returned to weak bosons
weak bosons collected $0.50 from pot
weak bosons: doesn't show hand 
*** SUMMARY ***
Total pot $0.50 | Rake $0 
Seat 1: RCDC2312 (button) folded before Flop (didn't bet)
Seat 2: weak bosons (small blind) collected ($0.50)
Seat 3: suntony (big blind) folded before Flop
Seat 4: iudicus folded before Flop
Seat 5: Mahu2021 folded before Flop (didn't bet)
Seat 6: luvingkind folded before Flop (didn't bet)



PokerStars Zoom Hand #256149409064:  Hold'em No Limit ($0.05/$0.10) - 2025/05/15 9:04:16 CET [2025/05/15 3:04:16 ET]
Table 'Aludra' 6-max Seat #1 is the button
Seat 1: GastiLodi ($6.98 in chips) 
Seat 2: Mahu2021 ($8.79 in chips) 
Seat 3: ararinha44 ($11.42 in chips) 
Seat 4: dreamcome12 ($25.49 in chips) 
Seat 5: Tompi2510 ($10.32 in chips) 
Seat 6: takeabow12 ($9.85 in chips) 
Mahu2021: posts small blind $0.05
ararinha44: posts big blind $0.10
*** HOLE CARDS ***
Dealt to Mahu2021 [Jh 2d]
dreamcome12: folds 
Tompi2510: folds 
takeabow12: folds 
GastiLodi: raises $0.20 to $0.30
Mahu2021: folds 
ararinha44: folds 
Uncalled bet ($0.20) returned to GastiLodi
GastiLodi collected $0.25 from pot
GastiLodi: doesn't show hand 
*** SUMMARY ***
Total pot $0.25 | Rake $0 
Seat 1: GastiLodi (button) collected ($0.25)
Seat 2: Mahu2021 (small blind) folded before Flop
Seat 3: ararinha44 (big blind) folded before Flop
Seat 4: dreamcome12 folded before Flop (didn't bet)
Seat 5: Tompi2510 folded before Flop (didn't bet)
Seat 6: takeabow12 folded before Flop (didn't bet)



PokerStars Zoom Hand #256149409303:  Hold'em No Limit ($0.05/$0.10) - 2025/05/15 9:04:20 CET [2025/05/15 3:04:20 ET]
Table 'Aludra' 6-max Seat #1 is the button
Seat 1: Mahu2021 ($8.74 in chips) 
Seat 2: dreamcome12 ($25.49 in chips) 
Seat 3: zoras5 ($11.67 in chips) 
Seat 4: CappedandHero ($25.82 in chips) 
Seat 5: thanson17 ($7.68 in chips) 
Seat 6: Jinzoo1 ($23.45 in chips) 
dreamcome12: posts small blind $0.05
zoras5: posts big blind $0.10
*** HOLE CARDS ***
Dealt to Mahu2021 [Qh 7s]
CappedandHero: folds 
thanson17: folds 
Jinzoo1: folds 
Mahu2021: folds 
dreamcome12: raises $0.20 to $0.30
zoras5: folds 
Uncalled bet ($0.20) returned to dreamcome12
dreamcome12 collected $0.20 from pot
dreamcome12: doesn't show hand 
*** SUMMARY ***
Total pot $0.20 | Rake $0 
Seat 1: Mahu2021 (button) folded before Flop (didn't bet)
Seat 2: dreamcome12 (small blind) collected ($0.20)
Seat 3: zoras5 (big blind) folded before Flop
Seat 4: CappedandHero folded before Flop (didn't bet)
Seat 5: thanson17 folded before Flop (didn't bet)
Seat 6: Jinzoo1 folded before Flop (didn't bet)



PokerStars Zoom Hand #256149409513:  Hold'em No Limit ($0.05/$0.10) - 2025/05/15 9:04:23 CET [2025/05/15 3:04:23 ET]
Table 'Aludra' 6-max Seat #1 is the button
Seat 1: Tompi2510 ($10.32 in chips) 
Seat 2: thanson17 ($7.68 in chips) 
Seat 3: 93176248 ($10 in chips) 
Seat 4: Mahu2021 ($8.74 in chips) 
Seat 5: Bur1k ($5.10 in chips) 
Seat 6: ohzzinu ($11.04 in chips) 
thanson17: posts small blind $0.05
93176248: posts big blind $0.10
*** HOLE CARDS ***
Dealt to Mahu2021 [5c 5h]
Mahu2021: raises $0.10 to $0.20
Bur1k: folds 
ohzzinu: folds 
Tompi2510: folds 
thanson17: calls $0.15
93176248: folds 
*** FLOP *** [9c 8s 8h]
thanson17: checks 
Mahu2021: bets $0.30
thanson17: folds 
Uncalled bet ($0.30) returned to Mahu2021
Mahu2021 collected $0.48 from pot
Mahu2021: doesn't show hand 
*** SUMMARY ***
Total pot $0.50 | Rake $0.02 
Board [9c 8s 8h]
Seat 1: Tompi2510 (button) folded before Flop (didn't bet)
Seat 2: thanson17 (small blind) folded on the Flop
Seat 3: 93176248 (big blind) folded before Flop
Seat 4: Mahu2021 collected ($0.48)
Seat 5: Bur1k folded before Flop (didn't bet)
Seat 6: ohzzinu folded before Flop (didn't bet)



PokerStars Zoom Hand #256149410984:  Hold'em No Limit ($0.05/$0.10) - 2025/05/15 9:04:46 CET [2025/05/15 3:04:46 ET]
Table 'Aludra' 6-max Seat #1 is the button
Seat 1: ararinha44 ($10 in chips) 
Seat 2: taka736 ($13.26 in chips) 
Seat 3: Mahu2021 ($9.02 in chips) 
Seat 4: Bur1k ($5 in chips) 
Seat 5: Tompi2510 ($10.20 in chips) 
Seat 6: luvingkind ($13.96 in chips) 
taka736: posts small blind $0.05
Mahu2021: posts big blind $0.10
*** HOLE CARDS ***
Dealt to Mahu2021 [2s 5c]
Bur1k: folds 
Tompi2510: folds 
luvingkind: folds 
ararinha44: folds 
taka736: raises $0.15 to $0.25
Mahu2021: folds 
Uncalled bet ($0.15) returned to taka736
taka736 collected $0.20 from pot
taka736: doesn't show hand 
*** SUMMARY ***
Total pot $0.20 | Rake $0 
Seat 1: ararinha44 (button) folded before Flop (didn't bet)
Seat 2: taka736 (small blind) collected ($0.20)
Seat 3: Mahu2021 (big blind) folded before Flop
Seat 4: Bur1k folded before Flop (didn't bet)
Seat 5: Tompi2510 folded before Flop (didn't bet)
Seat 6: luvingkind folded before Flop (didn't bet)



PokerStars Zoom Hand #256149411664:  Hold'em No Limit ($0.05/$0.10) - 2025/05/15 9:04:57 CET [2025/05/15 3:04:57 ET]
Table 'Aludra' 6-max Seat #1 is the button
Seat 1: dreamcome12 ($25.74 in chips) 
Seat 2: daveymck ($47.23 in chips) 
Seat 3: weak bosons ($10.68 in chips) 
Seat 4: Tompi2510 ($10.22 in chips) 
Seat 5: CappedandHero ($25.77 in chips) 
Seat 6: Mahu2021 ($8.92 in chips) 
daveymck: posts small blind $0.05
weak bosons: posts big blind $0.10
*** HOLE CARDS ***
Dealt to Mahu2021 [Tc 5s]
Tompi2510: folds 
CappedandHero: folds 
Mahu2021: folds 
dreamcome12: folds 
daveymck: folds 
Uncalled bet ($0.05) returned to weak bosons
weak bosons collected $0.10 from pot
weak bosons: doesn't show hand 
*** SUMMARY ***
Total pot $0.10 | Rake $0 
Seat 1: dreamcome12 (button) folded before Flop (didn't bet)
Seat 2: daveymck (small blind) folded before Flop
Seat 3: weak bosons (big blind) collected ($0.10)
Seat 4: Tompi2510 folded before Flop (didn't bet)
Seat 5: CappedandHero folded before Flop (didn't bet)
Seat 6: Mahu2021 folded before Flop (didn't bet)



PokerStars Zoom Hand #256149412079:  Hold'em No Limit ($0.05/$0.10) - 2025/05/15 9:05:03 CET [2025/05/15 3:05:03 ET]
Table 'Aludra' 6-max Seat #1 is the button
Seat 1: ElJosen'10 ($10.99 in chips) 
Seat 2: Mahu2021 ($8.92 in chips) 
Seat 3: luvingkind ($10.15 in chips) 
Seat 4: daveymck ($47.18 in chips) 
Seat 5: ararinha44 ($11.32 in chips) 
Seat 6: dreamcome12 ($19.37 in chips) 
Mahu2021: posts small blind $0.05
luvingkind: posts big blind $0.10
*** HOLE CARDS ***
Dealt to Mahu2021 [Qd Th]
daveymck: folds 
ararinha44: folds 
dreamcome12: folds 
ElJosen'10: raises $0.15 to $0.25
Mahu2021: calls $0.20
luvingkind: folds 
*** FLOP *** [5h 6d 7h]
Mahu2021: checks 
ElJosen'10: checks 
*** TURN *** [5h 6d 7h] [Kc]
Mahu2021: checks 
ElJosen'10: bets $0.19
Mahu2021: folds 
Uncalled bet ($0.19) returned to ElJosen'10
ElJosen'10 collected $0.57 from pot
ElJosen'10: doesn't show hand 
*** SUMMARY ***
Total pot $0.60 | Rake $0.03 
Board [5h 6d 7h Kc]
Seat 1: ElJosen'10 (button) collected ($0.57)
Seat 2: Mahu2021 (small blind) folded on the Turn
Seat 3: luvingkind (big blind) folded before Flop
Seat 4: daveymck folded before Flop (didn't bet)
Seat 5: ararinha44 folded before Flop (didn't bet)
Seat 6: dreamcome12 folded before Flop (didn't bet)



PokerStars Zoom Hand #256149414475:  Hold'em No Limit ($0.05/$0.10) - 2025/05/15 9:05:40 CET [2025/05/15 3:05:40 ET]
Table 'Aludra' 6-max Seat #1 is the button
Seat 1: bmwpotti ($6 in chips) 
Seat 2: zoras5 ($10 in chips) 
Seat 3: carlossalido ($25.10 in chips) 
Seat 4: ElJosen'10 ($15.25 in chips) 
Seat 5: Mahu2021 ($8.67 in chips) 
Seat 6: Tompi2510 ($10.07 in chips) 
zoras5: posts small blind $0.05
carlossalido: posts big blind $0.10
*** HOLE CARDS ***
Dealt to Mahu2021 [6s 2d]
ElJosen'10: folds 
Mahu2021: folds 
Tompi2510: folds 
bmwpotti: folds 
zoras5: folds 
Uncalled bet ($0.05) returned to carlossalido
carlossalido collected $0.10 from pot
carlossalido: doesn't show hand 
*** SUMMARY ***
Total pot $0.10 | Rake $0 
Seat 1: bmwpotti (button) folded before Flop (didn't bet)
Seat 2: zoras5 (small blind) folded before Flop
Seat 3: carlossalido (big blind) collected ($0.10)
Seat 4: ElJosen'10 folded before Flop (didn't bet)
Seat 5: Mahu2021 folded before Flop (didn't bet)
Seat 6: Tompi2510 folded before Flop (didn't bet)



PokerStars Zoom Hand #256149414709:  Hold'em No Limit ($0.05/$0.10) - 2025/05/15 9:05:44 CET [2025/05/15 3:05:44 ET]
Table 'Aludra' 6-max Seat #1 is the button
Seat 1: Mahu2021 ($8.67 in chips) 
Seat 2: luvingkind ($13.81 in chips) 
Seat 3: JulyanoC ($10 in chips) 
Seat 4: Jinzoo1 ($23.20 in chips) 
Seat 5: Pimpen6996 ($9.03 in chips) 
Seat 6: bmwpotti ($6 in chips) 
luvingkind: posts small blind $0.05
JulyanoC: posts big blind $0.10
*** HOLE CARDS ***
Dealt to Mahu2021 [Jh 6d]
Jinzoo1: folds 
Pimpen6996: folds 
bmwpotti: folds 
Mahu2021: folds 
luvingkind: folds 
Uncalled bet ($0.05) returned to JulyanoC
JulyanoC collected $0.10 from pot
JulyanoC: doesn't show hand 
*** SUMMARY ***
Total pot $0.10 | Rake $0 
Seat 1: Mahu2021 (button) folded before Flop (didn't bet)
Seat 2: luvingkind (small blind) folded before Flop
Seat 3: JulyanoC (big blind) collected ($0.10)
Seat 4: Jinzoo1 folded before Flop (didn't bet)
Seat 5: Pimpen6996 folded before Flop (didn't bet)
Seat 6: bmwpotti folded before Flop (didn't bet)



PokerStars Zoom Hand #256149414987:  Hold'em No Limit ($0.05/$0.10) - 2025/05/15 9:05:48 CET [2025/05/15 3:05:48 ET]
Table 'Aludra' 6-max Seat #1 is the button
Seat 1: ElJosen'10 ($15.25 in chips) 
Seat 2: carlossalido ($25.15 in chips) 
Seat 3: CappedandHero ($13.26 in chips) 
Seat 4: Mahu2021 ($8.67 in chips) 
Seat 5: bmwpotti ($6 in chips) 
Seat 6: Jinzoo1 ($23.20 in chips) 
carlossalido: posts small blind $0.05
CappedandHero: posts big blind $0.10
*** HOLE CARDS ***
Dealt to Mahu2021 [Qd 8h]
Mahu2021: folds 
bmwpotti: folds 
Jinzoo1: folds 
ElJosen'10: raises $0.15 to $0.25
carlossalido: folds 
CappedandHero: folds 
Uncalled bet ($0.15) returned to ElJosen'10
ElJosen'10 collected $0.25 from pot
ElJosen'10: doesn't show hand 
*** SUMMARY ***
Total pot $0.25 | Rake $0 
Seat 1: ElJosen'10 (button) collected ($0.25)
Seat 2: carlossalido (small blind) folded before Flop
Seat 3: CappedandHero (big blind) folded before Flop
Seat 4: Mahu2021 folded before Flop (didn't bet)
Seat 5: bmwpotti folded before Flop (didn't bet)
Seat 6: Jinzoo1 folded before Flop (didn't bet)



PokerStars Zoom Hand #256149415167:  Hold'em No Limit ($0.05/$0.10) - 2025/05/15 9:05:51 CET [2025/05/15 3:05:51 ET]
Table 'Aludra' 6-max Seat #1 is the button
Seat 1: pcsk8 ($11.92 in chips) 
Seat 2: weak bosons ($10.59 in chips) 
Seat 3: suntony ($33.91 in chips) 
Seat 4: ararinha44 ($10 in chips) 
Seat 5: Bur1k ($5 in chips) 
Seat 6: Mahu2021 ($8.67 in chips) 
weak bosons: posts small blind $0.05
suntony: posts big blind $0.10
*** HOLE CARDS ***
Dealt to Mahu2021 [Tc Jc]
ararinha44: folds 
Bur1k: raises $0.20 to $0.30
Mahu2021: calls $0.30
pcsk8: folds 
weak bosons: folds 
suntony: calls $0.20
*** FLOP *** [Qs 3d Td]
suntony: checks 
Bur1k: bets $0.51
Mahu2021: calls $0.51
suntony: calls $0.51
*** TURN *** [Qs 3d Td] [8h]
suntony: checks 
Bur1k: checks 
Mahu2021: checks 
*** RIVER *** [Qs 3d Td 8h] [5d]
suntony: bets $2.37
Bur1k: folds 
Mahu2021: folds 
Uncalled bet ($2.37) returned to suntony
suntony collected $2.37 from pot
suntony: doesn't show hand 
*** SUMMARY ***
Total pot $2.48 | Rake $0.11 
Board [Qs 3d Td 8h 5d]
Seat 1: pcsk8 (button) folded before Flop (didn't bet)
Seat 2: weak bosons (small blind) folded before Flop
Seat 3: suntony (big blind) collected ($2.37)
Seat 4: ararinha44 folded before Flop (didn't bet)
Seat 5: Bur1k folded on the River
Seat 6: Mahu2021 folded on the River



PokerStars Zoom Hand #256149418837:  Hold'em No Limit ($0.05/$0.10) - 2025/05/15 9:06:47 CET [2025/05/15 3:06:47 ET]
Table 'Aludra' 6-max Seat #1 is the button
Seat 1: 77aum7 ($12.49 in chips) 
Seat 2: Mahu2021 ($7.86 in chips) 
Seat 3: weak bosons ($11.16 in chips) 
Seat 4: luvingkind ($14.06 in chips) 
Seat 5: takeabow12 ($10.33 in chips) 
Seat 6: ElJosen'10 ($11.68 in chips) 
Mahu2021: posts small blind $0.05
weak bosons: posts big blind $0.10
*** HOLE CARDS ***
Dealt to Mahu2021 [8h As]
luvingkind: folds 
takeabow12: folds 
ElJosen'10: folds 
77aum7: folds 
Mahu2021: raises $0.20 to $0.30
weak bosons: calls $0.20
*** FLOP *** [Js 6s Td]
Mahu2021: bets $0.30
weak bosons: calls $0.30
*** TURN *** [Js 6s Td] [Ah]
Mahu2021: bets $1.15
weak bosons: calls $1.15
*** RIVER *** [Js 6s Td Ah] [9c]
Mahu2021: bets $1.80
weak bosons: calls $1.80
*** SHOW DOWN ***
Mahu2021: shows [8h As] (a pair of Aces)
weak bosons: shows [Tc Ad] (two pair, Aces and Tens)
weak bosons collected $6.78 from pot
*** SUMMARY ***
Total pot $7.10 | Rake $0.32 
Board [Js 6s Td Ah 9c]
Seat 1: 77aum7 (button) folded before Flop (didn't bet)
Seat 2: Mahu2021 (small blind) showed [8h As] and lost with a pair of Aces
Seat 3: weak bosons (big blind) showed [Tc Ad] and won ($6.78) with two pair, Aces and Tens
Seat 4: luvingkind folded before Flop (didn't bet)
Seat 5: takeabow12 folded before Flop (didn't bet)
Seat 6: ElJosen'10 folded before Flop (didn't bet)



PokerStars Zoom Hand #256149422682:  Hold'em No Limit ($0.05/$0.10) - 2025/05/15 9:07:47 CET [2025/05/15 3:07:47 ET]
Table 'Aludra' 6-max Seat #1 is the button
Seat 1: RCDC2312 ($6.59 in chips) 
Seat 2: Bur1k ($8.44 in chips) 
Seat 3: Mahu2021 ($4.31 in chips) 
Seat 4: weak bosons ($14.39 in chips) 
Seat 5: tarno1989 ($9.43 in chips) 
Seat 6: Tompi2510 ($10 in chips) 
Bur1k: posts small blind $0.05
Mahu2021: posts big blind $0.10
*** HOLE CARDS ***
Dealt to Mahu2021 [Jh Jd]
weak bosons: folds 
tarno1989: raises $0.20 to $0.30
Tompi2510: folds 
RCDC2312: folds 
Bur1k: folds 
Mahu2021: raises $0.80 to $1.10
tarno1989: raises $8.33 to $9.43 and is all-in
Mahu2021: calls $3.21 and is all-in
Uncalled bet ($5.12) returned to tarno1989
*** FLOP *** [Ks Ad Th]
*** TURN *** [Ks Ad Th] [9d]
*** RIVER *** [Ks Ad Th 9d] [As]
*** SHOW DOWN ***
Mahu2021: shows [Jh Jd] (two pair, Aces and Jacks)
tarno1989: shows [Qc Ac] (three of a kind, Aces)
tarno1989 collected $8.28 from pot
*** SUMMARY ***
Total pot $8.67 | Rake $0.39 
Board [Ks Ad Th 9d As]
Seat 1: RCDC2312 (button) folded before Flop (didn't bet)
Seat 2: Bur1k (small blind) folded before Flop
Seat 3: Mahu2021 (big blind) showed [Jh Jd] and lost with two pair, Aces and Jacks
Seat 4: weak bosons folded before Flop (didn't bet)
Seat 5: tarno1989 showed [Qc Ac] and won ($8.28) with three of a kind, Aces
Seat 6: Tompi2510 folded before Flop (didn't bet)



