PokerStars Zoom Hand #255135777064:  Hold'em No Limit ($0.05/$0.10) - 2025/03/04 16:07:37 CET [2025/03/04 10:07:37 ET]
Table 'Aludra' 6-max Seat #1 is the button
Seat 1: D_Kwal ($10.42 in chips) 
Seat 2: v4valter88 ($10.74 in chips) 
Seat 3: Mahu2021 ($10 in chips) 
Seat 4: lfo13 ($6.48 in chips) 
Seat 5: luvstyle ($19.84 in chips) 
Seat 6: Calvis_lol ($10.57 in chips) 
v4valter88: posts small blind $0.05
Mahu2021: posts big blind $0.10
*** HOLE CARDS ***
Dealt to Mahu2021 [7h Jh]
lfo13: folds 
luvstyle: folds 
Calvis_lol: folds 
D_Kwal: folds 
v4valter88: raises $0.20 to $0.30
Mahu2021: calls $0.20
*** FLOP *** [Th Qh Qs]
v4valter88: checks 
Mahu2021: bets $0.57
v4valter88: folds 
Uncalled bet ($0.57) returned to Mahu2021
Mahu2021 collected $0.57 from pot
Mahu2021: doesn't show hand 
*** SUMMARY ***
Total pot $0.60 | Rake $0.03 
Board [Th Qh Qs]
Seat 1: D_Kwal (button) folded before Flop (didn't bet)
Seat 2: v4valter88 (small blind) folded on the Flop
Seat 3: Mahu2021 (big blind) collected ($0.57)
Seat 4: lfo13 folded before Flop (didn't bet)
Seat 5: luvstyle folded before Flop (didn't bet)
Seat 6: Calvis_lol folded before Flop (didn't bet)



PokerStars Zoom Hand #255135788821:  Hold'em No Limit ($0.05/$0.10) - 2025/03/04 16:08:42 CET [2025/03/04 10:08:42 ET]
Table 'Aludra' 6-max Seat #1 is the button
Seat 1: andy_uk43 ($5.64 in chips) 
Seat 2: Mahu2021 ($10.27 in chips) 
Seat 3: COVEIROANCAP ($14.36 in chips) 
Seat 4: beabest ($62.49 in chips) 
Seat 5: Mr. Dolmer ($22.11 in chips) 
Seat 6: BenCbal ($10.28 in chips) 
Mahu2021: posts small blind $0.05
COVEIROANCAP: posts big blind $0.10
*** HOLE CARDS ***
Dealt to Mahu2021 [7h 3s]
beabest: raises $0.17 to $0.27
Mr. Dolmer: folds 
BenCbal: folds 
andy_uk43: folds 
Mahu2021: folds 
COVEIROANCAP: folds 
Uncalled bet ($0.17) returned to beabest
beabest collected $0.25 from pot
beabest: doesn't show hand 
*** SUMMARY ***
Total pot $0.25 | Rake $0 
Seat 1: andy_uk43 (button) folded before Flop (didn't bet)
Seat 2: Mahu2021 (small blind) folded before Flop
Seat 3: COVEIROANCAP (big blind) folded before Flop
Seat 4: beabest collected ($0.25)
Seat 5: Mr. Dolmer folded before Flop (didn't bet)
Seat 6: BenCbal folded before Flop (didn't bet)



PokerStars Zoom Hand #255135790667:  Hold'em No Limit ($0.05/$0.10) - 2025/03/04 16:08:52 CET [2025/03/04 10:08:52 ET]
Table 'Aludra' 6-max Seat #1 is the button
Seat 1: soulfly2145 ($9.95 in chips) 
Seat 2: Die8 ($13.70 in chips) 
Seat 3: Mahu2021 ($10.22 in chips) 
Seat 4: v4valter88 ($9.95 in chips) 
Seat 5: JustMAdeUcry ($9.75 in chips) 
Seat 6: Sn1p3rBR ($10.86 in chips) 
Die8: posts small blind $0.05
Mahu2021: posts big blind $0.10
*** HOLE CARDS ***
Dealt to Mahu2021 [3c 7h]
v4valter88: raises $0.10 to $0.20
JustMAdeUcry: folds 
Sn1p3rBR: folds 
soulfly2145: folds 
Die8: folds 
Mahu2021: folds 
Uncalled bet ($0.10) returned to v4valter88
v4valter88 collected $0.25 from pot
v4valter88: doesn't show hand 
*** SUMMARY ***
Total pot $0.25 | Rake $0 
Seat 1: soulfly2145 (button) folded before Flop (didn't bet)
Seat 2: Die8 (small blind) folded before Flop
Seat 3: Mahu2021 (big blind) folded before Flop
Seat 4: v4valter88 collected ($0.25)
Seat 5: JustMAdeUcry folded before Flop (didn't bet)
Seat 6: Sn1p3rBR folded before Flop (didn't bet)



PokerStars Zoom Hand #255135788051:  Hold'em No Limit ($0.05/$0.10) - 2025/03/04 16:08:38 CET [2025/03/04 10:08:38 ET]
Table 'Aludra' 6-max Seat #1 is the button
Seat 1: Mahu2021 ($10.27 in chips) 
Seat 2: BlueLway ($20.55 in chips) 
Seat 3: sonnyandrén ($7.19 in chips) 
Seat 4: Die8 ($10.43 in chips) 
Seat 5: Blast4Sure ($25.70 in chips) 
Seat 6: fabiangas79 ($10 in chips) 
BlueLway: posts small blind $0.05
sonnyandrén: posts big blind $0.10
*** HOLE CARDS ***
Dealt to Mahu2021 [Td 7c]
Die8: folds 
Blast4Sure: raises $0.10 to $0.20
fabiangas79: raises $0.55 to $0.75
Mahu2021: folds 
BlueLway: folds 
sonnyandrén: folds 
Blast4Sure is disconnected 
Blast4Sure: folds 
Uncalled bet ($0.55) returned to fabiangas79
fabiangas79 collected $0.55 from pot
fabiangas79: doesn't show hand 
*** SUMMARY ***
Total pot $0.55 | Rake $0 
Seat 1: Mahu2021 (button) folded before Flop (didn't bet)
Seat 2: BlueLway (small blind) folded before Flop
Seat 3: sonnyandrén (big blind) folded before Flop
Seat 4: Die8 folded before Flop (didn't bet)
Seat 5: Blast4Sure folded before Flop
Seat 6: fabiangas79 collected ($0.55)



PokerStars Zoom Hand #255135791563:  Hold'em No Limit ($0.05/$0.10) - 2025/03/04 16:08:57 CET [2025/03/04 10:08:57 ET]
Table 'Aludra' 6-max Seat #1 is the button
Seat 1: gabrielfaarias ($9.85 in chips) 
Seat 2: Mahu2021 ($10.12 in chips) 
Seat 3: tafarel8 ($18.80 in chips) 
Seat 4: Bamblbi2G ($3.87 in chips) 
Seat 5: Calvis_lol ($10 in chips) 
Seat 6: van6ka89 ($13.66 in chips) 
Mahu2021: posts small blind $0.05
tafarel8: posts big blind $0.10
*** HOLE CARDS ***
Dealt to Mahu2021 [2d 8h]
Bamblbi2G: calls $0.10
Calvis_lol: folds 
van6ka89: folds 
gabrielfaarias: raises $0.40 to $0.50
Mahu2021: folds 
tafarel8: folds 
Bamblbi2G: calls $0.40
*** FLOP *** [5c Ad Ac]
Bamblbi2G: checks 
gabrielfaarias: bets $0.36
Bamblbi2G: folds 
Uncalled bet ($0.36) returned to gabrielfaarias
gabrielfaarias collected $1.10 from pot
gabrielfaarias: doesn't show hand 
*** SUMMARY ***
Total pot $1.15 | Rake $0.05 
Board [5c Ad Ac]
Seat 1: gabrielfaarias (button) collected ($1.10)
Seat 2: Mahu2021 (small blind) folded before Flop
Seat 3: tafarel8 (big blind) folded before Flop
Seat 4: Bamblbi2G folded on the Flop
Seat 5: Calvis_lol folded before Flop (didn't bet)
Seat 6: van6ka89 folded before Flop (didn't bet)



PokerStars Zoom Hand #255135789909:  Hold'em No Limit ($0.05/$0.10) - 2025/03/04 16:08:48 CET [2025/03/04 10:08:48 ET]
Table 'Aludra' 6-max Seat #1 is the button
Seat 1: hjbear ($24.57 in chips) 
Seat 2: COVEIROANCAP ($14.26 in chips) 
Seat 3: egoor199 ($6.42 in chips) 
Seat 4: andy_uk43 ($5.64 in chips) 
Seat 5: alvear97 ($4.85 in chips) 
Seat 6: Mahu2021 ($10.22 in chips) 
COVEIROANCAP: posts small blind $0.05
egoor199: posts big blind $0.10
*** HOLE CARDS ***
Dealt to Mahu2021 [Js 7d]
andy_uk43: folds 
alvear97: folds 
Mahu2021: folds 
hjbear: raises $0.15 to $0.25
COVEIROANCAP: folds 
egoor199: calls $0.15
*** FLOP *** [5c 6c Qh]
hjbear is disconnected 
egoor199 is disconnected 
egoor199: checks 
hjbear: bets $0.17
egoor199: calls $0.17
*** TURN *** [5c 6c Qh] [Th]
egoor199: checks 
hjbear: checks 
*** RIVER *** [5c 6c Qh Th] [Qs]
egoor199: checks 
hjbear: checks 
*** SHOW DOWN ***
egoor199: shows [Jc Qd] (three of a kind, Queens)
hjbear: mucks hand 
egoor199 collected $0.85 from pot
*** SUMMARY ***
Total pot $0.89 | Rake $0.04 
Board [5c 6c Qh Th Qs]
Seat 1: hjbear (button) mucked [9s 6s]
Seat 2: COVEIROANCAP (small blind) folded before Flop
Seat 3: egoor199 (big blind) showed [Jc Qd] and won ($0.85) with three of a kind, Queens
Seat 4: andy_uk43 folded before Flop (didn't bet)
Seat 5: alvear97 folded before Flop (didn't bet)
Seat 6: Mahu2021 folded before Flop (didn't bet)



PokerStars Zoom Hand #255135792282:  Hold'em No Limit ($0.05/$0.10) - 2025/03/04 16:09:01 CET [2025/03/04 10:09:01 ET]
Table 'Aludra' 6-max Seat #1 is the button
Seat 1: beabest ($11.69 in chips) 
Seat 2: Mr. Dolmer ($14.41 in chips) 
Seat 3: Clicker89 ($10 in chips) 
Seat 4: mlange ($5.11 in chips) 
Seat 5: FerreiraRena ($10 in chips) 
Seat 6: Mahu2021 ($10.07 in chips) 
Mr. Dolmer: posts small blind $0.05
Clicker89: posts big blind $0.10
*** HOLE CARDS ***
Dealt to Mahu2021 [Ac Th]
Mr. Dolmer is disconnected 
mlange: calls $0.10
FerreiraRena: raises $0.30 to $0.40
Mahu2021: calls $0.40
beabest: folds 
Mr. Dolmer: folds 
Clicker89: folds 
mlange: calls $0.30
*** FLOP *** [4s 5d 8c]
mlange: checks 
FerreiraRena: checks 
Mahu2021: checks 
*** TURN *** [4s 5d 8c] [9d]
mlange: checks 
FerreiraRena: checks 
Mahu2021: checks 
*** RIVER *** [4s 5d 8c 9d] [Ah]
mlange: checks 
FerreiraRena: bets $0.97
Mahu2021: calls $0.97
mlange: folds 
*** SHOW DOWN ***
FerreiraRena: shows [Ad Qs] (a pair of Aces)
Mahu2021: mucks hand 
FerreiraRena collected $3.14 from pot
*** SUMMARY ***
Total pot $3.29 | Rake $0.15 
Board [4s 5d 8c 9d Ah]
Seat 1: beabest (button) folded before Flop (didn't bet)
Seat 2: Mr. Dolmer (small blind) folded before Flop
Seat 3: Clicker89 (big blind) folded before Flop
Seat 4: mlange folded on the River
Seat 5: FerreiraRena showed [Ad Qs] and won ($3.14) with a pair of Aces
Seat 6: Mahu2021 mucked [Ac Th]



PokerStars Zoom Hand #255135805222:  Hold'em No Limit ($0.05/$0.10) - 2025/03/04 16:10:14 CET [2025/03/04 10:10:14 ET]
Table 'Aludra' 6-max Seat #1 is the button
Seat 1: Mahu2021 ($8.70 in chips) 
Seat 2: tatazinha_fp ($5.05 in chips) 
Seat 3: D_Kwal ($10 in chips) 
Seat 4: FerreiraRena ($11.77 in chips) 
Seat 5: GeoN1ck ($15.23 in chips) 
Seat 6: BlueLway ($20.10 in chips) 
tatazinha_fp: posts small blind $0.05
D_Kwal: posts big blind $0.10
*** HOLE CARDS ***
Dealt to Mahu2021 [Ah Kd]
FerreiraRena: raises $0.15 to $0.25
GeoN1ck: folds 
BlueLway: folds 
Mahu2021: raises $0.85 to $1.10
tatazinha_fp: folds 
D_Kwal: folds 
FerreiraRena: folds 
Uncalled bet ($0.85) returned to Mahu2021
Mahu2021 collected $0.65 from pot
Mahu2021: doesn't show hand 
*** SUMMARY ***
Total pot $0.65 | Rake $0 
Seat 1: Mahu2021 (button) collected ($0.65)
Seat 2: tatazinha_fp (small blind) folded before Flop
Seat 3: D_Kwal (big blind) folded before Flop
Seat 4: FerreiraRena folded before Flop
Seat 5: GeoN1ck folded before Flop (didn't bet)
Seat 6: BlueLway folded before Flop (didn't bet)



PokerStars Zoom Hand #255135808624:  Hold'em No Limit ($0.05/$0.10) - 2025/03/04 16:10:33 CET [2025/03/04 10:10:33 ET]
Table 'Aludra' 6-max Seat #1 is the button
Seat 1: rk_ito7 ($10.42 in chips) 
Seat 2: oppoker222 ($10.22 in chips) 
Seat 3: BlueLway ($20.10 in chips) 
Seat 4: v4valter88 ($10 in chips) 
Seat 5: Mahu2021 ($9.10 in chips) 
Seat 6: COVEIROANCAP ($11.62 in chips) 
oppoker222: posts small blind $0.05
BlueLway: posts big blind $0.10
*** HOLE CARDS ***
Dealt to Mahu2021 [Kh 2s]
v4valter88: folds 
Mahu2021: folds 
COVEIROANCAP: folds 
rk_ito7: folds 
oppoker222: raises $0.10 to $0.20
BlueLway: folds 
Uncalled bet ($0.10) returned to oppoker222
oppoker222 collected $0.20 from pot
oppoker222: doesn't show hand 
*** SUMMARY ***
Total pot $0.20 | Rake $0 
Seat 1: rk_ito7 (button) folded before Flop (didn't bet)
Seat 2: oppoker222 (small blind) collected ($0.20)
Seat 3: BlueLway (big blind) folded before Flop
Seat 4: v4valter88 folded before Flop (didn't bet)
Seat 5: Mahu2021 folded before Flop (didn't bet)
Seat 6: COVEIROANCAP folded before Flop (didn't bet)



PokerStars Zoom Hand #255135807825:  Hold'em No Limit ($0.05/$0.10) - 2025/03/04 16:10:29 CET [2025/03/04 10:10:29 ET]
Table 'Aludra' 6-max Seat #1 is the button
Seat 1: BlueLway ($20.10 in chips) 
Seat 2: Bur1k ($5.81 in chips) 
Seat 3: Mr. Dolmer ($20.25 in chips) 
Seat 4: SirBrown ($10.32 in chips) 
Seat 5: Mahu2021 ($9.10 in chips) 
Seat 6: v4valter88 ($10 in chips) 
Bur1k: posts small blind $0.05
Mr. Dolmer: posts big blind $0.10
*** HOLE CARDS ***
Dealt to Mahu2021 [Qc 8s]
SirBrown: raises $0.20 to $0.30
Mahu2021: folds 
v4valter88: folds 
BlueLway: folds 
Bur1k: folds 
Mr. Dolmer: folds 
Uncalled bet ($0.20) returned to SirBrown
SirBrown collected $0.25 from pot
SirBrown: doesn't show hand 
*** SUMMARY ***
Total pot $0.25 | Rake $0 
Seat 1: BlueLway (button) folded before Flop (didn't bet)
Seat 2: Bur1k (small blind) folded before Flop
Seat 3: Mr. Dolmer (big blind) folded before Flop
Seat 4: SirBrown collected ($0.25)
Seat 5: Mahu2021 folded before Flop (didn't bet)
Seat 6: v4valter88 folded before Flop (didn't bet)



PokerStars Zoom Hand #255135809292:  Hold'em No Limit ($0.05/$0.10) - 2025/03/04 16:10:37 CET [2025/03/04 10:10:37 ET]
Table 'Aludra' 6-max Seat #1 is the button
Seat 1: Clicker89 ($10 in chips) 
Seat 2: kalopara ($9.53 in chips) 
Seat 3: Mahu2021 ($9.10 in chips) 
Seat 4: putzkedudu ($11.33 in chips) 
Seat 5: sonnyandrén ($7.46 in chips) 
Seat 6: hjbear ($44.36 in chips) 
kalopara: posts small blind $0.05
Mahu2021: posts big blind $0.10
*** HOLE CARDS ***
Dealt to Mahu2021 [3d 8c]
putzkedudu: folds 
sonnyandrén: folds 
hjbear: folds 
Clicker89: folds 
kalopara: raises $0.15 to $0.25
Mahu2021: folds 
Uncalled bet ($0.15) returned to kalopara
kalopara collected $0.20 from pot
kalopara: doesn't show hand 
*** SUMMARY ***
Total pot $0.20 | Rake $0 
Seat 1: Clicker89 (button) folded before Flop (didn't bet)
Seat 2: kalopara (small blind) collected ($0.20)
Seat 3: Mahu2021 (big blind) folded before Flop
Seat 4: putzkedudu folded before Flop (didn't bet)
Seat 5: sonnyandrén folded before Flop (didn't bet)
Seat 6: hjbear folded before Flop (didn't bet)



PokerStars Zoom Hand #255135812070:  Hold'em No Limit ($0.05/$0.10) - 2025/03/04 16:10:52 CET [2025/03/04 10:10:52 ET]
Table 'Aludra' 6-max Seat #1 is the button
Seat 1: Clicker89 ($10.15 in chips) 
Seat 2: Xtragirl ($8.08 in chips) 
Seat 3: weslley:)507 ($12.57 in chips) 
Seat 4: Mahu2021 ($9 in chips) 
Seat 5: alexx 21102 ($10.71 in chips) 
Seat 6: andy_uk43 ($4.42 in chips) 
Xtragirl: posts small blind $0.05
weslley:)507: posts big blind $0.10
*** HOLE CARDS ***
Dealt to Mahu2021 [Ad 6c]
Mahu2021: folds 
alexx 21102: folds 
andy_uk43: folds 
Clicker89: folds 
Xtragirl: folds 
Uncalled bet ($0.05) returned to weslley:)507
weslley:)507 collected $0.10 from pot
weslley:)507: doesn't show hand 
*** SUMMARY ***
Total pot $0.10 | Rake $0 
Seat 1: Clicker89 (button) folded before Flop (didn't bet)
Seat 2: Xtragirl (small blind) folded before Flop
Seat 3: weslley:)507 (big blind) collected ($0.10)
Seat 4: Mahu2021 folded before Flop (didn't bet)
Seat 5: alexx 21102 folded before Flop (didn't bet)
Seat 6: andy_uk43 folded before Flop (didn't bet)



PokerStars Zoom Hand #255135813461:  Hold'em No Limit ($0.05/$0.10) - 2025/03/04 16:11:00 CET [2025/03/04 10:11:00 ET]
Table 'Aludra' 6-max Seat #1 is the button
Seat 1: hjbear ($24.20 in chips) 
Seat 2: Mahu2021 ($9 in chips) 
Seat 3: dmaap1 ($10.30 in chips) 
Seat 4: BlueLway ($19.95 in chips) 
Seat 5: alvear97 ($4.29 in chips) 
Seat 6: putzkedudu ($11.43 in chips) 
Mahu2021: posts small blind $0.05
dmaap1: posts big blind $0.10
*** HOLE CARDS ***
Dealt to Mahu2021 [Qs 7c]
BlueLway: raises $0.15 to $0.25
alvear97: folds 
putzkedudu: folds 
hjbear: folds 
Mahu2021: folds 
dmaap1: folds 
Uncalled bet ($0.15) returned to BlueLway
BlueLway collected $0.25 from pot
BlueLway: doesn't show hand 
*** SUMMARY ***
Total pot $0.25 | Rake $0 
Seat 1: hjbear (button) folded before Flop (didn't bet)
Seat 2: Mahu2021 (small blind) folded before Flop
Seat 3: dmaap1 (big blind) folded before Flop
Seat 4: BlueLway collected ($0.25)
Seat 5: alvear97 folded before Flop (didn't bet)
Seat 6: putzkedudu folded before Flop (didn't bet)



PokerStars Zoom Hand #255135814139:  Hold'em No Limit ($0.05/$0.10) - 2025/03/04 16:11:04 CET [2025/03/04 10:11:04 ET]
Table 'Aludra' 6-max Seat #1 is the button
Seat 1: Norbi708 ($4.41 in chips) 
Seat 2: mazepa713 ($9.90 in chips) 
Seat 3: kalopara ($9.63 in chips) 
Seat 4: Calvis_lol ($10.13 in chips) 
Seat 5: Mahu2021 ($8.95 in chips) 
Seat 6: Khoa Kokola ($12.03 in chips) 
mazepa713: posts small blind $0.05
kalopara: posts big blind $0.10
*** HOLE CARDS ***
Dealt to Mahu2021 [Ah 5c]
Calvis_lol: folds 
Mahu2021: folds 
Khoa Kokola: folds 
Norbi708: folds 
mazepa713: folds 
Uncalled bet ($0.05) returned to kalopara
kalopara collected $0.10 from pot
kalopara: doesn't show hand 
*** SUMMARY ***
Total pot $0.10 | Rake $0 
Seat 1: Norbi708 (button) folded before Flop (didn't bet)
Seat 2: mazepa713 (small blind) folded before Flop
Seat 3: kalopara (big blind) collected ($0.10)
Seat 4: Calvis_lol folded before Flop (didn't bet)
Seat 5: Mahu2021 folded before Flop (didn't bet)
Seat 6: Khoa Kokola folded before Flop (didn't bet)



PokerStars Zoom Hand #255135812782:  Hold'em No Limit ($0.05/$0.10) - 2025/03/04 16:10:56 CET [2025/03/04 10:10:56 ET]
Table 'Aludra' 6-max Seat #1 is the button
Seat 1: v4valter88 ($10.18 in chips) 
Seat 2: Mr. Dolmer ($11.93 in chips) 
Seat 3: Georkape3 ($16.12 in chips) 
Seat 4: Mahu2021 ($9 in chips) 
Seat 5: D_Kwal ($17.76 in chips) 
Seat 6: Xtragirl ($8.03 in chips) 
Mr. Dolmer: posts small blind $0.05
Georkape3: posts big blind $0.10
*** HOLE CARDS ***
Dealt to Mahu2021 [3h Th]
Mahu2021: folds 
D_Kwal: folds 
Xtragirl: raises $0.10 to $0.20
v4valter88: folds 
Mr. Dolmer: folds 
Georkape3: folds 
Uncalled bet ($0.10) returned to Xtragirl
Xtragirl collected $0.25 from pot
Xtragirl: doesn't show hand 
*** SUMMARY ***
Total pot $0.25 | Rake $0 
Seat 1: v4valter88 (button) folded before Flop (didn't bet)
Seat 2: Mr. Dolmer (small blind) folded before Flop
Seat 3: Georkape3 (big blind) folded before Flop
Seat 4: Mahu2021 folded before Flop (didn't bet)
Seat 5: D_Kwal folded before Flop (didn't bet)
Seat 6: Xtragirl collected ($0.25)



PokerStars Zoom Hand #255135815652:  Hold'em No Limit ($0.05/$0.10) - 2025/03/04 16:11:13 CET [2025/03/04 10:11:13 ET]
Table 'Aludra' 6-max Seat #1 is the button
Seat 1: Mahu2021 ($8.95 in chips) 
Seat 2: Die8 ($10.94 in chips) 
Seat 3: SirBrown ($11.63 in chips) 
Seat 4: dmaap1 ($14.01 in chips) 
Seat 5: Khoa Kokola ($11.98 in chips) 
Seat 6: JD 2266 E ($9.68 in chips) 
Die8: posts small blind $0.05
SirBrown: posts big blind $0.10
*** HOLE CARDS ***
Dealt to Mahu2021 [9s Ah]
dmaap1: folds 
Khoa Kokola: folds 
JD 2266 E: folds 
Mahu2021: raises $0.20 to $0.30
Die8: folds 
SirBrown: folds 
Uncalled bet ($0.20) returned to Mahu2021
Mahu2021 collected $0.25 from pot
Mahu2021: doesn't show hand 
*** SUMMARY ***
Total pot $0.25 | Rake $0 
Seat 1: Mahu2021 (button) collected ($0.25)
Seat 2: Die8 (small blind) folded before Flop
Seat 3: SirBrown (big blind) folded before Flop
Seat 4: dmaap1 folded before Flop (didn't bet)
Seat 5: Khoa Kokola folded before Flop (didn't bet)
Seat 6: JD 2266 E folded before Flop (didn't bet)



PokerStars Zoom Hand #255135818721:  Hold'em No Limit ($0.05/$0.10) - 2025/03/04 16:11:29 CET [2025/03/04 10:11:29 ET]
Table 'Aludra' 6-max Seat #1 is the button
Seat 1: Blast4Sure ($10.38 in chips) 
Seat 2: AceWise ($10 in chips) 
Seat 3: alanindublin ($11.35 in chips) 
Seat 4: kalopara ($9.68 in chips) 
Seat 5: geraldford76 ($8.63 in chips) 
Seat 6: Mahu2021 ($9.10 in chips) 
AceWise: posts small blind $0.05
alanindublin: posts big blind $0.10
*** HOLE CARDS ***
Dealt to Mahu2021 [Jc 4h]
kalopara: raises $0.15 to $0.25
geraldford76: folds 
Mahu2021: folds 
Blast4Sure: folds 
AceWise: folds 
alanindublin: folds 
Uncalled bet ($0.15) returned to kalopara
kalopara collected $0.25 from pot
kalopara: doesn't show hand 
*** SUMMARY ***
Total pot $0.25 | Rake $0 
Seat 1: Blast4Sure (button) folded before Flop (didn't bet)
Seat 2: AceWise (small blind) folded before Flop
Seat 3: alanindublin (big blind) folded before Flop
Seat 4: kalopara collected ($0.25)
Seat 5: geraldford76 folded before Flop (didn't bet)
Seat 6: Mahu2021 folded before Flop (didn't bet)



PokerStars Zoom Hand #255135819447:  Hold'em No Limit ($0.05/$0.10) - 2025/03/04 16:11:33 CET [2025/03/04 10:11:33 ET]
Table 'Aludra' 6-max Seat #1 is the button
Seat 1: Mallardz ($14.53 in chips) 
Seat 2: oppoker222 ($10.55 in chips) 
Seat 3: Mahu2021 ($9.10 in chips) 
Seat 4: dmaap1 ($10.20 in chips) 
Seat 5: pokerzyst222 ($13.52 in chips) 
Seat 6: mazepa713 ($9.70 in chips) 
oppoker222: posts small blind $0.05
Mahu2021: posts big blind $0.10
*** HOLE CARDS ***
Dealt to Mahu2021 [5d 7h]
dmaap1: folds 
pokerzyst222: raises $0.15 to $0.25
mazepa713: folds 
Mallardz: folds 
oppoker222: folds 
Mahu2021: folds 
Uncalled bet ($0.15) returned to pokerzyst222
pokerzyst222 collected $0.25 from pot
pokerzyst222: doesn't show hand 
*** SUMMARY ***
Total pot $0.25 | Rake $0 
Seat 1: Mallardz (button) folded before Flop (didn't bet)
Seat 2: oppoker222 (small blind) folded before Flop
Seat 3: Mahu2021 (big blind) folded before Flop
Seat 4: dmaap1 folded before Flop (didn't bet)
Seat 5: pokerzyst222 collected ($0.25)
Seat 6: mazepa713 folded before Flop (didn't bet)



PokerStars Zoom Hand #255135820612:  Hold'em No Limit ($0.05/$0.10) - 2025/03/04 16:11:40 CET [2025/03/04 10:11:40 ET]
Table 'Aludra' 6-max Seat #1 is the button
Seat 1: Mahu2021 ($9 in chips) 
Seat 2: kalopara ($9.83 in chips) 
Seat 3: v4valter88 ($10.45 in chips) 
Seat 4: BlueLway ($14.05 in chips) 
Seat 5: lumberjackK8 ($15.65 in chips) 
Seat 6: Mallardz ($14.53 in chips) 
kalopara: posts small blind $0.05
v4valter88: posts big blind $0.10
*** HOLE CARDS ***
Dealt to Mahu2021 [7d 3h]
BlueLway: raises $0.15 to $0.25
lumberjackK8: folds 
Mallardz: folds 
Mahu2021: folds 
kalopara: folds 
v4valter88: folds 
Uncalled bet ($0.15) returned to BlueLway
BlueLway collected $0.25 from pot
BlueLway: doesn't show hand 
*** SUMMARY ***
Total pot $0.25 | Rake $0 
Seat 1: Mahu2021 (button) folded before Flop (didn't bet)
Seat 2: kalopara (small blind) folded before Flop
Seat 3: v4valter88 (big blind) folded before Flop
Seat 4: BlueLway collected ($0.25)
Seat 5: lumberjackK8 folded before Flop (didn't bet)
Seat 6: Mallardz folded before Flop (didn't bet)



PokerStars Zoom Hand #255135821306:  Hold'em No Limit ($0.05/$0.10) - 2025/03/04 16:11:44 CET [2025/03/04 10:11:44 ET]
Table 'Aludra' 6-max Seat #1 is the button
Seat 1: Bur1k ($5.66 in chips) 
Seat 2: Mahu2021 ($9 in chips) 
Seat 3: JustMAdeUcry ($8.95 in chips) 
Seat 4: Calvis_lol ($10 in chips) 
Seat 5: c728b4 ($8.86 in chips) 
Seat 6: kalopara ($9.78 in chips) 
Mahu2021: posts small blind $0.05
JustMAdeUcry: posts big blind $0.10
*** HOLE CARDS ***
Dealt to Mahu2021 [3d 8h]
Calvis_lol: folds 
c728b4: folds 
kalopara: folds 
Bur1k: folds 
Mahu2021: folds 
Uncalled bet ($0.05) returned to JustMAdeUcry
JustMAdeUcry collected $0.10 from pot
JustMAdeUcry: doesn't show hand 
*** SUMMARY ***
Total pot $0.10 | Rake $0 
Seat 1: Bur1k (button) folded before Flop (didn't bet)
Seat 2: Mahu2021 (small blind) folded before Flop
Seat 3: JustMAdeUcry (big blind) collected ($0.10)
Seat 4: Calvis_lol folded before Flop (didn't bet)
Seat 5: c728b4 folded before Flop (didn't bet)
Seat 6: kalopara folded before Flop (didn't bet)



PokerStars Zoom Hand #255135824844:  Hold'em No Limit ($0.05/$0.10) - 2025/03/04 16:12:03 CET [2025/03/04 10:12:03 ET]
Table 'Aludra' 6-max Seat #1 is the button
Seat 1: Calvis_lol ($10.22 in chips) 
Seat 2: beabest ($62.47 in chips) 
Seat 3: Mahu2021 ($8.95 in chips) 
Seat 4: CherryBomb95 ($31.59 in chips) 
Seat 5: BlueLway ($19.80 in chips) 
Seat 6: putzkedudu ($12.50 in chips) 
beabest: posts small blind $0.05
Mahu2021: posts big blind $0.10
*** HOLE CARDS ***
Dealt to Mahu2021 [Kd Jh]
CherryBomb95: folds 
BlueLway: folds 
putzkedudu: folds 
Calvis_lol: folds 
beabest: folds 
Uncalled bet ($0.05) returned to Mahu2021
Mahu2021 collected $0.10 from pot
Mahu2021: doesn't show hand 
*** SUMMARY ***
Total pot $0.10 | Rake $0 
Seat 1: Calvis_lol (button) folded before Flop (didn't bet)
Seat 2: beabest (small blind) folded before Flop
Seat 3: Mahu2021 (big blind) collected ($0.10)
Seat 4: CherryBomb95 folded before Flop (didn't bet)
Seat 5: BlueLway folded before Flop (didn't bet)
Seat 6: putzkedudu folded before Flop (didn't bet)



PokerStars Zoom Hand #255135823351:  Hold'em No Limit ($0.05/$0.10) - 2025/03/04 16:11:54 CET [2025/03/04 10:11:54 ET]
Table 'Aludra' 6-max Seat #1 is the button
Seat 1: v4valter88 ($10.35 in chips) 
Seat 2: COVEIROANCAP ($14.12 in chips) 
Seat 3: putzkedudu ($10.69 in chips) 
Seat 4: Mahu2021 ($8.95 in chips) 
Seat 5: oppoker222 ($10.65 in chips) 
Seat 6: Bur1k ($5.66 in chips) 
COVEIROANCAP: posts small blind $0.05
putzkedudu: posts big blind $0.10
*** HOLE CARDS ***
Dealt to Mahu2021 [2d 8s]
Mahu2021: folds 
oppoker222: raises $0.10 to $0.20
Bur1k: folds 
v4valter88: folds 
COVEIROANCAP: raises $0.80 to $1
putzkedudu: folds 
oppoker222: folds 
Uncalled bet ($0.80) returned to COVEIROANCAP
COVEIROANCAP collected $0.50 from pot
COVEIROANCAP: doesn't show hand 
*** SUMMARY ***
Total pot $0.50 | Rake $0 
Seat 1: v4valter88 (button) folded before Flop (didn't bet)
Seat 2: COVEIROANCAP (small blind) collected ($0.50)
Seat 3: putzkedudu (big blind) folded before Flop
Seat 4: Mahu2021 folded before Flop (didn't bet)
Seat 5: oppoker222 folded before Flop
Seat 6: Bur1k folded before Flop (didn't bet)



PokerStars Zoom Hand #255135824093:  Hold'em No Limit ($0.05/$0.10) - 2025/03/04 16:11:59 CET [2025/03/04 10:11:59 ET]
Table 'Aludra' 6-max Seat #1 is the button
Seat 1: Bur1k ($10.14 in chips) 
Seat 2: egoor199 ($6.65 in chips) 
Seat 3: dmaap1 ($19.16 in chips) 
Seat 4: Calvis_lol ($10 in chips) 
Seat 5: Mahu2021 ($8.95 in chips) 
Seat 6: gabalbanez ($19.77 in chips) 
egoor199: posts small blind $0.05
dmaap1: posts big blind $0.10
*** HOLE CARDS ***
Dealt to Mahu2021 [6s 4s]
Calvis_lol: raises $0.10 to $0.20
Mahu2021: folds 
gabalbanez: folds 
Bur1k: folds 
egoor199: folds 
dmaap1: folds 
Uncalled bet ($0.10) returned to Calvis_lol
Calvis_lol collected $0.25 from pot
Calvis_lol: doesn't show hand 
*** SUMMARY ***
Total pot $0.25 | Rake $0 
Seat 1: Bur1k (button) folded before Flop (didn't bet)
Seat 2: egoor199 (small blind) folded before Flop
Seat 3: dmaap1 (big blind) folded before Flop
Seat 4: Calvis_lol collected ($0.25)
Seat 5: Mahu2021 folded before Flop (didn't bet)
Seat 6: gabalbanez folded before Flop (didn't bet)



PokerStars Zoom Hand #255135826775:  Hold'em No Limit ($0.05/$0.10) - 2025/03/04 16:12:13 CET [2025/03/04 10:12:13 ET]
Table 'Aludra' 6-max Seat #1 is the button
Seat 1: GeoN1ck ($18.69 in chips) 
Seat 2: Eliminate50 ($21.72 in chips) 
Seat 3: Mallardz ($15.85 in chips) 
Seat 4: Mahu2021 ($9 in chips) 
Seat 5: BlueLway ($19.80 in chips) 
Seat 6: tafarel8 ($14.39 in chips) 
Eliminate50: posts small blind $0.05
Mallardz: posts big blind $0.10
*** HOLE CARDS ***
Dealt to Mahu2021 [8c 6d]
Mahu2021: folds 
BlueLway: folds 
tafarel8: folds 
GeoN1ck: raises $0.15 to $0.25
Eliminate50: folds 
Mallardz: folds 
Uncalled bet ($0.15) returned to GeoN1ck
GeoN1ck collected $0.25 from pot
GeoN1ck: doesn't show hand 
*** SUMMARY ***
Total pot $0.25 | Rake $0 
Seat 1: GeoN1ck (button) collected ($0.25)
Seat 2: Eliminate50 (small blind) folded before Flop
Seat 3: Mallardz (big blind) folded before Flop
Seat 4: Mahu2021 folded before Flop (didn't bet)
Seat 5: BlueLway folded before Flop (didn't bet)
Seat 6: tafarel8 folded before Flop (didn't bet)



PokerStars Zoom Hand #255135822449:  Hold'em No Limit ($0.05/$0.10) - 2025/03/04 16:11:50 CET [2025/03/04 10:11:50 ET]
Table 'Aludra' 6-max Seat #1 is the button
Seat 1: zinluz ($6.92 in chips) 
Seat 2: luvstyle ($18.44 in chips) 
Seat 3: COVEIROANCAP ($11.37 in chips) 
Seat 4: tatazinha_fp ($4.85 in chips) 
Seat 5: twidlex ($24.88 in chips) 
Seat 6: Mahu2021 ($8.95 in chips) 
luvstyle: posts small blind $0.05
COVEIROANCAP: posts big blind $0.10
*** HOLE CARDS ***
Dealt to Mahu2021 [2h 6h]
tatazinha_fp: folds 
twidlex: folds 
Mahu2021: folds 
zinluz: raises $0.12 to $0.22
luvstyle: folds 
COVEIROANCAP: raises $0.98 to $1.20
zinluz: calls $0.98
*** FLOP *** [Kc 9s 8h]
COVEIROANCAP: bets $0.77
zinluz: raises $0.77 to $1.54
COVEIROANCAP: folds 
Uncalled bet ($0.77) returned to zinluz
zinluz collected $3.81 from pot
zinluz: doesn't show hand 
*** SUMMARY ***
Total pot $3.99 | Rake $0.18 
Board [Kc 9s 8h]
Seat 1: zinluz (button) collected ($3.81)
Seat 2: luvstyle (small blind) folded before Flop
Seat 3: COVEIROANCAP (big blind) folded on the Flop
Seat 4: tatazinha_fp folded before Flop (didn't bet)
Seat 5: twidlex folded before Flop (didn't bet)
Seat 6: Mahu2021 folded before Flop (didn't bet)



PokerStars Zoom Hand #255135827642:  Hold'em No Limit ($0.05/$0.10) - 2025/03/04 16:12:18 CET [2025/03/04 10:12:18 ET]
Table 'Aludra' 6-max Seat #1 is the button
Seat 1: Mahu2021 ($9 in chips) 
Seat 2: Clicker89 ($9.95 in chips) 
Seat 3: andy_uk43 ($4.27 in chips) 
Seat 4: COVEIROANCAP ($14.42 in chips) 
Seat 5: dmaap1 ($19.06 in chips) 
Seat 6: hjbear ($24.10 in chips) 
Clicker89: posts small blind $0.05
andy_uk43: posts big blind $0.10
*** HOLE CARDS ***
Dealt to Mahu2021 [Jh 8d]
COVEIROANCAP: folds 
dmaap1: raises $0.10 to $0.20
hjbear: folds 
Mahu2021: folds 
Clicker89: folds 
andy_uk43: folds 
Uncalled bet ($0.10) returned to dmaap1
dmaap1 collected $0.25 from pot
dmaap1: doesn't show hand 
*** SUMMARY ***
Total pot $0.25 | Rake $0 
Seat 1: Mahu2021 (button) folded before Flop (didn't bet)
Seat 2: Clicker89 (small blind) folded before Flop
Seat 3: andy_uk43 (big blind) folded before Flop
Seat 4: COVEIROANCAP folded before Flop (didn't bet)
Seat 5: dmaap1 collected ($0.25)
Seat 6: hjbear folded before Flop (didn't bet)



PokerStars Zoom Hand #255135828300:  Hold'em No Limit ($0.05/$0.10) - 2025/03/04 16:12:22 CET [2025/03/04 10:12:22 ET]
Table 'Aludra' 6-max Seat #1 is the button
Seat 1: geraldford76 ($7.57 in chips) 
Seat 2: Mahu2021 ($9 in chips) 
Seat 3: COVEIROANCAP ($14.42 in chips) 
Seat 4: sonnyandrén ($7.19 in chips) 
Seat 5: Mr. Dolmer ($10.17 in chips) 
Seat 6: v4valter88 ($10.35 in chips) 
Mahu2021: posts small blind $0.05
COVEIROANCAP: posts big blind $0.10
*** HOLE CARDS ***
Dealt to Mahu2021 [Jd Jh]
sonnyandrén: folds 
Mr. Dolmer: raises $0.12 to $0.22
v4valter88: folds 
geraldford76: calls $0.22
Mahu2021: calls $0.17
COVEIROANCAP: folds 
*** FLOP *** [Ad Ah 8h]
Mahu2021: checks 
Mr. Dolmer: bets $0.10
geraldford76: folds 
Mahu2021: calls $0.10
*** TURN *** [Ad Ah 8h] [9c]
Mahu2021: checks 
Mr. Dolmer: checks 
*** RIVER *** [Ad Ah 8h 9c] [9s]
Mahu2021: bets $0.92
Mr. Dolmer: folds 
Uncalled bet ($0.92) returned to Mahu2021
Mahu2021 collected $0.92 from pot
Mahu2021: doesn't show hand 
*** SUMMARY ***
Total pot $0.96 | Rake $0.04 
Board [Ad Ah 8h 9c 9s]
Seat 1: geraldford76 (button) folded on the Flop
Seat 2: Mahu2021 (small blind) collected ($0.92)
Seat 3: COVEIROANCAP (big blind) folded before Flop
Seat 4: sonnyandrén folded before Flop (didn't bet)
Seat 5: Mr. Dolmer folded on the River
Seat 6: v4valter88 folded before Flop (didn't bet)



PokerStars Zoom Hand #255135832950:  Hold'em No Limit ($0.05/$0.10) - 2025/03/04 16:12:47 CET [2025/03/04 10:12:47 ET]
Table 'Aludra' 6-max Seat #1 is the button
Seat 1: FerreiraRena ($12.17 in chips) 
Seat 2: BlueLway ($19.55 in chips) 
Seat 3: Mahu2021 ($9.60 in chips) 
Seat 4: hjbear ($23.95 in chips) 
Seat 5: Mr. Dolmer ($10 in chips) 
Seat 6: tatazinha_fp ($5.10 in chips) 
BlueLway: posts small blind $0.05
Mahu2021: posts big blind $0.10
*** HOLE CARDS ***
Dealt to Mahu2021 [9h Ks]
hjbear: folds 
Mr. Dolmer: folds 
tatazinha_fp: folds 
FerreiraRena: folds 
BlueLway: raises $0.15 to $0.25
Mahu2021: calls $0.15
*** FLOP *** [4d 8d 7d]
BlueLway: checks 
Mahu2021: checks 
*** TURN *** [4d 8d 7d] [8s]
BlueLway: bets $0.24
Mahu2021: folds 
Uncalled bet ($0.24) returned to BlueLway
BlueLway collected $0.48 from pot
BlueLway: doesn't show hand 
*** SUMMARY ***
Total pot $0.50 | Rake $0.02 
Board [4d 8d 7d 8s]
Seat 1: FerreiraRena (button) folded before Flop (didn't bet)
Seat 2: BlueLway (small blind) collected ($0.48)
Seat 3: Mahu2021 (big blind) folded on the Turn
Seat 4: hjbear folded before Flop (didn't bet)
Seat 5: Mr. Dolmer folded before Flop (didn't bet)
Seat 6: tatazinha_fp folded before Flop (didn't bet)



PokerStars Zoom Hand #255135836881:  Hold'em No Limit ($0.05/$0.10) - 2025/03/04 16:13:08 CET [2025/03/04 10:13:08 ET]
Table 'Aludra' 6-max Seat #1 is the button
Seat 1: mlange ($4.56 in chips) 
Seat 2: SirBrown ($16.37 in chips) 
Seat 3: Clicker89 ($9.90 in chips) 
Seat 4: CherryBomb95 ($17.22 in chips) 
Seat 5: kalopara ($10.23 in chips) 
Seat 6: Mahu2021 ($9.35 in chips) 
SirBrown: posts small blind $0.05
Clicker89: posts big blind $0.10
*** HOLE CARDS ***
Dealt to Mahu2021 [Qs 3h]
CherryBomb95: folds 
kalopara: folds 
Mahu2021: folds 
mlange: folds 
SirBrown: raises $0.20 to $0.30
Clicker89: folds 
Uncalled bet ($0.20) returned to SirBrown
SirBrown collected $0.20 from pot
SirBrown: doesn't show hand 
*** SUMMARY ***
Total pot $0.20 | Rake $0 
Seat 1: mlange (button) folded before Flop (didn't bet)
Seat 2: SirBrown (small blind) collected ($0.20)
Seat 3: Clicker89 (big blind) folded before Flop
Seat 4: CherryBomb95 folded before Flop (didn't bet)
Seat 5: kalopara folded before Flop (didn't bet)
Seat 6: Mahu2021 folded before Flop (didn't bet)



PokerStars Zoom Hand #255135837622:  Hold'em No Limit ($0.05/$0.10) - 2025/03/04 16:13:12 CET [2025/03/04 10:13:12 ET]
Table 'Aludra' 6-max Seat #1 is the button
Seat 1: egoor199 ($10.57 in chips) 
Seat 2: Obazinha111 ($10 in chips) 
Seat 3: alhark69 ($11.38 in chips) 
Seat 4: c0pp0ck ($10.80 in chips) 
Seat 5: Mahu2021 ($9.35 in chips) 
Seat 6: thaimaz ($5.30 in chips) 
Obazinha111: posts small blind $0.05
alhark69: posts big blind $0.10
*** HOLE CARDS ***
Dealt to Mahu2021 [Ks Ts]
c0pp0ck: raises $0.15 to $0.25
Mahu2021: calls $0.25
thaimaz: folds 
egoor199: folds 
Obazinha111: folds 
alhark69: folds 
*** FLOP *** [7d 9c Ah]
c0pp0ck: checks 
Mahu2021: bets $0.30
c0pp0ck: folds 
Uncalled bet ($0.30) returned to Mahu2021
Mahu2021 collected $0.62 from pot
Mahu2021: doesn't show hand 
*** SUMMARY ***
Total pot $0.65 | Rake $0.03 
Board [7d 9c Ah]
Seat 1: egoor199 (button) folded before Flop (didn't bet)
Seat 2: Obazinha111 (small blind) folded before Flop
Seat 3: alhark69 (big blind) folded before Flop
Seat 4: c0pp0ck folded on the Flop
Seat 5: Mahu2021 collected ($0.62)
Seat 6: thaimaz folded before Flop (didn't bet)



PokerStars Zoom Hand #255135840183:  Hold'em No Limit ($0.05/$0.10) - 2025/03/04 16:13:26 CET [2025/03/04 10:13:26 ET]
Table 'Aludra' 6-max Seat #1 is the button
Seat 1: Mahu2021 ($9.72 in chips) 
Seat 2: BlueLway ($19.78 in chips) 
Seat 3: egoor199 ($10.52 in chips) 
Seat 4: Mr. Dolmer ($21.33 in chips) 
Seat 5: SirBrown ($16.47 in chips) 
Seat 6: Mallardz ($15.60 in chips) 
BlueLway: posts small blind $0.05
egoor199: posts big blind $0.10
*** HOLE CARDS ***
Dealt to Mahu2021 [9s 7h]
Mr. Dolmer: raises $0.12 to $0.22
SirBrown: folds 
Mallardz: folds 
Mahu2021: folds 
BlueLway: folds 
egoor199: folds 
Uncalled bet ($0.12) returned to Mr. Dolmer
Mr. Dolmer collected $0.25 from pot
Mr. Dolmer: doesn't show hand 
*** SUMMARY ***
Total pot $0.25 | Rake $0 
Seat 1: Mahu2021 (button) folded before Flop (didn't bet)
Seat 2: BlueLway (small blind) folded before Flop
Seat 3: egoor199 (big blind) folded before Flop
Seat 4: Mr. Dolmer collected ($0.25)
Seat 5: SirBrown folded before Flop (didn't bet)
Seat 6: Mallardz folded before Flop (didn't bet)



PokerStars Zoom Hand #255135840927:  Hold'em No Limit ($0.05/$0.10) - 2025/03/04 16:13:30 CET [2025/03/04 10:13:30 ET]
Table 'Aludra' 6-max Seat #1 is the button
Seat 1: kikki994 ($20.58 in chips) 
Seat 2: Mahu2021 ($9.72 in chips) 
Seat 3: c0pp0ck ($10.55 in chips) 
Seat 4: tafarel8 ($20.63 in chips) 
Seat 5: Mallardz ($15.60 in chips) 
Seat 6: v4valter88 ($10.14 in chips) 
Mahu2021: posts small blind $0.05
c0pp0ck: posts big blind $0.10
*** HOLE CARDS ***
Dealt to Mahu2021 [4c As]
tafarel8: folds 
Mallardz: folds 
v4valter88: folds 
kikki994: folds 
Mahu2021: raises $0.20 to $0.30
c0pp0ck: calls $0.20
*** FLOP *** [6d 2c 5s]
Mahu2021: checks 
c0pp0ck: bets $0.20
Mahu2021: calls $0.20
*** TURN *** [6d 2c 5s] [5d]
Mahu2021: checks 
c0pp0ck: checks 
*** RIVER *** [6d 2c 5s 5d] [Ac]
Mahu2021: checks 
c0pp0ck: bets $0.33
Mahu2021: calls $0.33
*** SHOW DOWN ***
c0pp0ck: shows [4d Ah] (two pair, Aces and Fives)
Mahu2021: shows [4c As] (two pair, Aces and Fives)
Mahu2021 collected $0.80 from pot
c0pp0ck collected $0.79 from pot
*** SUMMARY ***
Total pot $1.66 | Rake $0.07 
Board [6d 2c 5s 5d Ac]
Seat 1: kikki994 (button) folded before Flop (didn't bet)
Seat 2: Mahu2021 (small blind) showed [4c As] and won ($0.80) with two pair, Aces and Fives
Seat 3: c0pp0ck (big blind) showed [4d Ah] and won ($0.79) with two pair, Aces and Fives
Seat 4: tafarel8 folded before Flop (didn't bet)
Seat 5: Mallardz folded before Flop (didn't bet)
Seat 6: v4valter88 folded before Flop (didn't bet)



PokerStars Zoom Hand #255135846931:  Hold'em No Limit ($0.05/$0.10) - 2025/03/04 16:14:02 CET [2025/03/04 10:14:02 ET]
Table 'Aludra' 6-max Seat #1 is the button
Seat 1: zinluz ($8.31 in chips) 
Seat 2: c0pp0ck ($10.51 in chips) 
Seat 3: XR7C ($4.92 in chips) 
Seat 4: Mahu2021 ($9.69 in chips) 
Seat 5: Clicker89 ($9.95 in chips) 
Seat 6: twidlex ($24.05 in chips) 
c0pp0ck: posts small blind $0.05
XR7C: posts big blind $0.10
*** HOLE CARDS ***
Dealt to Mahu2021 [7d Ac]
Mahu2021: folds 
Clicker89: folds 
twidlex: folds 
zinluz: raises $0.12 to $0.22
c0pp0ck: folds 
XR7C: raises $0.88 to $1.10
zinluz: folds 
Uncalled bet ($0.88) returned to XR7C
XR7C collected $0.49 from pot
XR7C: doesn't show hand 
*** SUMMARY ***
Total pot $0.49 | Rake $0 
Seat 1: zinluz (button) folded before Flop
Seat 2: c0pp0ck (small blind) folded before Flop
Seat 3: XR7C (big blind) collected ($0.49)
Seat 4: Mahu2021 folded before Flop (didn't bet)
Seat 5: Clicker89 folded before Flop (didn't bet)
Seat 6: twidlex folded before Flop (didn't bet)



PokerStars Zoom Hand #255135847978:  Hold'em No Limit ($0.05/$0.10) - 2025/03/04 16:14:08 CET [2025/03/04 10:14:08 ET]
Table 'Aludra' 6-max Seat #1 is the button
Seat 1: hjbear ($25.35 in chips) 
Seat 2: JD 2266 E ($9.97 in chips) 
Seat 3: tafarel8 ($19.82 in chips) 
Seat 4: Calvis_lol ($11.32 in chips) 
Seat 5: beabest ($74.86 in chips) 
Seat 6: Mahu2021 ($9.69 in chips) 
JD 2266 E: posts small blind $0.05
tafarel8: posts big blind $0.10
*** HOLE CARDS ***
Dealt to Mahu2021 [2h 4s]
Calvis_lol: folds 
beabest: folds 
Mahu2021: folds 
hjbear: raises $0.15 to $0.25
JD 2266 E: folds 
tafarel8: folds 
Uncalled bet ($0.15) returned to hjbear
hjbear collected $0.25 from pot
hjbear: doesn't show hand 
*** SUMMARY ***
Total pot $0.25 | Rake $0 
Seat 1: hjbear (button) collected ($0.25)
Seat 2: JD 2266 E (small blind) folded before Flop
Seat 3: tafarel8 (big blind) folded before Flop
Seat 4: Calvis_lol folded before Flop (didn't bet)
Seat 5: beabest folded before Flop (didn't bet)
Seat 6: Mahu2021 folded before Flop (didn't bet)



PokerStars Zoom Hand #255135848715:  Hold'em No Limit ($0.05/$0.10) - 2025/03/04 16:14:12 CET [2025/03/04 10:14:12 ET]
Table 'Aludra' 6-max Seat #1 is the button
Seat 1: BenCbal ($10 in chips) 
Seat 2: Mallardz ($19.72 in chips) 
Seat 3: Mahu2021 ($9.69 in chips) 
Seat 4: kalopara ($10 in chips) 
Seat 5: soulfly2145 ($12.44 in chips) 
Seat 6: alvear97 ($4.85 in chips) 
Mallardz: posts small blind $0.05
Mahu2021: posts big blind $0.10
*** HOLE CARDS ***
Dealt to Mahu2021 [Kh 3c]
kalopara: folds 
soulfly2145: folds 
alvear97: folds 
BenCbal: raises $0.15 to $0.25
Mallardz: folds 
Mahu2021: folds 
Uncalled bet ($0.15) returned to BenCbal
BenCbal collected $0.25 from pot
BenCbal: doesn't show hand 
*** SUMMARY ***
Total pot $0.25 | Rake $0 
Seat 1: BenCbal (button) collected ($0.25)
Seat 2: Mallardz (small blind) folded before Flop
Seat 3: Mahu2021 (big blind) folded before Flop
Seat 4: kalopara folded before Flop (didn't bet)
Seat 5: soulfly2145 folded before Flop (didn't bet)
Seat 6: alvear97 folded before Flop (didn't bet)



PokerStars Zoom Hand #255135898278:  Hold'em No Limit ($0.05/$0.10) - 2025/03/04 16:18:33 CET [2025/03/04 10:18:33 ET]
Table 'Aludra' 6-max Seat #1 is the button
Seat 1: IanMancave50 ($7.60 in chips) 
Seat 2: Mahu2021 ($9.59 in chips) 
Seat 3: Die8 ($13.48 in chips) 
Seat 4: calum101 ($10 in chips) 
Seat 5: SirBrown ($10 in chips) 
Seat 6: alvear97 ($4.98 in chips) 
Mahu2021: posts small blind $0.05
Die8: posts big blind $0.10
*** HOLE CARDS ***
Dealt to Mahu2021 [4h 3c]
calum101: folds 
SirBrown: folds 
alvear97: folds 
IanMancave50: raises $0.25 to $0.35
Mahu2021: folds 
Die8: folds 
Uncalled bet ($0.25) returned to IanMancave50
IanMancave50 collected $0.25 from pot
IanMancave50: doesn't show hand 
*** SUMMARY ***
Total pot $0.25 | Rake $0 
Seat 1: IanMancave50 (button) collected ($0.25)
Seat 2: Mahu2021 (small blind) folded before Flop
Seat 3: Die8 (big blind) folded before Flop
Seat 4: calum101 folded before Flop (didn't bet)
Seat 5: SirBrown folded before Flop (didn't bet)
Seat 6: alvear97 folded before Flop (didn't bet)



PokerStars Zoom Hand #255135900561:  Hold'em No Limit ($0.05/$0.10) - 2025/03/04 16:18:45 CET [2025/03/04 10:18:45 ET]
Table 'Aludra' 6-max Seat #1 is the button
Seat 1: Mahu2021 ($9.54 in chips) 
Seat 2: vovo4ka318 ($10 in chips) 
Seat 3: hjbear ($26.92 in chips) 
Seat 4: NickTonic ($23.17 in chips) 
Seat 5: beabest ($59.95 in chips) 
Seat 6: COVEIROANCAP ($12.13 in chips) 
vovo4ka318: posts small blind $0.05
hjbear: posts big blind $0.10
*** HOLE CARDS ***
Dealt to Mahu2021 [8s 4c]
NickTonic: folds 
beabest: folds 
COVEIROANCAP: folds 
Mahu2021: folds 
vovo4ka318: folds 
Uncalled bet ($0.05) returned to hjbear
hjbear collected $0.10 from pot
hjbear: doesn't show hand 
*** SUMMARY ***
Total pot $0.10 | Rake $0 
Seat 1: Mahu2021 (button) folded before Flop (didn't bet)
Seat 2: vovo4ka318 (small blind) folded before Flop
Seat 3: hjbear (big blind) collected ($0.10)
Seat 4: NickTonic folded before Flop (didn't bet)
Seat 5: beabest folded before Flop (didn't bet)
Seat 6: COVEIROANCAP folded before Flop (didn't bet)



PokerStars Zoom Hand #255135901343:  Hold'em No Limit ($0.05/$0.10) - 2025/03/04 16:18:49 CET [2025/03/04 10:18:49 ET]
Table 'Aludra' 6-max Seat #1 is the button
Seat 1: Die8 ($13.38 in chips) 
Seat 2: putzkedudu ($10.42 in chips) 
Seat 3: beabest ($59.95 in chips) 
Seat 4: dhdh0506 ($11.31 in chips) 
Seat 5: Mahu2021 ($9.54 in chips) 
Seat 6: Ganbarimasyou ($10.82 in chips) 
putzkedudu: posts small blind $0.05
beabest: posts big blind $0.10
*** HOLE CARDS ***
Dealt to Mahu2021 [2s 8c]
dhdh0506: folds 
Mahu2021: folds 
Ganbarimasyou: raises $0.13 to $0.23
Die8: folds 
putzkedudu: folds 
beabest: folds 
Uncalled bet ($0.13) returned to Ganbarimasyou
Ganbarimasyou collected $0.25 from pot
Ganbarimasyou: doesn't show hand 
*** SUMMARY ***
Total pot $0.25 | Rake $0 
Seat 1: Die8 (button) folded before Flop (didn't bet)
Seat 2: putzkedudu (small blind) folded before Flop
Seat 3: beabest (big blind) folded before Flop
Seat 4: dhdh0506 folded before Flop (didn't bet)
Seat 5: Mahu2021 folded before Flop (didn't bet)
Seat 6: Ganbarimasyou collected ($0.25)



PokerStars Zoom Hand #255135902074:  Hold'em No Limit ($0.05/$0.10) - 2025/03/04 16:18:53 CET [2025/03/04 10:18:53 ET]
Table 'Aludra' 6-max Seat #1 is the button
Seat 1: kalopara ($17.70 in chips) 
Seat 2: dhdh0506 ($11.31 in chips) 
Seat 3: Mahu2021 ($9.54 in chips) 
Seat 4: tafarel8 ($20.13 in chips) 
Seat 5: CherryBomb95 ($31.39 in chips) 
Seat 6: Die8 ($10 in chips) 
dhdh0506: posts small blind $0.05
Mahu2021: posts big blind $0.10
*** HOLE CARDS ***
Dealt to Mahu2021 [Ah 8c]
tafarel8: raises $0.15 to $0.25
CherryBomb95: folds 
Die8: folds 
kalopara: folds 
dhdh0506: folds 
Mahu2021: calls $0.15
*** FLOP *** [5h 6c 4h]
Mahu2021: checks 
tafarel8: bets $0.42
Mahu2021: calls $0.42
*** TURN *** [5h 6c 4h] [9d]
Mahu2021: checks 
tafarel8: bets $1.06
Mahu2021: folds 
Uncalled bet ($1.06) returned to tafarel8
tafarel8 collected $1.33 from pot
tafarel8: doesn't show hand 
*** SUMMARY ***
Total pot $1.39 | Rake $0.06 
Board [5h 6c 4h 9d]
Seat 1: kalopara (button) folded before Flop (didn't bet)
Seat 2: dhdh0506 (small blind) folded before Flop
Seat 3: Mahu2021 (big blind) folded on the Turn
Seat 4: tafarel8 collected ($1.33)
Seat 5: CherryBomb95 folded before Flop (didn't bet)
Seat 6: Die8 folded before Flop (didn't bet)



PokerStars Zoom Hand #255135899041:  Hold'em No Limit ($0.05/$0.10) - 2025/03/04 16:18:37 CET [2025/03/04 10:18:37 ET]
Table 'Aludra' 6-max Seat #1 is the button
Seat 1: carlitostwo ($8.72 in chips) 
Seat 2: calum101 ($10 in chips) 
Seat 3: Ganbarimasyou ($10.15 in chips) 
Seat 4: Mahu2021 ($9.54 in chips) 
Seat 5: BenCbal ($10 in chips) 
Seat 6: prettika ($9.37 in chips) 
calum101: posts small blind $0.05
Ganbarimasyou: posts big blind $0.10
*** HOLE CARDS ***
Dealt to Mahu2021 [7h Ks]
Mahu2021: folds 
BenCbal: folds 
prettika: folds 
carlitostwo: raises $0.40 to $0.50
calum101: folds 
Ganbarimasyou: calls $0.40
*** FLOP *** [5c 9h Jh]
Ganbarimasyou: checks 
carlitostwo: bets $0.70
Ganbarimasyou: calls $0.70
*** TURN *** [5c 9h Jh] [Jd]
Ganbarimasyou: checks 
carlitostwo: bets $1.30
Ganbarimasyou: calls $1.30
*** RIVER *** [5c 9h Jh Jd] [7s]
Ganbarimasyou: bets $3.61
carlitostwo: calls $3.61
*** SHOW DOWN ***
Ganbarimasyou: shows [Ah 4h] (a pair of Jacks)
carlitostwo: shows [Td Tc] (two pair, Jacks and Tens)
carlitostwo collected $11.72 from pot
*** SUMMARY ***
Total pot $12.27 | Rake $0.55 
Board [5c 9h Jh Jd 7s]
Seat 1: carlitostwo (button) showed [Td Tc] and won ($11.72) with two pair, Jacks and Tens
Seat 2: calum101 (small blind) folded before Flop
Seat 3: Ganbarimasyou (big blind) showed [Ah 4h] and lost with a pair of Jacks
Seat 4: Mahu2021 folded before Flop (didn't bet)
Seat 5: BenCbal folded before Flop (didn't bet)
Seat 6: prettika folded before Flop (didn't bet)



PokerStars Zoom Hand #255135899804:  Hold'em No Limit ($0.05/$0.10) - 2025/03/04 16:18:41 CET [2025/03/04 10:18:41 ET]
Table 'Aludra' 6-max Seat #1 is the button
Seat 1: prettika ($9.37 in chips) 
Seat 2: alexx 21102 ($29.47 in chips) 
Seat 3: luvstyle ($13.83 in chips) 
Seat 4: beabest ($59.95 in chips) 
Seat 5: Mathias78525 ($6.64 in chips) 
Seat 6: Mahu2021 ($9.54 in chips) 
alexx 21102: posts small blind $0.05
luvstyle: posts big blind $0.10
*** HOLE CARDS ***
Dealt to Mahu2021 [6h Ts]
beabest: folds 
Mathias78525: calls $0.10
Mahu2021: folds 
prettika: folds 
alexx 21102: calls $0.05
luvstyle: checks 
*** FLOP *** [6c Td Th]
alexx 21102: checks 
luvstyle: checks 
Mathias78525: bets $0.20
alexx 21102: folds 
luvstyle: folds 
Uncalled bet ($0.20) returned to Mathias78525
Mathias78525 collected $0.29 from pot
Mathias78525: doesn't show hand 
*** SUMMARY ***
Total pot $0.30 | Rake $0.01 
Board [6c Td Th]
Seat 1: prettika (button) folded before Flop (didn't bet)
Seat 2: alexx 21102 (small blind) folded on the Flop
Seat 3: luvstyle (big blind) folded on the Flop
Seat 4: beabest folded before Flop (didn't bet)
Seat 5: Mathias78525 collected ($0.29)
Seat 6: Mahu2021 folded before Flop (didn't bet)



PokerStars Zoom Hand #255135907224:  Hold'em No Limit ($0.05/$0.10) - 2025/03/04 16:19:21 CET [2025/03/04 10:19:21 ET]
Table 'Aludra' 6-max Seat #1 is the button
Seat 1: Eliminate50 ($20.01 in chips) 
Seat 2: dimon4ek1111 ($12.70 in chips) 
Seat 3: carlitostwo ($14.33 in chips) 
Seat 4: MasterK0830 ($11.95 in chips) 
Seat 5: Mahu2021 ($8.87 in chips) 
Seat 6: Bur1k ($6.14 in chips) 
dimon4ek1111: posts small blind $0.05
carlitostwo: posts big blind $0.10
*** HOLE CARDS ***
Dealt to Mahu2021 [5s 7h]
MasterK0830: folds 
Mahu2021: folds 
Bur1k: raises $0.15 to $0.25
Eliminate50: folds 
dimon4ek1111: folds 
carlitostwo: folds 
Uncalled bet ($0.15) returned to Bur1k
Bur1k collected $0.25 from pot
Bur1k: doesn't show hand 
*** SUMMARY ***
Total pot $0.25 | Rake $0 
Seat 1: Eliminate50 (button) folded before Flop (didn't bet)
Seat 2: dimon4ek1111 (small blind) folded before Flop
Seat 3: carlitostwo (big blind) folded before Flop
Seat 4: MasterK0830 folded before Flop (didn't bet)
Seat 5: Mahu2021 folded before Flop (didn't bet)
Seat 6: Bur1k collected ($0.25)



PokerStars Zoom Hand #255135906496:  Hold'em No Limit ($0.05/$0.10) - 2025/03/04 16:19:17 CET [2025/03/04 10:19:17 ET]
Table 'Aludra' 6-max Seat #1 is the button
Seat 1: dhdh0506 ($10 in chips) 
Seat 2: SirBrown ($10 in chips) 
Seat 3: zinluz ($9.09 in chips) 
Seat 4: dimon4ek1111 ($12.70 in chips) 
Seat 5: Mahu2021 ($8.87 in chips) 
Seat 6: kalopara ($5.70 in chips) 
SirBrown: posts small blind $0.05
zinluz: posts big blind $0.10
*** HOLE CARDS ***
Dealt to Mahu2021 [7h 8d]
dimon4ek1111: folds 
Mahu2021: folds 
kalopara: raises $0.15 to $0.25
dhdh0506: folds 
SirBrown: folds 
zinluz: folds 
Uncalled bet ($0.15) returned to kalopara
kalopara collected $0.25 from pot
kalopara: doesn't show hand 
*** SUMMARY ***
Total pot $0.25 | Rake $0 
Seat 1: dhdh0506 (button) folded before Flop (didn't bet)
Seat 2: SirBrown (small blind) folded before Flop
Seat 3: zinluz (big blind) folded before Flop
Seat 4: dimon4ek1111 folded before Flop (didn't bet)
Seat 5: Mahu2021 folded before Flop (didn't bet)
Seat 6: kalopara collected ($0.25)



PokerStars Zoom Hand #255135907998:  Hold'em No Limit ($0.05/$0.10) - 2025/03/04 16:19:25 CET [2025/03/04 10:19:25 ET]
Table 'Aludra' 6-max Seat #1 is the button
Seat 1: Mahu2021 ($8.87 in chips) 
Seat 2: Die8 ($10.05 in chips) 
Seat 3: luvstyle ($10 in chips) 
Seat 4: Eliminate50 ($20.01 in chips) 
Seat 5: Dovahkiin80 ($10.65 in chips) 
Seat 6: beabest ($10.92 in chips) 
Die8: posts small blind $0.05
luvstyle: posts big blind $0.10
*** HOLE CARDS ***
Dealt to Mahu2021 [7s Qd]
Eliminate50 is disconnected 
Eliminate50 has timed out while disconnected
Eliminate50: folds 
Dovahkiin80: folds 
beabest: folds 
Mahu2021: folds 
Die8: folds 
Uncalled bet ($0.05) returned to luvstyle
luvstyle collected $0.10 from pot
luvstyle: doesn't show hand 
*** SUMMARY ***
Total pot $0.10 | Rake $0 
Seat 1: Mahu2021 (button) folded before Flop (didn't bet)
Seat 2: Die8 (small blind) folded before Flop
Seat 3: luvstyle (big blind) collected ($0.10)
Seat 4: Eliminate50 folded before Flop (didn't bet)
Seat 5: Dovahkiin80 folded before Flop (didn't bet)
Seat 6: beabest folded before Flop (didn't bet)



PokerStars Zoom Hand #255135908810:  Hold'em No Limit ($0.05/$0.10) - 2025/03/04 16:19:29 CET [2025/03/04 10:19:29 ET]
Table 'Aludra' 6-max Seat #1 is the button
Seat 1: zinluz ($8.99 in chips) 
Seat 2: Mahu2021 ($8.87 in chips) 
Seat 3: Dovahkiin80 ($10.65 in chips) 
Seat 4: alhark69 ($10.91 in chips) 
Seat 5: Norbi708 ($4.66 in chips) 
Seat 6: gabalbanez ($22.14 in chips) 
Mahu2021: posts small blind $0.05
Dovahkiin80: posts big blind $0.10
*** HOLE CARDS ***
Dealt to Mahu2021 [As Kh]
alhark69: folds 
Norbi708: folds 
gabalbanez: raises $0.20 to $0.30
zinluz: folds 
Mahu2021: calls $0.25
Dovahkiin80: folds 
*** FLOP *** [6h Jc Th]
Mahu2021: checks 
gabalbanez: checks 
*** TURN *** [6h Jc Th] [9c]
Mahu2021: checks 
gabalbanez: checks 
*** RIVER *** [6h Jc Th 9c] [8c]
Mahu2021: checks 
gabalbanez: bets $0.34
Mahu2021: folds 
Uncalled bet ($0.34) returned to gabalbanez
gabalbanez collected $0.67 from pot
gabalbanez: doesn't show hand 
*** SUMMARY ***
Total pot $0.70 | Rake $0.03 
Board [6h Jc Th 9c 8c]
Seat 1: zinluz (button) folded before Flop (didn't bet)
Seat 2: Mahu2021 (small blind) folded on the River
Seat 3: Dovahkiin80 (big blind) folded before Flop
Seat 4: alhark69 folded before Flop (didn't bet)
Seat 5: Norbi708 folded before Flop (didn't bet)
Seat 6: gabalbanez collected ($0.67)



PokerStars Zoom Hand #255135914533:  Hold'em No Limit ($0.05/$0.10) - 2025/03/04 16:19:59 CET [2025/03/04 10:19:59 ET]
Table 'Aludra' 6-max Seat #1 is the button
Seat 1: v4valter88 ($10.10 in chips) 
Seat 2: BlueLway ($24.02 in chips) 
Seat 3: dhdh0506 ($15.95 in chips) 
Seat 4: NeetAce ($14.60 in chips) 
Seat 5: rullorh ($11.29 in chips) 
Seat 6: Mahu2021 ($8.57 in chips) 
BlueLway: posts small blind $0.05
dhdh0506: posts big blind $0.10
*** HOLE CARDS ***
Dealt to Mahu2021 [9h Qh]
NeetAce: folds 
rullorh: folds 
Mahu2021: raises $0.14 to $0.24
v4valter88: folds 
BlueLway: folds 
dhdh0506: raises $0.76 to $1
Mahu2021: folds 
Uncalled bet ($0.76) returned to dhdh0506
dhdh0506 collected $0.53 from pot
dhdh0506: doesn't show hand 
*** SUMMARY ***
Total pot $0.53 | Rake $0 
Seat 1: v4valter88 (button) folded before Flop (didn't bet)
Seat 2: BlueLway (small blind) folded before Flop
Seat 3: dhdh0506 (big blind) collected ($0.53)
Seat 4: NeetAce folded before Flop (didn't bet)
Seat 5: rullorh folded before Flop (didn't bet)
Seat 6: Mahu2021 folded before Flop



PokerStars Zoom Hand #255135918019:  Hold'em No Limit ($0.05/$0.10) - 2025/03/04 16:20:17 CET [2025/03/04 10:20:17 ET]
Table 'Aludra' 6-max Seat #1 is the button
Seat 1: putzkedudu ($13.14 in chips) 
Seat 2: Die8 ($10 in chips) 
Seat 3: FerreiraRena ($19.58 in chips) 
Seat 4: Mahu2021 ($8.33 in chips) 
Seat 5: beabest ($10.77 in chips) 
Seat 6: tobillon3110 ($10 in chips) 
Die8: posts small blind $0.05
FerreiraRena: posts big blind $0.10
*** HOLE CARDS ***
Dealt to Mahu2021 [Ac Js]
Mahu2021: raises $0.14 to $0.24
beabest: folds 
tobillon3110: folds 
putzkedudu: raises $0.51 to $0.75
Die8: folds 
FerreiraRena: folds 
Mahu2021: calls $0.51
*** FLOP *** [3h 8c 7s]
Mahu2021: checks 
putzkedudu: bets $0.24
Mahu2021: calls $0.24
*** TURN *** [3h 8c 7s] [3c]
Mahu2021: checks 
putzkedudu: checks 
*** RIVER *** [3h 8c 7s 3c] [9d]
Mahu2021: bets $2.03
putzkedudu: folds 
Uncalled bet ($2.03) returned to Mahu2021
Mahu2021 collected $2.03 from pot
Mahu2021: doesn't show hand 
*** SUMMARY ***
Total pot $2.13 | Rake $0.10 
Board [3h 8c 7s 3c 9d]
Seat 1: putzkedudu (button) folded on the River
Seat 2: Die8 (small blind) folded before Flop
Seat 3: FerreiraRena (big blind) folded before Flop
Seat 4: Mahu2021 collected ($2.03)
Seat 5: beabest folded before Flop (didn't bet)
Seat 6: tobillon3110 folded before Flop (didn't bet)



PokerStars Zoom Hand #255135930732:  Hold'em No Limit ($0.05/$0.10) - 2025/03/04 16:21:24 CET [2025/03/04 10:21:24 ET]
Table 'Aludra' 6-max Seat #1 is the button
Seat 1: BenCbal ($17 in chips) 
Seat 2: isieisli ($20.26 in chips) 
Seat 3: Mahu2021 ($9.37 in chips) 
Seat 4: luvstyle ($10.05 in chips) 
Seat 5: dhdh0506 ($12.35 in chips) 
Seat 6: NeetAce ($14.10 in chips) 
isieisli: posts small blind $0.05
Mahu2021: posts big blind $0.10
*** HOLE CARDS ***
Dealt to Mahu2021 [4c Ah]
luvstyle: raises $0.15 to $0.25
dhdh0506: folds 
NeetAce: folds 
BenCbal: folds 
isieisli: calls $0.20
Mahu2021: folds 
*** FLOP *** [Kd 5s 2d]
isieisli: checks 
luvstyle: bets $0.25
isieisli: folds 
Uncalled bet ($0.25) returned to luvstyle
luvstyle collected $0.57 from pot
luvstyle: doesn't show hand 
*** SUMMARY ***
Total pot $0.60 | Rake $0.03 
Board [Kd 5s 2d]
Seat 1: BenCbal (button) folded before Flop (didn't bet)
Seat 2: isieisli (small blind) folded on the Flop
Seat 3: Mahu2021 (big blind) folded before Flop
Seat 4: luvstyle collected ($0.57)
Seat 5: dhdh0506 folded before Flop (didn't bet)
Seat 6: NeetAce folded before Flop (didn't bet)



PokerStars Zoom Hand #255135935039:  Hold'em No Limit ($0.05/$0.10) - 2025/03/04 16:21:47 CET [2025/03/04 10:21:47 ET]
Table 'Aludra' 6-max Seat #1 is the button
Seat 1: Mahu2021 ($9.27 in chips) 
Seat 2: v4valter88 ($10 in chips) 
Seat 3: NeetAce ($11.69 in chips) 
Seat 4: cdbennett.uk ($29.23 in chips) 
Seat 5: BenCbal ($10.17 in chips) 
Seat 6: sorser111 ($2.38 in chips) 
v4valter88: posts small blind $0.05
NeetAce: posts big blind $0.10
*** HOLE CARDS ***
Dealt to Mahu2021 [3s 5c]
cdbennett.uk: folds 
BenCbal: folds 
sorser111: folds 
Mahu2021: folds 
v4valter88: raises $0.20 to $0.30
NeetAce: folds 
Uncalled bet ($0.20) returned to v4valter88
v4valter88 collected $0.20 from pot
v4valter88: doesn't show hand 
*** SUMMARY ***
Total pot $0.20 | Rake $0 
Seat 1: Mahu2021 (button) folded before Flop (didn't bet)
Seat 2: v4valter88 (small blind) collected ($0.20)
Seat 3: NeetAce (big blind) folded before Flop
Seat 4: cdbennett.uk folded before Flop (didn't bet)
Seat 5: BenCbal folded before Flop (didn't bet)
Seat 6: sorser111 folded before Flop (didn't bet)



PokerStars Zoom Hand #255135936018:  Hold'em No Limit ($0.05/$0.10) - 2025/03/04 16:21:52 CET [2025/03/04 10:21:52 ET]
Table 'Aludra' 6-max Seat #1 is the button
Seat 1: JD 2266 E ($10.37 in chips) 
Seat 2: Mahu2021 ($9.27 in chips) 
Seat 3: rafaelboito ($10 in chips) 
Seat 4: sorser111 ($2.38 in chips) 
Seat 5: c0pp0ck ($10.87 in chips) 
Seat 6: ZioPao84 ($10 in chips) 
Mahu2021: posts small blind $0.05
rafaelboito: posts big blind $0.10
*** HOLE CARDS ***
Dealt to Mahu2021 [5s 8d]
sorser111: raises $2.28 to $2.38 and is all-in
c0pp0ck: folds 
ZioPao84: folds 
JD 2266 E: folds 
Mahu2021: folds 
rafaelboito: folds 
Uncalled bet ($2.28) returned to sorser111
sorser111 collected $0.25 from pot
sorser111: doesn't show hand 
*** SUMMARY ***
Total pot $0.25 | Rake $0 
Seat 1: JD 2266 E (button) folded before Flop (didn't bet)
Seat 2: Mahu2021 (small blind) folded before Flop
Seat 3: rafaelboito (big blind) folded before Flop
Seat 4: sorser111 collected ($0.25)
Seat 5: c0pp0ck folded before Flop (didn't bet)
Seat 6: ZioPao84 folded before Flop (didn't bet)



PokerStars Zoom Hand #255135934313:  Hold'em No Limit ($0.05/$0.10) - 2025/03/04 16:21:43 CET [2025/03/04 10:21:43 ET]
Table 'Aludra' 6-max Seat #1 is the button
Seat 1: dhdh0506 ($11.01 in chips) 
Seat 2: kalopara ($4.27 in chips) 
Seat 3: JD 2266 E ($8.83 in chips) 
Seat 4: Mahu2021 ($9.27 in chips) 
Seat 5: oppoker222 ($5.91 in chips) 
Seat 6: tsugutsugu ($10 in chips) 
kalopara: posts small blind $0.05
JD 2266 E: posts big blind $0.10
*** HOLE CARDS ***
Dealt to Mahu2021 [As 5h]
Mahu2021: folds 
oppoker222: folds 
tsugutsugu: folds 
dhdh0506: raises $0.10 to $0.20
kalopara: raises $0.50 to $0.70
JD 2266 E: folds 
dhdh0506: folds 
Uncalled bet ($0.50) returned to kalopara
kalopara collected $0.50 from pot
kalopara: doesn't show hand 
*** SUMMARY ***
Total pot $0.50 | Rake $0 
Seat 1: dhdh0506 (button) folded before Flop
Seat 2: kalopara (small blind) collected ($0.50)
Seat 3: JD 2266 E (big blind) folded before Flop
Seat 4: Mahu2021 folded before Flop (didn't bet)
Seat 5: oppoker222 folded before Flop (didn't bet)
Seat 6: tsugutsugu folded before Flop (didn't bet)



PokerStars Zoom Hand #255135937968:  Hold'em No Limit ($0.05/$0.10) - 2025/03/04 16:22:02 CET [2025/03/04 10:22:02 ET]
Table 'Aludra' 6-max Seat #1 is the button
Seat 1: Norbi708 ($3.64 in chips) 
Seat 2: NickTonic ($15.37 in chips) 
Seat 3: caesar128 ($22.39 in chips) 
Seat 4: Mahu2021 ($9.22 in chips) 
Seat 5: rullorh ($10 in chips) 
Seat 6: GeoN1ck ($21.21 in chips) 
NickTonic: posts small blind $0.05
caesar128: posts big blind $0.10
*** HOLE CARDS ***
Dealt to Mahu2021 [8c Jc]
Mahu2021: folds 
rullorh: folds 
GeoN1ck: folds 
Norbi708: folds 
NickTonic: raises $0.20 to $0.30
caesar128: folds 
Uncalled bet ($0.20) returned to NickTonic
NickTonic collected $0.20 from pot
NickTonic: doesn't show hand 
*** SUMMARY ***
Total pot $0.20 | Rake $0 
Seat 1: Norbi708 (button) folded before Flop (didn't bet)
Seat 2: NickTonic (small blind) collected ($0.20)
Seat 3: caesar128 (big blind) folded before Flop
Seat 4: Mahu2021 folded before Flop (didn't bet)
Seat 5: rullorh folded before Flop (didn't bet)
Seat 6: GeoN1ck folded before Flop (didn't bet)



PokerStars Zoom Hand #255135939289:  Hold'em No Limit ($0.05/$0.10) - 2025/03/04 16:22:09 CET [2025/03/04 10:22:09 ET]
Table 'Aludra' 6-max Seat #1 is the button
Seat 1: dhdh0506 ($10.15 in chips) 
Seat 2: c728b4 ($11.50 in chips) 
Seat 3: Mahu2021 ($9.22 in chips) 
Seat 4: DJ-WilliBermuda ($9.70 in chips) 
Seat 5: luvstyle ($11.96 in chips) 
Seat 6: v4valter88 ($10.10 in chips) 
c728b4: posts small blind $0.05
Mahu2021: posts big blind $0.10
*** HOLE CARDS ***
Dealt to Mahu2021 [Tc 3d]
DJ-WilliBermuda: folds 
luvstyle: raises $0.15 to $0.25
v4valter88: folds 
dhdh0506: folds 
c728b4: folds 
Mahu2021: folds 
Uncalled bet ($0.15) returned to luvstyle
luvstyle collected $0.25 from pot
luvstyle: doesn't show hand 
*** SUMMARY ***
Total pot $0.25 | Rake $0 
Seat 1: dhdh0506 (button) folded before Flop (didn't bet)
Seat 2: c728b4 (small blind) folded before Flop
Seat 3: Mahu2021 (big blind) folded before Flop
Seat 4: DJ-WilliBermuda folded before Flop (didn't bet)
Seat 5: luvstyle collected ($0.25)
Seat 6: v4valter88 folded before Flop (didn't bet)



PokerStars Zoom Hand #255135936583:  Hold'em No Limit ($0.05/$0.10) - 2025/03/04 16:21:55 CET [2025/03/04 10:21:55 ET]
Table 'Aludra' 6-max Seat #1 is the button
Seat 1: Mallardz ($33.43 in chips) 
Seat 2: GeoN1ck ($21.26 in chips) 
Seat 3: PindusVillager ($7 in chips) 
Seat 4: 44Thausend ($10.23 in chips) 
Seat 5: BlueLway ($23.37 in chips) 
Seat 6: Mahu2021 ($9.22 in chips) 
GeoN1ck: posts small blind $0.05
PindusVillager: posts big blind $0.10
*** HOLE CARDS ***
Dealt to Mahu2021 [5c 8d]
44Thausend: folds 
BlueLway: folds 
Mahu2021: folds 
Mallardz: raises $0.15 to $0.25
GeoN1ck: folds 
PindusVillager: calls $0.15
*** FLOP *** [4s Qh 3d]
PindusVillager: bets $0.27
Mallardz: folds 
Uncalled bet ($0.27) returned to PindusVillager
PindusVillager collected $0.53 from pot
PindusVillager: doesn't show hand 
*** SUMMARY ***
Total pot $0.55 | Rake $0.02 
Board [4s Qh 3d]
Seat 1: Mallardz (button) folded on the Flop
Seat 2: GeoN1ck (small blind) folded before Flop
Seat 3: PindusVillager (big blind) collected ($0.53)
Seat 4: 44Thausend folded before Flop (didn't bet)
Seat 5: BlueLway folded before Flop (didn't bet)
Seat 6: Mahu2021 folded before Flop (didn't bet)



PokerStars Zoom Hand #255135938685:  Hold'em No Limit ($0.05/$0.10) - 2025/03/04 16:22:06 CET [2025/03/04 10:22:06 ET]
Table 'Aludra' 6-max Seat #1 is the button
Seat 1: Mahu2021 ($9.22 in chips) 
Seat 2: NeetAce ($14.15 in chips) 
Seat 3: 44Thausend ($10.23 in chips) 
Seat 4: putzkedudu ($12.40 in chips) 
Seat 5: Norbi708 ($3.64 in chips) 
Seat 6: Die8 ($15.30 in chips) 
NeetAce: posts small blind $0.05
44Thausend: posts big blind $0.10
*** HOLE CARDS ***
Dealt to Mahu2021 [3h Js]
putzkedudu: raises $0.10 to $0.20
Norbi708: folds 
Die8: folds 
Mahu2021: folds 
NeetAce: raises $0.70 to $0.90
44Thausend: folds 
putzkedudu: folds 
Uncalled bet ($0.70) returned to NeetAce
NeetAce collected $0.50 from pot
NeetAce: doesn't show hand 
*** SUMMARY ***
Total pot $0.50 | Rake $0 
Seat 1: Mahu2021 (button) folded before Flop (didn't bet)
Seat 2: NeetAce (small blind) collected ($0.50)
Seat 3: 44Thausend (big blind) folded before Flop
Seat 4: putzkedudu folded before Flop
Seat 5: Norbi708 folded before Flop (didn't bet)
Seat 6: Die8 folded before Flop (didn't bet)



PokerStars Zoom Hand #255135937192:  Hold'em No Limit ($0.05/$0.10) - 2025/03/04 16:21:58 CET [2025/03/04 10:21:58 ET]
Table 'Aludra' 6-max Seat #1 is the button
Seat 1: Apollolol ($10 in chips) 
Seat 2: BenCbal ($11.04 in chips) 
Seat 3: Die8 ($16.30 in chips) 
Seat 4: dhdh0506 ($16.19 in chips) 
Seat 5: Mahu2021 ($9.22 in chips) 
Seat 6: tsugutsugu ($10 in chips) 
BenCbal: posts small blind $0.05
Die8: posts big blind $0.10
*** HOLE CARDS ***
Dealt to Mahu2021 [7s 2h]
dhdh0506: raises $0.10 to $0.20
Mahu2021: folds 
tsugutsugu: folds 
Apollolol: folds 
BenCbal: folds 
Die8: calls $0.10
*** FLOP *** [Tc Th Ac]
Die8: checks 
dhdh0506: bets $0.11
Die8: folds 
Uncalled bet ($0.11) returned to dhdh0506
dhdh0506 collected $0.43 from pot
dhdh0506: doesn't show hand 
*** SUMMARY ***
Total pot $0.45 | Rake $0.02 
Board [Tc Th Ac]
Seat 1: Apollolol (button) folded before Flop (didn't bet)
Seat 2: BenCbal (small blind) folded before Flop
Seat 3: Die8 (big blind) folded on the Flop
Seat 4: dhdh0506 collected ($0.43)
Seat 5: Mahu2021 folded before Flop (didn't bet)
Seat 6: tsugutsugu folded before Flop (didn't bet)



PokerStars Zoom Hand #255135940430:  Hold'em No Limit ($0.05/$0.10) - 2025/03/04 16:22:15 CET [2025/03/04 10:22:15 ET]
Table 'Aludra' 6-max Seat #1 is the button
Seat 1: SirBrown ($12.03 in chips) 
Seat 2: Mahu2021 ($9.12 in chips) 
Seat 3: FerreiraRena ($19.83 in chips) 
Seat 4: Norbi708 ($3.54 in chips) 
Seat 5: raik611 ($10 in chips) 
Seat 6: NeetAce ($11.74 in chips) 
Mahu2021: posts small blind $0.05
FerreiraRena: posts big blind $0.10
*** HOLE CARDS ***
Dealt to Mahu2021 [Jh Jc]
Norbi708: folds 
raik611: folds 
NeetAce: folds 
SirBrown: raises $0.11 to $0.21
Mahu2021: calls $0.16
FerreiraRena: calls $0.11
*** FLOP *** [6c Qs 7s]
Mahu2021: checks 
FerreiraRena: checks 
SirBrown: checks 
*** TURN *** [6c Qs 7s] [9c]
Mahu2021: bets $0.30
FerreiraRena: calls $0.30
SirBrown: folds 
*** RIVER *** [6c Qs 7s 9c] [4d]
Mahu2021: bets $0.30
FerreiraRena: calls $0.30
*** SHOW DOWN ***
Mahu2021: shows [Jh Jc] (a pair of Jacks)
FerreiraRena: mucks hand 
Mahu2021 collected $1.75 from pot
*** SUMMARY ***
Total pot $1.83 | Rake $0.08 
Board [6c Qs 7s 9c 4d]
Seat 1: SirBrown (button) folded on the Turn
Seat 2: Mahu2021 (small blind) showed [Jh Jc] and won ($1.75) with a pair of Jacks
Seat 3: FerreiraRena (big blind) mucked [9h Kc]
Seat 4: Norbi708 folded before Flop (didn't bet)
Seat 5: raik611 folded before Flop (didn't bet)
Seat 6: NeetAce folded before Flop (didn't bet)



PokerStars Zoom Hand #255135948541:  Hold'em No Limit ($0.05/$0.10) - 2025/03/04 16:22:57 CET [2025/03/04 10:22:57 ET]
Table 'Aludra' 6-max Seat #1 is the button
Seat 1: kalopara ($7.63 in chips) 
Seat 2: egoor199 ($17.11 in chips) 
Seat 3: Bur1k ($6.59 in chips) 
Seat 4: JonKing75 ($10.10 in chips) 
Seat 5: c728b4 ($11.35 in chips) 
Seat 6: Mahu2021 ($10.06 in chips) 
egoor199: posts small blind $0.05
Bur1k: posts big blind $0.10
*** HOLE CARDS ***
Dealt to Mahu2021 [Qc 4s]
JonKing75: folds 
c728b4: folds 
Mahu2021: folds 
kalopara: folds 
egoor199: folds 
Uncalled bet ($0.05) returned to Bur1k
Bur1k collected $0.10 from pot
Bur1k: doesn't show hand 
*** SUMMARY ***
Total pot $0.10 | Rake $0 
Seat 1: kalopara (button) folded before Flop (didn't bet)
Seat 2: egoor199 (small blind) folded before Flop
Seat 3: Bur1k (big blind) collected ($0.10)
Seat 4: JonKing75 folded before Flop (didn't bet)
Seat 5: c728b4 folded before Flop (didn't bet)
Seat 6: Mahu2021 folded before Flop (didn't bet)



PokerStars Zoom Hand #255135950445:  Hold'em No Limit ($0.05/$0.10) - 2025/03/04 16:23:07 CET [2025/03/04 10:23:07 ET]
Table 'Aludra' 6-max Seat #1 is the button
Seat 1: alexisabos3 ($20.51 in chips) 
Seat 2: GeoN1ck ($25 in chips) 
Seat 3: dhdh0506 ($16.27 in chips) 
Seat 4: Mahu2021 ($10.06 in chips) 
Seat 5: beabest ($71.97 in chips) 
Seat 6: egoor199 ($17.06 in chips) 
GeoN1ck: posts small blind $0.05
dhdh0506: posts big blind $0.10
*** HOLE CARDS ***
Dealt to Mahu2021 [4d 5h]
Mahu2021: folds 
beabest: folds 
egoor199: folds 
alexisabos3: folds 
GeoN1ck: folds 
Uncalled bet ($0.05) returned to dhdh0506
dhdh0506 collected $0.10 from pot
dhdh0506: doesn't show hand 
*** SUMMARY ***
Total pot $0.10 | Rake $0 
Seat 1: alexisabos3 (button) folded before Flop (didn't bet)
Seat 2: GeoN1ck (small blind) folded before Flop
Seat 3: dhdh0506 (big blind) collected ($0.10)
Seat 4: Mahu2021 folded before Flop (didn't bet)
Seat 5: beabest folded before Flop (didn't bet)
Seat 6: egoor199 folded before Flop (didn't bet)



PokerStars Zoom Hand #255135951360:  Hold'em No Limit ($0.05/$0.10) - 2025/03/04 16:23:12 CET [2025/03/04 10:23:12 ET]
Table 'Aludra' 6-max Seat #1 is the button
Seat 1: GeoN1ck ($24.95 in chips) 
Seat 2: BlueLway ($12.46 in chips) 
Seat 3: Mahu2021 ($10.06 in chips) 
Seat 4: egoor199 ($17.06 in chips) 
Seat 5: alvear97 ($4.84 in chips) 
Seat 6: FerreiraRena ($18.97 in chips) 
BlueLway: posts small blind $0.05
Mahu2021: posts big blind $0.10
*** HOLE CARDS ***
Dealt to Mahu2021 [Qh Tc]
egoor199: folds 
alvear97: folds 
FerreiraRena: folds 
GeoN1ck: folds 
BlueLway: folds 
Uncalled bet ($0.05) returned to Mahu2021
Mahu2021 collected $0.10 from pot
Mahu2021: doesn't show hand 
*** SUMMARY ***
Total pot $0.10 | Rake $0 
Seat 1: GeoN1ck (button) folded before Flop (didn't bet)
Seat 2: BlueLway (small blind) folded before Flop
Seat 3: Mahu2021 (big blind) collected ($0.10)
Seat 4: egoor199 folded before Flop (didn't bet)
Seat 5: alvear97 folded before Flop (didn't bet)
Seat 6: FerreiraRena folded before Flop (didn't bet)



PokerStars Zoom Hand #255135949629:  Hold'em No Limit ($0.05/$0.10) - 2025/03/04 16:23:03 CET [2025/03/04 10:23:03 ET]
Table 'Aludra' 6-max Seat #1 is the button
Seat 1: JonKing75 ($10.10 in chips) 
Seat 2: COVEIROANCAP ($14.63 in chips) 
Seat 3: sorser111 ($3.23 in chips) 
Seat 4: putzkedudu ($11.15 in chips) 
Seat 5: Mahu2021 ($10.06 in chips) 
Seat 6: dhdh0506 ($16.27 in chips) 
COVEIROANCAP: posts small blind $0.05
sorser111: posts big blind $0.10
*** HOLE CARDS ***
Dealt to Mahu2021 [Qc 9s]
putzkedudu: folds 
Mahu2021: folds 
dhdh0506: folds 
JonKing75: raises $0.15 to $0.25
COVEIROANCAP: folds 
sorser111: raises $2.98 to $3.23 and is all-in
JonKing75: calls $2.98
*** FLOP *** [2c 4h Td]
*** TURN *** [2c 4h Td] [Jd]
*** RIVER *** [2c 4h Td Jd] [3h]
*** SHOW DOWN ***
sorser111: shows [7h Ad] (high card Ace)
JonKing75: shows [Th Tc] (three of a kind, Tens)
JonKing75 collected $6.22 from pot
*** SUMMARY ***
Total pot $6.51 | Rake $0.29 
Board [2c 4h Td Jd 3h]
Seat 1: JonKing75 (button) showed [Th Tc] and won ($6.22) with three of a kind, Tens
Seat 2: COVEIROANCAP (small blind) folded before Flop
Seat 3: sorser111 (big blind) showed [7h Ad] and lost with high card Ace
Seat 4: putzkedudu folded before Flop (didn't bet)
Seat 5: Mahu2021 folded before Flop (didn't bet)
Seat 6: dhdh0506 folded before Flop (didn't bet)



PokerStars Zoom Hand #255135953257:  Hold'em No Limit ($0.05/$0.10) - 2025/03/04 16:23:22 CET [2025/03/04 10:23:22 ET]
Table 'Aludra' 6-max Seat #1 is the button
Seat 1: Mahu2021 ($10.11 in chips) 
Seat 2: lumberjackK8 ($10.70 in chips) 
Seat 3: Talentoso7 ($10 in chips) 
Seat 4: Die8 ($16.05 in chips) 
Seat 5: BlueLway ($23.68 in chips) 
Seat 6: NickTonic ($16.10 in chips) 
lumberjackK8: posts small blind $0.05
Talentoso7: posts big blind $0.10
*** HOLE CARDS ***
Dealt to Mahu2021 [Qs Jd]
Die8: folds 
BlueLway: folds 
NickTonic: raises $0.10 to $0.20
Mahu2021: calls $0.20
lumberjackK8: folds 
Talentoso7: folds 
*** FLOP *** [Js Th Ac]
NickTonic: bets $0.30
Mahu2021: calls $0.30
*** TURN *** [Js Th Ac] [Kd]
NickTonic: bets $1.20
Mahu2021: raises $8.41 to $9.61 and is all-in
NickTonic: folds 
Uncalled bet ($8.41) returned to Mahu2021
Mahu2021 collected $3.39 from pot
Mahu2021: doesn't show hand 
*** SUMMARY ***
Total pot $3.55 | Rake $0.16 
Board [Js Th Ac Kd]
Seat 1: Mahu2021 (button) collected ($3.39)
Seat 2: lumberjackK8 (small blind) folded before Flop
Seat 3: Talentoso7 (big blind) folded before Flop
Seat 4: Die8 folded before Flop (didn't bet)
Seat 5: BlueLway folded before Flop (didn't bet)
Seat 6: NickTonic folded on the Turn



