PokerStars Zoom Hand #254559049237:  Hold'em No Limit ($0.05/$0.10) - 2025/01/26 10:47:43 CET [2025/01/26 4:47:43 ET]
Table 'Aludra' 6-max Seat #1 is the button
Seat 1: szabarna ($10 in chips) 
Seat 2: VitorArj ($10 in chips) 
Seat 3: Mahu2021 ($10 in chips) 
Seat 4: Karelliacastle ($10 in chips) 
Seat 5: DanC996 ($13.43 in chips) 
Seat 6: kmnfst ($19.35 in chips) 
VitorArj: posts small blind $0.05
Mahu2021: posts big blind $0.10
*** HOLE CARDS ***
Dealt to Mahu2021 [Ks 5s]
Karelliacastle: folds 
DanC996: raises $0.15 to $0.25
kmnfst: folds 
szabarna: folds 
VitorArj: folds 
Mahu2021: calls $0.15
*** FLOP *** [4h 7d 5d]
Mahu2021: checks 
DanC996: checks 
*** TURN *** [4h 7d 5d] [8d]
Mahu2021: checks 
DanC996: checks 
*** RIVER *** [4h 7d 5d 8d] [3d]
Mahu2021: checks 
DanC996: checks 
*** SHOW DOWN ***
Mahu2021: shows [Ks 5s] (a pair of Fives)
DanC996: mucks hand 
Mahu2021 collected $0.53 from pot
*** SUMMARY ***
Total pot $0.55 | Rake $0.02 
Board [4h 7d 5d 8d 3d]
Seat 1: szabarna (button) folded before Flop (didn't bet)
Seat 2: VitorArj (small blind) folded before Flop
Seat 3: Mahu2021 (big blind) showed [Ks 5s] and won ($0.53) with a pair of Fives
Seat 4: Karelliacastle folded before Flop (didn't bet)
Seat 5: DanC996 mucked [Ac Qh]
Seat 6: kmnfst folded before Flop (didn't bet)



PokerStars Zoom Hand #254559053090:  Hold'em No Limit ($0.05/$0.10) - 2025/01/26 10:48:20 CET [2025/01/26 4:48:20 ET]
Table 'Aludra' 6-max Seat #1 is the button
Seat 1: Titsamach ($18.41 in chips) 
Seat 2: Mahu2021 ($10.28 in chips) 
Seat 3: pougia777 ($10 in chips) 
Seat 4: AVAV777 ($7.92 in chips) 
Seat 5: DanC996 ($15.28 in chips) 
Seat 6: VitorArj ($10.30 in chips) 
Mahu2021: posts small blind $0.05
pougia777: posts big blind $0.10
*** HOLE CARDS ***
Dealt to Mahu2021 [7d 4h]
AVAV777: raises $0.25 to $0.35
DanC996: folds 
VitorArj: folds 
Titsamach: folds 
Mahu2021: folds 
pougia777: folds 
Uncalled bet ($0.25) returned to AVAV777
AVAV777 collected $0.25 from pot
AVAV777: doesn't show hand 
*** SUMMARY ***
Total pot $0.25 | Rake $0 
Seat 1: Titsamach (button) folded before Flop (didn't bet)
Seat 2: Mahu2021 (small blind) folded before Flop
Seat 3: pougia777 (big blind) folded before Flop
Seat 4: AVAV777 collected ($0.25)
Seat 5: DanC996 folded before Flop (didn't bet)
Seat 6: VitorArj folded before Flop (didn't bet)



PokerStars Zoom Hand #254559053511:  Hold'em No Limit ($0.05/$0.10) - 2025/01/26 10:48:24 CET [2025/01/26 4:48:24 ET]
Table 'Aludra' 6-max Seat #1 is the button
Seat 1: VitorArj ($10.30 in chips) 
Seat 2: ruffhund1 ($10.99 in chips) 
Seat 3: läski mursu ($22.13 in chips) 
Seat 4: DanC996 ($15.28 in chips) 
Seat 5: Cosmic167 ($10 in chips) 
Seat 6: Mahu2021 ($10.23 in chips) 
ruffhund1: posts small blind $0.05
läski mursu: posts big blind $0.10
*** HOLE CARDS ***
Dealt to Mahu2021 [Kd 9c]
DanC996: raises $0.12 to $0.22
Cosmic167: folds 
Mahu2021: folds 
VitorArj: folds 
ruffhund1: folds 
läski mursu: folds 
Uncalled bet ($0.12) returned to DanC996
DanC996 collected $0.25 from pot
DanC996: doesn't show hand 
*** SUMMARY ***
Total pot $0.25 | Rake $0 
Seat 1: VitorArj (button) folded before Flop (didn't bet)
Seat 2: ruffhund1 (small blind) folded before Flop
Seat 3: läski mursu (big blind) folded before Flop
Seat 4: DanC996 collected ($0.25)
Seat 5: Cosmic167 folded before Flop (didn't bet)
Seat 6: Mahu2021 folded before Flop (didn't bet)



PokerStars Zoom Hand #254559053950:  Hold'em No Limit ($0.05/$0.10) - 2025/01/26 10:48:28 CET [2025/01/26 4:48:28 ET]
Table 'Aludra' 6-max Seat #1 is the button
Seat 1: ruffhund1 ($10.94 in chips) 
Seat 2: GSanf ($11.90 in chips) 
Seat 3: AVAV777 ($16.57 in chips) 
Seat 4: YourDonKay ($12.64 in chips) 
Seat 5: Mahu2021 ($10.23 in chips) 
Seat 6: Cosmic167 ($10 in chips) 
GSanf: posts small blind $0.05
AVAV777: posts big blind $0.10
*** HOLE CARDS ***
Dealt to Mahu2021 [6d 6s]
YourDonKay: folds 
Mahu2021: raises $0.13 to $0.23
Cosmic167: folds 
ruffhund1: folds 
GSanf: folds 
AVAV777: raises $0.82 to $1.05
Mahu2021: folds 
Uncalled bet ($0.82) returned to AVAV777
AVAV777 collected $0.51 from pot
AVAV777: doesn't show hand 
*** SUMMARY ***
Total pot $0.51 | Rake $0 
Seat 1: ruffhund1 (button) folded before Flop (didn't bet)
Seat 2: GSanf (small blind) folded before Flop
Seat 3: AVAV777 (big blind) collected ($0.51)
Seat 4: YourDonKay folded before Flop (didn't bet)
Seat 5: Mahu2021 folded before Flop
Seat 6: Cosmic167 folded before Flop (didn't bet)



