PokerStars Zoom Hand #255442969294:  Hold'em No Limit ($0.05/$0.10) - 2025/03/25 8:11:43 CET [2025/03/25 3:11:43 ET]
Table 'Aludra' 6-max Seat #1 is the button
Seat 1: OldSharK1979 ($10.13 in chips) 
Seat 2: Gilmarlise ($5.05 in chips) 
Seat 3: Mahu2021 ($10 in chips) 
Seat 4: HENRYPREMIUM ($2.05 in chips) 
Seat 5: Shakawka ($14.88 in chips) 
Seat 6: NoName_9091 ($12.62 in chips) 
Gilmarlise: posts small blind $0.05
Mahu2021: posts big blind $0.10
*** HOLE CARDS ***
Dealt to Mahu2021 [Kh Js]
HENRYPREMIUM: folds 
Shakawka: folds 
NoName_9091: folds 
OldSharK1979: folds 
Gilmarlise: calls $0.05
Mahu2021: raises $0.50 to $0.60
Gilmarlise: raises $4.45 to $5.05 and is all-in
Mahu2021: folds 
Uncalled bet ($4.45) returned to Gilmarlise
Gilmarlise collected $1.20 from pot
Gilmarlise: doesn't show hand 
*** SUMMARY ***
Total pot $1.20 | Rake $0 
Seat 1: OldSharK1979 (button) folded before Flop (didn't bet)
Seat 2: Gilmarlise (small blind) collected ($1.20)
Seat 3: Mahu2021 (big blind) folded before Flop
Seat 4: HENRYPREMIUM folded before Flop (didn't bet)
Seat 5: Shakawka folded before Flop (didn't bet)
Seat 6: NoName_9091 folded before Flop (didn't bet)



PokerStars Zoom Hand #255442971476:  Hold'em No Limit ($0.05/$0.10) - 2025/03/25 8:12:19 CET [2025/03/25 3:12:19 ET]
Table 'Aludra' 6-max Seat #1 is the button
Seat 1: Mahu2021 ($9.35 in chips) 
Seat 2: ArtStyleH ($11.67 in chips) 
Seat 3: nakajeeee ($19.51 in chips) 
Seat 4: 00O-2Z ($22.31 in chips) 
Seat 5: Claupudiopo ($2.55 in chips) 
Seat 6: zzz7zzz7zzz ($7.80 in chips) 
ArtStyleH: posts small blind $0.05
nakajeeee: posts big blind $0.10
*** HOLE CARDS ***
Dealt to Mahu2021 [8c Jc]
00O-2Z: folds 
Claupudiopo: folds 
zzz7zzz7zzz: folds 
Mahu2021: folds 
ArtStyleH: folds 
Uncalled bet ($0.05) returned to nakajeeee
nakajeeee collected $0.10 from pot
nakajeeee: doesn't show hand 
*** SUMMARY ***
Total pot $0.10 | Rake $0 
Seat 1: Mahu2021 (button) folded before Flop (didn't bet)
Seat 2: ArtStyleH (small blind) folded before Flop
Seat 3: nakajeeee (big blind) collected ($0.10)
Seat 4: 00O-2Z folded before Flop (didn't bet)
Seat 5: Claupudiopo folded before Flop (didn't bet)
Seat 6: zzz7zzz7zzz folded before Flop (didn't bet)



PokerStars Zoom Hand #255442970558:  Hold'em No Limit ($0.05/$0.10) - 2025/03/25 8:12:04 CET [2025/03/25 3:12:04 ET]
Table 'Aludra' 6-max Seat #1 is the button
Seat 1: Clown_Devilick ($13.17 in chips) 
Seat 2: OldSharK1979 ($10.03 in chips) 
Seat 3: zzz7zzz7zzz ($7.95 in chips) 
Seat 4: Mahu2021 ($9.40 in chips) 
Seat 5: A_Rommel ($11.60 in chips) 
Seat 6: HENRYPREMIUM ($22.59 in chips) 
OldSharK1979: posts small blind $0.05
zzz7zzz7zzz: posts big blind $0.10
*** HOLE CARDS ***
Dealt to Mahu2021 [6d Jd]
Mahu2021: folds 
A_Rommel: folds 
HENRYPREMIUM: folds 
Clown_Devilick: raises $0.15 to $0.25
OldSharK1979: calls $0.20
zzz7zzz7zzz: folds 
*** FLOP *** [3h 6h Kc]
OldSharK1979: checks 
Clown_Devilick: bets $0.20
OldSharK1979: calls $0.20
*** TURN *** [3h 6h Kc] [4c]
OldSharK1979: checks 
Clown_Devilick: checks 
*** RIVER *** [3h 6h Kc 4c] [7c]
OldSharK1979: bets $0.48
Clown_Devilick: calls $0.48
*** SHOW DOWN ***
OldSharK1979: shows [8d Ad] (high card Ace)
Clown_Devilick: shows [Ah Qs] (high card Ace - King+Queen kicker)
Clown_Devilick collected $1.87 from pot
*** SUMMARY ***
Total pot $1.96 | Rake $0.09 
Board [3h 6h Kc 4c 7c]
Seat 1: Clown_Devilick (button) showed [Ah Qs] and won ($1.87) with high card Ace
Seat 2: OldSharK1979 (small blind) showed [8d Ad] and lost with high card Ace
Seat 3: zzz7zzz7zzz (big blind) folded before Flop
Seat 4: Mahu2021 folded before Flop (didn't bet)
Seat 5: A_Rommel folded before Flop (didn't bet)
Seat 6: HENRYPREMIUM folded before Flop (didn't bet)



PokerStars Zoom Hand #255442971137:  Hold'em No Limit ($0.05/$0.10) - 2025/03/25 8:12:13 CET [2025/03/25 3:12:13 ET]
Table 'Aludra' 6-max Seat #1 is the button
Seat 1: bigman12321 ($10.23 in chips) 
Seat 2: Mahu2021 ($9.40 in chips) 
Seat 3: Shakawka ($16.48 in chips) 
Seat 4: SirBrown ($13.76 in chips) 
Seat 5: vupallin ($8.02 in chips) 
Seat 6: ipcriss ($5.62 in chips) 
Mahu2021: posts small blind $0.05
Shakawka: posts big blind $0.10
*** HOLE CARDS ***
Dealt to Mahu2021 [Qc 5c]
SirBrown: raises $0.11 to $0.21
vupallin: folds 
ipcriss: raises $5.41 to $5.62 and is all-in
bigman12321: folds 
Mahu2021: folds 
Shakawka: folds 
SirBrown: calls $5.41
*** FLOP *** [Jc 4d 8d]
*** TURN *** [Jc 4d 8d] [4h]
*** RIVER *** [Jc 4d 8d 4h] [5d]
*** SHOW DOWN ***
SirBrown: shows [Jh Jd] (a full house, Jacks full of Fours)
ipcriss: shows [9c Ks] (a pair of Fours)
SirBrown collected $10.88 from pot
*** SUMMARY ***
Total pot $11.39 | Rake $0.51 
Board [Jc 4d 8d 4h 5d]
Seat 1: bigman12321 (button) folded before Flop (didn't bet)
Seat 2: Mahu2021 (small blind) folded before Flop
Seat 3: Shakawka (big blind) folded before Flop
Seat 4: SirBrown showed [Jh Jd] and won ($10.88) with a full house, Jacks full of Fours
Seat 5: vupallin folded before Flop (didn't bet)
Seat 6: ipcriss showed [9c Ks] and lost with a pair of Fours



PokerStars Zoom Hand #255442972219:  Hold'em No Limit ($0.05/$0.10) - 2025/03/25 8:12:31 CET [2025/03/25 3:12:31 ET]
Table 'Aludra' 6-max Seat #1 is the button
Seat 1: A_Rommel ($10 in chips) 
Seat 2: Mahu2021 ($9.35 in chips) 
Seat 3: zogecmarogec ($5 in chips) 
Seat 4: timothyriddle ($11.76 in chips) 
Seat 5: ShoShob20 ($8.56 in chips) 
Seat 6: zzz7zzz7zzz ($7.80 in chips) 
Mahu2021: posts small blind $0.05
zogecmarogec: posts big blind $0.10
*** HOLE CARDS ***
Dealt to Mahu2021 [6d Kc]
timothyriddle: folds 
ShoShob20: folds 
zzz7zzz7zzz: folds 
A_Rommel: folds 
Mahu2021: folds 
Uncalled bet ($0.05) returned to zogecmarogec
zogecmarogec collected $0.10 from pot
zogecmarogec: doesn't show hand 
*** SUMMARY ***
Total pot $0.10 | Rake $0 
Seat 1: A_Rommel (button) folded before Flop (didn't bet)
Seat 2: Mahu2021 (small blind) folded before Flop
Seat 3: zogecmarogec (big blind) collected ($0.10)
Seat 4: timothyriddle folded before Flop (didn't bet)
Seat 5: ShoShob20 folded before Flop (didn't bet)
Seat 6: zzz7zzz7zzz folded before Flop (didn't bet)



PokerStars Zoom Hand #255442971739:  Hold'em No Limit ($0.05/$0.10) - 2025/03/25 8:12:23 CET [2025/03/25 3:12:23 ET]
Table 'Aludra' 6-max Seat #1 is the button
Seat 1: timothyriddle ($11.76 in chips) 
Seat 2: dim_chal89 ($9.90 in chips) 
Seat 3: 00O-2Z ($22.31 in chips) 
Seat 4: vupallin ($8.02 in chips) 
Seat 5: zzz7zzz7zzz ($7.80 in chips) 
Seat 6: Mahu2021 ($9.35 in chips) 
dim_chal89: posts small blind $0.05
00O-2Z: posts big blind $0.10
*** HOLE CARDS ***
Dealt to Mahu2021 [6h 9d]
vupallin: raises $0.10 to $0.20
zzz7zzz7zzz: folds 
Mahu2021: folds 
timothyriddle: folds 
dim_chal89: folds 
00O-2Z: calls $0.10
*** FLOP *** [4c Ac 7d]
00O-2Z: checks 
vupallin: bets $0.32
00O-2Z: folds 
Uncalled bet ($0.32) returned to vupallin
vupallin collected $0.43 from pot
vupallin: doesn't show hand 
*** SUMMARY ***
Total pot $0.45 | Rake $0.02 
Board [4c Ac 7d]
Seat 1: timothyriddle (button) folded before Flop (didn't bet)
Seat 2: dim_chal89 (small blind) folded before Flop
Seat 3: 00O-2Z (big blind) folded on the Flop
Seat 4: vupallin collected ($0.43)
Seat 5: zzz7zzz7zzz folded before Flop (didn't bet)
Seat 6: Mahu2021 folded before Flop (didn't bet)



PokerStars Zoom Hand #255442971966:  Hold'em No Limit ($0.05/$0.10) - 2025/03/25 8:12:27 CET [2025/03/25 3:12:27 ET]
Table 'Aludra' 6-max Seat #1 is the button
Seat 1: Shakawka ($16.38 in chips) 
Seat 2: bigman12321 ($10.23 in chips) 
Seat 3: ArtStyleH ($11.62 in chips) 
Seat 4: SirBrown ($14.54 in chips) 
Seat 5: Mahu2021 ($9.35 in chips) 
Seat 6: ShoShob20 ($8.56 in chips) 
bigman12321: posts small blind $0.05
ArtStyleH: posts big blind $0.10
*** HOLE CARDS ***
Dealt to Mahu2021 [7d Qc]
SirBrown: raises $0.15 to $0.25
Mahu2021: folds 
ShoShob20: folds 
Shakawka: folds 
bigman12321: folds 
ArtStyleH: calls $0.15
*** FLOP *** [8c 9c 7c]
ArtStyleH: checks 
SirBrown: bets $0.13
ArtStyleH: calls $0.13
*** TURN *** [8c 9c 7c] [9d]
ArtStyleH: bets $0.25
SirBrown: calls $0.25
*** RIVER *** [8c 9c 7c 9d] [Jc]
ArtStyleH: checks 
SirBrown: bets $13.91 and is all-in
ArtStyleH: folds 
Uncalled bet ($13.91) returned to SirBrown
SirBrown collected $1.25 from pot
SirBrown: doesn't show hand 
*** SUMMARY ***
Total pot $1.31 | Rake $0.06 
Board [8c 9c 7c 9d Jc]
Seat 1: Shakawka (button) folded before Flop (didn't bet)
Seat 2: bigman12321 (small blind) folded before Flop
Seat 3: ArtStyleH (big blind) folded on the River
Seat 4: SirBrown collected ($1.25)
Seat 5: Mahu2021 folded before Flop (didn't bet)
Seat 6: ShoShob20 folded before Flop (didn't bet)



PokerStars Zoom Hand #255442972450:  Hold'em No Limit ($0.05/$0.10) - 2025/03/25 8:12:35 CET [2025/03/25 3:12:35 ET]
Table 'Aludra' 6-max Seat #1 is the button
Seat 1: Clown_Devilick ($14.06 in chips) 
Seat 2: nakajeeee ($19.56 in chips) 
Seat 3: Mahu2021 ($9.30 in chips) 
Seat 4: HENRYPREMIUM ($4.11 in chips) 
Seat 5: lioni26 ($16.71 in chips) 
Seat 6: A_Rommel ($10 in chips) 
nakajeeee: posts small blind $0.05
Mahu2021: posts big blind $0.10
*** HOLE CARDS ***
Dealt to Mahu2021 [Ts 6h]
HENRYPREMIUM: calls $0.10
lioni26: folds 
A_Rommel: folds 
Clown_Devilick: folds 
nakajeeee: folds 
Mahu2021: checks 
*** FLOP *** [Td Kh Qd]
Mahu2021: checks 
HENRYPREMIUM: checks 
*** TURN *** [Td Kh Qd] [9c]
Mahu2021: checks 
HENRYPREMIUM: checks 
*** RIVER *** [Td Kh Qd 9c] [4s]
Mahu2021: bets $0.20
HENRYPREMIUM: folds 
Uncalled bet ($0.20) returned to Mahu2021
Mahu2021 collected $0.24 from pot
Mahu2021: doesn't show hand 
*** SUMMARY ***
Total pot $0.25 | Rake $0.01 
Board [Td Kh Qd 9c 4s]
Seat 1: Clown_Devilick (button) folded before Flop (didn't bet)
Seat 2: nakajeeee (small blind) folded before Flop
Seat 3: Mahu2021 (big blind) collected ($0.24)
Seat 4: HENRYPREMIUM folded on the River
Seat 5: lioni26 folded before Flop (didn't bet)
Seat 6: A_Rommel folded before Flop (didn't bet)



PokerStars Zoom Hand #255442974477:  Hold'em No Limit ($0.05/$0.10) - 2025/03/25 8:13:09 CET [2025/03/25 3:13:09 ET]
Table 'Aludra' 6-max Seat #1 is the button
Seat 1: Mahu2021 ($9.44 in chips) 
Seat 2: timothyriddle ($11.81 in chips) 
Seat 3: Andrei232Zah ($13.25 in chips) 
Seat 4: Shakawka ($10.18 in chips) 
Seat 5: ArtStyleH ($10.99 in chips) 
Seat 6: Gilmarlise ($4.75 in chips) 
timothyriddle: posts small blind $0.05
Andrei232Zah: posts big blind $0.10
*** HOLE CARDS ***
Dealt to Mahu2021 [Td Ks]
Shakawka: folds 
ArtStyleH: folds 
Gilmarlise: raises $0.10 to $0.20
Mahu2021: calls $0.20
timothyriddle: raises $0.90 to $1.10
Andrei232Zah: folds 
Gilmarlise: folds 
Mahu2021: folds 
Uncalled bet ($0.90) returned to timothyriddle
timothyriddle collected $0.70 from pot
timothyriddle: doesn't show hand 
*** SUMMARY ***
Total pot $0.70 | Rake $0 
Seat 1: Mahu2021 (button) folded before Flop
Seat 2: timothyriddle (small blind) collected ($0.70)
Seat 3: Andrei232Zah (big blind) folded before Flop
Seat 4: Shakawka folded before Flop (didn't bet)
Seat 5: ArtStyleH folded before Flop (didn't bet)
Seat 6: Gilmarlise folded before Flop



PokerStars Zoom Hand #255442975763:  Hold'em No Limit ($0.05/$0.10) - 2025/03/25 8:13:30 CET [2025/03/25 3:13:30 ET]
Table 'Aludra' 6-max Seat #1 is the button
Seat 1: A_Rommel ($10 in chips) 
Seat 2: 1banditpanda ($20.31 in chips) 
Seat 3: Shakawka ($10.18 in chips) 
Seat 4: SirBrown ($18.97 in chips) 
Seat 5: Mahu2021 ($9.24 in chips) 
Seat 6: nakajeeee ($13.23 in chips) 
1banditpanda: posts small blind $0.05
Shakawka: posts big blind $0.10
*** HOLE CARDS ***
Dealt to Mahu2021 [Jc 6d]
SirBrown: folds 
Mahu2021: folds 
nakajeeee: folds 
A_Rommel: raises $0.15 to $0.25
1banditpanda: folds 
Shakawka: folds 
Uncalled bet ($0.15) returned to A_Rommel
A_Rommel collected $0.25 from pot
A_Rommel: doesn't show hand 
*** SUMMARY ***
Total pot $0.25 | Rake $0 
Seat 1: A_Rommel (button) collected ($0.25)
Seat 2: 1banditpanda (small blind) folded before Flop
Seat 3: Shakawka (big blind) folded before Flop
Seat 4: SirBrown folded before Flop (didn't bet)
Seat 5: Mahu2021 folded before Flop (didn't bet)
Seat 6: nakajeeee folded before Flop (didn't bet)



PokerStars Zoom Hand #255442976133:  Hold'em No Limit ($0.05/$0.10) - 2025/03/25 8:13:36 CET [2025/03/25 3:13:36 ET]
Table 'Aludra' 6-max Seat #1 is the button
Seat 1: Andrei232Zah ($13.10 in chips) 
Seat 2: zogecmarogec ($5.09 in chips) 
Seat 3: 1banditpanda ($20.26 in chips) 
Seat 4: Mahu2021 ($9.24 in chips) 
Seat 5: lioni26 ($11.11 in chips) 
Seat 6: timothyriddle ($12.31 in chips) 
zogecmarogec: posts small blind $0.05
1banditpanda: posts big blind $0.10
*** HOLE CARDS ***
Dealt to Mahu2021 [Kd Ks]
Mahu2021: raises $0.14 to $0.24
lioni26: folds 
timothyriddle: folds 
Andrei232Zah: folds 
zogecmarogec: folds 
1banditpanda: calls $0.14
*** FLOP *** [6d 8s Kc]
1banditpanda: checks 
Mahu2021: bets $0.30
1banditpanda: calls $0.30
*** TURN *** [6d 8s Kc] [4c]
1banditpanda: checks 
Mahu2021: checks 
*** RIVER *** [6d 8s Kc 4c] [7c]
1banditpanda: checks 
Mahu2021: bets $1.08
1banditpanda: folds 
Uncalled bet ($1.08) returned to Mahu2021
Mahu2021 collected $1.08 from pot
Mahu2021: doesn't show hand 
*** SUMMARY ***
Total pot $1.13 | Rake $0.05 
Board [6d 8s Kc 4c 7c]
Seat 1: Andrei232Zah (button) folded before Flop (didn't bet)
Seat 2: zogecmarogec (small blind) folded before Flop
Seat 3: 1banditpanda (big blind) folded on the River
Seat 4: Mahu2021 collected ($1.08)
Seat 5: lioni26 folded before Flop (didn't bet)
Seat 6: timothyriddle folded before Flop (didn't bet)



PokerStars Zoom Hand #255442978181:  Hold'em No Limit ($0.05/$0.10) - 2025/03/25 8:14:09 CET [2025/03/25 3:14:09 ET]
Table 'Aludra' 6-max Seat #1 is the button
Seat 1: Mahu2021 ($9.78 in chips) 
Seat 2: lioni26 ($11.01 in chips) 
Seat 3: McFunk78 ($9.31 in chips) 
Seat 4: nakajeeee ($13.18 in chips) 
Seat 5: Shakawka ($10.15 in chips) 
Seat 6: Andrei232Zah ($12.90 in chips) 
lioni26: posts small blind $0.05
McFunk78: posts big blind $0.10
*** HOLE CARDS ***
Dealt to Mahu2021 [7d 7s]
nakajeeee: folds 
Shakawka: raises $0.10 to $0.20
Andrei232Zah: calls $0.20
Mahu2021: calls $0.20
lioni26: folds 
McFunk78: folds 
*** FLOP *** [8h 2c 9s]
Shakawka: bets $0.24
Andrei232Zah: calls $0.24
Mahu2021: folds 
*** TURN *** [8h 2c 9s] [Ah]
Shakawka: bets $0.90
Andrei232Zah: folds 
Uncalled bet ($0.90) returned to Shakawka
Shakawka collected $1.17 from pot
Shakawka: doesn't show hand 
*** SUMMARY ***
Total pot $1.23 | Rake $0.06 
Board [8h 2c 9s Ah]
Seat 1: Mahu2021 (button) folded on the Flop
Seat 2: lioni26 (small blind) folded before Flop
Seat 3: McFunk78 (big blind) folded before Flop
Seat 4: nakajeeee folded before Flop (didn't bet)
Seat 5: Shakawka collected ($1.17)
Seat 6: Andrei232Zah folded on the Turn



PokerStars Zoom Hand #255442980689:  Hold'em No Limit ($0.05/$0.10) - 2025/03/25 8:14:49 CET [2025/03/25 3:14:49 ET]
Table 'Aludra' 6-max Seat #1 is the button
Seat 1: dim_chal89 ($11.38 in chips) 
Seat 2: HENRYPREMIUM ($3.66 in chips) 
Seat 3: Mahu2021 ($9.53 in chips) 
Seat 4: OldSharK1979 ($8.80 in chips) 
Seat 5: ShoShob20 ($7.81 in chips) 
Seat 6: ArtStyleH ($10 in chips) 
HENRYPREMIUM: posts small blind $0.05
Mahu2021: posts big blind $0.10
*** HOLE CARDS ***
Dealt to Mahu2021 [7h 3d]
OldSharK1979: folds 
ShoShob20: folds 
ArtStyleH: folds 
dim_chal89: folds 
HENRYPREMIUM: folds 
Uncalled bet ($0.05) returned to Mahu2021
Mahu2021 collected $0.10 from pot
Mahu2021: doesn't show hand 
*** SUMMARY ***
Total pot $0.10 | Rake $0 
Seat 1: dim_chal89 (button) folded before Flop (didn't bet)
Seat 2: HENRYPREMIUM (small blind) folded before Flop
Seat 3: Mahu2021 (big blind) collected ($0.10)
Seat 4: OldSharK1979 folded before Flop (didn't bet)
Seat 5: ShoShob20 folded before Flop (didn't bet)
Seat 6: ArtStyleH folded before Flop (didn't bet)



PokerStars Zoom Hand #255442981379:  Hold'em No Limit ($0.05/$0.10) - 2025/03/25 8:15:00 CET [2025/03/25 3:15:00 ET]
Table 'Aludra' 6-max Seat #1 is the button
Seat 1: ArtStyleH ($10 in chips) 
Seat 2: McFunk78 ($9.30 in chips) 
Seat 3: ShoShob20 ($7.32 in chips) 
Seat 4: Shakawka ($10.88 in chips) 
Seat 5: 00O-2Z ($21.76 in chips) 
Seat 6: Mahu2021 ($9.58 in chips) 
McFunk78: posts small blind $0.05
ShoShob20: posts big blind $0.10
*** HOLE CARDS ***
Dealt to Mahu2021 [Qc Kh]
Shakawka: folds 
00O-2Z: folds 
Mahu2021: raises $0.14 to $0.24
ArtStyleH: folds 
McFunk78: folds 
ShoShob20: folds 
Uncalled bet ($0.14) returned to Mahu2021
Mahu2021 collected $0.25 from pot
Mahu2021: doesn't show hand 
*** SUMMARY ***
Total pot $0.25 | Rake $0 
Seat 1: ArtStyleH (button) folded before Flop (didn't bet)
Seat 2: McFunk78 (small blind) folded before Flop
Seat 3: ShoShob20 (big blind) folded before Flop
Seat 4: Shakawka folded before Flop (didn't bet)
Seat 5: 00O-2Z folded before Flop (didn't bet)
Seat 6: Mahu2021 collected ($0.25)



PokerStars Zoom Hand #255442980273:  Hold'em No Limit ($0.05/$0.10) - 2025/03/25 8:14:42 CET [2025/03/25 3:14:42 ET]
Table 'Aludra' 6-max Seat #1 is the button
Seat 1: zogecmarogec ($4.89 in chips) 
Seat 2: nakajeeee ($19.56 in chips) 
Seat 3: potusthedog ($15.15 in chips) 
Seat 4: dim_chal89 ($11.38 in chips) 
Seat 5: zzz7zzz7zzz ($12.68 in chips) 
Seat 6: Mahu2021 ($9.53 in chips) 
nakajeeee: posts small blind $0.05
potusthedog: posts big blind $0.10
*** HOLE CARDS ***
Dealt to Mahu2021 [Qh 7h]
dim_chal89: folds 
zzz7zzz7zzz: folds 
Mahu2021: folds 
zogecmarogec: folds 
nakajeeee: raises $0.20 to $0.30
potusthedog: calls $0.20
*** FLOP *** [Kd Jh Ts]
nakajeeee: bets $0.19
potusthedog: calls $0.19
*** TURN *** [Kd Jh Ts] [4c]
nakajeeee: checks 
potusthedog: bets $0.48
nakajeeee: calls $0.48
*** RIVER *** [Kd Jh Ts 4c] [Ac]
nakajeeee: checks 
potusthedog: checks 
*** SHOW DOWN ***
nakajeeee: shows [Qs Qd] (a straight, Ten to Ace)
potusthedog: mucks hand 
nakajeeee collected $1.85 from pot
*** SUMMARY ***
Total pot $1.94 | Rake $0.09 
Board [Kd Jh Ts 4c Ac]
Seat 1: zogecmarogec (button) folded before Flop (didn't bet)
Seat 2: nakajeeee (small blind) showed [Qs Qd] and won ($1.85) with a straight, Ten to Ace
Seat 3: potusthedog (big blind) mucked [4h Th]
Seat 4: dim_chal89 folded before Flop (didn't bet)
Seat 5: zzz7zzz7zzz folded before Flop (didn't bet)
Seat 6: Mahu2021 folded before Flop (didn't bet)



PokerStars Zoom Hand #255442979945:  Hold'em No Limit ($0.05/$0.10) - 2025/03/25 8:14:37 CET [2025/03/25 3:14:37 ET]
Table 'Aludra' 6-max Seat #1 is the button
Seat 1: nDoelAidFme ($10.43 in chips) 
Seat 2: Mahu2021 ($9.58 in chips) 
Seat 3: Augis29 ($2.62 in chips) 
Seat 4: zogecmarogec ($4.89 in chips) 
Seat 5: SirBrown ($15.91 in chips) 
Seat 6: vupallin ($8.10 in chips) 
Mahu2021: posts small blind $0.05
Augis29: posts big blind $0.10
*** HOLE CARDS ***
Dealt to Mahu2021 [8d 4d]
zogecmarogec: folds 
SirBrown: raises $0.12 to $0.22
vupallin: calls $0.22
nDoelAidFme: folds 
Mahu2021: folds 
Augis29: folds 
*** FLOP *** [Ac 7h Qd]
SirBrown: checks 
vupallin: checks 
*** TURN *** [Ac 7h Qd] [Th]
SirBrown: checks 
vupallin: bets $0.28
SirBrown: folds 
Uncalled bet ($0.28) returned to vupallin
vupallin collected $0.56 from pot
vupallin: doesn't show hand 
*** SUMMARY ***
Total pot $0.59 | Rake $0.03 
Board [Ac 7h Qd Th]
Seat 1: nDoelAidFme (button) folded before Flop (didn't bet)
Seat 2: Mahu2021 (small blind) folded before Flop
Seat 3: Augis29 (big blind) folded before Flop
Seat 4: zogecmarogec folded before Flop (didn't bet)
Seat 5: SirBrown folded on the Turn
Seat 6: vupallin collected ($0.56)



PokerStars Zoom Hand #255442982929:  Hold'em No Limit ($0.05/$0.10) - 2025/03/25 8:15:24 CET [2025/03/25 3:15:24 ET]
Table 'Aludra' 6-max Seat #1 is the button
Seat 1: zzz7zzz7zzz ($12.68 in chips) 
Seat 2: Mahu2021 ($9.73 in chips) 
Seat 3: Shakawka ($17.25 in chips) 
Seat 4: nDoelAidFme ($11.56 in chips) 
Seat 5: nakajeeee ($20.44 in chips) 
Seat 6: OldSharK1979 ($8.80 in chips) 
Mahu2021: posts small blind $0.05
Shakawka: posts big blind $0.10
*** HOLE CARDS ***
Dealt to Mahu2021 [4c 7h]
nDoelAidFme: folds 
nakajeeee: folds 
OldSharK1979: folds 
zzz7zzz7zzz: folds 
Mahu2021: folds 
Uncalled bet ($0.05) returned to Shakawka
Shakawka collected $0.10 from pot
Shakawka: doesn't show hand 
*** SUMMARY ***
Total pot $0.10 | Rake $0 
Seat 1: zzz7zzz7zzz (button) folded before Flop (didn't bet)
Seat 2: Mahu2021 (small blind) folded before Flop
Seat 3: Shakawka (big blind) collected ($0.10)
Seat 4: nDoelAidFme folded before Flop (didn't bet)
Seat 5: nakajeeee folded before Flop (didn't bet)
Seat 6: OldSharK1979 folded before Flop (didn't bet)



PokerStars Zoom Hand #255442982291:  Hold'em No Limit ($0.05/$0.10) - 2025/03/25 8:15:14 CET [2025/03/25 3:15:14 ET]
Table 'Aludra' 6-max Seat #1 is the button
Seat 1: camerondz ($10.33 in chips) 
Seat 2: NoName_9091 ($5.04 in chips) 
Seat 3: dim_chal89 ($11.38 in chips) 
Seat 4: ShoShob20 ($7.86 in chips) 
Seat 5: Mahu2021 ($9.73 in chips) 
Seat 6: Claupudiopo ($1.48 in chips) 
NoName_9091: posts small blind $0.05
dim_chal89: posts big blind $0.10
*** HOLE CARDS ***
Dealt to Mahu2021 [2c 4c]
ShoShob20: folds 
Mahu2021: folds 
Claupudiopo: raises $0.20 to $0.30
camerondz: folds 
NoName_9091: calls $0.25
dim_chal89: folds 
*** FLOP *** [Jd Ac 3s]
NoName_9091: checks 
Claupudiopo: bets $0.20
NoName_9091: folds 
Uncalled bet ($0.20) returned to Claupudiopo
Claupudiopo collected $0.67 from pot
Claupudiopo: doesn't show hand 
*** SUMMARY ***
Total pot $0.70 | Rake $0.03 
Board [Jd Ac 3s]
Seat 1: camerondz (button) folded before Flop (didn't bet)
Seat 2: NoName_9091 (small blind) folded on the Flop
Seat 3: dim_chal89 (big blind) folded before Flop
Seat 4: ShoShob20 folded before Flop (didn't bet)
Seat 5: Mahu2021 folded before Flop (didn't bet)
Seat 6: Claupudiopo collected ($0.67)



PokerStars Zoom Hand #255442982590:  Hold'em No Limit ($0.05/$0.10) - 2025/03/25 8:15:19 CET [2025/03/25 3:15:19 ET]
Table 'Aludra' 6-max Seat #1 is the button
Seat 1: Shakawka ($13.77 in chips) 
Seat 2: camerondz ($10.33 in chips) 
Seat 3: SirBrown ($15.69 in chips) 
Seat 4: lioni26 ($18.46 in chips) 
Seat 5: Mahu2021 ($9.73 in chips) 
Seat 6: zzz7zzz7zzz ($12.68 in chips) 
camerondz: posts small blind $0.05
SirBrown: posts big blind $0.10
*** HOLE CARDS ***
Dealt to Mahu2021 [4c 5h]
lioni26: folds 
Mahu2021: folds 
zzz7zzz7zzz: folds 
Shakawka: raises $0.15 to $0.25
camerondz: folds 
SirBrown: folds 
Uncalled bet ($0.15) returned to Shakawka
Shakawka collected $0.25 from pot
Shakawka: doesn't show hand 
*** SUMMARY ***
Total pot $0.25 | Rake $0 
Seat 1: Shakawka (button) collected ($0.25)
Seat 2: camerondz (small blind) folded before Flop
Seat 3: SirBrown (big blind) folded before Flop
Seat 4: lioni26 folded before Flop (didn't bet)
Seat 5: Mahu2021 folded before Flop (didn't bet)
Seat 6: zzz7zzz7zzz folded before Flop (didn't bet)



PokerStars Zoom Hand #255442983173:  Hold'em No Limit ($0.05/$0.10) - 2025/03/25 8:15:28 CET [2025/03/25 3:15:28 ET]
Table 'Aludra' 6-max Seat #1 is the button
Seat 1: 00O-2Z ($21.71 in chips) 
Seat 2: SirBrown ($15.59 in chips) 
Seat 3: Mahu2021 ($9.68 in chips) 
Seat 4: zzz7zzz7zzz ($12.68 in chips) 
Seat 5: nDoelAidFme ($11.56 in chips) 
Seat 6: Gilmarlise ($3.25 in chips) 
SirBrown: posts small blind $0.05
Mahu2021: posts big blind $0.10
*** HOLE CARDS ***
Dealt to Mahu2021 [6h 2c]
zzz7zzz7zzz: folds 
nDoelAidFme: folds 
Gilmarlise: folds 
00O-2Z: raises $0.12 to $0.22
SirBrown: raises $0.98 to $1.20
Mahu2021: folds 
00O-2Z: folds 
Uncalled bet ($0.98) returned to SirBrown
SirBrown collected $0.54 from pot
SirBrown: doesn't show hand 
*** SUMMARY ***
Total pot $0.54 | Rake $0 
Seat 1: 00O-2Z (button) folded before Flop
Seat 2: SirBrown (small blind) collected ($0.54)
Seat 3: Mahu2021 (big blind) folded before Flop
Seat 4: zzz7zzz7zzz folded before Flop (didn't bet)
Seat 5: nDoelAidFme folded before Flop (didn't bet)
Seat 6: Gilmarlise folded before Flop (didn't bet)



PokerStars Zoom Hand #255442984137:  Hold'em No Limit ($0.05/$0.10) - 2025/03/25 8:15:43 CET [2025/03/25 3:15:43 ET]
Table 'Aludra' 6-max Seat #1 is the button
Seat 1: Mahu2021 ($9.58 in chips) 
Seat 2: McFunk78 ($9.15 in chips) 
Seat 3: zzz7zzz7zzz ($12.63 in chips) 
Seat 4: dim_chal89 ($11.23 in chips) 
Seat 5: HENRYPREMIUM ($3.88 in chips) 
Seat 6: Designerbaby ($4 in chips) 
McFunk78: posts small blind $0.05
zzz7zzz7zzz: posts big blind $0.10
*** HOLE CARDS ***
Dealt to Mahu2021 [3c 2s]
dim_chal89: folds 
HENRYPREMIUM: folds 
Designerbaby: raises $0.25 to $0.35
Mahu2021: folds 
McFunk78: folds 
zzz7zzz7zzz: folds 
Uncalled bet ($0.25) returned to Designerbaby
Designerbaby collected $0.25 from pot
Designerbaby: doesn't show hand 
*** SUMMARY ***
Total pot $0.25 | Rake $0 
Seat 1: Mahu2021 (button) folded before Flop (didn't bet)
Seat 2: McFunk78 (small blind) folded before Flop
Seat 3: zzz7zzz7zzz (big blind) folded before Flop
Seat 4: dim_chal89 folded before Flop (didn't bet)
Seat 5: HENRYPREMIUM folded before Flop (didn't bet)
Seat 6: Designerbaby collected ($0.25)



PokerStars Zoom Hand #255442984350:  Hold'em No Limit ($0.05/$0.10) - 2025/03/25 8:15:47 CET [2025/03/25 3:15:47 ET]
Table 'Aludra' 6-max Seat #1 is the button
Seat 1: SirBrown ($15.91 in chips) 
Seat 2: A_Rommel ($10 in chips) 
Seat 3: McFunk78 ($9.10 in chips) 
Seat 4: nakajeeee ($20.44 in chips) 
Seat 5: Gilmarlise ($3.20 in chips) 
Seat 6: Mahu2021 ($9.58 in chips) 
A_Rommel: posts small blind $0.05
McFunk78: posts big blind $0.10
*** HOLE CARDS ***
Dealt to Mahu2021 [9h Jd]
nakajeeee: folds 
Gilmarlise: raises $3.10 to $3.20 and is all-in
Mahu2021: folds 
SirBrown: folds 
A_Rommel: folds 
McFunk78: folds 
Uncalled bet ($3.10) returned to Gilmarlise
Gilmarlise collected $0.25 from pot
Gilmarlise: doesn't show hand 
*** SUMMARY ***
Total pot $0.25 | Rake $0 
Seat 1: SirBrown (button) folded before Flop (didn't bet)
Seat 2: A_Rommel (small blind) folded before Flop
Seat 3: McFunk78 (big blind) folded before Flop
Seat 4: nakajeeee folded before Flop (didn't bet)
Seat 5: Gilmarlise collected ($0.25)
Seat 6: Mahu2021 folded before Flop (didn't bet)



PokerStars Zoom Hand #255442983896:  Hold'em No Limit ($0.05/$0.10) - 2025/03/25 8:15:40 CET [2025/03/25 3:15:40 ET]
Table 'Aludra' 6-max Seat #1 is the button
Seat 1: timothyriddle ($14.26 in chips) 
Seat 2: Shakawka ($13.92 in chips) 
Seat 3: nDoelAidFme ($10.22 in chips) 
Seat 4: Mahu2021 ($9.58 in chips) 
Seat 5: nakajeeee ($20.44 in chips) 
Seat 6: KyleS58 ($7.79 in chips) 
Shakawka: posts small blind $0.05
nDoelAidFme: posts big blind $0.10
*** HOLE CARDS ***
Dealt to Mahu2021 [3h 8s]
Mahu2021: folds 
nakajeeee: folds 
KyleS58: folds 
timothyriddle: raises $0.16 to $0.26
Shakawka: folds 
nDoelAidFme: folds 
Uncalled bet ($0.16) returned to timothyriddle
timothyriddle collected $0.25 from pot
timothyriddle: doesn't show hand 
*** SUMMARY ***
Total pot $0.25 | Rake $0 
Seat 1: timothyriddle (button) collected ($0.25)
Seat 2: Shakawka (small blind) folded before Flop
Seat 3: nDoelAidFme (big blind) folded before Flop
Seat 4: Mahu2021 folded before Flop (didn't bet)
Seat 5: nakajeeee folded before Flop (didn't bet)
Seat 6: KyleS58 folded before Flop (didn't bet)



PokerStars Zoom Hand #255442988175:  Hold'em No Limit ($0.05/$0.10) - 2025/03/25 8:16:47 CET [2025/03/25 3:16:47 ET]
Table 'Aludra' 6-max Seat #1 is the button
Seat 1: Mahu2021 ($9.35 in chips) 
Seat 2: bigman12321 ($12.12 in chips) 
Seat 3: RealRastar ($6.50 in chips) 
Seat 4: SirBrown ($16.86 in chips) 
Seat 5: Shakawka ($13.92 in chips) 
Seat 6: Designerbaby ($4 in chips) 
bigman12321: posts small blind $0.05
RealRastar: posts big blind $0.10
*** HOLE CARDS ***
Dealt to Mahu2021 [9d 4h]
SirBrown: folds 
Shakawka: folds 
Designerbaby: folds 
Mahu2021: folds 
bigman12321: raises $0.20 to $0.30
RealRastar: calls $0.20
*** FLOP *** [4c 3c Kh]
bigman12321: checks 
RealRastar: checks 
*** TURN *** [4c 3c Kh] [3h]
bigman12321: bets $0.30
RealRastar: raises $0.60 to $0.90
bigman12321: folds 
Uncalled bet ($0.60) returned to RealRastar
RealRastar collected $1.15 from pot
RealRastar: doesn't show hand 
*** SUMMARY ***
Total pot $1.20 | Rake $0.05 
Board [4c 3c Kh 3h]
Seat 1: Mahu2021 (button) folded before Flop (didn't bet)
Seat 2: bigman12321 (small blind) folded on the Turn
Seat 3: RealRastar (big blind) collected ($1.15)
Seat 4: SirBrown folded before Flop (didn't bet)
Seat 5: Shakawka folded before Flop (didn't bet)
Seat 6: Designerbaby folded before Flop (didn't bet)



PokerStars Zoom Hand #255442988578:  Hold'em No Limit ($0.05/$0.10) - 2025/03/25 8:16:54 CET [2025/03/25 3:16:54 ET]
Table 'Aludra' 6-max Seat #1 is the button
Seat 1: ShoShob20 ($7.29 in chips) 
Seat 2: camerondz ($11.39 in chips) 
Seat 3: Mahu2021 ($9.35 in chips) 
Seat 4: SirBrown ($14.76 in chips) 
Seat 5: A_Rommel ($10 in chips) 
Seat 6: Shakawka ($13.92 in chips) 
camerondz: posts small blind $0.05
Mahu2021: posts big blind $0.10
*** HOLE CARDS ***
Dealt to Mahu2021 [Qs Js]
SirBrown: folds 
A_Rommel: folds 
Shakawka: folds 
ShoShob20: raises $0.15 to $0.25
camerondz: folds 
Mahu2021: calls $0.15
*** FLOP *** [7s 6c As]
Mahu2021: checks 
ShoShob20: bets $0.36
Mahu2021: calls $0.36
*** TURN *** [7s 6c As] [Tc]
Mahu2021: checks 
ShoShob20: bets $0.82
Mahu2021: calls $0.82
*** RIVER *** [7s 6c As Tc] [5h]
Mahu2021: checks 
ShoShob20: checks 
*** SHOW DOWN ***
Mahu2021: shows [Qs Js] (high card Ace)
ShoShob20: shows [8s 6s] (a pair of Sixes)
ShoShob20 collected $2.78 from pot
*** SUMMARY ***
Total pot $2.91 | Rake $0.13 
Board [7s 6c As Tc 5h]
Seat 1: ShoShob20 (button) showed [8s 6s] and won ($2.78) with a pair of Sixes
Seat 2: camerondz (small blind) folded before Flop
Seat 3: Mahu2021 (big blind) showed [Qs Js] and lost with high card Ace
Seat 4: SirBrown folded before Flop (didn't bet)
Seat 5: A_Rommel folded before Flop (didn't bet)
Seat 6: Shakawka folded before Flop (didn't bet)



PokerStars Zoom Hand #255442984613:  Hold'em No Limit ($0.05/$0.10) - 2025/03/25 8:15:51 CET [2025/03/25 3:15:51 ET]
Table 'Aludra' 6-max Seat #1 is the button
Seat 1: KyleS58 ($7.79 in chips) 
Seat 2: Mahu2021 ($9.58 in chips) 
Seat 3: nDoelAidFme ($11.56 in chips) 
Seat 4: 00O-2Z ($21.49 in chips) 
Seat 5: potusthedog ($14.18 in chips) 
Seat 6: dim_chal89 ($11.23 in chips) 
Mahu2021: posts small blind $0.05
nDoelAidFme: posts big blind $0.10
*** HOLE CARDS ***
Dealt to Mahu2021 [Td Th]
00O-2Z: folds 
potusthedog: folds 
dim_chal89: raises $0.13 to $0.23
KyleS58: calls $0.23
Mahu2021: calls $0.18
nDoelAidFme: calls $0.13
*** FLOP *** [Qh 8d As]
Mahu2021: checks 
nDoelAidFme: checks 
dim_chal89: bets $0.44
KyleS58: calls $0.44
Mahu2021: folds 
nDoelAidFme: folds 
*** TURN *** [Qh 8d As] [5s]
dim_chal89: bets $1.16
KyleS58: calls $1.16
*** RIVER *** [Qh 8d As 5s] [Jd]
dim_chal89: checks 
KyleS58: bets $3.93
dim_chal89: folds 
Uncalled bet ($3.93) returned to KyleS58
KyleS58 collected $3.93 from pot
KyleS58: doesn't show hand 
*** SUMMARY ***
Total pot $4.12 | Rake $0.19 
Board [Qh 8d As 5s Jd]
Seat 1: KyleS58 (button) collected ($3.93)
Seat 2: Mahu2021 (small blind) folded on the Flop
Seat 3: nDoelAidFme (big blind) folded on the Flop
Seat 4: 00O-2Z folded before Flop (didn't bet)
Seat 5: potusthedog folded before Flop (didn't bet)
Seat 6: dim_chal89 folded on the River



PokerStars Zoom Hand #255442991309:  Hold'em No Limit ($0.05/$0.10) - 2025/03/25 8:17:38 CET [2025/03/25 3:17:38 ET]
Table 'Aludra' 6-max Seat #1 is the button
Seat 1: nDoelAidFme ($10.55 in chips) 
Seat 2: ShoShob20 ($8.64 in chips) 
Seat 3: 1banditpanda ($20.44 in chips) 
Seat 4: nakajeeee ($17.34 in chips) 
Seat 5: Shakawka ($10 in chips) 
Seat 6: Mahu2021 ($7.92 in chips) 
ShoShob20: posts small blind $0.05
1banditpanda: posts big blind $0.10
*** HOLE CARDS ***
Dealt to Mahu2021 [Ah 7h]
nakajeeee: folds 
Shakawka: folds 
Mahu2021: raises $0.12 to $0.22
nDoelAidFme: folds 
ShoShob20: folds 
1banditpanda: raises $0.68 to $0.90
Mahu2021: folds 
Uncalled bet ($0.68) returned to 1banditpanda
1banditpanda collected $0.49 from pot
1banditpanda: doesn't show hand 
*** SUMMARY ***
Total pot $0.49 | Rake $0 
Seat 1: nDoelAidFme (button) folded before Flop (didn't bet)
Seat 2: ShoShob20 (small blind) folded before Flop
Seat 3: 1banditpanda (big blind) collected ($0.49)
Seat 4: nakajeeee folded before Flop (didn't bet)
Seat 5: Shakawka folded before Flop (didn't bet)
Seat 6: Mahu2021 folded before Flop



PokerStars Zoom Hand #255442992480:  Hold'em No Limit ($0.05/$0.10) - 2025/03/25 8:17:57 CET [2025/03/25 3:17:57 ET]
Table 'Aludra' 6-max Seat #1 is the button
Seat 1: 1banditpanda ($20.71 in chips) 
Seat 2: HENRYPREMIUM ($4.34 in chips) 
Seat 3: OldSharK1979 ($9.53 in chips) 
Seat 4: Gilmarlise ($3.79 in chips) 
Seat 5: Mahu2021 ($7.70 in chips) 
Seat 6: lioni26 ($16.19 in chips) 
HENRYPREMIUM: posts small blind $0.05
OldSharK1979: posts big blind $0.10
*** HOLE CARDS ***
Dealt to Mahu2021 [3c 7h]
Gilmarlise: folds 
Mahu2021: folds 
lioni26: folds 
1banditpanda: folds 
HENRYPREMIUM: folds 
Uncalled bet ($0.05) returned to OldSharK1979
OldSharK1979 collected $0.10 from pot
OldSharK1979: doesn't show hand 
*** SUMMARY ***
Total pot $0.10 | Rake $0 
Seat 1: 1banditpanda (button) folded before Flop (didn't bet)
Seat 2: HENRYPREMIUM (small blind) folded before Flop
Seat 3: OldSharK1979 (big blind) collected ($0.10)
Seat 4: Gilmarlise folded before Flop (didn't bet)
Seat 5: Mahu2021 folded before Flop (didn't bet)
Seat 6: lioni26 folded before Flop (didn't bet)



PokerStars Zoom Hand #255442993143:  Hold'em No Limit ($0.05/$0.10) - 2025/03/25 8:18:07 CET [2025/03/25 3:18:07 ET]
Table 'Aludra' 6-max Seat #1 is the button
Seat 1: Mahu2021 ($7.70 in chips) 
Seat 2: Designerbaby ($3.70 in chips) 
Seat 3: Clown_Devilick ($16.61 in chips) 
Seat 4: Shakawka ($10 in chips) 
Seat 5: Stanis.bot ($9.80 in chips) 
Seat 6: 1banditpanda ($20.71 in chips) 
Designerbaby: posts small blind $0.05
Clown_Devilick: posts big blind $0.10
*** HOLE CARDS ***
Dealt to Mahu2021 [Qc Kh]
Shakawka: raises $0.10 to $0.20
Stanis.bot: folds 
1banditpanda: folds 
Mahu2021: calls $0.20
Designerbaby: folds 
Clown_Devilick: calls $0.10
*** FLOP *** [4h Ac 3c]
Clown_Devilick: checks 
Shakawka: bets $0.21
Mahu2021: folds 
Clown_Devilick: folds 
Uncalled bet ($0.21) returned to Shakawka
Shakawka collected $0.62 from pot
Shakawka: doesn't show hand 
*** SUMMARY ***
Total pot $0.65 | Rake $0.03 
Board [4h Ac 3c]
Seat 1: Mahu2021 (button) folded on the Flop
Seat 2: Designerbaby (small blind) folded before Flop
Seat 3: Clown_Devilick (big blind) folded on the Flop
Seat 4: Shakawka collected ($0.62)
Seat 5: Stanis.bot folded before Flop (didn't bet)
Seat 6: 1banditpanda folded before Flop (didn't bet)



PokerStars Zoom Hand #255442992707:  Hold'em No Limit ($0.05/$0.10) - 2025/03/25 8:18:00 CET [2025/03/25 3:18:00 ET]
Table 'Aludra' 6-max Seat #1 is the button
Seat 1: Stanis.bot ($9.80 in chips) 
Seat 2: Augis29 ($3.91 in chips) 
Seat 3: ShoShob20 ($8.74 in chips) 
Seat 4: Mahu2021 ($7.70 in chips) 
Seat 5: SirBrown ($16.50 in chips) 
Seat 6: dim_chal89 ($9.30 in chips) 
Augis29: posts small blind $0.05
ShoShob20: posts big blind $0.10
*** HOLE CARDS ***
Dealt to Mahu2021 [Ac 5c]
Mahu2021: folds 
SirBrown: folds 
dim_chal89: raises $0.13 to $0.23
Stanis.bot: folds 
Augis29: folds 
ShoShob20: folds 
Uncalled bet ($0.13) returned to dim_chal89
dim_chal89 collected $0.25 from pot
dim_chal89: doesn't show hand 
*** SUMMARY ***
Total pot $0.25 | Rake $0 
Seat 1: Stanis.bot (button) folded before Flop (didn't bet)
Seat 2: Augis29 (small blind) folded before Flop
Seat 3: ShoShob20 (big blind) folded before Flop
Seat 4: Mahu2021 folded before Flop (didn't bet)
Seat 5: SirBrown folded before Flop (didn't bet)
Seat 6: dim_chal89 collected ($0.25)



PokerStars Zoom Hand #255442995060:  Hold'em No Limit ($0.05/$0.10) - 2025/03/25 8:18:39 CET [2025/03/25 3:18:39 ET]
Table 'Aludra' 6-max Seat #1 is the button
Seat 1: bigman12321 ($11.37 in chips) 
Seat 2: timothyriddle ($14.03 in chips) 
Seat 3: Mahu2021 ($7.45 in chips) 
Seat 4: Shakawka ($17.99 in chips) 
Seat 5: Clown_Devilick ($16.36 in chips) 
Seat 6: NoName_9091 ($5.56 in chips) 
timothyriddle: posts small blind $0.05
Mahu2021: posts big blind $0.10
*** HOLE CARDS ***
Dealt to Mahu2021 [Ac Jd]
Shakawka: folds 
Clown_Devilick: folds 
NoName_9091: folds 
bigman12321: raises $0.20 to $0.30
timothyriddle: raises $1 to $1.30
Mahu2021: folds 
bigman12321: folds 
Uncalled bet ($1) returned to timothyriddle
timothyriddle collected $0.70 from pot
timothyriddle: doesn't show hand 
*** SUMMARY ***
Total pot $0.70 | Rake $0 
Seat 1: bigman12321 (button) folded before Flop
Seat 2: timothyriddle (small blind) collected ($0.70)
Seat 3: Mahu2021 (big blind) folded before Flop
Seat 4: Shakawka folded before Flop (didn't bet)
Seat 5: Clown_Devilick folded before Flop (didn't bet)
Seat 6: NoName_9091 folded before Flop (didn't bet)



PokerStars Zoom Hand #255442995727:  Hold'em No Limit ($0.05/$0.10) - 2025/03/25 8:18:49 CET [2025/03/25 3:18:49 ET]
Table 'Aludra' 6-max Seat #1 is the button
Seat 1: Shakawka ($13.87 in chips) 
Seat 2: ShoShob20 ($8.64 in chips) 
Seat 3: zogecmarogec ($10.46 in chips) 
Seat 4: Mahu2021 ($7.35 in chips) 
Seat 5: zzz7zzz7zzz ($13.51 in chips) 
Seat 6: SirBrown ($10 in chips) 
ShoShob20: posts small blind $0.05
zogecmarogec: posts big blind $0.10
*** HOLE CARDS ***
Dealt to Mahu2021 [7d Qh]
Mahu2021: folds 
zzz7zzz7zzz: folds 
SirBrown: folds 
Shakawka: folds 
ShoShob20: folds 
Uncalled bet ($0.05) returned to zogecmarogec
zogecmarogec collected $0.10 from pot
zogecmarogec: doesn't show hand 
*** SUMMARY ***
Total pot $0.10 | Rake $0 
Seat 1: Shakawka (button) folded before Flop (didn't bet)
Seat 2: ShoShob20 (small blind) folded before Flop
Seat 3: zogecmarogec (big blind) collected ($0.10)
Seat 4: Mahu2021 folded before Flop (didn't bet)
Seat 5: zzz7zzz7zzz folded before Flop (didn't bet)
Seat 6: SirBrown folded before Flop (didn't bet)



PokerStars Zoom Hand #255442994277:  Hold'em No Limit ($0.05/$0.10) - 2025/03/25 8:18:26 CET [2025/03/25 3:18:26 ET]
Table 'Aludra' 6-max Seat #1 is the button
Seat 1: A_Rommel ($10.05 in chips) 
Seat 2: Shakawka ($18.04 in chips) 
Seat 3: SirBrown ($16.45 in chips) 
Seat 4: nDoelAidFme ($11.15 in chips) 
Seat 5: potusthedog ($20.51 in chips) 
Seat 6: Mahu2021 ($7.50 in chips) 
Shakawka: posts small blind $0.05
SirBrown: posts big blind $0.10
*** HOLE CARDS ***
Dealt to Mahu2021 [Qs Tc]
nDoelAidFme: folds 
potusthedog: folds 
Mahu2021: folds 
A_Rommel: raises $0.15 to $0.25
Shakawka: folds 
SirBrown: raises $0.95 to $1.20
A_Rommel: calls $0.95
*** FLOP *** [Jh 4h 3c]
SirBrown: checks 
A_Rommel: bets $0.70
SirBrown: folds 
Uncalled bet ($0.70) returned to A_Rommel
A_Rommel collected $2.34 from pot
A_Rommel: doesn't show hand 
*** SUMMARY ***
Total pot $2.45 | Rake $0.11 
Board [Jh 4h 3c]
Seat 1: A_Rommel (button) collected ($2.34)
Seat 2: Shakawka (small blind) folded before Flop
Seat 3: SirBrown (big blind) folded on the Flop
Seat 4: nDoelAidFme folded before Flop (didn't bet)
Seat 5: potusthedog folded before Flop (didn't bet)
Seat 6: Mahu2021 folded before Flop (didn't bet)



PokerStars Zoom Hand #255442994549:  Hold'em No Limit ($0.05/$0.10) - 2025/03/25 8:18:30 CET [2025/03/25 3:18:30 ET]
Table 'Aludra' 6-max Seat #1 is the button
Seat 1: nDoelAidFme ($11.15 in chips) 
Seat 2: Mahu2021 ($7.50 in chips) 
Seat 3: Stanis.bot ($9.80 in chips) 
Seat 4: ArtStyleH ($10 in chips) 
Seat 5: Augis29 ($4.01 in chips) 
Seat 6: NoName_9091 ($5.56 in chips) 
Mahu2021: posts small blind $0.05
Stanis.bot: posts big blind $0.10
*** HOLE CARDS ***
Dealt to Mahu2021 [8s Qs]
ArtStyleH: folds 
Augis29: raises $0.10 to $0.20
NoName_9091: folds 
nDoelAidFme: raises $0.40 to $0.60
Mahu2021: folds 
Stanis.bot: folds 
Augis29: raises $0.50 to $1.10
nDoelAidFme: raises $3.90 to $5
Augis29: calls $2.91 and is all-in
Uncalled bet ($0.99) returned to nDoelAidFme
*** FLOP *** [5c 6d Td]
*** TURN *** [5c 6d Td] [Jc]
*** RIVER *** [5c 6d Td Jc] [6s]
*** SHOW DOWN ***
Augis29: shows [Ad 9d] (a pair of Sixes)
nDoelAidFme: shows [Ks Kh] (two pair, Kings and Sixes)
nDoelAidFme collected $7.80 from pot
*** SUMMARY ***
Total pot $8.17 | Rake $0.37 
Board [5c 6d Td Jc 6s]
Seat 1: nDoelAidFme (button) showed [Ks Kh] and won ($7.80) with two pair, Kings and Sixes
Seat 2: Mahu2021 (small blind) folded before Flop
Seat 3: Stanis.bot (big blind) folded before Flop
Seat 4: ArtStyleH folded before Flop (didn't bet)
Seat 5: Augis29 showed [Ad 9d] and lost with a pair of Sixes
Seat 6: NoName_9091 folded before Flop (didn't bet)



PokerStars Zoom Hand #255442996498:  Hold'em No Limit ($0.05/$0.10) - 2025/03/25 8:19:02 CET [2025/03/25 3:19:02 ET]
Table 'Aludra' 6-max Seat #1 is the button
Seat 1: Shakawka ($13.50 in chips) 
Seat 2: Gilmarlise ($3.79 in chips) 
Seat 3: A_Rommel ($12.39 in chips) 
Seat 4: Mahu2021 ($7.35 in chips) 
Seat 5: dim_chal89 ($9.55 in chips) 
Seat 6: afwing16 ($10 in chips) 
Gilmarlise: posts small blind $0.05
A_Rommel: posts big blind $0.10
*** HOLE CARDS ***
Dealt to Mahu2021 [6d Js]
Mahu2021: folds 
dim_chal89: folds 
afwing16: folds 
Shakawka: folds 
Gilmarlise: folds 
Uncalled bet ($0.05) returned to A_Rommel
A_Rommel collected $0.10 from pot
A_Rommel: doesn't show hand 
*** SUMMARY ***
Total pot $0.10 | Rake $0 
Seat 1: Shakawka (button) folded before Flop (didn't bet)
Seat 2: Gilmarlise (small blind) folded before Flop
Seat 3: A_Rommel (big blind) collected ($0.10)
Seat 4: Mahu2021 folded before Flop (didn't bet)
Seat 5: dim_chal89 folded before Flop (didn't bet)
Seat 6: afwing16 folded before Flop (didn't bet)



PokerStars Zoom Hand #255442996138:  Hold'em No Limit ($0.05/$0.10) - 2025/03/25 8:18:56 CET [2025/03/25 3:18:56 ET]
Table 'Aludra' 6-max Seat #1 is the button
Seat 1: SirBrown ($10 in chips) 
Seat 2: afwing16 ($10 in chips) 
Seat 3: ShoShob20 ($8.59 in chips) 
Seat 4: Gilmarlise ($3.79 in chips) 
Seat 5: Mahu2021 ($7.35 in chips) 
Seat 6: OldSharK1979 ($9.38 in chips) 
afwing16: posts small blind $0.05
ShoShob20: posts big blind $0.10
*** HOLE CARDS ***
Dealt to Mahu2021 [7d 6c]
Gilmarlise: folds 
Mahu2021: folds 
OldSharK1979: folds 
SirBrown: raises $0.12 to $0.22
afwing16: folds 
ShoShob20: folds 
Uncalled bet ($0.12) returned to SirBrown
SirBrown collected $0.25 from pot
SirBrown: doesn't show hand 
*** SUMMARY ***
Total pot $0.25 | Rake $0 
Seat 1: SirBrown (button) collected ($0.25)
Seat 2: afwing16 (small blind) folded before Flop
Seat 3: ShoShob20 (big blind) folded before Flop
Seat 4: Gilmarlise folded before Flop (didn't bet)
Seat 5: Mahu2021 folded before Flop (didn't bet)
Seat 6: OldSharK1979 folded before Flop (didn't bet)



PokerStars Zoom Hand #255442996928:  Hold'em No Limit ($0.05/$0.10) - 2025/03/25 8:19:09 CET [2025/03/25 3:19:09 ET]
Table 'Aludra' 6-max Seat #1 is the button
Seat 1: Mahu2021 ($7.35 in chips) 
Seat 2: ArtStyleH ($10 in chips) 
Seat 3: OldSharK1979 ($9.38 in chips) 
Seat 4: KyleS58 ($9.92 in chips) 
Seat 5: afwing16 ($10 in chips) 
Seat 6: ShoShob20 ($8.49 in chips) 
ArtStyleH: posts small blind $0.05
OldSharK1979: posts big blind $0.10
*** HOLE CARDS ***
Dealt to Mahu2021 [As 5d]
KyleS58: folds 
afwing16: folds 
ShoShob20: folds 
Mahu2021: folds 
ArtStyleH: raises $0.20 to $0.30
OldSharK1979: folds 
Uncalled bet ($0.20) returned to ArtStyleH
ArtStyleH collected $0.20 from pot
ArtStyleH: doesn't show hand 
*** SUMMARY ***
Total pot $0.20 | Rake $0 
Seat 1: Mahu2021 (button) folded before Flop (didn't bet)
Seat 2: ArtStyleH (small blind) collected ($0.20)
Seat 3: OldSharK1979 (big blind) folded before Flop
Seat 4: KyleS58 folded before Flop (didn't bet)
Seat 5: afwing16 folded before Flop (didn't bet)
Seat 6: ShoShob20 folded before Flop (didn't bet)



PokerStars Zoom Hand #255442997380:  Hold'em No Limit ($0.05/$0.10) - 2025/03/25 8:19:17 CET [2025/03/25 3:19:17 ET]
Table 'Aludra' 6-max Seat #1 is the button
Seat 1: zogecmarogec ($10.46 in chips) 
Seat 2: Mahu2021 ($7.35 in chips) 
Seat 3: 1banditpanda ($21.18 in chips) 
Seat 4: Augis29 ($10 in chips) 
Seat 5: bigman12321 ($10.92 in chips) 
Seat 6: KyleS58 ($9.92 in chips) 
Mahu2021: posts small blind $0.05
1banditpanda: posts big blind $0.10
*** HOLE CARDS ***
Dealt to Mahu2021 [5d Qs]
Augis29: folds 
bigman12321: raises $0.20 to $0.30
KyleS58: raises $0.20 to $0.50
zogecmarogec: folds 
Mahu2021: folds 
1banditpanda: folds 
bigman12321: calls $0.20
*** FLOP *** [3h 8c 6d]
bigman12321: checks 
KyleS58: bets $0.55
bigman12321: folds 
Uncalled bet ($0.55) returned to KyleS58
KyleS58 collected $1.10 from pot
KyleS58: doesn't show hand 
*** SUMMARY ***
Total pot $1.15 | Rake $0.05 
Board [3h 8c 6d]
Seat 1: zogecmarogec (button) folded before Flop (didn't bet)
Seat 2: Mahu2021 (small blind) folded before Flop
Seat 3: 1banditpanda (big blind) folded before Flop
Seat 4: Augis29 folded before Flop (didn't bet)
Seat 5: bigman12321 folded on the Flop
Seat 6: KyleS58 collected ($1.10)



PokerStars Zoom Hand #255442997601:  Hold'em No Limit ($0.05/$0.10) - 2025/03/25 8:19:20 CET [2025/03/25 3:19:20 ET]
Table 'Aludra' 6-max Seat #1 is the button
Seat 1: NoName_9091 ($6.18 in chips) 
Seat 2: lioni26 ($15.66 in chips) 
Seat 3: Mahu2021 ($7.30 in chips) 
Seat 4: Shakawka ($14.02 in chips) 
Seat 5: A_Rommel ($12.39 in chips) 
Seat 6: Augis29 ($10 in chips) 
lioni26: posts small blind $0.05
Mahu2021: posts big blind $0.10
*** HOLE CARDS ***
Dealt to Mahu2021 [9h 7h]
Shakawka: folds 
A_Rommel: folds 
Augis29: raises $0.10 to $0.20
NoName_9091: calls $0.20
lioni26: folds 
Mahu2021: calls $0.10
*** FLOP *** [Ks 7d 5s]
Mahu2021: checks 
Augis29: bets $0.31
NoName_9091: folds 
Mahu2021: calls $0.31
*** TURN *** [Ks 7d 5s] [6s]
Mahu2021: checks 
Augis29: bets $0.61
Mahu2021: calls $0.61
*** RIVER *** [Ks 7d 5s 6s] [3d]
Mahu2021: checks 
Augis29: bets $1.19
Mahu2021: folds 
Uncalled bet ($1.19) returned to Augis29
Augis29 collected $2.38 from pot
Augis29: doesn't show hand 
*** SUMMARY ***
Total pot $2.49 | Rake $0.11 
Board [Ks 7d 5s 6s 3d]
Seat 1: NoName_9091 (button) folded on the Flop
Seat 2: lioni26 (small blind) folded before Flop
Seat 3: Mahu2021 (big blind) folded on the River
Seat 4: Shakawka folded before Flop (didn't bet)
Seat 5: A_Rommel folded before Flop (didn't bet)
Seat 6: Augis29 collected ($2.38)



PokerStars Zoom Hand #255442999923:  Hold'em No Limit ($0.05/$0.10) - 2025/03/25 8:19:58 CET [2025/03/25 3:19:58 ET]
Table 'Aludra' 6-max Seat #1 is the button
Seat 1: zogecmarogec ($10.46 in chips) 
Seat 2: NoName_9091 ($5.88 in chips) 
Seat 3: Mahu2021 ($6.18 in chips) 
Seat 4: bigman12321 ($10.47 in chips) 
Seat 5: Shakawka ($13.35 in chips) 
Seat 6: ShoShob20 ($8.89 in chips) 
NoName_9091: posts small blind $0.05
Mahu2021: posts big blind $0.10
*** HOLE CARDS ***
Dealt to Mahu2021 [4d As]
bigman12321: folds 
Shakawka: folds 
ShoShob20: raises $0.15 to $0.25
zogecmarogec: folds 
NoName_9091: folds 
Mahu2021: folds 
Uncalled bet ($0.15) returned to ShoShob20
ShoShob20 collected $0.25 from pot
ShoShob20: doesn't show hand 
*** SUMMARY ***
Total pot $0.25 | Rake $0 
Seat 1: zogecmarogec (button) folded before Flop (didn't bet)
Seat 2: NoName_9091 (small blind) folded before Flop
Seat 3: Mahu2021 (big blind) folded before Flop
Seat 4: bigman12321 folded before Flop (didn't bet)
Seat 5: Shakawka folded before Flop (didn't bet)
Seat 6: ShoShob20 collected ($0.25)



PokerStars Zoom Hand #255442999571:  Hold'em No Limit ($0.05/$0.10) - 2025/03/25 8:19:52 CET [2025/03/25 3:19:52 ET]
Table 'Aludra' 6-max Seat #1 is the button
Seat 1: Shakawka ($13.35 in chips) 
Seat 2: McFunk78 ($9.10 in chips) 
Seat 3: nDoelAidFme ($10 in chips) 
Seat 4: zogecmarogec ($10.46 in chips) 
Seat 5: SirBrown ($13.27 in chips) 
Seat 6: Mahu2021 ($6.18 in chips) 
McFunk78: posts small blind $0.05
nDoelAidFme: posts big blind $0.10
*** HOLE CARDS ***
Dealt to Mahu2021 [2c 8c]
zogecmarogec: folds 
SirBrown: raises $0.12 to $0.22
Mahu2021: folds 
Shakawka: folds 
McFunk78: calls $0.17
nDoelAidFme: folds 
*** FLOP *** [9d Ac Kh]
McFunk78: checks 
SirBrown: bets $0.17
McFunk78: calls $0.17
*** TURN *** [9d Ac Kh] [Kd]
McFunk78: checks 
SirBrown: checks 
*** RIVER *** [9d Ac Kh Kd] [6c]
McFunk78: checks 
SirBrown: checks 
*** SHOW DOWN ***
McFunk78: shows [Jh 9h] (two pair, Kings and Nines)
SirBrown: mucks hand 
McFunk78 collected $0.83 from pot
*** SUMMARY ***
Total pot $0.88 | Rake $0.05 
Board [9d Ac Kh Kd 6c]
Seat 1: Shakawka (button) folded before Flop (didn't bet)
Seat 2: McFunk78 (small blind) showed [Jh 9h] and won ($0.83) with two pair, Kings and Nines
Seat 3: nDoelAidFme (big blind) folded before Flop
Seat 4: zogecmarogec folded before Flop (didn't bet)
Seat 5: SirBrown mucked [6d 4d]
Seat 6: Mahu2021 folded before Flop (didn't bet)



PokerStars Zoom Hand #255443000544:  Hold'em No Limit ($0.05/$0.10) - 2025/03/25 8:20:08 CET [2025/03/25 3:20:08 ET]
Table 'Aludra' 6-max Seat #1 is the button
Seat 1: afwing16 ($10.15 in chips) 
Seat 2: nakajeeee ($23.90 in chips) 
Seat 3: Gilmarlise ($3.74 in chips) 
Seat 4: timothyriddle ($16.55 in chips) 
Seat 5: Mahu2021 ($6.08 in chips) 
Seat 6: HENRYPREMIUM ($25.89 in chips) 
nakajeeee: posts small blind $0.05
Gilmarlise: posts big blind $0.10
*** HOLE CARDS ***
Dealt to Mahu2021 [Qd 2d]
timothyriddle: folds 
Mahu2021: folds 
HENRYPREMIUM: folds 
afwing16: raises $0.15 to $0.25
nakajeeee: folds 
Gilmarlise: folds 
Uncalled bet ($0.15) returned to afwing16
afwing16 collected $0.25 from pot
afwing16: doesn't show hand 
*** SUMMARY ***
Total pot $0.25 | Rake $0 
Seat 1: afwing16 (button) collected ($0.25)
Seat 2: nakajeeee (small blind) folded before Flop
Seat 3: Gilmarlise (big blind) folded before Flop
Seat 4: timothyriddle folded before Flop (didn't bet)
Seat 5: Mahu2021 folded before Flop (didn't bet)
Seat 6: HENRYPREMIUM folded before Flop (didn't bet)



PokerStars Zoom Hand #255442996744:  Hold'em No Limit ($0.05/$0.10) - 2025/03/25 8:19:06 CET [2025/03/25 3:19:06 ET]
Table 'Aludra' 6-max Seat #1 is the button
Seat 1: afwing16 ($10 in chips) 
Seat 2: nDoelAidFme ($10 in chips) 
Seat 3: dim_chal89 ($9.55 in chips) 
Seat 4: Mahu2021 ($7.35 in chips) 
Seat 5: A_Rommel ($11.19 in chips) 
Seat 6: 1banditpanda ($17.94 in chips) 
nDoelAidFme: posts small blind $0.05
dim_chal89: posts big blind $0.10
*** HOLE CARDS ***
Dealt to Mahu2021 [4s 7h]
Mahu2021: folds 
A_Rommel: raises $0.10 to $0.20
1banditpanda: folds 
afwing16: folds 
nDoelAidFme: folds 
dim_chal89: calls $0.10
*** FLOP *** [Kh Qc 3s]
dim_chal89: checks 
A_Rommel: checks 
*** TURN *** [Kh Qc 3s] [Ts]
dim_chal89: bets $0.14
A_Rommel: raises $0.36 to $0.50
dim_chal89: calls $0.36
*** RIVER *** [Kh Qc 3s Ts] [3d]
dim_chal89: checks 
A_Rommel: checks 
*** SHOW DOWN ***
dim_chal89: shows [Qd Td] (two pair, Queens and Tens)
A_Rommel: mucks hand 
dim_chal89 collected $1.38 from pot
*** SUMMARY ***
Total pot $1.45 | Rake $0.07 
Board [Kh Qc 3s Ts 3d]
Seat 1: afwing16 (button) folded before Flop (didn't bet)
Seat 2: nDoelAidFme (small blind) folded before Flop
Seat 3: dim_chal89 (big blind) showed [Qd Td] and won ($1.38) with two pair, Queens and Tens
Seat 4: Mahu2021 folded before Flop (didn't bet)
Seat 5: A_Rommel mucked [Qs Js]
Seat 6: 1banditpanda folded before Flop (didn't bet)



PokerStars Zoom Hand #255442999221:  Hold'em No Limit ($0.05/$0.10) - 2025/03/25 8:19:46 CET [2025/03/25 3:19:46 ET]
Table 'Aludra' 6-max Seat #1 is the button
Seat 1: Mahu2021 ($6.18 in chips) 
Seat 2: Stanis.bot ($10.94 in chips) 
Seat 3: Augis29 ($11.26 in chips) 
Seat 4: nakajeeee ($24 in chips) 
Seat 5: OldSharK1979 ($9.23 in chips) 
Seat 6: A_Rommel ($12.79 in chips) 
Stanis.bot: posts small blind $0.05
Augis29: posts big blind $0.10
*** HOLE CARDS ***
Dealt to Mahu2021 [2d 8s]
nakajeeee: folds 
OldSharK1979: folds 
A_Rommel: raises $0.10 to $0.20
Mahu2021: folds 
Stanis.bot: calls $0.15
Augis29: calls $0.10
*** FLOP *** [Th Qc Ad]
Stanis.bot: checks 
Augis29: checks 
A_Rommel: checks 
*** TURN *** [Th Qc Ad] [9s]
Stanis.bot: checks 
Augis29: bets $0.20
A_Rommel: folds 
Stanis.bot: folds 
Uncalled bet ($0.20) returned to Augis29
Augis29 collected $0.57 from pot
Augis29: doesn't show hand 
*** SUMMARY ***
Total pot $0.60 | Rake $0.03 
Board [Th Qc Ad 9s]
Seat 1: Mahu2021 (button) folded before Flop (didn't bet)
Seat 2: Stanis.bot (small blind) folded on the Turn
Seat 3: Augis29 (big blind) collected ($0.57)
Seat 4: nakajeeee folded before Flop (didn't bet)
Seat 5: OldSharK1979 folded before Flop (didn't bet)
Seat 6: A_Rommel folded on the Turn



PokerStars Zoom Hand #255443000932:  Hold'em No Limit ($0.05/$0.10) - 2025/03/25 8:20:14 CET [2025/03/25 3:20:14 ET]
Table 'Aludra' 6-max Seat #1 is the button
Seat 1: 1banditpanda ($21.21 in chips) 
Seat 2: Mahu2021 ($6.08 in chips) 
Seat 3: ShoShob20 ($9.04 in chips) 
Seat 4: nDoelAidFme ($10 in chips) 
Seat 5: lioni26 ($15.61 in chips) 
Seat 6: nakajeeee ($17.04 in chips) 
Mahu2021: posts small blind $0.05
ShoShob20: posts big blind $0.10
*** HOLE CARDS ***
Dealt to Mahu2021 [9h 8s]
nDoelAidFme: folds 
lioni26: folds 
nakajeeee: raises $0.20 to $0.30
1banditpanda: raises $0.60 to $0.90
Mahu2021: folds 
ShoShob20: folds 
nakajeeee: folds 
Uncalled bet ($0.60) returned to 1banditpanda
1banditpanda collected $0.75 from pot
1banditpanda: doesn't show hand 
*** SUMMARY ***
Total pot $0.75 | Rake $0 
Seat 1: 1banditpanda (button) collected ($0.75)
Seat 2: Mahu2021 (small blind) folded before Flop
Seat 3: ShoShob20 (big blind) folded before Flop
Seat 4: nDoelAidFme folded before Flop (didn't bet)
Seat 5: lioni26 folded before Flop (didn't bet)
Seat 6: nakajeeee folded before Flop



PokerStars Zoom Hand #255443001908:  Hold'em No Limit ($0.05/$0.10) - 2025/03/25 8:20:29 CET [2025/03/25 3:20:29 ET]
Table 'Aludra' 6-max Seat #1 is the button
Seat 1: zzz7zzz7zzz ($12.92 in chips) 
Seat 2: Stanis.bot ($9.70 in chips) 
Seat 3: Mahu2021 ($6.03 in chips) 
Seat 4: ShoShob20 ($8.94 in chips) 
Seat 5: Clown_Devilick ($16.36 in chips) 
Seat 6: Shakawka ($15.67 in chips) 
Stanis.bot: posts small blind $0.05
Mahu2021: posts big blind $0.10
*** HOLE CARDS ***
Dealt to Mahu2021 [2c Qs]
ShoShob20: folds 
Clown_Devilick: raises $0.10 to $0.20
Shakawka: folds 
zzz7zzz7zzz: folds 
Stanis.bot: folds 
Mahu2021: folds 
Uncalled bet ($0.10) returned to Clown_Devilick
Clown_Devilick collected $0.25 from pot
Clown_Devilick: doesn't show hand 
*** SUMMARY ***
Total pot $0.25 | Rake $0 
Seat 1: zzz7zzz7zzz (button) folded before Flop (didn't bet)
Seat 2: Stanis.bot (small blind) folded before Flop
Seat 3: Mahu2021 (big blind) folded before Flop
Seat 4: ShoShob20 folded before Flop (didn't bet)
Seat 5: Clown_Devilick collected ($0.25)
Seat 6: Shakawka folded before Flop (didn't bet)



PokerStars Zoom Hand #255443002410:  Hold'em No Limit ($0.05/$0.10) - 2025/03/25 8:20:37 CET [2025/03/25 3:20:37 ET]
Table 'Aludra' 6-max Seat #1 is the button
Seat 1: Stanis.bot ($9.65 in chips) 
Seat 2: Augis29 ($11.63 in chips) 
Seat 3: nakajeeee ($23.85 in chips) 
Seat 4: Gilmarlise ($3.64 in chips) 
Seat 5: Mahu2021 ($5.93 in chips) 
Seat 6: zzz7zzz7zzz ($12.87 in chips) 
Augis29: posts small blind $0.05
nakajeeee: posts big blind $0.10
*** HOLE CARDS ***
Dealt to Mahu2021 [5h 7h]
Gilmarlise: folds 
Mahu2021: folds 
zzz7zzz7zzz: folds 
Stanis.bot: folds 
Augis29: raises $0.10 to $0.20
nakajeeee: folds 
Uncalled bet ($0.10) returned to Augis29
Augis29 collected $0.20 from pot
Augis29: doesn't show hand 
*** SUMMARY ***
Total pot $0.20 | Rake $0 
Seat 1: Stanis.bot (button) folded before Flop (didn't bet)
Seat 2: Augis29 (small blind) collected ($0.20)
Seat 3: nakajeeee (big blind) folded before Flop
Seat 4: Gilmarlise folded before Flop (didn't bet)
Seat 5: Mahu2021 folded before Flop (didn't bet)
Seat 6: zzz7zzz7zzz folded before Flop (didn't bet)



PokerStars Zoom Hand #255443002853:  Hold'em No Limit ($0.05/$0.10) - 2025/03/25 8:20:44 CET [2025/03/25 3:20:44 ET]
Table 'Aludra' 6-max Seat #1 is the button
Seat 1: Mahu2021 ($5.93 in chips) 
Seat 2: afwing16 ($10.20 in chips) 
Seat 3: zzz7zzz7zzz ($12.87 in chips) 
Seat 4: Shakawka ($13.50 in chips) 
Seat 5: 1banditpanda ($21.66 in chips) 
Seat 6: Stanis.bot ($9.23 in chips) 
afwing16: posts small blind $0.05
zzz7zzz7zzz: posts big blind $0.10
*** HOLE CARDS ***
Dealt to Mahu2021 [5s Ks]
Shakawka: folds 
1banditpanda: raises $0.15 to $0.25
Stanis.bot: folds 
Mahu2021: folds 
afwing16: folds 
zzz7zzz7zzz: folds 
Uncalled bet ($0.15) returned to 1banditpanda
1banditpanda collected $0.25 from pot
1banditpanda: doesn't show hand 
*** SUMMARY ***
Total pot $0.25 | Rake $0 
Seat 1: Mahu2021 (button) folded before Flop (didn't bet)
Seat 2: afwing16 (small blind) folded before Flop
Seat 3: zzz7zzz7zzz (big blind) folded before Flop
Seat 4: Shakawka folded before Flop (didn't bet)
Seat 5: 1banditpanda collected ($0.25)
Seat 6: Stanis.bot folded before Flop (didn't bet)



PokerStars Zoom Hand #255443001204:  Hold'em No Limit ($0.05/$0.10) - 2025/03/25 8:20:18 CET [2025/03/25 3:20:18 ET]
Table 'Aludra' 6-max Seat #1 is the button
Seat 1: RealRastar ($6.77 in chips) 
Seat 2: lioni26 ($15.61 in chips) 
Seat 3: NoName_9091 ($5.83 in chips) 
Seat 4: Gilmarlise ($3.64 in chips) 
Seat 5: vupallin ($9.13 in chips) 
Seat 6: Mahu2021 ($6.03 in chips) 
lioni26: posts small blind $0.05
NoName_9091: posts big blind $0.10
*** HOLE CARDS ***
Dealt to Mahu2021 [9s Tc]
Gilmarlise has timed out
Gilmarlise: folds 
vupallin: folds 
Mahu2021: folds 
RealRastar: raises $0.11 to $0.21
lioni26: calls $0.16
NoName_9091: folds 
*** FLOP *** [6h 4c 4d]
lioni26: checks 
RealRastar: bets $0.21
lioni26: calls $0.21
*** TURN *** [6h 4c 4d] [Td]
lioni26: checks 
RealRastar: bets $0.45
lioni26: calls $0.45
*** RIVER *** [6h 4c 4d Td] [Kc]
lioni26: checks 
RealRastar: checks 
*** SHOW DOWN ***
lioni26: shows [4h 3h] (three of a kind, Fours)
RealRastar: mucks hand 
lioni26 collected $1.76 from pot
*** SUMMARY ***
Total pot $1.84 | Rake $0.08 
Board [6h 4c 4d Td Kc]
Seat 1: RealRastar (button) mucked [6d Qd]
Seat 2: lioni26 (small blind) showed [4h 3h] and won ($1.76) with three of a kind, Fours
Seat 3: NoName_9091 (big blind) folded before Flop
Seat 4: Gilmarlise folded before Flop (didn't bet)
Seat 5: vupallin folded before Flop (didn't bet)
Seat 6: Mahu2021 folded before Flop (didn't bet)



PokerStars Zoom Hand #255443003640:  Hold'em No Limit ($0.05/$0.10) - 2025/03/25 8:20:57 CET [2025/03/25 3:20:57 ET]
Table 'Aludra' 6-max Seat #1 is the button
Seat 1: 1banditpanda ($17.39 in chips) 
Seat 2: lioni26 ($11.89 in chips) 
Seat 3: Stanis.bot ($8.74 in chips) 
Seat 4: Mahu2021 ($5.88 in chips) 
Seat 5: zzz7zzz7zzz ($12.77 in chips) 
Seat 6: Gilmarlise ($3.64 in chips) 
lioni26: posts small blind $0.05
Stanis.bot: posts big blind $0.10
*** HOLE CARDS ***
Dealt to Mahu2021 [Tc 8h]
Mahu2021: folds 
zzz7zzz7zzz: folds 
Gilmarlise: folds 
1banditpanda: folds 
lioni26: folds 
Uncalled bet ($0.05) returned to Stanis.bot
Stanis.bot collected $0.10 from pot
Stanis.bot: doesn't show hand 
*** SUMMARY ***
Total pot $0.10 | Rake $0 
Seat 1: 1banditpanda (button) folded before Flop (didn't bet)
Seat 2: lioni26 (small blind) folded before Flop
Seat 3: Stanis.bot (big blind) collected ($0.10)
Seat 4: Mahu2021 folded before Flop (didn't bet)
Seat 5: zzz7zzz7zzz folded before Flop (didn't bet)
Seat 6: Gilmarlise folded before Flop (didn't bet)



PokerStars Zoom Hand #255443004134:  Hold'em No Limit ($0.05/$0.10) - 2025/03/25 8:21:05 CET [2025/03/25 3:21:05 ET]
Table 'Aludra' 6-max Seat #1 is the button
Seat 1: Mahu2021 ($5.88 in chips) 
Seat 2: ArtStyleH ($10 in chips) 
Seat 3: lioni26 ($16.50 in chips) 
Seat 4: Gilmarlise ($3.64 in chips) 
Seat 5: Stanis.bot ($9.18 in chips) 
Seat 6: 1banditpanda ($17.39 in chips) 
ArtStyleH: posts small blind $0.05
lioni26: posts big blind $0.10
*** HOLE CARDS ***
Dealt to Mahu2021 [Kh 4s]
Gilmarlise: folds 
Stanis.bot: folds 
1banditpanda: raises $0.15 to $0.25
Mahu2021: folds 
ArtStyleH: folds 
lioni26: folds 
Uncalled bet ($0.15) returned to 1banditpanda
1banditpanda collected $0.25 from pot
1banditpanda: doesn't show hand 
*** SUMMARY ***
Total pot $0.25 | Rake $0 
Seat 1: Mahu2021 (button) folded before Flop (didn't bet)
Seat 2: ArtStyleH (small blind) folded before Flop
Seat 3: lioni26 (big blind) folded before Flop
Seat 4: Gilmarlise folded before Flop (didn't bet)
Seat 5: Stanis.bot folded before Flop (didn't bet)
Seat 6: 1banditpanda collected ($0.25)



PokerStars Zoom Hand #255443004558:  Hold'em No Limit ($0.05/$0.10) - 2025/03/25 8:21:12 CET [2025/03/25 3:21:12 ET]
Table 'Aludra' 6-max Seat #1 is the button
Seat 1: zzz7zzz7zzz ($12.92 in chips) 
Seat 2: timothyriddle ($15.17 in chips) 
Seat 3: nDoelAidFme ($10 in chips) 
Seat 4: afwing16 ($10 in chips) 
Seat 5: Mahu2021 ($5.88 in chips) 
Seat 6: ArtStyleH ($10 in chips) 
timothyriddle: posts small blind $0.05
nDoelAidFme: posts big blind $0.10
*** HOLE CARDS ***
Dealt to Mahu2021 [As 6d]
afwing16: folds 
Mahu2021: folds 
ArtStyleH: folds 
zzz7zzz7zzz: folds 
timothyriddle: folds 
Uncalled bet ($0.05) returned to nDoelAidFme
nDoelAidFme collected $0.10 from pot
nDoelAidFme: doesn't show hand 
*** SUMMARY ***
Total pot $0.10 | Rake $0 
Seat 1: zzz7zzz7zzz (button) folded before Flop (didn't bet)
Seat 2: timothyriddle (small blind) folded before Flop
Seat 3: nDoelAidFme (big blind) collected ($0.10)
Seat 4: afwing16 folded before Flop (didn't bet)
Seat 5: Mahu2021 folded before Flop (didn't bet)
Seat 6: ArtStyleH folded before Flop (didn't bet)



PokerStars Zoom Hand #255443003400:  Hold'em No Limit ($0.05/$0.10) - 2025/03/25 8:20:53 CET [2025/03/25 3:20:53 ET]
Table 'Aludra' 6-max Seat #1 is the button
Seat 1: Shakawka ($13.50 in chips) 
Seat 2: Mahu2021 ($5.93 in chips) 
Seat 3: Clown_Devilick ($16.51 in chips) 
Seat 4: nakajeeee ($23.75 in chips) 
Seat 5: nDoelAidFme ($10 in chips) 
Seat 6: bigman12321 ($10 in chips) 
Mahu2021: posts small blind $0.05
Clown_Devilick: posts big blind $0.10
*** HOLE CARDS ***
Dealt to Mahu2021 [8c 7d]
nakajeeee: folds 
nDoelAidFme: folds 
bigman12321: raises $0.20 to $0.30
Shakawka: folds 
Mahu2021: folds 
Clown_Devilick: calls $0.20
*** FLOP *** [Js Ad 3d]
Clown_Devilick: checks 
bigman12321: bets $0.20
Clown_Devilick: calls $0.20
*** TURN *** [Js Ad 3d] [9s]
Clown_Devilick: checks 
bigman12321: checks 
*** RIVER *** [Js Ad 3d 9s] [Ac]
Clown_Devilick: checks 
bigman12321: checks 
*** SHOW DOWN ***
Clown_Devilick: shows [Qd 8d] (a pair of Aces)
bigman12321: shows [Qc Kh] (a pair of Aces - King kicker)
bigman12321 collected $1 from pot
*** SUMMARY ***
Total pot $1.05 | Rake $0.05 
Board [Js Ad 3d 9s Ac]
Seat 1: Shakawka (button) folded before Flop (didn't bet)
Seat 2: Mahu2021 (small blind) folded before Flop
Seat 3: Clown_Devilick (big blind) showed [Qd 8d] and lost with a pair of Aces
Seat 4: nakajeeee folded before Flop (didn't bet)
Seat 5: nDoelAidFme folded before Flop (didn't bet)
Seat 6: bigman12321 showed [Qc Kh] and won ($1) with a pair of Aces



PokerStars Zoom Hand #255443001601:  Hold'em No Limit ($0.05/$0.10) - 2025/03/25 8:20:24 CET [2025/03/25 3:20:24 ET]
Table 'Aludra' 6-max Seat #1 is the button
Seat 1: dim_chal89 ($10.23 in chips) 
Seat 2: Clown_Devilick ($16.41 in chips) 
Seat 3: HENRYPREMIUM ($25.84 in chips) 
Seat 4: Mahu2021 ($6.03 in chips) 
Seat 5: zzz7zzz7zzz ($12.92 in chips) 
Seat 6: A_Rommel ($10.49 in chips) 
Clown_Devilick: posts small blind $0.05
HENRYPREMIUM: posts big blind $0.10
*** HOLE CARDS ***
Dealt to Mahu2021 [Ts Kc]
Mahu2021: folds 
zzz7zzz7zzz: folds 
A_Rommel: raises $0.10 to $0.20
dim_chal89: raises $0.45 to $0.65
Clown_Devilick: folds 
HENRYPREMIUM: calls $0.55
A_Rommel: calls $0.45
*** FLOP *** [Td 2s 7s]
HENRYPREMIUM: checks 
A_Rommel: checks 
dim_chal89: bets $0.53
HENRYPREMIUM: calls $0.53
A_Rommel: folds 
*** TURN *** [Td 2s 7s] [Qs]
HENRYPREMIUM: checks 
dim_chal89: checks 
*** RIVER *** [Td 2s 7s Qs] [3c]
HENRYPREMIUM: bets $1.46
dim_chal89: calls $1.46
*** SHOW DOWN ***
HENRYPREMIUM: shows [Js Ks] (a flush, King high)
dim_chal89: mucks hand 
HENRYPREMIUM collected $5.71 from pot
*** SUMMARY ***
Total pot $5.98 | Rake $0.27 
Board [Td 2s 7s Qs 3c]
Seat 1: dim_chal89 (button) mucked [Qc Kh]
Seat 2: Clown_Devilick (small blind) folded before Flop
Seat 3: HENRYPREMIUM (big blind) showed [Js Ks] and won ($5.71) with a flush, King high
Seat 4: Mahu2021 folded before Flop (didn't bet)
Seat 5: zzz7zzz7zzz folded before Flop (didn't bet)
Seat 6: A_Rommel folded on the Flop



PokerStars Zoom Hand #255443004892:  Hold'em No Limit ($0.05/$0.10) - 2025/03/25 8:21:17 CET [2025/03/25 3:21:17 ET]
Table 'Aludra' 6-max Seat #1 is the button
Seat 1: vupallin ($9.37 in chips) 
Seat 2: zzz7zzz7zzz ($12.92 in chips) 
Seat 3: Mahu2021 ($5.88 in chips) 
Seat 4: McFunk78 ($9.74 in chips) 
Seat 5: Designerbaby ($2.39 in chips) 
Seat 6: afwing16 ($10 in chips) 
zzz7zzz7zzz: posts small blind $0.05
Mahu2021: posts big blind $0.10
*** HOLE CARDS ***
Dealt to Mahu2021 [Jc Ac]
McFunk78: folds 
Designerbaby: folds 
afwing16: raises $0.15 to $0.25
vupallin: raises $0.35 to $0.60
zzz7zzz7zzz: folds 
Mahu2021: calls $0.50
afwing16: folds 
*** FLOP *** [9c 8h 4h]
Mahu2021: checks 
vupallin: bets $0.72
Mahu2021: folds 
Uncalled bet ($0.72) returned to vupallin
vupallin collected $1.43 from pot
vupallin: doesn't show hand 
*** SUMMARY ***
Total pot $1.50 | Rake $0.07 
Board [9c 8h 4h]
Seat 1: vupallin (button) collected ($1.43)
Seat 2: zzz7zzz7zzz (small blind) folded before Flop
Seat 3: Mahu2021 (big blind) folded on the Flop
Seat 4: McFunk78 folded before Flop (didn't bet)
Seat 5: Designerbaby folded before Flop (didn't bet)
Seat 6: afwing16 folded before Flop



PokerStars Zoom Hand #255443006747:  Hold'em No Limit ($0.05/$0.10) - 2025/03/25 8:21:47 CET [2025/03/25 3:21:47 ET]
Table 'Aludra' 6-max Seat #1 is the button
Seat 1: afwing16 ($10 in chips) 
Seat 2: KyleS58 ($13.85 in chips) 
Seat 3: Augis29 ($12.13 in chips) 
Seat 4: Clown_Devilick ($15.96 in chips) 
Seat 5: Mahu2021 ($5.28 in chips) 
Seat 6: Shakawka ($10.78 in chips) 
KyleS58: posts small blind $0.05
Augis29: posts big blind $0.10
*** HOLE CARDS ***
Dealt to Mahu2021 [4s Qc]
Clown_Devilick: folds 
Mahu2021: folds 
Shakawka: folds 
afwing16: folds 
KyleS58: folds 
Uncalled bet ($0.05) returned to Augis29
Augis29 collected $0.10 from pot
Augis29: doesn't show hand 
*** SUMMARY ***
Total pot $0.10 | Rake $0 
Seat 1: afwing16 (button) folded before Flop (didn't bet)
Seat 2: KyleS58 (small blind) folded before Flop
Seat 3: Augis29 (big blind) collected ($0.10)
Seat 4: Clown_Devilick folded before Flop (didn't bet)
Seat 5: Mahu2021 folded before Flop (didn't bet)
Seat 6: Shakawka folded before Flop (didn't bet)



PokerStars Zoom Hand #255443007062:  Hold'em No Limit ($0.05/$0.10) - 2025/03/25 8:21:52 CET [2025/03/25 3:21:52 ET]
Table 'Aludra' 6-max Seat #1 is the button
Seat 1: OldSharK1979 ($15.55 in chips) 
Seat 2: Mahu2021 ($5.28 in chips) 
Seat 3: Clown_Devilick ($15.96 in chips) 
Seat 4: afwing16 ($10 in chips) 
Seat 5: HENRYPREMIUM ($28.91 in chips) 
Seat 6: Shakawka ($16.07 in chips) 
Mahu2021: posts small blind $0.05
Clown_Devilick: posts big blind $0.10
*** HOLE CARDS ***
Dealt to Mahu2021 [Tc 6h]
afwing16: raises $0.15 to $0.25
HENRYPREMIUM: folds 
Shakawka: folds 
OldSharK1979: folds 
Mahu2021: folds 
Clown_Devilick: folds 
Uncalled bet ($0.15) returned to afwing16
afwing16 collected $0.25 from pot
afwing16: doesn't show hand 
*** SUMMARY ***
Total pot $0.25 | Rake $0 
Seat 1: OldSharK1979 (button) folded before Flop (didn't bet)
Seat 2: Mahu2021 (small blind) folded before Flop
Seat 3: Clown_Devilick (big blind) folded before Flop
Seat 4: afwing16 collected ($0.25)
Seat 5: HENRYPREMIUM folded before Flop (didn't bet)
Seat 6: Shakawka folded before Flop (didn't bet)



PokerStars Zoom Hand #255443004318:  Hold'em No Limit ($0.05/$0.10) - 2025/03/25 8:21:08 CET [2025/03/25 3:21:08 ET]
Table 'Aludra' 6-max Seat #1 is the button
Seat 1: HENRYPREMIUM ($4.65 in chips) 
Seat 2: Stanis.bot ($9.70 in chips) 
Seat 3: jope1945 ($10 in chips) 
Seat 4: nakajeeee ($23.70 in chips) 
Seat 5: ArtStyleH ($10 in chips) 
Seat 6: Mahu2021 ($5.88 in chips) 
Stanis.bot: posts small blind $0.05
jope1945: posts big blind $0.10
*** HOLE CARDS ***
Dealt to Mahu2021 [5s 8c]
nakajeeee: raises $0.20 to $0.30
ArtStyleH: folds 
Mahu2021: folds 
HENRYPREMIUM: folds 
Stanis.bot: calls $0.25
jope1945: calls $0.20
*** FLOP *** [7h 2d 5d]
Stanis.bot: checks 
jope1945: checks 
nakajeeee: checks 
*** TURN *** [7h 2d 5d] [9s]
Stanis.bot: bets $0.56
jope1945: calls $0.56
nakajeeee: folds 
*** RIVER *** [7h 2d 5d 9s] [6s]
Stanis.bot: bets $1.93
jope1945: folds 
Uncalled bet ($1.93) returned to Stanis.bot
Stanis.bot collected $1.93 from pot
Stanis.bot: doesn't show hand 
*** SUMMARY ***
Total pot $2.02 | Rake $0.09 
Board [7h 2d 5d 9s 6s]
Seat 1: HENRYPREMIUM (button) folded before Flop (didn't bet)
Seat 2: Stanis.bot (small blind) collected ($1.93)
Seat 3: jope1945 (big blind) folded on the River
Seat 4: nakajeeee folded on the Turn
Seat 5: ArtStyleH folded before Flop (didn't bet)
Seat 6: Mahu2021 folded before Flop (didn't bet)



PokerStars Zoom Hand #255443007232:  Hold'em No Limit ($0.05/$0.10) - 2025/03/25 8:21:55 CET [2025/03/25 3:21:55 ET]
Table 'Aludra' 6-max Seat #1 is the button
Seat 1: bigman12321 ($10.50 in chips) 
Seat 2: lioni26 ($11.49 in chips) 
Seat 3: deejaydmc ($15.99 in chips) 
Seat 4: 1banditpanda ($23.78 in chips) 
Seat 5: vupallin ($10.20 in chips) 
Seat 6: Mahu2021 ($5.23 in chips) 
lioni26: posts small blind $0.05
deejaydmc: posts big blind $0.10
*** HOLE CARDS ***
Dealt to Mahu2021 [3s 2s]
1banditpanda: folds 
vupallin: folds 
Mahu2021: folds 
bigman12321: folds 
lioni26: raises $0.20 to $0.30
deejaydmc: folds 
Uncalled bet ($0.20) returned to lioni26
lioni26 collected $0.20 from pot
lioni26: doesn't show hand 
*** SUMMARY ***
Total pot $0.20 | Rake $0 
Seat 1: bigman12321 (button) folded before Flop (didn't bet)
Seat 2: lioni26 (small blind) collected ($0.20)
Seat 3: deejaydmc (big blind) folded before Flop
Seat 4: 1banditpanda folded before Flop (didn't bet)
Seat 5: vupallin folded before Flop (didn't bet)
Seat 6: Mahu2021 folded before Flop (didn't bet)



PokerStars Zoom Hand #255443007866:  Hold'em No Limit ($0.05/$0.10) - 2025/03/25 8:22:05 CET [2025/03/25 3:22:05 ET]
Table 'Aludra' 6-max Seat #1 is the button
Seat 1: nakajeeee ($23.40 in chips) 
Seat 2: Mahu2021 ($5.23 in chips) 
Seat 3: Shakawka ($14.33 in chips) 
Seat 4: Stanis.bot ($10.77 in chips) 
Seat 5: Gilmarlise ($3.49 in chips) 
Seat 6: ShoShob20 ($4.48 in chips) 
Mahu2021: posts small blind $0.05
Shakawka: posts big blind $0.10
*** HOLE CARDS ***
Dealt to Mahu2021 [7h 8h]
Stanis.bot: folds 
Gilmarlise: raises $3.39 to $3.49 and is all-in
ShoShob20: folds 
nakajeeee: folds 
Mahu2021: folds 
Shakawka: folds 
Uncalled bet ($3.39) returned to Gilmarlise
Gilmarlise collected $0.25 from pot
Gilmarlise: doesn't show hand 
*** SUMMARY ***
Total pot $0.25 | Rake $0 
Seat 1: nakajeeee (button) folded before Flop (didn't bet)
Seat 2: Mahu2021 (small blind) folded before Flop
Seat 3: Shakawka (big blind) folded before Flop
Seat 4: Stanis.bot folded before Flop (didn't bet)
Seat 5: Gilmarlise collected ($0.25)
Seat 6: ShoShob20 folded before Flop (didn't bet)



PokerStars Zoom Hand #255443007471:  Hold'em No Limit ($0.05/$0.10) - 2025/03/25 8:21:59 CET [2025/03/25 3:21:59 ET]
Table 'Aludra' 6-max Seat #1 is the button
Seat 1: Clown_Devilick ($15.86 in chips) 
Seat 2: OldSharK1979 ($15.55 in chips) 
Seat 3: Shakawka ($10.78 in chips) 
Seat 4: Mahu2021 ($5.23 in chips) 
Seat 5: HENRYPREMIUM ($28.91 in chips) 
Seat 6: bigman12321 ($10.50 in chips) 
OldSharK1979: posts small blind $0.05
Shakawka: posts big blind $0.10
*** HOLE CARDS ***
Dealt to Mahu2021 [Qd 6c]
Mahu2021: folds 
HENRYPREMIUM: raises $0.10 to $0.20
bigman12321: calls $0.20
Clown_Devilick: folds 
OldSharK1979: folds 
Shakawka: folds 
*** FLOP *** [Kd 6s 2h]
HENRYPREMIUM: checks 
bigman12321: bets $0.27
HENRYPREMIUM: calls $0.27
*** TURN *** [Kd 6s 2h] [Ks]
HENRYPREMIUM: checks 
bigman12321: bets $0.80
HENRYPREMIUM: calls $0.80
*** RIVER *** [Kd 6s 2h Ks] [Ah]
HENRYPREMIUM: checks 
bigman12321: checks 
*** SHOW DOWN ***
HENRYPREMIUM: shows [As Qs] (two pair, Aces and Kings)
bigman12321: mucks hand 
HENRYPREMIUM collected $2.57 from pot
*** SUMMARY ***
Total pot $2.69 | Rake $0.12 
Board [Kd 6s 2h Ks Ah]
Seat 1: Clown_Devilick (button) folded before Flop (didn't bet)
Seat 2: OldSharK1979 (small blind) folded before Flop
Seat 3: Shakawka (big blind) folded before Flop
Seat 4: Mahu2021 folded before Flop (didn't bet)
Seat 5: HENRYPREMIUM showed [As Qs] and won ($2.57) with two pair, Aces and Kings
Seat 6: bigman12321 mucked [Ts Ad]



PokerStars Zoom Hand #255443013218:  Hold'em No Limit ($0.05/$0.10) - 2025/03/25 8:23:32 CET [2025/03/25 3:23:32 ET]
Table 'Aludra' 6-max Seat #1 is the button
Seat 1: Mahu2021 ($5.18 in chips) 
Seat 2: cornetto07 ($10 in chips) 
Seat 3: 1banditpanda ($33.86 in chips) 
Seat 4: timothyriddle ($14.77 in chips) 
Seat 5: afwing16 ($10.49 in chips) 
Seat 6: Augis29 ($13.08 in chips) 
cornetto07: posts small blind $0.05
1banditpanda: posts big blind $0.10
*** HOLE CARDS ***
Dealt to Mahu2021 [Ah 6d]
timothyriddle: folds 
afwing16: folds 
Augis29: folds 
Mahu2021: raises $0.20 to $0.30
cornetto07: folds 
1banditpanda: folds 
Uncalled bet ($0.20) returned to Mahu2021
Mahu2021 collected $0.25 from pot
Mahu2021: doesn't show hand 
*** SUMMARY ***
Total pot $0.25 | Rake $0 
Seat 1: Mahu2021 (button) collected ($0.25)
Seat 2: cornetto07 (small blind) folded before Flop
Seat 3: 1banditpanda (big blind) folded before Flop
Seat 4: timothyriddle folded before Flop (didn't bet)
Seat 5: afwing16 folded before Flop (didn't bet)
Seat 6: Augis29 folded before Flop (didn't bet)



PokerStars Zoom Hand #255443014011:  Hold'em No Limit ($0.05/$0.10) - 2025/03/25 8:23:45 CET [2025/03/25 3:23:45 ET]
Table 'Aludra' 6-max Seat #1 is the button
Seat 1: HENRYPREMIUM ($29.39 in chips) 
Seat 2: cornetto07 ($10 in chips) 
Seat 3: Shakawka ($10.37 in chips) 
Seat 4: Mahu2021 ($5.33 in chips) 
Seat 5: 1banditpanda ($33.76 in chips) 
Seat 6: Clown_Devilick ($18.14 in chips) 
cornetto07: posts small blind $0.05
Shakawka: posts big blind $0.10
*** HOLE CARDS ***
Dealt to Mahu2021 [Ac 3d]
Mahu2021: folds 
1banditpanda: folds 
Clown_Devilick: folds 
HENRYPREMIUM: folds 
cornetto07: folds 
Uncalled bet ($0.05) returned to Shakawka
Shakawka collected $0.10 from pot
Shakawka: doesn't show hand 
*** SUMMARY ***
Total pot $0.10 | Rake $0 
Seat 1: HENRYPREMIUM (button) folded before Flop (didn't bet)
Seat 2: cornetto07 (small blind) folded before Flop
Seat 3: Shakawka (big blind) collected ($0.10)
Seat 4: Mahu2021 folded before Flop (didn't bet)
Seat 5: 1banditpanda folded before Flop (didn't bet)
Seat 6: Clown_Devilick folded before Flop (didn't bet)



PokerStars Zoom Hand #255443014288:  Hold'em No Limit ($0.05/$0.10) - 2025/03/25 8:23:49 CET [2025/03/25 3:23:49 ET]
Table 'Aludra' 6-max Seat #1 is the button
Seat 1: cornetto07 ($10 in chips) 
Seat 2: jope1945 ($8.59 in chips) 
Seat 3: Mahu2021 ($5.33 in chips) 
Seat 4: 00O-2Z ($20.44 in chips) 
Seat 5: ArtStyleH ($10.20 in chips) 
Seat 6: 1banditpanda ($33.76 in chips) 
jope1945: posts small blind $0.05
Mahu2021: posts big blind $0.10
*** HOLE CARDS ***
Dealt to Mahu2021 [3h Tc]
00O-2Z: folds 
ArtStyleH: raises $0.10 to $0.20
1banditpanda: folds 
cornetto07: folds 
jope1945: calls $0.15
Mahu2021: folds 
*** FLOP *** [Td 9d Jc]
jope1945: checks 
ArtStyleH: checks 
*** TURN *** [Td 9d Jc] [Kh]
jope1945: bets $0.24
ArtStyleH: folds 
Uncalled bet ($0.24) returned to jope1945
jope1945 collected $0.48 from pot
jope1945: doesn't show hand 
*** SUMMARY ***
Total pot $0.50 | Rake $0.02 
Board [Td 9d Jc Kh]
Seat 1: cornetto07 (button) folded before Flop (didn't bet)
Seat 2: jope1945 (small blind) collected ($0.48)
Seat 3: Mahu2021 (big blind) folded before Flop
Seat 4: 00O-2Z folded before Flop (didn't bet)
Seat 5: ArtStyleH folded on the Turn
Seat 6: 1banditpanda folded before Flop (didn't bet)



PokerStars Zoom Hand #255443016226:  Hold'em No Limit ($0.05/$0.10) - 2025/03/25 8:24:20 CET [2025/03/25 3:24:20 ET]
Table 'Aludra' 6-max Seat #1 is the button
Seat 1: eriktnt ($10.35 in chips) 
Seat 2: Clown_Devilick ($17.99 in chips) 
Seat 3: Mahu2021 ($5.18 in chips) 
Seat 4: HENRYPREMIUM ($29.24 in chips) 
Seat 5: timothyriddle ($15.13 in chips) 
Seat 6: RealRastar ($8.54 in chips) 
Clown_Devilick: posts small blind $0.05
Mahu2021: posts big blind $0.10
*** HOLE CARDS ***
Dealt to Mahu2021 [Ts 2h]
HENRYPREMIUM: raises $0.10 to $0.20
timothyriddle: folds 
RealRastar: folds 
eriktnt: folds 
Clown_Devilick: folds 
Mahu2021: folds 
Uncalled bet ($0.10) returned to HENRYPREMIUM
HENRYPREMIUM collected $0.25 from pot
HENRYPREMIUM: doesn't show hand 
*** SUMMARY ***
Total pot $0.25 | Rake $0 
Seat 1: eriktnt (button) folded before Flop (didn't bet)
Seat 2: Clown_Devilick (small blind) folded before Flop
Seat 3: Mahu2021 (big blind) folded before Flop
Seat 4: HENRYPREMIUM collected ($0.25)
Seat 5: timothyriddle folded before Flop (didn't bet)
Seat 6: RealRastar folded before Flop (didn't bet)



PokerStars Zoom Hand #255443015061:  Hold'em No Limit ($0.05/$0.10) - 2025/03/25 8:24:01 CET [2025/03/25 3:24:01 ET]
Table 'Aludra' 6-max Seat #1 is the button
Seat 1: Mahu2021 ($5.23 in chips) 
Seat 2: Gilmarlise ($3.79 in chips) 
Seat 3: afwing16 ($10.49 in chips) 
Seat 4: 1banditpanda ($18.09 in chips) 
Seat 5: Shakawka ($16.27 in chips) 
Seat 6: bigman12321 ($10.01 in chips) 
Gilmarlise: posts small blind $0.05
afwing16: posts big blind $0.10
*** HOLE CARDS ***
Dealt to Mahu2021 [4s 7s]
1banditpanda: folds 
Shakawka: folds 
bigman12321: raises $0.20 to $0.30
Mahu2021: folds 
Gilmarlise: folds 
afwing16: calls $0.20
*** FLOP *** [5h 9h Ks]
afwing16: checks 
bigman12321: bets $0.20
afwing16: calls $0.20
*** TURN *** [5h 9h Ks] [5s]
afwing16: checks 
bigman12321: checks 
*** RIVER *** [5h 9h Ks 5s] [Qc]
afwing16: checks 
bigman12321: bets $1
afwing16: folds 
Uncalled bet ($1) returned to bigman12321
bigman12321 collected $1 from pot
bigman12321: doesn't show hand 
*** SUMMARY ***
Total pot $1.05 | Rake $0.05 
Board [5h 9h Ks 5s Qc]
Seat 1: Mahu2021 (button) folded before Flop (didn't bet)
Seat 2: Gilmarlise (small blind) folded before Flop
Seat 3: afwing16 (big blind) folded on the River
Seat 4: 1banditpanda folded before Flop (didn't bet)
Seat 5: Shakawka folded before Flop (didn't bet)
Seat 6: bigman12321 collected ($1)



PokerStars Zoom Hand #255443014574:  Hold'em No Limit ($0.05/$0.10) - 2025/03/25 8:23:54 CET [2025/03/25 3:23:54 ET]
Table 'Aludra' 6-max Seat #1 is the button
Seat 1: deejaydmc ($17.11 in chips) 
Seat 2: 1banditpanda ($33.76 in chips) 
Seat 3: 00O-2Z ($20.44 in chips) 
Seat 4: HENRYPREMIUM ($29.39 in chips) 
Seat 5: eriktnt ($10 in chips) 
Seat 6: Mahu2021 ($5.23 in chips) 
1banditpanda: posts small blind $0.05
00O-2Z: posts big blind $0.10
*** HOLE CARDS ***
Dealt to Mahu2021 [3h Qc]
HENRYPREMIUM: folds 
eriktnt: folds 
Mahu2021: folds 
deejaydmc: raises $0.20 to $0.30
1banditpanda: folds 
00O-2Z: raises $1 to $1.30
deejaydmc: calls $1
*** FLOP *** [5s 6h 4c]
00O-2Z: bets $0.90
deejaydmc: folds 
Uncalled bet ($0.90) returned to 00O-2Z
00O-2Z collected $2.53 from pot
00O-2Z: doesn't show hand 
*** SUMMARY ***
Total pot $2.65 | Rake $0.12 
Board [5s 6h 4c]
Seat 1: deejaydmc (button) folded on the Flop
Seat 2: 1banditpanda (small blind) folded before Flop
Seat 3: 00O-2Z (big blind) collected ($2.53)
Seat 4: HENRYPREMIUM folded before Flop (didn't bet)
Seat 5: eriktnt folded before Flop (didn't bet)
Seat 6: Mahu2021 folded before Flop (didn't bet)



PokerStars Zoom Hand #255443016795:  Hold'em No Limit ($0.05/$0.10) - 2025/03/25 8:24:29 CET [2025/03/25 3:24:29 ET]
Table 'Aludra' 6-max Seat #1 is the button
Seat 1: McFunk78 ($8.98 in chips) 
Seat 2: NoName_9091 ($4.01 in chips) 
Seat 3: cornetto07 ($10.10 in chips) 
Seat 4: eriktnt ($10 in chips) 
Seat 5: Mahu2021 ($5.08 in chips) 
Seat 6: Clown_Devilick ($17.94 in chips) 
NoName_9091: posts small blind $0.05
cornetto07: posts big blind $0.10
*** HOLE CARDS ***
Dealt to Mahu2021 [9d Ks]
eriktnt: folds 
Mahu2021: folds 
Clown_Devilick: folds 
McFunk78: folds 
NoName_9091: folds 
Uncalled bet ($0.05) returned to cornetto07
cornetto07 collected $0.10 from pot
cornetto07: doesn't show hand 
*** SUMMARY ***
Total pot $0.10 | Rake $0 
Seat 1: McFunk78 (button) folded before Flop (didn't bet)
Seat 2: NoName_9091 (small blind) folded before Flop
Seat 3: cornetto07 (big blind) collected ($0.10)
Seat 4: eriktnt folded before Flop (didn't bet)
Seat 5: Mahu2021 folded before Flop (didn't bet)
Seat 6: Clown_Devilick folded before Flop (didn't bet)



PokerStars Zoom Hand #255443015289:  Hold'em No Limit ($0.05/$0.10) - 2025/03/25 8:24:05 CET [2025/03/25 3:24:05 ET]
Table 'Aludra' 6-max Seat #1 is the button
Seat 1: A_Rommel ($11.04 in chips) 
Seat 2: cornetto07 ($10 in chips) 
Seat 3: 1banditpanda ($18.09 in chips) 
Seat 4: lioni26 ($12.12 in chips) 
Seat 5: Mahu2021 ($5.23 in chips) 
Seat 6: HENRYPREMIUM ($3.70 in chips) 
cornetto07: posts small blind $0.05
1banditpanda: posts big blind $0.10
*** HOLE CARDS ***
Dealt to Mahu2021 [4d Qd]
lioni26: folds 
Mahu2021: folds 
HENRYPREMIUM: folds 
A_Rommel: raises $0.15 to $0.25
cornetto07: folds 
1banditpanda: raises $0.75 to $1
A_Rommel: calls $0.75
*** FLOP *** [As 5c 7h]
1banditpanda: bets $1.29
A_Rommel: folds 
Uncalled bet ($1.29) returned to 1banditpanda
1banditpanda collected $1.96 from pot
1banditpanda: doesn't show hand 
*** SUMMARY ***
Total pot $2.05 | Rake $0.09 
Board [As 5c 7h]
Seat 1: A_Rommel (button) folded on the Flop
Seat 2: cornetto07 (small blind) folded before Flop
Seat 3: 1banditpanda (big blind) collected ($1.96)
Seat 4: lioni26 folded before Flop (didn't bet)
Seat 5: Mahu2021 folded before Flop (didn't bet)
Seat 6: HENRYPREMIUM folded before Flop (didn't bet)



PokerStars Zoom Hand #255443017094:  Hold'em No Limit ($0.05/$0.10) - 2025/03/25 8:24:34 CET [2025/03/25 3:24:34 ET]
Table 'Aludra' 6-max Seat #1 is the button
Seat 1: Mahu2021 ($5.08 in chips) 
Seat 2: bigman12321 ($10.51 in chips) 
Seat 3: timothyriddle ($15.08 in chips) 
Seat 4: deejaydmc ($15.81 in chips) 
Seat 5: Shakawka ($11.36 in chips) 
Seat 6: eriktnt ($10.35 in chips) 
bigman12321: posts small blind $0.05
timothyriddle: posts big blind $0.10
*** HOLE CARDS ***
Dealt to Mahu2021 [6d Jd]
deejaydmc: raises $0.20 to $0.30
Shakawka: folds 
eriktnt: folds 
Mahu2021: folds 
bigman12321: folds 
timothyriddle: folds 
Uncalled bet ($0.20) returned to deejaydmc
deejaydmc collected $0.25 from pot
deejaydmc: doesn't show hand 
*** SUMMARY ***
Total pot $0.25 | Rake $0 
Seat 1: Mahu2021 (button) folded before Flop (didn't bet)
Seat 2: bigman12321 (small blind) folded before Flop
Seat 3: timothyriddle (big blind) folded before Flop
Seat 4: deejaydmc collected ($0.25)
Seat 5: Shakawka folded before Flop (didn't bet)
Seat 6: eriktnt folded before Flop (didn't bet)



PokerStars Zoom Hand #255443017243:  Hold'em No Limit ($0.05/$0.10) - 2025/03/25 8:24:36 CET [2025/03/25 3:24:36 ET]
Table 'Aludra' 6-max Seat #1 is the button
Seat 1: Clown_Devilick ($17.94 in chips) 
Seat 2: McFunk78 ($8.98 in chips) 
Seat 3: Greytree666 ($10 in chips) 
Seat 4: NoName_9091 ($3.96 in chips) 
Seat 5: 00O-2Z ($21.67 in chips) 
Seat 6: Mahu2021 ($5.08 in chips) 
McFunk78: posts small blind $0.05
Greytree666: posts big blind $0.10
*** HOLE CARDS ***
Dealt to Mahu2021 [Qs Kh]
NoName_9091: folds 
00O-2Z: folds 
Mahu2021: raises $0.14 to $0.24
Clown_Devilick: raises $0.54 to $0.78
McFunk78: folds 
Greytree666: folds 
Mahu2021: folds 
Uncalled bet ($0.54) returned to Clown_Devilick
Clown_Devilick collected $0.63 from pot
Clown_Devilick: doesn't show hand 
*** SUMMARY ***
Total pot $0.63 | Rake $0 
Seat 1: Clown_Devilick (button) collected ($0.63)
Seat 2: McFunk78 (small blind) folded before Flop
Seat 3: Greytree666 (big blind) folded before Flop
Seat 4: NoName_9091 folded before Flop (didn't bet)
Seat 5: 00O-2Z folded before Flop (didn't bet)
Seat 6: Mahu2021 folded before Flop



PokerStars Zoom Hand #255443015600:  Hold'em No Limit ($0.05/$0.10) - 2025/03/25 8:24:10 CET [2025/03/25 3:24:10 ET]
Table 'Aludra' 6-max Seat #1 is the button
Seat 1: cornetto07 ($10 in chips) 
Seat 2: Mahu2021 ($5.23 in chips) 
Seat 3: Gilmarlise ($3.74 in chips) 
Seat 4: nakajeeee ($10.54 in chips) 
Seat 5: kimmand ($10.26 in chips) 
Seat 6: McFunk78 ($9.08 in chips) 
Mahu2021: posts small blind $0.05
Gilmarlise: posts big blind $0.10
*** HOLE CARDS ***
Dealt to Mahu2021 [Qd 4c]
nakajeeee: folds 
kimmand: raises $0.10 to $0.20
McFunk78: folds 
cornetto07: calls $0.20
Mahu2021: folds 
Gilmarlise: calls $0.10
*** FLOP *** [5h 4h 7h]
Gilmarlise: checks 
kimmand: checks 
cornetto07: checks 
*** TURN *** [5h 4h 7h] [Ah]
Gilmarlise: checks 
kimmand: checks 
cornetto07: bets $0.30
Gilmarlise: folds 
kimmand: calls $0.30
*** RIVER *** [5h 4h 7h Ah] [9s]
kimmand: checks 
cornetto07: bets $0.80
kimmand: folds 
Uncalled bet ($0.80) returned to cornetto07
cornetto07 collected $1.19 from pot
cornetto07: doesn't show hand 
*** SUMMARY ***
Total pot $1.25 | Rake $0.06 
Board [5h 4h 7h Ah 9s]
Seat 1: cornetto07 (button) collected ($1.19)
Seat 2: Mahu2021 (small blind) folded before Flop
Seat 3: Gilmarlise (big blind) folded on the Turn
Seat 4: nakajeeee folded before Flop (didn't bet)
Seat 5: kimmand folded on the River
Seat 6: McFunk78 folded before Flop (didn't bet)



PokerStars Zoom Hand #255443018510:  Hold'em No Limit ($0.05/$0.10) - 2025/03/25 8:24:57 CET [2025/03/25 3:24:57 ET]
Table 'Aludra' 6-max Seat #1 is the button
Seat 1: cornetto07 ($10.10 in chips) 
Seat 2: Mahu2021 ($4.84 in chips) 
Seat 3: HENRYPREMIUM ($3.88 in chips) 
Seat 4: ShoShob20 ($3.73 in chips) 
Seat 5: McFunk78 ($8.83 in chips) 
Seat 6: Nyk4o0o1918 ($5.81 in chips) 
Mahu2021: posts small blind $0.05
HENRYPREMIUM: posts big blind $0.10
*** HOLE CARDS ***
Dealt to Mahu2021 [5d 9d]
ShoShob20: folds 
McFunk78: folds 
Nyk4o0o1918: folds 
cornetto07: folds 
Mahu2021: folds 
Uncalled bet ($0.05) returned to HENRYPREMIUM
HENRYPREMIUM collected $0.10 from pot
HENRYPREMIUM: doesn't show hand 
*** SUMMARY ***
Total pot $0.10 | Rake $0 
Seat 1: cornetto07 (button) folded before Flop (didn't bet)
Seat 2: Mahu2021 (small blind) folded before Flop
Seat 3: HENRYPREMIUM (big blind) collected ($0.10)
Seat 4: ShoShob20 folded before Flop (didn't bet)
Seat 5: McFunk78 folded before Flop (didn't bet)
Seat 6: Nyk4o0o1918 folded before Flop (didn't bet)



PokerStars Zoom Hand #255443018790:  Hold'em No Limit ($0.05/$0.10) - 2025/03/25 8:25:01 CET [2025/03/25 3:25:01 ET]
Table 'Aludra' 6-max Seat #1 is the button
Seat 1: nakajeeee ($24.15 in chips) 
Seat 2: Shakawka ($11.21 in chips) 
Seat 3: lioni26 ($10 in chips) 
Seat 4: Mahu2021 ($4.79 in chips) 
Seat 5: ShoShob20 ($3.73 in chips) 
Seat 6: eriktnt ($10.30 in chips) 
Shakawka: posts small blind $0.05
lioni26: posts big blind $0.10
*** HOLE CARDS ***
Dealt to Mahu2021 [Qh 6s]
Mahu2021: folds 
ShoShob20: folds 
eriktnt: raises $0.12 to $0.22
nakajeeee: folds 
Shakawka: folds 
lioni26: calls $0.12
*** FLOP *** [8s 7h 3h]
lioni26: checks 
eriktnt: checks 
*** TURN *** [8s 7h 3h] [As]
lioni26: bets $0.35
eriktnt: folds 
Uncalled bet ($0.35) returned to lioni26
lioni26 collected $0.47 from pot
lioni26: doesn't show hand 
*** SUMMARY ***
Total pot $0.49 | Rake $0.02 
Board [8s 7h 3h As]
Seat 1: nakajeeee (button) folded before Flop (didn't bet)
Seat 2: Shakawka (small blind) folded before Flop
Seat 3: lioni26 (big blind) collected ($0.47)
Seat 4: Mahu2021 folded before Flop (didn't bet)
Seat 5: ShoShob20 folded before Flop (didn't bet)
Seat 6: eriktnt folded on the Turn



PokerStars Zoom Hand #255443019044:  Hold'em No Limit ($0.05/$0.10) - 2025/03/25 8:25:05 CET [2025/03/25 3:25:05 ET]
Table 'Aludra' 6-max Seat #1 is the button
Seat 1: eriktnt ($10 in chips) 
Seat 2: 00O-2Z ($21.57 in chips) 
Seat 3: Mahu2021 ($4.79 in chips) 
Seat 4: Andrei232Zah ($7.31 in chips) 
Seat 5: Nyk4o0o1918 ($5.81 in chips) 
Seat 6: nakajeeee ($10.24 in chips) 
00O-2Z: posts small blind $0.05
Mahu2021: posts big blind $0.10
*** HOLE CARDS ***
Dealt to Mahu2021 [9s 5c]
Andrei232Zah: raises $0.10 to $0.20
Nyk4o0o1918: calls $0.20
nakajeeee: folds 
eriktnt: folds 
00O-2Z: folds 
Mahu2021: folds 
*** FLOP *** [3d 5h Th]
Andrei232Zah: bets $0.20
Nyk4o0o1918: calls $0.20
*** TURN *** [3d 5h Th] [Jc]
Andrei232Zah: bets $0.30
Nyk4o0o1918: calls $0.30
*** RIVER *** [3d 5h Th Jc] [Qh]
Andrei232Zah: checks 
Nyk4o0o1918: checks 
*** SHOW DOWN ***
Andrei232Zah: shows [Qc 8c] (a pair of Queens)
Nyk4o0o1918: mucks hand 
Andrei232Zah collected $1.48 from pot
*** SUMMARY ***
Total pot $1.55 | Rake $0.07 
Board [3d 5h Th Jc Qh]
Seat 1: eriktnt (button) folded before Flop (didn't bet)
Seat 2: 00O-2Z (small blind) folded before Flop
Seat 3: Mahu2021 (big blind) folded before Flop
Seat 4: Andrei232Zah showed [Qc 8c] and won ($1.48) with a pair of Queens
Seat 5: Nyk4o0o1918 mucked [4s Ts]
Seat 6: nakajeeee folded before Flop (didn't bet)



PokerStars Zoom Hand #255443019278:  Hold'em No Limit ($0.05/$0.10) - 2025/03/25 8:25:09 CET [2025/03/25 3:25:09 ET]
Table 'Aludra' 6-max Seat #1 is the button
Seat 1: Mahu2021 ($4.69 in chips) 
Seat 2: kimmand ($9.66 in chips) 
Seat 3: cornetto07 ($10.69 in chips) 
Seat 4: A_Rommel ($10.14 in chips) 
Seat 5: jope1945 ($9.38 in chips) 
Seat 6: 00O-2Z ($21.52 in chips) 
kimmand: posts small blind $0.05
cornetto07: posts big blind $0.10
*** HOLE CARDS ***
Dealt to Mahu2021 [4s Js]
A_Rommel: folds 
jope1945: raises $0.10 to $0.20
00O-2Z: raises $0.60 to $0.80
Mahu2021: folds 
kimmand: calls $0.75
cornetto07: calls $0.70
jope1945: calls $0.60
*** FLOP *** [Ks 2h Jh]
kimmand: checks 
cornetto07: bets $2.66
jope1945: folds 
00O-2Z: folds 
kimmand: folds 
Uncalled bet ($2.66) returned to cornetto07
cornetto07 collected $3.06 from pot
cornetto07: doesn't show hand 
*** SUMMARY ***
Total pot $3.20 | Rake $0.14 
Board [Ks 2h Jh]
Seat 1: Mahu2021 (button) folded before Flop (didn't bet)
Seat 2: kimmand (small blind) folded on the Flop
Seat 3: cornetto07 (big blind) collected ($3.06)
Seat 4: A_Rommel folded before Flop (didn't bet)
Seat 5: jope1945 folded on the Flop
Seat 6: 00O-2Z folded on the Flop



PokerStars Zoom Hand #255443019670:  Hold'em No Limit ($0.05/$0.10) - 2025/03/25 8:25:15 CET [2025/03/25 3:25:15 ET]
Table 'Aludra' 6-max Seat #1 is the button
Seat 1: afwing16 ($10 in chips) 
Seat 2: A_Rommel ($10.14 in chips) 
Seat 3: NoName_9091 ($3.96 in chips) 
Seat 4: zogecmarogec ($3.95 in chips) 
Seat 5: Greytree666 ($10 in chips) 
Seat 6: Mahu2021 ($4.69 in chips) 
A_Rommel: posts small blind $0.05
NoName_9091: posts big blind $0.10
*** HOLE CARDS ***
Dealt to Mahu2021 [Ks Jc]
zogecmarogec: raises $0.10 to $0.20
Greytree666: folds 
Mahu2021: calls $0.20
afwing16: folds 
A_Rommel: folds 
NoName_9091: folds 
*** FLOP *** [2c Kc 7c]
zogecmarogec: bets $0.20
Mahu2021: raises $0.90 to $1.10
zogecmarogec: raises $2.65 to $3.75 and is all-in
Mahu2021: calls $2.65
*** TURN *** [2c Kc 7c] [Qh]
*** RIVER *** [2c Kc 7c Qh] [9h]
*** SHOW DOWN ***
zogecmarogec: shows [Kd Ad] (a pair of Kings)
Mahu2021: shows [Ks Jc] (a pair of Kings - lower kicker)
zogecmarogec cashed out the hand for $4.05 | Cash Out Fee $0.08
*** SUMMARY ***
Total pot $8.05 | Rake $0.36 
Board [2c Kc 7c Qh 9h]
Seat 1: afwing16 (button) folded before Flop (didn't bet)
Seat 2: A_Rommel (small blind) folded before Flop
Seat 3: NoName_9091 (big blind) folded before Flop
Seat 4: zogecmarogec showed [Kd Ad] and won ($7.69) with a pair of Kings (pot not awarded as player cashed out)
Seat 5: Greytree666 folded before Flop (didn't bet)
Seat 6: Mahu2021 showed [Ks Jc] and lost with a pair of Kings



