PokerStars Zoom Hand #255646976930:  Hold'em No Limit ($0.05/$0.10) - 2025/04/08 17:05:30 CET [2025/04/08 11:05:30 ET]
Table 'Aludra' 6-max Seat #1 is the button
Seat 1: GODR2 ($12.03 in chips) 
Seat 2: StrongMercedes ($10.25 in chips) 
Seat 3: Mahu2021 ($10 in chips) 
Seat 4: Mallardz ($22.40 in chips) 
Seat 5: whit&sh@rk ($12.32 in chips) 
Seat 6: AceWise ($12.53 in chips) 
StrongMercedes: posts small blind $0.05
Mahu2021: posts big blind $0.10
*** HOLE CARDS ***
Dealt to Mahu2021 [3c Jd]
Mallardz: folds 
whit&sh@rk: folds 
AceWise: folds 
GODR2 has timed out
GODR2: folds 
StrongMercedes: folds 
Uncalled bet ($0.05) returned to Mahu2021
Mahu2021 collected $0.10 from pot
Mahu2021: doesn't show hand 
*** SUMMARY ***
Total pot $0.10 | Rake $0 
Seat 1: GODR2 (button) folded before Flop (didn't bet)
Seat 2: StrongMercedes (small blind) folded before Flop
Seat 3: Mahu2021 (big blind) collected ($0.10)
Seat 4: Mallardz folded before Flop (didn't bet)
Seat 5: whit&sh@rk folded before Flop (didn't bet)
Seat 6: AceWise folded before Flop (didn't bet)



PokerStars Zoom Hand #255646980444:  Hold'em No Limit ($0.05/$0.10) - 2025/04/08 17:05:51 CET [2025/04/08 11:05:51 ET]
Table 'Aludra' 6-max Seat #1 is the button
Seat 1: Lanziee ($7.90 in chips) 
Seat 2: Matzet1ka ($10 in chips) 
Seat 3: Shari RD ($15.75 in chips) 
Seat 4: SevenDeuceSSuit ($14.15 in chips) 
Seat 5: Mahu2021 ($10.05 in chips) 
Seat 6: dsanchez11 ($10 in chips) 
Matzet1ka: posts small blind $0.05
Shari RD: posts big blind $0.10
*** HOLE CARDS ***
Dealt to Mahu2021 [3h Qc]
SevenDeuceSSuit: folds 
Mahu2021: folds 
dsanchez11: folds 
Lanziee: folds 
Matzet1ka: raises $0.10 to $0.20
Shari RD: raises $0.60 to $0.80
Matzet1ka: folds 
Uncalled bet ($0.60) returned to Shari RD
Shari RD collected $0.40 from pot
Shari RD: doesn't show hand 
*** SUMMARY ***
Total pot $0.40 | Rake $0 
Seat 1: Lanziee (button) folded before Flop (didn't bet)
Seat 2: Matzet1ka (small blind) folded before Flop
Seat 3: Shari RD (big blind) collected ($0.40)
Seat 4: SevenDeuceSSuit folded before Flop (didn't bet)
Seat 5: Mahu2021 folded before Flop (didn't bet)
Seat 6: dsanchez11 folded before Flop (didn't bet)



PokerStars Zoom Hand #255646981122:  Hold'em No Limit ($0.05/$0.10) - 2025/04/08 17:05:54 CET [2025/04/08 11:05:54 ET]
Table 'Aludra' 6-max Seat #1 is the button
Seat 1: whit&sh@rk ($12.27 in chips) 
Seat 2: Mahu2021 ($10.05 in chips) 
Seat 3: 15lawrencea ($21.91 in chips) 
Seat 4: WoozyFace ($9.05 in chips) 
Seat 5: Winik810 ($13.96 in chips) 
Seat 6: NoSweat666 ($10 in chips) 
Mahu2021: posts small blind $0.05
15lawrencea: posts big blind $0.10
*** HOLE CARDS ***
Dealt to Mahu2021 [Qc Jc]
WoozyFace: raises $0.15 to $0.25
Winik810: folds 
NoSweat666: folds 
whit&sh@rk: folds 
Mahu2021: calls $0.20
15lawrencea: folds 
*** FLOP *** [5c 5d 7h]
Mahu2021: checks 
WoozyFace: bets $0.29
Mahu2021: calls $0.29
*** TURN *** [5c 5d 7h] [2c]
Mahu2021: checks 
WoozyFace: bets $0.90
Mahu2021: raises $1.20 to $2.10
WoozyFace: calls $1.20
*** RIVER *** [5c 5d 7h 2c] [4s]
Mahu2021: checks 
WoozyFace: bets $4.10
Mahu2021: folds 
Uncalled bet ($4.10) returned to WoozyFace
WoozyFace collected $5.14 from pot
WoozyFace: doesn't show hand 
*** SUMMARY ***
Total pot $5.38 | Rake $0.24 
Board [5c 5d 7h 2c 4s]
Seat 1: whit&sh@rk (button) folded before Flop (didn't bet)
Seat 2: Mahu2021 (small blind) folded on the River
Seat 3: 15lawrencea (big blind) folded before Flop
Seat 4: WoozyFace collected ($5.14)
Seat 5: Winik810 folded before Flop (didn't bet)
Seat 6: NoSweat666 folded before Flop (didn't bet)



PokerStars Zoom Hand #255646994381:  Hold'em No Limit ($0.05/$0.10) - 2025/04/08 17:07:08 CET [2025/04/08 11:07:08 ET]
Table 'Aludra' 6-max Seat #1 is the button
Seat 1: citizen6e ($10.49 in chips) 
Seat 2: bloodedesert ($23.44 in chips) 
Seat 3: augtoth ($12.39 in chips) 
Seat 4: Mallardz ($12.45 in chips) 
Seat 5: GODR2 ($10 in chips) 
Seat 6: Mahu2021 ($7.41 in chips) 
bloodedesert: posts small blind $0.05
augtoth: posts big blind $0.10
*** HOLE CARDS ***
Dealt to Mahu2021 [2h 4d]
Mallardz: folds 
GODR2: raises $0.15 to $0.25
Mahu2021: folds 
citizen6e: folds 
bloodedesert: folds 
augtoth: folds 
Uncalled bet ($0.15) returned to GODR2
GODR2 collected $0.25 from pot
GODR2: doesn't show hand 
*** SUMMARY ***
Total pot $0.25 | Rake $0 
Seat 1: citizen6e (button) folded before Flop (didn't bet)
Seat 2: bloodedesert (small blind) folded before Flop
Seat 3: augtoth (big blind) folded before Flop
Seat 4: Mallardz folded before Flop (didn't bet)
Seat 5: GODR2 collected ($0.25)
Seat 6: Mahu2021 folded before Flop (didn't bet)



PokerStars Zoom Hand #255646995487:  Hold'em No Limit ($0.05/$0.10) - 2025/04/08 17:07:14 CET [2025/04/08 11:07:14 ET]
Table 'Aludra' 6-max Seat #1 is the button
Seat 1: bloodedesert ($23.39 in chips) 
Seat 2: AceWise ($14 in chips) 
Seat 3: MTziiinn ($11.57 in chips) 
Seat 4: Mahu2021 ($7.41 in chips) 
Seat 5: vananej ($14.02 in chips) 
Seat 6: stazio2008 ($5.22 in chips) 
AceWise: posts small blind $0.05
MTziiinn: posts big blind $0.10
*** HOLE CARDS ***
Dealt to Mahu2021 [9d 9s]
Mahu2021: raises $0.11 to $0.21
vananej: folds 
stazio2008: calls $0.21
bloodedesert: folds 
AceWise: folds 
MTziiinn: folds 
*** FLOP *** [Kh 5d 5s]
Mahu2021: bets $0.30
stazio2008: folds 
Uncalled bet ($0.30) returned to Mahu2021
Mahu2021 collected $0.54 from pot
Mahu2021: doesn't show hand 
*** SUMMARY ***
Total pot $0.57 | Rake $0.03 
Board [Kh 5d 5s]
Seat 1: bloodedesert (button) folded before Flop (didn't bet)
Seat 2: AceWise (small blind) folded before Flop
Seat 3: MTziiinn (big blind) folded before Flop
Seat 4: Mahu2021 collected ($0.54)
Seat 5: vananej folded before Flop (didn't bet)
Seat 6: stazio2008 folded on the Flop



PokerStars Zoom Hand #255646998974:  Hold'em No Limit ($0.05/$0.10) - 2025/04/08 17:07:33 CET [2025/04/08 11:07:33 ET]
Table 'Aludra' 6-max Seat #1 is the button
Seat 1: prettika ($6.95 in chips) 
Seat 2: Tommg49 ($5.42 in chips) 
Seat 3: Mahu2021 ($7.74 in chips) 
Seat 4: denis4250 ($10.66 in chips) 
Seat 5: Wag1Wasteman ($12.49 in chips) 
Seat 6: pokeripuikko ($30.69 in chips) 
Tommg49: posts small blind $0.05
Mahu2021: posts big blind $0.10
*** HOLE CARDS ***
Dealt to Mahu2021 [Qd Ts]
denis4250: raises $0.15 to $0.25
Wag1Wasteman: folds 
pokeripuikko: folds 
prettika: calls $0.25
Tommg49: folds 
Mahu2021: folds 
*** FLOP *** [4c Qc Ac]
denis4250: bets $0.21
prettika: folds 
Uncalled bet ($0.21) returned to denis4250
denis4250 collected $0.62 from pot
denis4250: doesn't show hand 
*** SUMMARY ***
Total pot $0.65 | Rake $0.03 
Board [4c Qc Ac]
Seat 1: prettika (button) folded on the Flop
Seat 2: Tommg49 (small blind) folded before Flop
Seat 3: Mahu2021 (big blind) folded before Flop
Seat 4: denis4250 collected ($0.62)
Seat 5: Wag1Wasteman folded before Flop (didn't bet)
Seat 6: pokeripuikko folded before Flop (didn't bet)



PokerStars Zoom Hand #255647000914:  Hold'em No Limit ($0.05/$0.10) - 2025/04/08 17:07:44 CET [2025/04/08 11:07:44 ET]
Table 'Aludra' 6-max Seat #1 is the button
Seat 1: Mahu2021 ($7.59 in chips) 
Seat 2: Winik810 ($16.71 in chips) 
Seat 3: GODR2 ($13.43 in chips) 
Seat 4: Wag1Wasteman ($12.49 in chips) 
Seat 5: sv5555555 ($6.76 in chips) 
Seat 6: citizen6e ($10.78 in chips) 
Winik810: posts small blind $0.05
GODR2: posts big blind $0.10
*** HOLE CARDS ***
Dealt to Mahu2021 [Qd Kc]
Wag1Wasteman: folds 
sv5555555: folds 
citizen6e: folds 
Mahu2021: raises $0.20 to $0.30
Winik810: folds 
GODR2: folds 
Uncalled bet ($0.20) returned to Mahu2021
Mahu2021 collected $0.25 from pot
Mahu2021: doesn't show hand 
*** SUMMARY ***
Total pot $0.25 | Rake $0 
Seat 1: Mahu2021 (button) collected ($0.25)
Seat 2: Winik810 (small blind) folded before Flop
Seat 3: GODR2 (big blind) folded before Flop
Seat 4: Wag1Wasteman folded before Flop (didn't bet)
Seat 5: sv5555555 folded before Flop (didn't bet)
Seat 6: citizen6e folded before Flop (didn't bet)



PokerStars Zoom Hand #255646993720:  Hold'em No Limit ($0.05/$0.10) - 2025/04/08 17:07:04 CET [2025/04/08 11:07:04 ET]
Table 'Aludra' 6-max Seat #1 is the button
Seat 1: Mahu2021 ($7.41 in chips) 
Seat 2: Gto_gtfo ($10.96 in chips) 
Seat 3: AceWise ($14.10 in chips) 
Seat 4: Withnai1 ($10.18 in chips) 
Seat 5: A_Rommel ($11.60 in chips) 
Seat 6: citizen6e ($10.49 in chips) 
Gto_gtfo: posts small blind $0.05
AceWise: posts big blind $0.10
*** HOLE CARDS ***
Dealt to Mahu2021 [Qh 8s]
Withnai1: raises $0.15 to $0.25
A_Rommel: raises $0.75 to $1
citizen6e: folds 
Mahu2021: folds 
Gto_gtfo: folds 
AceWise: folds 
Withnai1: calls $0.75
*** FLOP *** [3d Td 5c]
Withnai1: checks 
A_Rommel: bets $0.62
Withnai1: calls $0.62
*** TURN *** [3d Td 5c] [Jd]
Withnai1: checks 
A_Rommel: checks 
*** RIVER *** [3d Td 5c Jd] [8c]
Withnai1: bets $2.49
A_Rommel: folds 
Uncalled bet ($2.49) returned to Withnai1
Withnai1 collected $3.24 from pot
Withnai1: doesn't show hand 
*** SUMMARY ***
Total pot $3.39 | Rake $0.15 
Board [3d Td 5c Jd 8c]
Seat 1: Mahu2021 (button) folded before Flop (didn't bet)
Seat 2: Gto_gtfo (small blind) folded before Flop
Seat 3: AceWise (big blind) folded before Flop
Seat 4: Withnai1 collected ($3.24)
Seat 5: A_Rommel folded on the River
Seat 6: citizen6e folded before Flop (didn't bet)



PokerStars Zoom Hand #255647003553:  Hold'em No Limit ($0.05/$0.10) - 2025/04/08 17:07:59 CET [2025/04/08 11:07:59 ET]
Table 'Aludra' 6-max Seat #1 is the button
Seat 1: manonan ($9.80 in chips) 
Seat 2: StrongMercedes ($19.59 in chips) 
Seat 3: augtoth ($12.44 in chips) 
Seat 4: vananej ($10 in chips) 
Seat 5: GODR2 ($10.02 in chips) 
Seat 6: Mahu2021 ($7.74 in chips) 
StrongMercedes: posts small blind $0.05
augtoth: posts big blind $0.10
*** HOLE CARDS ***
Dealt to Mahu2021 [Qc 2s]
vananej: folds 
GODR2: raises $0.20 to $0.30
Mahu2021: folds 
manonan: folds 
StrongMercedes: folds 
augtoth: folds 
Uncalled bet ($0.20) returned to GODR2
GODR2 collected $0.25 from pot
GODR2: doesn't show hand 
*** SUMMARY ***
Total pot $0.25 | Rake $0 
Seat 1: manonan (button) folded before Flop (didn't bet)
Seat 2: StrongMercedes (small blind) folded before Flop
Seat 3: augtoth (big blind) folded before Flop
Seat 4: vananej folded before Flop (didn't bet)
Seat 5: GODR2 collected ($0.25)
Seat 6: Mahu2021 folded before Flop (didn't bet)



PokerStars Zoom Hand #255647000184:  Hold'em No Limit ($0.05/$0.10) - 2025/04/08 17:07:40 CET [2025/04/08 11:07:40 ET]
Table 'Aludra' 6-max Seat #1 is the button
Seat 1: StrongMercedes ($19.59 in chips) 
Seat 2: Mahu2021 ($7.64 in chips) 
Seat 3: Gto_gtfo ($10.10 in chips) 
Seat 4: Winik810 ($16.71 in chips) 
Seat 5: Glaucou ($26.85 in chips) 
Seat 6: MTziiinn ($10.40 in chips) 
Mahu2021: posts small blind $0.05
Gto_gtfo: posts big blind $0.10
*** HOLE CARDS ***
Dealt to Mahu2021 [2c As]
Winik810: folds 
Glaucou: folds 
MTziiinn: raises $0.15 to $0.25
StrongMercedes: folds 
Mahu2021: folds 
Gto_gtfo: calls $0.15
*** FLOP *** [Tc Qs 8d]
Gto_gtfo: bets $0.27
MTziiinn: raises $0.93 to $1.20
Gto_gtfo: calls $0.93
*** TURN *** [Tc Qs 8d] [Td]
Gto_gtfo: checks 
MTziiinn: checks 
*** RIVER *** [Tc Qs 8d Td] [3d]
Gto_gtfo: bets $3.40
MTziiinn: folds 
Uncalled bet ($3.40) returned to Gto_gtfo
Gto_gtfo collected $2.82 from pot
Gto_gtfo: doesn't show hand 
*** SUMMARY ***
Total pot $2.95 | Rake $0.13 
Board [Tc Qs 8d Td 3d]
Seat 1: StrongMercedes (button) folded before Flop (didn't bet)
Seat 2: Mahu2021 (small blind) folded before Flop
Seat 3: Gto_gtfo (big blind) collected ($2.82)
Seat 4: Winik810 folded before Flop (didn't bet)
Seat 5: Glaucou folded before Flop (didn't bet)
Seat 6: MTziiinn folded on the River



PokerStars Zoom Hand #255647004587:  Hold'em No Limit ($0.05/$0.10) - 2025/04/08 17:08:05 CET [2025/04/08 11:08:05 ET]
Table 'Aludra' 6-max Seat #1 is the button
Seat 1: PupleCat ($10.14 in chips) 
Seat 2: Mahu2021 ($7.74 in chips) 
Seat 3: Matzet1ka ($10.10 in chips) 
Seat 4: whit&sh@rk ($12.47 in chips) 
Seat 5: vananej ($11.02 in chips) 
Seat 6: StrongMercedes ($19.54 in chips) 
Mahu2021: posts small blind $0.05
Matzet1ka: posts big blind $0.10
*** HOLE CARDS ***
Dealt to Mahu2021 [Qc Td]
whit&sh@rk: folds 
vananej: folds 
StrongMercedes: folds 
PupleCat: calls $0.10
Mahu2021: calls $0.05
Matzet1ka: checks 
*** FLOP *** [Ad 7h 6h]
Mahu2021: checks 
Matzet1ka: checks 
PupleCat: checks 
*** TURN *** [Ad 7h 6h] [4h]
Mahu2021: checks 
Matzet1ka: checks 
PupleCat: checks 
*** RIVER *** [Ad 7h 6h 4h] [9s]
Mahu2021: checks 
Matzet1ka: checks 
PupleCat: checks 
*** SHOW DOWN ***
Mahu2021: shows [Qc Td] (high card Ace)
Matzet1ka: shows [3c Ks] (high card Ace - King kicker)
PupleCat: shows [Ts 7s] (a pair of Sevens)
PupleCat collected $0.29 from pot
*** SUMMARY ***
Total pot $0.30 | Rake $0.01 
Board [Ad 7h 6h 4h 9s]
Seat 1: PupleCat (button) showed [Ts 7s] and won ($0.29) with a pair of Sevens
Seat 2: Mahu2021 (small blind) showed [Qc Td] and lost with high card Ace
Seat 3: Matzet1ka (big blind) showed [3c Ks] and lost with high card Ace
Seat 4: whit&sh@rk folded before Flop (didn't bet)
Seat 5: vananej folded before Flop (didn't bet)
Seat 6: StrongMercedes folded before Flop (didn't bet)



PokerStars Zoom Hand #255647019291:  Hold'em No Limit ($0.05/$0.10) - 2025/04/08 17:09:27 CET [2025/04/08 11:09:27 ET]
Table 'Aludra' 6-max Seat #1 is the button
Seat 1: whit&sh@rk ($14.27 in chips) 
Seat 2: porcorosso23 ($10.79 in chips) 
Seat 3: Mahu2021 ($7.64 in chips) 
Seat 4: PupleCat ($10.33 in chips) 
Seat 5: putzkedudu ($10.80 in chips) 
Seat 6: BluffsLord ($10 in chips) 
porcorosso23: posts small blind $0.05
Mahu2021: posts big blind $0.10
*** HOLE CARDS ***
Dealt to Mahu2021 [Ks 7s]
PupleCat: calls $0.10
putzkedudu: folds 
BluffsLord: folds 
whit&sh@rk: folds 
porcorosso23: folds 
Mahu2021: checks 
*** FLOP *** [Qh 6s 9h]
Mahu2021: checks 
PupleCat: bets $0.20
Mahu2021: folds 
Uncalled bet ($0.20) returned to PupleCat
PupleCat collected $0.24 from pot
PupleCat: doesn't show hand 
*** SUMMARY ***
Total pot $0.25 | Rake $0.01 
Board [Qh 6s 9h]
Seat 1: whit&sh@rk (button) folded before Flop (didn't bet)
Seat 2: porcorosso23 (small blind) folded before Flop
Seat 3: Mahu2021 (big blind) folded on the Flop
Seat 4: PupleCat collected ($0.24)
Seat 5: putzkedudu folded before Flop (didn't bet)
Seat 6: BluffsLord folded before Flop (didn't bet)



PokerStars Zoom Hand #255647023415:  Hold'em No Limit ($0.05/$0.10) - 2025/04/08 17:09:50 CET [2025/04/08 11:09:50 ET]
Table 'Aludra' 6-max Seat #1 is the button
Seat 1: corape ($18.81 in chips) 
Seat 2: PRace13 ($11.45 in chips) 
Seat 3: Matzet1ka ($10 in chips) 
Seat 4: Yuck0811 ($11.23 in chips) 
Seat 5: bloodedesert ($13.87 in chips) 
Seat 6: Mahu2021 ($7.54 in chips) 
PRace13: posts small blind $0.05
Matzet1ka: posts big blind $0.10
*** HOLE CARDS ***
Dealt to Mahu2021 [6d 7c]
Yuck0811: folds 
bloodedesert: folds 
Mahu2021: folds 
corape: raises $0.16 to $0.26
PRace13: folds 
Matzet1ka: folds 
Uncalled bet ($0.16) returned to corape
corape collected $0.25 from pot
corape: doesn't show hand 
*** SUMMARY ***
Total pot $0.25 | Rake $0 
Seat 1: corape (button) collected ($0.25)
Seat 2: PRace13 (small blind) folded before Flop
Seat 3: Matzet1ka (big blind) folded before Flop
Seat 4: Yuck0811 folded before Flop (didn't bet)
Seat 5: bloodedesert folded before Flop (didn't bet)
Seat 6: Mahu2021 folded before Flop (didn't bet)



PokerStars Zoom Hand #255647024309:  Hold'em No Limit ($0.05/$0.10) - 2025/04/08 17:09:55 CET [2025/04/08 11:09:55 ET]
Table 'Aludra' 6-max Seat #1 is the button
Seat 1: BluffsLord ($11.16 in chips) 
Seat 2: whit&sh@rk ($12.90 in chips) 
Seat 3: dochaaa ($10 in chips) 
Seat 4: PRace13 ($11.40 in chips) 
Seat 5: Mahu2021 ($7.54 in chips) 
Seat 6: StrongMercedes ($19.42 in chips) 
whit&sh@rk: posts small blind $0.05
dochaaa: posts big blind $0.10
*** HOLE CARDS ***
Dealt to Mahu2021 [9d Jd]
PRace13: folds 
Mahu2021: raises $0.14 to $0.24
StrongMercedes: folds 
BluffsLord: raises $0.56 to $0.80
whit&sh@rk: folds 
dochaaa: folds 
Mahu2021: folds 
Uncalled bet ($0.56) returned to BluffsLord
BluffsLord collected $0.63 from pot
BluffsLord: doesn't show hand 
*** SUMMARY ***
Total pot $0.63 | Rake $0 
Seat 1: BluffsLord (button) collected ($0.63)
Seat 2: whit&sh@rk (small blind) folded before Flop
Seat 3: dochaaa (big blind) folded before Flop
Seat 4: PRace13 folded before Flop (didn't bet)
Seat 5: Mahu2021 folded before Flop
Seat 6: StrongMercedes folded before Flop (didn't bet)



PokerStars Zoom Hand #255647026995:  Hold'em No Limit ($0.05/$0.10) - 2025/04/08 17:10:10 CET [2025/04/08 11:10:10 ET]
Table 'Aludra' 6-max Seat #1 is the button
Seat 1: Mahu2021 ($7.30 in chips) 
Seat 2: GODR2 ($10.54 in chips) 
Seat 3: AceWise ($12.86 in chips) 
Seat 4: PRace13 ($11.40 in chips) 
Seat 5: cabócaki ($9.13 in chips) 
Seat 6: Mallardz ($11.14 in chips) 
GODR2: posts small blind $0.05
AceWise: posts big blind $0.10
*** HOLE CARDS ***
Dealt to Mahu2021 [Jd Qh]
PRace13: folds 
cabócaki: raises $0.25 to $0.35
Mallardz: folds 
Mahu2021: calls $0.35
GODR2: folds 
AceWise: folds 
*** FLOP *** [2d 7d 9h]
cabócaki: checks 
Mahu2021: checks 
*** TURN *** [2d 7d 9h] [4s]
cabócaki: checks 
Mahu2021: checks 
*** RIVER *** [2d 7d 9h 4s] [Tc]
cabócaki: checks 
Mahu2021: checks 
*** SHOW DOWN ***
cabócaki: shows [6s As] (high card Ace)
Mahu2021: mucks hand 
cabócaki collected $0.81 from pot
*** SUMMARY ***
Total pot $0.85 | Rake $0.04 
Board [2d 7d 9h 4s Tc]
Seat 1: Mahu2021 (button) mucked [Jd Qh]
Seat 2: GODR2 (small blind) folded before Flop
Seat 3: AceWise (big blind) folded before Flop
Seat 4: PRace13 folded before Flop (didn't bet)
Seat 5: cabócaki showed [6s As] and won ($0.81) with high card Ace
Seat 6: Mallardz folded before Flop (didn't bet)



PokerStars Zoom Hand #255647031295:  Hold'em No Limit ($0.05/$0.10) - 2025/04/08 17:10:34 CET [2025/04/08 11:10:34 ET]
Table 'Aludra' 6-max Seat #1 is the button
Seat 1: WoozyFace ($12.18 in chips) 
Seat 2: bloodedesert ($13.77 in chips) 
Seat 3: 15lawrencea ($21.21 in chips) 
Seat 4: Mahu2021 ($6.95 in chips) 
Seat 5: Withnai1 ($16.86 in chips) 
Seat 6: putzkedudu ($10.65 in chips) 
bloodedesert: posts small blind $0.05
15lawrencea: posts big blind $0.10
*** HOLE CARDS ***
Dealt to Mahu2021 [9h 3c]
Mahu2021: folds 
Withnai1: raises $0.15 to $0.25
putzkedudu: folds 
WoozyFace: folds 
bloodedesert: folds 
15lawrencea: calls $0.15
*** FLOP *** [Kd 9s 4d]
15lawrencea: checks 
Withnai1: checks 
*** TURN *** [Kd 9s 4d] [Kh]
15lawrencea: checks 
Withnai1: checks 
*** RIVER *** [Kd 9s 4d Kh] [3s]
15lawrencea: bets $0.18
Withnai1: folds 
Uncalled bet ($0.18) returned to 15lawrencea
15lawrencea collected $0.53 from pot
15lawrencea: doesn't show hand 
*** SUMMARY ***
Total pot $0.55 | Rake $0.02 
Board [Kd 9s 4d Kh 3s]
Seat 1: WoozyFace (button) folded before Flop (didn't bet)
Seat 2: bloodedesert (small blind) folded before Flop
Seat 3: 15lawrencea (big blind) collected ($0.53)
Seat 4: Mahu2021 folded before Flop (didn't bet)
Seat 5: Withnai1 folded on the River
Seat 6: putzkedudu folded before Flop (didn't bet)



PokerStars Zoom Hand #255647032232:  Hold'em No Limit ($0.05/$0.10) - 2025/04/08 17:10:39 CET [2025/04/08 11:10:39 ET]
Table 'Aludra' 6-max Seat #1 is the button
Seat 1: Die8 ($14.18 in chips) 
Seat 2: viceman82 ($10.58 in chips) 
Seat 3: Mahu2021 ($6.95 in chips) 
Seat 4: bloodedesert ($13.72 in chips) 
Seat 5: poKr.mak ($10 in chips) 
Seat 6: Blast4Sure ($10 in chips) 
viceman82: posts small blind $0.05
Mahu2021: posts big blind $0.10
*** HOLE CARDS ***
Dealt to Mahu2021 [6c 5c]
bloodedesert: folds 
poKr.mak: folds 
Blast4Sure: raises $0.15 to $0.25
Die8: folds 
viceman82: folds 
Mahu2021: calls $0.15
*** FLOP *** [8h 9s Jc]
Mahu2021: checks 
Blast4Sure: checks 
*** TURN *** [8h 9s Jc] [4c]
Mahu2021: bets $0.30
Blast4Sure: folds 
Uncalled bet ($0.30) returned to Mahu2021
Mahu2021 collected $0.53 from pot
Mahu2021: doesn't show hand 
*** SUMMARY ***
Total pot $0.55 | Rake $0.02 
Board [8h 9s Jc 4c]
Seat 1: Die8 (button) folded before Flop (didn't bet)
Seat 2: viceman82 (small blind) folded before Flop
Seat 3: Mahu2021 (big blind) collected ($0.53)
Seat 4: bloodedesert folded before Flop (didn't bet)
Seat 5: poKr.mak folded before Flop (didn't bet)
Seat 6: Blast4Sure folded on the Turn



PokerStars Zoom Hand #255647037859:  Hold'em No Limit ($0.05/$0.10) - 2025/04/08 17:11:10 CET [2025/04/08 11:11:10 ET]
Table 'Aludra' 6-max Seat #1 is the button
Seat 1: henrique1265 ($10.79 in chips) 
Seat 2: A_Rommel ($26.50 in chips) 
Seat 3: WoozyFace ($8.75 in chips) 
Seat 4: corape ($18.96 in chips) 
Seat 5: Mahu2021 ($7.23 in chips) 
Seat 6: AceWise ($13.52 in chips) 
A_Rommel: posts small blind $0.05
WoozyFace: posts big blind $0.10
*** HOLE CARDS ***
Dealt to Mahu2021 [Ks Ac]
corape: folds 
Mahu2021: raises $0.13 to $0.23
AceWise: folds 
henrique1265: folds 
A_Rommel: raises $0.77 to $1
WoozyFace: folds 
Mahu2021: raises $1.30 to $2.30
A_Rommel: folds 
Uncalled bet ($1.30) returned to Mahu2021
Mahu2021 collected $2.10 from pot
Mahu2021: doesn't show hand 
*** SUMMARY ***
Total pot $2.10 | Rake $0 
Seat 1: henrique1265 (button) folded before Flop (didn't bet)
Seat 2: A_Rommel (small blind) folded before Flop
Seat 3: WoozyFace (big blind) folded before Flop
Seat 4: corape folded before Flop (didn't bet)
Seat 5: Mahu2021 collected ($2.10)
Seat 6: AceWise folded before Flop (didn't bet)



PokerStars Zoom Hand #255647041983:  Hold'em No Limit ($0.05/$0.10) - 2025/04/08 17:11:33 CET [2025/04/08 11:11:33 ET]
Table 'Aludra' 6-max Seat #1 is the button
Seat 1: Mahu2021 ($8.33 in chips) 
Seat 2: elChipLead3r ($10 in chips) 
Seat 3: FECM27 ($7.73 in chips) 
Seat 4: Bur1k ($5.71 in chips) 
Seat 5: StrongMercedes ($12.26 in chips) 
Seat 6: MTziiinn ($10.90 in chips) 
elChipLead3r: posts small blind $0.05
FECM27: posts big blind $0.10
*** HOLE CARDS ***
Dealt to Mahu2021 [Qs Ah]
Bur1k: folds 
StrongMercedes: folds 
MTziiinn: raises $0.15 to $0.25
Mahu2021: raises $0.85 to $1.10
elChipLead3r: folds 
FECM27: folds 
MTziiinn: folds 
Uncalled bet ($0.85) returned to Mahu2021
Mahu2021 collected $0.65 from pot
Mahu2021: doesn't show hand 
*** SUMMARY ***
Total pot $0.65 | Rake $0 
Seat 1: Mahu2021 (button) collected ($0.65)
Seat 2: elChipLead3r (small blind) folded before Flop
Seat 3: FECM27 (big blind) folded before Flop
Seat 4: Bur1k folded before Flop (didn't bet)
Seat 5: StrongMercedes folded before Flop (didn't bet)
Seat 6: MTziiinn folded before Flop



PokerStars Zoom Hand #255647048313:  Hold'em No Limit ($0.05/$0.10) - 2025/04/08 17:12:08 CET [2025/04/08 11:12:08 ET]
Table 'Aludra' 6-max Seat #1 is the button
Seat 1: GambledoreV ($7.37 in chips) 
Seat 2: WoozyFace ($8.93 in chips) 
Seat 3: willpea2 ($40.31 in chips) 
Seat 4: Mahu2021 ($8.68 in chips) 
Seat 5: doccian ($36.10 in chips) 
Seat 6: FECM27 ($5.25 in chips) 
WoozyFace: posts small blind $0.05
willpea2: posts big blind $0.10
*** HOLE CARDS ***
Dealt to Mahu2021 [Jd 8s]
Mahu2021: folds 
doccian: folds 
FECM27: folds 
GambledoreV: raises $0.20 to $0.30
WoozyFace: folds 
willpea2: folds 
Uncalled bet ($0.20) returned to GambledoreV
GambledoreV collected $0.25 from pot
GambledoreV: doesn't show hand 
*** SUMMARY ***
Total pot $0.25 | Rake $0 
Seat 1: GambledoreV (button) collected ($0.25)
Seat 2: WoozyFace (small blind) folded before Flop
Seat 3: willpea2 (big blind) folded before Flop
Seat 4: Mahu2021 folded before Flop (didn't bet)
Seat 5: doccian folded before Flop (didn't bet)
Seat 6: FECM27 folded before Flop (didn't bet)



PokerStars Zoom Hand #255647049136:  Hold'em No Limit ($0.05/$0.10) - 2025/04/08 17:12:12 CET [2025/04/08 11:12:12 ET]
Table 'Aludra' 6-max Seat #1 is the button
Seat 1: Mahu2021 ($8.68 in chips) 
Seat 2: RickMasterGM ($7.39 in chips) 
Seat 3: Frankenjura ($22.82 in chips) 
Seat 4: whit&sh@rk ($11.93 in chips) 
Seat 5: GSKG987 ($10 in chips) 
Seat 6: willpea2 ($12 in chips) 
RickMasterGM: posts small blind $0.05
Frankenjura: posts big blind $0.10
*** HOLE CARDS ***
Dealt to Mahu2021 [3s Ad]
whit&sh@rk: raises $0.15 to $0.25
GSKG987: folds 
willpea2: folds 
Mahu2021: folds 
RickMasterGM: folds 
Frankenjura: folds 
Uncalled bet ($0.15) returned to whit&sh@rk
whit&sh@rk collected $0.25 from pot
whit&sh@rk: doesn't show hand 
*** SUMMARY ***
Total pot $0.25 | Rake $0 
Seat 1: Mahu2021 (button) folded before Flop (didn't bet)
Seat 2: RickMasterGM (small blind) folded before Flop
Seat 3: Frankenjura (big blind) folded before Flop
Seat 4: whit&sh@rk collected ($0.25)
Seat 5: GSKG987 folded before Flop (didn't bet)
Seat 6: willpea2 folded before Flop (didn't bet)



PokerStars Zoom Hand #255647047633:  Hold'em No Limit ($0.05/$0.10) - 2025/04/08 17:12:04 CET [2025/04/08 11:12:04 ET]
Table 'Aludra' 6-max Seat #1 is the button
Seat 1: PupleCat ($10.12 in chips) 
Seat 2: Mahu2021 ($8.73 in chips) 
Seat 3: Lanziee ($9.81 in chips) 
Seat 4: PRace13 ($32.84 in chips) 
Seat 5: BluffsLord ($10 in chips) 
Seat 6: AceWise ($13.11 in chips) 
Mahu2021: posts small blind $0.05
Lanziee: posts big blind $0.10
*** HOLE CARDS ***
Dealt to Mahu2021 [8d 5c]
PRace13 has timed out
PRace13: folds 
BluffsLord: folds 
AceWise: folds 
PupleCat: folds 
Mahu2021: folds 
Uncalled bet ($0.05) returned to Lanziee
Lanziee collected $0.10 from pot
Lanziee: doesn't show hand 
*** SUMMARY ***
Total pot $0.10 | Rake $0 
Seat 1: PupleCat (button) folded before Flop (didn't bet)
Seat 2: Mahu2021 (small blind) folded before Flop
Seat 3: Lanziee (big blind) collected ($0.10)
Seat 4: PRace13 folded before Flop (didn't bet)
Seat 5: BluffsLord folded before Flop (didn't bet)
Seat 6: AceWise folded before Flop (didn't bet)



PokerStars Zoom Hand #255647046911:  Hold'em No Limit ($0.05/$0.10) - 2025/04/08 17:12:00 CET [2025/04/08 11:12:00 ET]
Table 'Aludra' 6-max Seat #1 is the button
Seat 1: t88mesilane ($6.74 in chips) 
Seat 2: FECM27 ($7.63 in chips) 
Seat 3: Tommg49 ($5 in chips) 
Seat 4: PRace13 ($10 in chips) 
Seat 5: dochaaa ($10 in chips) 
Seat 6: Mahu2021 ($8.73 in chips) 
FECM27: posts small blind $0.05
Tommg49: posts big blind $0.10
*** HOLE CARDS ***
Dealt to Mahu2021 [5s 4h]
PRace13: folds 
dochaaa: folds 
Mahu2021: folds 
t88mesilane: raises $0.20 to $0.30
FECM27: calls $0.25
Tommg49: folds 
*** FLOP *** [Kd 9h 7d]
FECM27: checks 
t88mesilane: bets $0.34
FECM27: calls $0.34
*** TURN *** [Kd 9h 7d] [Jh]
FECM27: checks 
t88mesilane: checks 
*** RIVER *** [Kd 9h 7d Jh] [8c]
FECM27: bets $1.60
t88mesilane: folds 
Uncalled bet ($1.60) returned to FECM27
FECM27 collected $1.32 from pot
FECM27: doesn't show hand 
*** SUMMARY ***
Total pot $1.38 | Rake $0.06 
Board [Kd 9h 7d Jh 8c]
Seat 1: t88mesilane (button) folded on the River
Seat 2: FECM27 (small blind) collected ($1.32)
Seat 3: Tommg49 (big blind) folded before Flop
Seat 4: PRace13 folded before Flop (didn't bet)
Seat 5: dochaaa folded before Flop (didn't bet)
Seat 6: Mahu2021 folded before Flop (didn't bet)



PokerStars Zoom Hand #255647049864:  Hold'em No Limit ($0.05/$0.10) - 2025/04/08 17:12:16 CET [2025/04/08 11:12:16 ET]
Table 'Aludra' 6-max Seat #1 is the button
Seat 1: RickMasterGM ($7.34 in chips) 
Seat 2: GSKG987 ($10 in chips) 
Seat 3: Mahu2021 ($8.68 in chips) 
Seat 4: MegaTbp1 ($9.45 in chips) 
Seat 5: willpea2 ($18.19 in chips) 
Seat 6: Bur1k ($9.73 in chips) 
GSKG987: posts small blind $0.05
Mahu2021: posts big blind $0.10
*** HOLE CARDS ***
Dealt to Mahu2021 [3d 3c]
MegaTbp1: raises $0.10 to $0.20
willpea2: folds 
Bur1k: folds 
RickMasterGM: calls $0.20
GSKG987: folds 
Mahu2021: calls $0.10
*** FLOP *** [8c Td As]
Mahu2021: checks 
MegaTbp1: bets $0.52
RickMasterGM: folds 
Mahu2021: folds 
Uncalled bet ($0.52) returned to MegaTbp1
MegaTbp1 collected $0.62 from pot
MegaTbp1: doesn't show hand 
*** SUMMARY ***
Total pot $0.65 | Rake $0.03 
Board [8c Td As]
Seat 1: RickMasterGM (button) folded on the Flop
Seat 2: GSKG987 (small blind) folded before Flop
Seat 3: Mahu2021 (big blind) folded on the Flop
Seat 4: MegaTbp1 collected ($0.62)
Seat 5: willpea2 folded before Flop (didn't bet)
Seat 6: Bur1k folded before Flop (didn't bet)



PokerStars Zoom Hand #255647055063:  Hold'em No Limit ($0.05/$0.10) - 2025/04/08 17:12:45 CET [2025/04/08 11:12:45 ET]
Table 'Aludra' 6-max Seat #1 is the button
Seat 1: elChipLead3r ($10 in chips) 
Seat 2: Mahu2021 ($8.48 in chips) 
Seat 3: 15lawrencea ($20.86 in chips) 
Seat 4: WoozyFace ($9.28 in chips) 
Seat 5: augtoth ($13.25 in chips) 
Seat 6: vananej ($10.67 in chips) 
Mahu2021: posts small blind $0.05
15lawrencea: posts big blind $0.10
*** HOLE CARDS ***
Dealt to Mahu2021 [2h 8c]
WoozyFace: folds 
augtoth: folds 
vananej: raises $0.15 to $0.25
elChipLead3r: folds 
Mahu2021: folds 
15lawrencea: folds 
Uncalled bet ($0.15) returned to vananej
vananej collected $0.25 from pot
vananej: doesn't show hand 
*** SUMMARY ***
Total pot $0.25 | Rake $0 
Seat 1: elChipLead3r (button) folded before Flop (didn't bet)
Seat 2: Mahu2021 (small blind) folded before Flop
Seat 3: 15lawrencea (big blind) folded before Flop
Seat 4: WoozyFace folded before Flop (didn't bet)
Seat 5: augtoth folded before Flop (didn't bet)
Seat 6: vananej collected ($0.25)



PokerStars Zoom Hand #255647057221:  Hold'em No Limit ($0.05/$0.10) - 2025/04/08 17:12:57 CET [2025/04/08 11:12:57 ET]
Table 'Aludra' 6-max Seat #1 is the button
Seat 1: willpea2 ($11.85 in chips) 
Seat 2: Die8 ($13.55 in chips) 
Seat 3: MegaTbp1 ($12.17 in chips) 
Seat 4: Manni49 ($11.37 in chips) 
Seat 5: Yuck0811 ($10.64 in chips) 
Seat 6: Mahu2021 ($8.43 in chips) 
Die8: posts small blind $0.05
MegaTbp1: posts big blind $0.10
*** HOLE CARDS ***
Dealt to Mahu2021 [Th Td]
Manni49: raises $0.10 to $0.20
Yuck0811: folds 
Mahu2021: calls $0.20
willpea2: folds 
Die8: calls $0.15
MegaTbp1: folds 
*** FLOP *** [8c 5s As]
Die8: checks 
Manni49: checks 
Mahu2021: bets $0.30
Die8: folds 
Manni49: calls $0.30
*** TURN *** [8c 5s As] [4c]
Manni49: checks 
Mahu2021: checks 
*** RIVER *** [8c 5s As 4c] [4d]
Manni49: checks 
Mahu2021: checks 
*** SHOW DOWN ***
Manni49: shows [7d 9d] (a pair of Fours)
Mahu2021: shows [Th Td] (two pair, Tens and Fours)
Mahu2021 collected $1.24 from pot
*** SUMMARY ***
Total pot $1.30 | Rake $0.06 
Board [8c 5s As 4c 4d]
Seat 1: willpea2 (button) folded before Flop (didn't bet)
Seat 2: Die8 (small blind) folded on the Flop
Seat 3: MegaTbp1 (big blind) folded before Flop
Seat 4: Manni49 showed [7d 9d] and lost with a pair of Fours
Seat 5: Yuck0811 folded before Flop (didn't bet)
Seat 6: Mahu2021 showed [Th Td] and won ($1.24) with two pair, Tens and Fours



PokerStars Zoom Hand #255647068737:  Hold'em No Limit ($0.05/$0.10) - 2025/04/08 17:14:01 CET [2025/04/08 11:14:01 ET]
Table 'Aludra' 6-max Seat #1 is the button
Seat 1: Winik810 ($14.04 in chips) 
Seat 2: A_Rommel ($25.55 in chips) 
Seat 3: Shari RD ($14.86 in chips) 
Seat 4: GIORGI5909 ($4.15 in chips) 
Seat 5: Mahu2021 ($9.17 in chips) 
Seat 6: Gto_gtfo ($10.64 in chips) 
A_Rommel: posts small blind $0.05
Shari RD: posts big blind $0.10
*** HOLE CARDS ***
Dealt to Mahu2021 [8h Jd]
GIORGI5909: folds 
Mahu2021: folds 
Gto_gtfo: folds 
Winik810: raises $0.20 to $0.30
A_Rommel: folds 
Shari RD: folds 
Uncalled bet ($0.20) returned to Winik810
Winik810 collected $0.25 from pot
Winik810: doesn't show hand 
*** SUMMARY ***
Total pot $0.25 | Rake $0 
Seat 1: Winik810 (button) collected ($0.25)
Seat 2: A_Rommel (small blind) folded before Flop
Seat 3: Shari RD (big blind) folded before Flop
Seat 4: GIORGI5909 folded before Flop (didn't bet)
Seat 5: Mahu2021 folded before Flop (didn't bet)
Seat 6: Gto_gtfo folded before Flop (didn't bet)



PokerStars Zoom Hand #255647069420:  Hold'em No Limit ($0.05/$0.10) - 2025/04/08 17:14:04 CET [2025/04/08 11:14:04 ET]
Table 'Aludra' 6-max Seat #1 is the button
Seat 1: pokeripuikko ($17.86 in chips) 
Seat 2: Swiss_Delight ($23.93 in chips) 
Seat 3: ztrikke ($5.43 in chips) 
Seat 4: GODR2 ($16.07 in chips) 
Seat 5: Mahu2021 ($9.17 in chips) 
Seat 6: WoozyFace ($8.55 in chips) 
Swiss_Delight: posts small blind $0.05
ztrikke: posts big blind $0.10
*** HOLE CARDS ***
Dealt to Mahu2021 [4h Jh]
GODR2: raises $0.20 to $0.30
Mahu2021: folds 
WoozyFace: folds 
pokeripuikko: folds 
Swiss_Delight: folds 
ztrikke: folds 
Uncalled bet ($0.20) returned to GODR2
GODR2 collected $0.25 from pot
GODR2: doesn't show hand 
*** SUMMARY ***
Total pot $0.25 | Rake $0 
Seat 1: pokeripuikko (button) folded before Flop (didn't bet)
Seat 2: Swiss_Delight (small blind) folded before Flop
Seat 3: ztrikke (big blind) folded before Flop
Seat 4: GODR2 collected ($0.25)
Seat 5: Mahu2021 folded before Flop (didn't bet)
Seat 6: WoozyFace folded before Flop (didn't bet)



PokerStars Zoom Hand #255647070212:  Hold'em No Limit ($0.05/$0.10) - 2025/04/08 17:14:09 CET [2025/04/08 11:14:09 ET]
Table 'Aludra' 6-max Seat #1 is the button
Seat 1: Mahu2021 ($9.17 in chips) 
Seat 2: pokeripuikko ($22.36 in chips) 
Seat 3: Sestewy ($9.20 in chips) 
Seat 4: augtoth ($13.85 in chips) 
Seat 5: Gto_gtfo ($10.64 in chips) 
Seat 6: Tayandme ($10.81 in chips) 
pokeripuikko: posts small blind $0.05
Sestewy: posts big blind $0.10
*** HOLE CARDS ***
Dealt to Mahu2021 [As 4s]
augtoth: folds 
Gto_gtfo: folds 
Tayandme: raises $0.10 to $0.20
Mahu2021: calls $0.20
pokeripuikko: folds 
Sestewy: folds 
*** FLOP *** [3c Qh 6h]
Tayandme: checks 
Mahu2021: bets $0.30
Tayandme: folds 
Uncalled bet ($0.30) returned to Mahu2021
Mahu2021 collected $0.53 from pot
Mahu2021: doesn't show hand 
*** SUMMARY ***
Total pot $0.55 | Rake $0.02 
Board [3c Qh 6h]
Seat 1: Mahu2021 (button) collected ($0.53)
Seat 2: pokeripuikko (small blind) folded before Flop
Seat 3: Sestewy (big blind) folded before Flop
Seat 4: augtoth folded before Flop (didn't bet)
Seat 5: Gto_gtfo folded before Flop (didn't bet)
Seat 6: Tayandme folded on the Flop



PokerStars Zoom Hand #255647073544:  Hold'em No Limit ($0.05/$0.10) - 2025/04/08 17:14:27 CET [2025/04/08 11:14:27 ET]
Table 'Aludra' 6-max Seat #1 is the button
Seat 1: AceWise ($12.56 in chips) 
Seat 2: citizen6e ($10.51 in chips) 
Seat 3: Mahu2021 ($9.50 in chips) 
Seat 4: augtoth ($12.90 in chips) 
Seat 5: elChipLead3r ($11 in chips) 
Seat 6: Kris.T.S.95 ($4.28 in chips) 
citizen6e: posts small blind $0.05
Mahu2021: posts big blind $0.10
*** HOLE CARDS ***
Dealt to Mahu2021 [2d 4c]
augtoth: raises $0.15 to $0.25
elChipLead3r: folds 
Kris.T.S.95: folds 
AceWise: raises $0.60 to $0.85
citizen6e: folds 
Mahu2021: folds 
augtoth: folds 
Uncalled bet ($0.60) returned to AceWise
AceWise collected $0.65 from pot
AceWise: doesn't show hand 
*** SUMMARY ***
Total pot $0.65 | Rake $0 
Seat 1: AceWise (button) collected ($0.65)
Seat 2: citizen6e (small blind) folded before Flop
Seat 3: Mahu2021 (big blind) folded before Flop
Seat 4: augtoth folded before Flop
Seat 5: elChipLead3r folded before Flop (didn't bet)
Seat 6: Kris.T.S.95 folded before Flop (didn't bet)



PokerStars Zoom Hand #255647075651:  Hold'em No Limit ($0.05/$0.10) - 2025/04/08 17:14:38 CET [2025/04/08 11:14:38 ET]
Table 'Aludra' 6-max Seat #1 is the button
Seat 1: Winik810 ($15.79 in chips) 
Seat 2: BluffsLord ($11.42 in chips) 
Seat 3: vuotee ($10 in chips) 
Seat 4: Mahu2021 ($9.40 in chips) 
Seat 5: pokeripuikko ($22.36 in chips) 
Seat 6: MTziiinn ($10.32 in chips) 
BluffsLord: posts small blind $0.05
vuotee: posts big blind $0.10
*** HOLE CARDS ***
Dealt to Mahu2021 [2s Kd]
Mahu2021: folds 
pokeripuikko: folds 
MTziiinn: raises $0.15 to $0.25
Winik810: folds 
BluffsLord: folds 
vuotee: folds 
Uncalled bet ($0.15) returned to MTziiinn
MTziiinn collected $0.25 from pot
MTziiinn: doesn't show hand 
*** SUMMARY ***
Total pot $0.25 | Rake $0 
Seat 1: Winik810 (button) folded before Flop (didn't bet)
Seat 2: BluffsLord (small blind) folded before Flop
Seat 3: vuotee (big blind) folded before Flop
Seat 4: Mahu2021 folded before Flop (didn't bet)
Seat 5: pokeripuikko folded before Flop (didn't bet)
Seat 6: MTziiinn collected ($0.25)



PokerStars Zoom Hand #255647076228:  Hold'em No Limit ($0.05/$0.10) - 2025/04/08 17:14:42 CET [2025/04/08 11:14:42 ET]
Table 'Aludra' 6-max Seat #1 is the button
Seat 1: abeltesfae ($10.74 in chips) 
Seat 2: Mahu2021 ($9.40 in chips) 
Seat 3: FECM27 ($4.84 in chips) 
Seat 4: pokeripuikko ($22.36 in chips) 
Seat 5: WoozyFace ($9.55 in chips) 
Seat 6: bloodedesert ($21 in chips) 
Mahu2021: posts small blind $0.05
FECM27: posts big blind $0.10
*** HOLE CARDS ***
Dealt to Mahu2021 [Ah 9d]
pokeripuikko: folds 
WoozyFace: folds 
bloodedesert: folds 
abeltesfae: folds 
Mahu2021: raises $0.20 to $0.30
FECM27: calls $0.20
*** FLOP *** [Ts 2s 7s]
Mahu2021: checks 
FECM27: bets $0.20
Mahu2021: folds 
Uncalled bet ($0.20) returned to FECM27
FECM27 collected $0.57 from pot
FECM27: doesn't show hand 
*** SUMMARY ***
Total pot $0.60 | Rake $0.03 
Board [Ts 2s 7s]
Seat 1: abeltesfae (button) folded before Flop (didn't bet)
Seat 2: Mahu2021 (small blind) folded on the Flop
Seat 3: FECM27 (big blind) collected ($0.57)
Seat 4: pokeripuikko folded before Flop (didn't bet)
Seat 5: WoozyFace folded before Flop (didn't bet)
Seat 6: bloodedesert folded before Flop (didn't bet)



PokerStars Zoom Hand #255647079265:  Hold'em No Limit ($0.05/$0.10) - 2025/04/08 17:14:58 CET [2025/04/08 11:14:58 ET]
Table 'Aludra' 6-max Seat #1 is the button
Seat 1: Swiss_Delight ($15.02 in chips) 
Seat 2: WoozyFace ($12.55 in chips) 
Seat 3: Mahu2021 ($9.10 in chips) 
Seat 4: 15lawrencea ($62.60 in chips) 
Seat 5: pokeripuikko ($18.11 in chips) 
Seat 6: Footraiser ($10 in chips) 
WoozyFace: posts small blind $0.05
Mahu2021: posts big blind $0.10
*** HOLE CARDS ***
Dealt to Mahu2021 [Jh 6c]
15lawrencea: folds 
pokeripuikko: folds 
Footraiser: folds 
Swiss_Delight: raises $0.12 to $0.22
WoozyFace: folds 
Mahu2021: folds 
Uncalled bet ($0.12) returned to Swiss_Delight
Swiss_Delight collected $0.25 from pot
Swiss_Delight: doesn't show hand 
*** SUMMARY ***
Total pot $0.25 | Rake $0 
Seat 1: Swiss_Delight (button) collected ($0.25)
Seat 2: WoozyFace (small blind) folded before Flop
Seat 3: Mahu2021 (big blind) folded before Flop
Seat 4: 15lawrencea folded before Flop (didn't bet)
Seat 5: pokeripuikko folded before Flop (didn't bet)
Seat 6: Footraiser folded before Flop (didn't bet)



PokerStars Zoom Hand #255647080932:  Hold'em No Limit ($0.05/$0.10) - 2025/04/08 17:15:07 CET [2025/04/08 11:15:07 ET]
Table 'Aludra' 6-max Seat #1 is the button
Seat 1: GambledoreV ($10.71 in chips) 
Seat 2: BluffsLord ($11.27 in chips) 
Seat 3: Shari RD ($14.99 in chips) 
Seat 4: whit&sh@rk ($10.70 in chips) 
Seat 5: poKr.mak ($10 in chips) 
Seat 6: Mahu2021 ($9 in chips) 
BluffsLord: posts small blind $0.05
Shari RD: posts big blind $0.10
*** HOLE CARDS ***
Dealt to Mahu2021 [Jd Kc]
whit&sh@rk: folds 
poKr.mak: folds 
Mahu2021: raises $0.10 to $0.20
GambledoreV: folds 
BluffsLord: folds 
Shari RD: folds 
Uncalled bet ($0.10) returned to Mahu2021
Mahu2021 collected $0.25 from pot
Mahu2021: doesn't show hand 
*** SUMMARY ***
Total pot $0.25 | Rake $0 
Seat 1: GambledoreV (button) folded before Flop (didn't bet)
Seat 2: BluffsLord (small blind) folded before Flop
Seat 3: Shari RD (big blind) folded before Flop
Seat 4: whit&sh@rk folded before Flop (didn't bet)
Seat 5: poKr.mak folded before Flop (didn't bet)
Seat 6: Mahu2021 collected ($0.25)



PokerStars Zoom Hand #255647075016:  Hold'em No Limit ($0.05/$0.10) - 2025/04/08 17:14:35 CET [2025/04/08 11:14:35 ET]
Table 'Aludra' 6-max Seat #1 is the button
Seat 1: cowboyniKK ($6.77 in chips) 
Seat 2: whit&sh@rk ($10.75 in chips) 
Seat 3: dochaaa ($10.15 in chips) 
Seat 4: Mahu2021 ($9.40 in chips) 
Seat 5: putzkedudu ($10 in chips) 
Seat 6: Yuck0811 ($10 in chips) 
whit&sh@rk: posts small blind $0.05
dochaaa: posts big blind $0.10
*** HOLE CARDS ***
Dealt to Mahu2021 [4h 7c]
Mahu2021: folds 
putzkedudu: folds 
Yuck0811: folds 
cowboyniKK: calls $0.10
whit&sh@rk: folds 
dochaaa: checks 
*** FLOP *** [9s 4s Qd]
dochaaa: checks 
cowboyniKK: checks 
*** TURN *** [9s 4s Qd] [Qc]
dochaaa: checks 
cowboyniKK: checks 
*** RIVER *** [9s 4s Qd Qc] [5d]
dochaaa: bets $0.18
cowboyniKK: folds 
Uncalled bet ($0.18) returned to dochaaa
dochaaa collected $0.24 from pot
dochaaa: doesn't show hand 
*** SUMMARY ***
Total pot $0.25 | Rake $0.01 
Board [9s 4s Qd Qc 5d]
Seat 1: cowboyniKK (button) folded on the River
Seat 2: whit&sh@rk (small blind) folded before Flop
Seat 3: dochaaa (big blind) collected ($0.24)
Seat 4: Mahu2021 folded before Flop (didn't bet)
Seat 5: putzkedudu folded before Flop (didn't bet)
Seat 6: Yuck0811 folded before Flop (didn't bet)



PokerStars Zoom Hand #255647083829:  Hold'em No Limit ($0.05/$0.10) - 2025/04/08 17:15:23 CET [2025/04/08 11:15:23 ET]
Table 'Aludra' 6-max Seat #1 is the button
Seat 1: WoozyFace ($8.63 in chips) 
Seat 2: AceWise ($13.01 in chips) 
Seat 3: citizen6e ($10.61 in chips) 
Seat 4: poKr.mak ($10 in chips) 
Seat 5: Mahu2021 ($9.15 in chips) 
Seat 6: GSKG987 ($10 in chips) 
AceWise: posts small blind $0.05
citizen6e: posts big blind $0.10
*** HOLE CARDS ***
Dealt to Mahu2021 [2c 4h]
poKr.mak: folds 
Mahu2021: folds 
GSKG987: folds 
WoozyFace: raises $0.15 to $0.25
AceWise: folds 
citizen6e: folds 
Uncalled bet ($0.15) returned to WoozyFace
WoozyFace collected $0.25 from pot
WoozyFace: doesn't show hand 
*** SUMMARY ***
Total pot $0.25 | Rake $0 
Seat 1: WoozyFace (button) collected ($0.25)
Seat 2: AceWise (small blind) folded before Flop
Seat 3: citizen6e (big blind) folded before Flop
Seat 4: poKr.mak folded before Flop (didn't bet)
Seat 5: Mahu2021 folded before Flop (didn't bet)
Seat 6: GSKG987 folded before Flop (didn't bet)



PokerStars Zoom Hand #255647084611:  Hold'em No Limit ($0.05/$0.10) - 2025/04/08 17:15:27 CET [2025/04/08 11:15:27 ET]
Table 'Aludra' 6-max Seat #1 is the button
Seat 1: Mahu2021 ($9.15 in chips) 
Seat 2: cabócaki ($14.81 in chips) 
Seat 3: vuotee ($10.32 in chips) 
Seat 4: ztrikke ($1 in chips) 
Seat 5: henrique1265 ($10.62 in chips) 
Seat 6: pokeripuikko ($34.43 in chips) 
cabócaki: posts small blind $0.05
vuotee: posts big blind $0.10
*** HOLE CARDS ***
Dealt to Mahu2021 [Qd Qh]
ztrikke: folds 
henrique1265: folds 
pokeripuikko: raises $0.15 to $0.25
Mahu2021: raises $0.85 to $1.10
cabócaki: folds 
vuotee: folds 
pokeripuikko: folds 
Uncalled bet ($0.85) returned to Mahu2021
Mahu2021 collected $0.65 from pot
Mahu2021: doesn't show hand 
*** SUMMARY ***
Total pot $0.65 | Rake $0 
Seat 1: Mahu2021 (button) collected ($0.65)
Seat 2: cabócaki (small blind) folded before Flop
Seat 3: vuotee (big blind) folded before Flop
Seat 4: ztrikke folded before Flop (didn't bet)
Seat 5: henrique1265 folded before Flop (didn't bet)
Seat 6: pokeripuikko folded before Flop



PokerStars Zoom Hand #255647089196:  Hold'em No Limit ($0.05/$0.10) - 2025/04/08 17:15:52 CET [2025/04/08 11:15:52 ET]
Table 'Aludra' 6-max Seat #1 is the button
Seat 1: StrongMercedes ($20.15 in chips) 
Seat 2: Swiss_Delight ($10.09 in chips) 
Seat 3: poKr.mak ($15.02 in chips) 
Seat 4: Yuck0811 ($12.75 in chips) 
Seat 5: Mahu2021 ($9.55 in chips) 
Seat 6: willpea2 ($12.40 in chips) 
Swiss_Delight: posts small blind $0.05
poKr.mak: posts big blind $0.10
*** HOLE CARDS ***
Dealt to Mahu2021 [As Jh]
Yuck0811: folds 
Mahu2021: raises $0.15 to $0.25
willpea2: folds 
StrongMercedes: folds 
Swiss_Delight: folds 
poKr.mak: folds 
Uncalled bet ($0.15) returned to Mahu2021
Mahu2021 collected $0.25 from pot
Mahu2021: doesn't show hand 
*** SUMMARY ***
Total pot $0.25 | Rake $0 
Seat 1: StrongMercedes (button) folded before Flop (didn't bet)
Seat 2: Swiss_Delight (small blind) folded before Flop
Seat 3: poKr.mak (big blind) folded before Flop
Seat 4: Yuck0811 folded before Flop (didn't bet)
Seat 5: Mahu2021 collected ($0.25)
Seat 6: willpea2 folded before Flop (didn't bet)



PokerStars Zoom Hand #255647088496:  Hold'em No Limit ($0.05/$0.10) - 2025/04/08 17:15:48 CET [2025/04/08 11:15:48 ET]
Table 'Aludra' 6-max Seat #1 is the button
Seat 1: willpea2 ($12.40 in chips) 
Seat 2: Tayandme ($8.73 in chips) 
Seat 3: prettika ($4.30 in chips) 
Seat 4: Winik810 ($16.16 in chips) 
Seat 5: cowboyniKK ($6.67 in chips) 
Seat 6: Mahu2021 ($9.55 in chips) 
Tayandme: posts small blind $0.05
prettika: posts big blind $0.10
*** HOLE CARDS ***
Dealt to Mahu2021 [4h 6s]
Winik810: folds 
cowboyniKK: folds 
Mahu2021: folds 
willpea2: folds 
Tayandme: raises $0.10 to $0.20
prettika: calls $0.10
*** FLOP *** [Td Ah 4d]
Tayandme: checks 
prettika: bets $0.38
Tayandme: folds 
Uncalled bet ($0.38) returned to prettika
prettika collected $0.38 from pot
prettika: doesn't show hand 
*** SUMMARY ***
Total pot $0.40 | Rake $0.02 
Board [Td Ah 4d]
Seat 1: willpea2 (button) folded before Flop (didn't bet)
Seat 2: Tayandme (small blind) folded on the Flop
Seat 3: prettika (big blind) collected ($0.38)
Seat 4: Winik810 folded before Flop (didn't bet)
Seat 5: cowboyniKK folded before Flop (didn't bet)
Seat 6: Mahu2021 folded before Flop (didn't bet)



PokerStars Zoom Hand #255647092169:  Hold'em No Limit ($0.05/$0.10) - 2025/04/08 17:16:08 CET [2025/04/08 11:16:08 ET]
Table 'Aludra' 6-max Seat #1 is the button
Seat 1: corape ($20.52 in chips) 
Seat 2: Mahu2021 ($9.70 in chips) 
Seat 3: luckyviale ($8.54 in chips) 
Seat 4: Swiss_Delight ($23.48 in chips) 
Seat 5: willpea2 ($43.50 in chips) 
Seat 6: AceWise ($16.05 in chips) 
Mahu2021: posts small blind $0.05
luckyviale: posts big blind $0.10
*** HOLE CARDS ***
Dealt to Mahu2021 [8c Tc]
Swiss_Delight: folds 
willpea2: raises $0.15 to $0.25
AceWise: raises $0.60 to $0.85
corape: folds 
Mahu2021: folds 
luckyviale: folds 
willpea2: folds 
Uncalled bet ($0.60) returned to AceWise
AceWise collected $0.65 from pot
AceWise: doesn't show hand 
*** SUMMARY ***
Total pot $0.65 | Rake $0 
Seat 1: corape (button) folded before Flop (didn't bet)
Seat 2: Mahu2021 (small blind) folded before Flop
Seat 3: luckyviale (big blind) folded before Flop
Seat 4: Swiss_Delight folded before Flop (didn't bet)
Seat 5: willpea2 folded before Flop
Seat 6: AceWise collected ($0.65)



PokerStars Zoom Hand #255647095048:  Hold'em No Limit ($0.05/$0.10) - 2025/04/08 17:16:24 CET [2025/04/08 11:16:24 ET]
Table 'Aludra' 6-max Seat #1 is the button
Seat 1: ztrikke ($2.24 in chips) 
Seat 2: FECM27 ($12.27 in chips) 
Seat 3: WoozyFace ($9.78 in chips) 
Seat 4: Mahu2021 ($9.65 in chips) 
Seat 5: ioioasd123 ($10.27 in chips) 
Seat 6: Kris.T.S.95 ($7.82 in chips) 
FECM27: posts small blind $0.05
WoozyFace: posts big blind $0.10
*** HOLE CARDS ***
Dealt to Mahu2021 [5s Jh]
Mahu2021: folds 
ioioasd123: folds 
Kris.T.S.95: folds 
ztrikke: folds 
FECM27: folds 
Uncalled bet ($0.05) returned to WoozyFace
WoozyFace collected $0.10 from pot
WoozyFace: doesn't show hand 
*** SUMMARY ***
Total pot $0.10 | Rake $0 
Seat 1: ztrikke (button) folded before Flop (didn't bet)
Seat 2: FECM27 (small blind) folded before Flop
Seat 3: WoozyFace (big blind) collected ($0.10)
Seat 4: Mahu2021 folded before Flop (didn't bet)
Seat 5: ioioasd123 folded before Flop (didn't bet)
Seat 6: Kris.T.S.95 folded before Flop (didn't bet)



PokerStars Zoom Hand #255647095645:  Hold'em No Limit ($0.05/$0.10) - 2025/04/08 17:16:27 CET [2025/04/08 11:16:27 ET]
Table 'Aludra' 6-max Seat #1 is the button
Seat 1: luckyviale ($8.39 in chips) 
Seat 2: Gto_gtfo ($11.60 in chips) 
Seat 3: Mahu2021 ($9.65 in chips) 
Seat 4: ioioasd123 ($10.27 in chips) 
Seat 5: prettika ($4.48 in chips) 
Seat 6: ztrikke ($2.24 in chips) 
Gto_gtfo: posts small blind $0.05
Mahu2021: posts big blind $0.10
*** HOLE CARDS ***
Dealt to Mahu2021 [6s 3s]
ioioasd123: folds 
prettika: folds 
ztrikke: raises $0.20 to $0.30
luckyviale: folds 
Gto_gtfo: folds 
Mahu2021: folds 
Uncalled bet ($0.20) returned to ztrikke
ztrikke collected $0.25 from pot
ztrikke: doesn't show hand 
*** SUMMARY ***
Total pot $0.25 | Rake $0 
Seat 1: luckyviale (button) folded before Flop (didn't bet)
Seat 2: Gto_gtfo (small blind) folded before Flop
Seat 3: Mahu2021 (big blind) folded before Flop
Seat 4: ioioasd123 folded before Flop (didn't bet)
Seat 5: prettika folded before Flop (didn't bet)
Seat 6: ztrikke collected ($0.25)



PokerStars Zoom Hand #255647097458:  Hold'em No Limit ($0.05/$0.10) - 2025/04/08 17:16:37 CET [2025/04/08 11:16:37 ET]
Table 'Aludra' 6-max Seat #1 is the button
Seat 1: Mahu2021 ($9.55 in chips) 
Seat 2: luxman2801 ($4.46 in chips) 
Seat 3: whit&sh@rk ($10 in chips) 
Seat 4: PupleCat ($5.55 in chips) 
Seat 5: poKr.mak ($10 in chips) 
Seat 6: denis4250 ($5.49 in chips) 
luxman2801: posts small blind $0.05
whit&sh@rk: posts big blind $0.10
*** HOLE CARDS ***
Dealt to Mahu2021 [Qs Jc]
PupleCat: calls $0.10
poKr.mak: folds 
denis4250: folds 
Mahu2021: calls $0.10
luxman2801: calls $0.05
whit&sh@rk: checks 
*** FLOP *** [5d 8s 8h]
luxman2801: bets $0.29
whit&sh@rk: folds 
PupleCat: folds 
Mahu2021: folds 
Uncalled bet ($0.29) returned to luxman2801
luxman2801 collected $0.38 from pot
luxman2801: doesn't show hand 
*** SUMMARY ***
Total pot $0.40 | Rake $0.02 
Board [5d 8s 8h]
Seat 1: Mahu2021 (button) folded on the Flop
Seat 2: luxman2801 (small blind) collected ($0.38)
Seat 3: whit&sh@rk (big blind) folded on the Flop
Seat 4: PupleCat folded on the Flop
Seat 5: poKr.mak folded before Flop (didn't bet)
Seat 6: denis4250 folded before Flop (didn't bet)



PokerStars Zoom Hand #255647102455:  Hold'em No Limit ($0.05/$0.10) - 2025/04/08 17:17:04 CET [2025/04/08 11:17:04 ET]
Table 'Aludra' 6-max Seat #1 is the button
Seat 1: Tommg49 ($5.08 in chips) 
Seat 2: AceWise ($12.93 in chips) 
Seat 3: adelcio70 ($3.54 in chips) 
Seat 4: porcorosso23 ($13.26 in chips) 
Seat 5: Mahu2021 ($9.45 in chips) 
Seat 6: Swiss_Delight ($10.15 in chips) 
AceWise: posts small blind $0.05
adelcio70: posts big blind $0.10
*** HOLE CARDS ***
Dealt to Mahu2021 [4d 8d]
porcorosso23: folds 
Mahu2021: folds 
Swiss_Delight: folds 
Tommg49: folds 
AceWise: raises $0.20 to $0.30
adelcio70: folds 
Uncalled bet ($0.20) returned to AceWise
AceWise collected $0.20 from pot
AceWise: doesn't show hand 
*** SUMMARY ***
Total pot $0.20 | Rake $0 
Seat 1: Tommg49 (button) folded before Flop (didn't bet)
Seat 2: AceWise (small blind) collected ($0.20)
Seat 3: adelcio70 (big blind) folded before Flop
Seat 4: porcorosso23 folded before Flop (didn't bet)
Seat 5: Mahu2021 folded before Flop (didn't bet)
Seat 6: Swiss_Delight folded before Flop (didn't bet)



PokerStars Zoom Hand #255647103950:  Hold'em No Limit ($0.05/$0.10) - 2025/04/08 17:17:12 CET [2025/04/08 11:17:12 ET]
Table 'Aludra' 6-max Seat #1 is the button
Seat 1: Winik810 ($15.91 in chips) 
Seat 2: Kris.T.S.95 ($7.72 in chips) 
Seat 3: bloodedesert ($18.02 in chips) 
Seat 4: yoyomm7 ($18.24 in chips) 
Seat 5: sv5555555 ($11.64 in chips) 
Seat 6: Mahu2021 ($9.40 in chips) 
Kris.T.S.95: posts small blind $0.05
bloodedesert: posts big blind $0.10
*** HOLE CARDS ***
Dealt to Mahu2021 [8h 4d]
yoyomm7: folds 
sv5555555: folds 
Mahu2021: folds 
Winik810: raises $0.20 to $0.30
Kris.T.S.95: folds 
bloodedesert: folds 
Uncalled bet ($0.20) returned to Winik810
Winik810 collected $0.25 from pot
Winik810: doesn't show hand 
*** SUMMARY ***
Total pot $0.25 | Rake $0 
Seat 1: Winik810 (button) collected ($0.25)
Seat 2: Kris.T.S.95 (small blind) folded before Flop
Seat 3: bloodedesert (big blind) folded before Flop
Seat 4: yoyomm7 folded before Flop (didn't bet)
Seat 5: sv5555555 folded before Flop (didn't bet)
Seat 6: Mahu2021 folded before Flop (didn't bet)



PokerStars Zoom Hand #255647104483:  Hold'em No Limit ($0.05/$0.10) - 2025/04/08 17:17:15 CET [2025/04/08 11:17:15 ET]
Table 'Aludra' 6-max Seat #1 is the button
Seat 1: luckyviale ($7.92 in chips) 
Seat 2: MegaTbp1 ($8.34 in chips) 
Seat 3: Mahu2021 ($9.40 in chips) 
Seat 4: poKr.mak ($14.62 in chips) 
Seat 5: GSKG987 ($10.25 in chips) 
Seat 6: whit&sh@rk ($13.05 in chips) 
MegaTbp1: posts small blind $0.05
Mahu2021: posts big blind $0.10
*** HOLE CARDS ***
Dealt to Mahu2021 [7c Ah]
poKr.mak: folds 
GSKG987: folds 
whit&sh@rk: raises $0.15 to $0.25
luckyviale: folds 
MegaTbp1: calls $0.20
Mahu2021: folds 
*** FLOP *** [9d Td Ks]
MegaTbp1: checks 
whit&sh@rk: bets $0.18
MegaTbp1: calls $0.18
*** TURN *** [9d Td Ks] [5s]
MegaTbp1: checks 
whit&sh@rk: bets $0.69
MegaTbp1: folds 
Uncalled bet ($0.69) returned to whit&sh@rk
whit&sh@rk collected $0.92 from pot
whit&sh@rk: doesn't show hand 
*** SUMMARY ***
Total pot $0.96 | Rake $0.04 
Board [9d Td Ks 5s]
Seat 1: luckyviale (button) folded before Flop (didn't bet)
Seat 2: MegaTbp1 (small blind) folded on the Turn
Seat 3: Mahu2021 (big blind) folded before Flop
Seat 4: poKr.mak folded before Flop (didn't bet)
Seat 5: GSKG987 folded before Flop (didn't bet)
Seat 6: whit&sh@rk collected ($0.92)



PokerStars Zoom Hand #255647103207:  Hold'em No Limit ($0.05/$0.10) - 2025/04/08 17:17:08 CET [2025/04/08 11:17:08 ET]
Table 'Aludra' 6-max Seat #1 is the button
Seat 1: vuotee ($10.52 in chips) 
Seat 2: Mahu2021 ($9.45 in chips) 
Seat 3: WoozyFace ($13.33 in chips) 
Seat 4: xlpokerdonlx ($10.17 in chips) 
Seat 5: Lanziee ($10.15 in chips) 
Seat 6: pokeripuikko ($22.36 in chips) 
Mahu2021: posts small blind $0.05
WoozyFace: posts big blind $0.10
*** HOLE CARDS ***
Dealt to Mahu2021 [7s 9d]
xlpokerdonlx: folds 
Lanziee: folds 
pokeripuikko: folds 
vuotee: raises $0.15 to $0.25
Mahu2021: folds 
WoozyFace: calls $0.15
*** FLOP *** [5c 6s 3s]
WoozyFace: checks 
vuotee: checks 
*** TURN *** [5c 6s 3s] [8c]
WoozyFace: checks 
vuotee: checks 
*** RIVER *** [5c 6s 3s 8c] [Kh]
WoozyFace: checks 
vuotee: bets $0.27
WoozyFace: folds 
Uncalled bet ($0.27) returned to vuotee
vuotee collected $0.53 from pot
vuotee: doesn't show hand 
*** SUMMARY ***
Total pot $0.55 | Rake $0.02 
Board [5c 6s 3s 8c Kh]
Seat 1: vuotee (button) collected ($0.53)
Seat 2: Mahu2021 (small blind) folded before Flop
Seat 3: WoozyFace (big blind) folded on the River
Seat 4: xlpokerdonlx folded before Flop (didn't bet)
Seat 5: Lanziee folded before Flop (didn't bet)
Seat 6: pokeripuikko folded before Flop (didn't bet)



PokerStars Zoom Hand #255647106493:  Hold'em No Limit ($0.05/$0.10) - 2025/04/08 17:17:26 CET [2025/04/08 11:17:26 ET]
Table 'Aludra' 6-max Seat #1 is the button
Seat 1: GODR2 ($14.56 in chips) 
Seat 2: Blast4Sure ($14.52 in chips) 
Seat 3: Zangetsu2000 ($9.76 in chips) 
Seat 4: Mahu2021 ($9.30 in chips) 
Seat 5: ioioasd123 ($10.27 in chips) 
Seat 6: FrostyBrain007 ($9.85 in chips) 
Blast4Sure: posts small blind $0.05
Zangetsu2000: posts big blind $0.10
*** HOLE CARDS ***
Dealt to Mahu2021 [Jh Qc]
Mahu2021: raises $0.20 to $0.30
ioioasd123: raises $0.50 to $0.80
FrostyBrain007: folds 
GODR2: folds 
Blast4Sure: folds 
Zangetsu2000: folds 
Mahu2021: calls $0.50
*** FLOP *** [7c 6c 2c]
Mahu2021: bets $0.50
ioioasd123: calls $0.50
*** TURN *** [7c 6c 2c] [3c]
Mahu2021: bets $2.63
ioioasd123: calls $2.63
*** RIVER *** [7c 6c 2c 3c] [8c]
Mahu2021: bets $5.37 and is all-in
ioioasd123: calls $5.37
*** SHOW DOWN ***
Mahu2021: shows [Jh Qc] (a flush, Queen high)
ioioasd123: shows [Ac Qh] (a flush, Ace high)
ioioasd123 collected $17.70 from pot
*** SUMMARY ***
Total pot $18.75 | Rake $1.05 
Board [7c 6c 2c 3c 8c]
Seat 1: GODR2 (button) folded before Flop (didn't bet)
Seat 2: Blast4Sure (small blind) folded before Flop
Seat 3: Zangetsu2000 (big blind) folded before Flop
Seat 4: Mahu2021 showed [Jh Qc] and lost with a flush, Queen high
Seat 5: ioioasd123 showed [Ac Qh] and won ($17.70) with a flush, Ace high
Seat 6: FrostyBrain007 folded before Flop (didn't bet)



