PokerStars Zoom Hand #255632226833:  Hold'em No Limit ($0.05/$0.10) - 2025/04/07 15:30:34 CET [2025/04/07 9:30:34 ET]
Table 'Aludra' 6-max Seat #1 is the button
Seat 1: luckyviale ($3.67 in chips) 
Seat 2: marcio1979 ($10.35 in chips) 
Seat 3: Mahu2021 ($10 in chips) 
Seat 4: GoodGame1989 ($10.19 in chips) 
Seat 5: Luffy V ($17.06 in chips) 
Seat 6: denis4250 ($3.15 in chips) 
marcio1979: posts small blind $0.05
Mahu2021: posts big blind $0.10
*** HOLE CARDS ***
Dealt to Mahu2021 [8h 3c]
GoodGame1989: folds 
Luffy V: folds 
denis4250: folds 
luckyviale: folds 
marcio1979: raises $0.15 to $0.25
Mahu2021: folds 
Uncalled bet ($0.15) returned to marcio1979
marcio1979 collected $0.20 from pot
marcio1979: doesn't show hand 
*** SUMMARY ***
Total pot $0.20 | Rake $0 
Seat 1: luckyviale (button) folded before Flop (didn't bet)
Seat 2: marcio1979 (small blind) collected ($0.20)
Seat 3: Mahu2021 (big blind) folded before Flop
Seat 4: GoodGame1989 folded before Flop (didn't bet)
Seat 5: Luffy V folded before Flop (didn't bet)
Seat 6: denis4250 folded before Flop (didn't bet)



PokerStars Zoom Hand #255632228416:  Hold'em No Limit ($0.05/$0.10) - 2025/04/07 15:30:44 CET [2025/04/07 9:30:44 ET]
Table 'Aludra' 6-max Seat #1 is the button
Seat 1: downsynjerome ($21.33 in chips) 
Seat 2: Mahu2021 ($9.90 in chips) 
Seat 3: Die8 ($10.35 in chips) 
Seat 4: marcio1979 ($13.59 in chips) 
Seat 5: luckyviale ($3.62 in chips) 
Seat 6: Losimas(LT) ($12.42 in chips) 
Mahu2021: posts small blind $0.05
Die8: posts big blind $0.10
*** HOLE CARDS ***
Dealt to Mahu2021 [5s Qd]
marcio1979: folds 
luckyviale: folds 
Losimas(LT): folds 
downsynjerome: folds 
Mahu2021: folds 
Uncalled bet ($0.05) returned to Die8
Die8 collected $0.10 from pot
Die8: doesn't show hand 
*** SUMMARY ***
Total pot $0.10 | Rake $0 
Seat 1: downsynjerome (button) folded before Flop (didn't bet)
Seat 2: Mahu2021 (small blind) folded before Flop
Seat 3: Die8 (big blind) collected ($0.10)
Seat 4: marcio1979 folded before Flop (didn't bet)
Seat 5: luckyviale folded before Flop (didn't bet)
Seat 6: Losimas(LT) folded before Flop (didn't bet)



PokerStars Zoom Hand #255632231230:  Hold'em No Limit ($0.05/$0.10) - 2025/04/07 15:31:02 CET [2025/04/07 9:31:02 ET]
Table 'Aludra' 6-max Seat #1 is the button
Seat 1: julpuj ($8.45 in chips) 
Seat 2: KrayzieNutz ($10 in chips) 
Seat 3: marcio1979 ($13.54 in chips) 
Seat 4: Rodolfo0287 ($10.96 in chips) 
Seat 5: strashilisht ($8.58 in chips) 
Seat 6: Mahu2021 ($9.85 in chips) 
KrayzieNutz: posts small blind $0.05
marcio1979: posts big blind $0.10
*** HOLE CARDS ***
Dealt to Mahu2021 [Jc As]
Rodolfo0287: folds 
strashilisht: folds 
Mahu2021: raises $0.20 to $0.30
julpuj: folds 
KrayzieNutz: folds 
marcio1979: folds 
Uncalled bet ($0.20) returned to Mahu2021
Mahu2021 collected $0.25 from pot
Mahu2021: doesn't show hand 
*** SUMMARY ***
Total pot $0.25 | Rake $0 
Seat 1: julpuj (button) folded before Flop (didn't bet)
Seat 2: KrayzieNutz (small blind) folded before Flop
Seat 3: marcio1979 (big blind) folded before Flop
Seat 4: Rodolfo0287 folded before Flop (didn't bet)
Seat 5: strashilisht folded before Flop (didn't bet)
Seat 6: Mahu2021 collected ($0.25)



PokerStars Zoom Hand #255632229226:  Hold'em No Limit ($0.05/$0.10) - 2025/04/07 15:30:49 CET [2025/04/07 9:30:49 ET]
Table 'Aludra' 6-max Seat #1 is the button
Seat 1: Mahu2021 ($9.85 in chips) 
Seat 2: marcio1979 ($10.05 in chips) 
Seat 3: Rodolfo0287 ($23.35 in chips) 
Seat 4: BilaTserkva00 ($10.13 in chips) 
Seat 5: v4valter88 ($10.47 in chips) 
Seat 6: zayceff85 ($11.42 in chips) 
marcio1979: posts small blind $0.05
Rodolfo0287: posts big blind $0.10
*** HOLE CARDS ***
Dealt to Mahu2021 [Jd 8c]
BilaTserkva00: folds 
v4valter88: raises $0.10 to $0.20
zayceff85: folds 
Mahu2021: folds 
marcio1979: folds 
Rodolfo0287: calls $0.10
*** FLOP *** [Qh 4h Jh]
Rodolfo0287: checks 
v4valter88: checks 
*** TURN *** [Qh 4h Jh] [Td]
Rodolfo0287: checks 
v4valter88: bets $0.22
Rodolfo0287: folds 
Uncalled bet ($0.22) returned to v4valter88
v4valter88 collected $0.43 from pot
v4valter88: doesn't show hand 
*** SUMMARY ***
Total pot $0.45 | Rake $0.02 
Board [Qh 4h Jh Td]
Seat 1: Mahu2021 (button) folded before Flop (didn't bet)
Seat 2: marcio1979 (small blind) folded before Flop
Seat 3: Rodolfo0287 (big blind) folded on the Turn
Seat 4: BilaTserkva00 folded before Flop (didn't bet)
Seat 5: v4valter88 collected ($0.43)
Seat 6: zayceff85 folded before Flop (didn't bet)



PokerStars Zoom Hand #255632233615:  Hold'em No Limit ($0.05/$0.10) - 2025/04/07 15:31:17 CET [2025/04/07 9:31:17 ET]
Table 'Aludra' 6-max Seat #1 is the button
Seat 1: zaki512 ($7.83 in chips) 
Seat 2: solaia91 ($13.71 in chips) 
Seat 3: TKFarias ($11.65 in chips) 
Seat 4: cRicRilebritish ($10 in chips) 
Seat 5: Mahu2021 ($10 in chips) 
Seat 6: lonewolf972 ($11.41 in chips) 
solaia91: posts small blind $0.05
TKFarias: posts big blind $0.10
*** HOLE CARDS ***
Dealt to Mahu2021 [Td Ah]
cRicRilebritish: folds 
Mahu2021: raises $0.10 to $0.20
lonewolf972: folds 
zaki512: calls $0.20
solaia91: folds 
TKFarias: calls $0.10
*** FLOP *** [5s Ad 3d]
TKFarias: checks 
Mahu2021: bets $0.30
zaki512: calls $0.30
TKFarias: calls $0.30
*** TURN *** [5s Ad 3d] [As]
TKFarias: checks 
Mahu2021: bets $1.48
zaki512: calls $1.48
TKFarias: folds 
*** RIVER *** [5s Ad 3d As] [7s]
Mahu2021: checks 
zaki512: bets $3.90
Mahu2021: calls $3.90
*** SHOW DOWN ***
zaki512: shows [4s 6s] (a flush, Ace high)
Mahu2021: mucks hand 
zaki512 collected $11.76 from pot
*** SUMMARY ***
Total pot $12.31 | Rake $0.55 
Board [5s Ad 3d As 7s]
Seat 1: zaki512 (button) showed [4s 6s] and won ($11.76) with a flush, Ace high
Seat 2: solaia91 (small blind) folded before Flop
Seat 3: TKFarias (big blind) folded on the Turn
Seat 4: cRicRilebritish folded before Flop (didn't bet)
Seat 5: Mahu2021 mucked [Td Ah]
Seat 6: lonewolf972 folded before Flop (didn't bet)



PokerStars Zoom Hand #255632243081:  Hold'em No Limit ($0.05/$0.10) - 2025/04/07 15:32:16 CET [2025/04/07 9:32:16 ET]
Table 'Aludra' 6-max Seat #1 is the button
Seat 1: Mahu2021 ($4.12 in chips) 
Seat 2: gukozy ($23.55 in chips) 
Seat 3: dreexxar ($15.08 in chips) 
Seat 4: BilaTserkva00 ($10 in chips) 
Seat 5: zaki512 ($13.71 in chips) 
Seat 6: KrayzieNutz ($11.13 in chips) 
gukozy: posts small blind $0.05
dreexxar: posts big blind $0.10
*** HOLE CARDS ***
Dealt to Mahu2021 [7d Ad]
BilaTserkva00: folds 
zaki512: folds 
KrayzieNutz: folds 
Mahu2021: raises $0.10 to $0.20
gukozy: folds 
dreexxar: folds 
Uncalled bet ($0.10) returned to Mahu2021
Mahu2021 collected $0.25 from pot
Mahu2021: doesn't show hand 
*** SUMMARY ***
Total pot $0.25 | Rake $0 
Seat 1: Mahu2021 (button) collected ($0.25)
Seat 2: gukozy (small blind) folded before Flop
Seat 3: dreexxar (big blind) folded before Flop
Seat 4: BilaTserkva00 folded before Flop (didn't bet)
Seat 5: zaki512 folded before Flop (didn't bet)
Seat 6: KrayzieNutz folded before Flop (didn't bet)



PokerStars Zoom Hand #255632245315:  Hold'em No Limit ($0.05/$0.10) - 2025/04/07 15:32:30 CET [2025/04/07 9:32:30 ET]
Table 'Aludra' 6-max Seat #1 is the button
Seat 1: denis4250 ($13.24 in chips) 
Seat 2: lonewolf972 ($10.46 in chips) 
Seat 3: Mahu2021 ($4.27 in chips) 
Seat 4: TheSpirit MS ($10.86 in chips) 
Seat 5: KrayzieNutz ($10 in chips) 
Seat 6: Luffy V ($17.85 in chips) 
lonewolf972: posts small blind $0.05
Mahu2021: posts big blind $0.10
*** HOLE CARDS ***
Dealt to Mahu2021 [6s 9s]
TheSpirit MS: raises $0.15 to $0.25
KrayzieNutz: folds 
Luffy V: folds 
denis4250: folds 
lonewolf972: folds 
Mahu2021: folds 
Uncalled bet ($0.15) returned to TheSpirit MS
TheSpirit MS collected $0.25 from pot
TheSpirit MS: doesn't show hand 
*** SUMMARY ***
Total pot $0.25 | Rake $0 
Seat 1: denis4250 (button) folded before Flop (didn't bet)
Seat 2: lonewolf972 (small blind) folded before Flop
Seat 3: Mahu2021 (big blind) folded before Flop
Seat 4: TheSpirit MS collected ($0.25)
Seat 5: KrayzieNutz folded before Flop (didn't bet)
Seat 6: Luffy V folded before Flop (didn't bet)



PokerStars Zoom Hand #255632246454:  Hold'em No Limit ($0.05/$0.10) - 2025/04/07 15:32:37 CET [2025/04/07 9:32:37 ET]
Table 'Aludra' 6-max Seat #1 is the button
Seat 1: solaia91 ($13.51 in chips) 
Seat 2: Panda_Pooh_od ($11.06 in chips) 
Seat 3: nDoelAidFme ($16.23 in chips) 
Seat 4: TheSpirit MS ($11.01 in chips) 
Seat 5: Die8 ($12.15 in chips) 
Seat 6: Mahu2021 ($4.17 in chips) 
Panda_Pooh_od: posts small blind $0.05
nDoelAidFme: posts big blind $0.10
*** HOLE CARDS ***
Dealt to Mahu2021 [6c 6h]
TheSpirit MS: raises $0.15 to $0.25
Die8: folds 
Mahu2021: calls $0.25
solaia91: folds 
Panda_Pooh_od: folds 
nDoelAidFme: folds 
*** FLOP *** [8h Kd 7h]
TheSpirit MS: bets $0.20
Mahu2021: calls $0.20
*** TURN *** [8h Kd 7h] [3c]
TheSpirit MS: checks 
Mahu2021: bets $1
TheSpirit MS: folds 
Uncalled bet ($1) returned to Mahu2021
Mahu2021 collected $1 from pot
Mahu2021: doesn't show hand 
*** SUMMARY ***
Total pot $1.05 | Rake $0.05 
Board [8h Kd 7h 3c]
Seat 1: solaia91 (button) folded before Flop (didn't bet)
Seat 2: Panda_Pooh_od (small blind) folded before Flop
Seat 3: nDoelAidFme (big blind) folded before Flop
Seat 4: TheSpirit MS folded on the Turn
Seat 5: Die8 folded before Flop (didn't bet)
Seat 6: Mahu2021 collected ($1)



PokerStars Zoom Hand #255632253699:  Hold'em No Limit ($0.05/$0.10) - 2025/04/07 15:33:22 CET [2025/04/07 9:33:22 ET]
Table 'Aludra' 6-max Seat #1 is the button
Seat 1: Die8 ($10.18 in chips) 
Seat 2: Mahu2021 ($9.72 in chips) 
Seat 3: julpuj ($9 in chips) 
Seat 4: mrfreaky1989 ($10 in chips) 
Seat 5: TheSpirit MS ($15.84 in chips) 
Seat 6: neli910 ($7.17 in chips) 
Mahu2021: posts small blind $0.05
julpuj: posts big blind $0.10
*** HOLE CARDS ***
Dealt to Mahu2021 [Kd Ac]
mrfreaky1989: folds 
TheSpirit MS: folds 
neli910: raises $0.10 to $0.20
Die8: folds 
Mahu2021: raises $0.90 to $1.10
julpuj: folds 
neli910: calls $0.90
*** FLOP *** [7c 5s 2c]
Mahu2021: checks 
neli910: bets $0.90
Mahu2021: calls $0.90
*** TURN *** [7c 5s 2c] [Tc]
Mahu2021: checks 
neli910: checks 
*** RIVER *** [7c 5s 2c Tc] [4c]
Mahu2021: bets $3.92
neli910: folds 
Uncalled bet ($3.92) returned to Mahu2021
Mahu2021 collected $3.92 from pot
Mahu2021: doesn't show hand 
*** SUMMARY ***
Total pot $4.10 | Rake $0.18 
Board [7c 5s 2c Tc 4c]
Seat 1: Die8 (button) folded before Flop (didn't bet)
Seat 2: Mahu2021 (small blind) collected ($3.92)
Seat 3: julpuj (big blind) folded before Flop
Seat 4: mrfreaky1989 folded before Flop (didn't bet)
Seat 5: TheSpirit MS folded before Flop (didn't bet)
Seat 6: neli910 folded on the River



PokerStars Zoom Hand #255632262754:  Hold'em No Limit ($0.05/$0.10) - 2025/04/07 15:34:17 CET [2025/04/07 9:34:17 ET]
Table 'Aludra' 6-max Seat #1 is the button
Seat 1: REHSTH ($9.70 in chips) 
Seat 2: gukozy ($23.17 in chips) 
Seat 3: Mahu2021 ($11.64 in chips) 
Seat 4: lonewolf972 ($10.84 in chips) 
Seat 5: mrfreaky1989 ($10 in chips) 
Seat 6: father here ($7.15 in chips) 
gukozy: posts small blind $0.05
Mahu2021: posts big blind $0.10
*** HOLE CARDS ***
Dealt to Mahu2021 [Ah 2s]
lonewolf972: folds 
mrfreaky1989: folds 
father here: raises $0.10 to $0.20
REHSTH: folds 
gukozy: folds 
Mahu2021: calls $0.10
*** FLOP *** [7h 4c 4h]
Mahu2021: checks 
father here: bets $0.14
Mahu2021: folds 
Uncalled bet ($0.14) returned to father here
father here collected $0.43 from pot
father here: doesn't show hand 
*** SUMMARY ***
Total pot $0.45 | Rake $0.02 
Board [7h 4c 4h]
Seat 1: REHSTH (button) folded before Flop (didn't bet)
Seat 2: gukozy (small blind) folded before Flop
Seat 3: Mahu2021 (big blind) folded on the Flop
Seat 4: lonewolf972 folded before Flop (didn't bet)
Seat 5: mrfreaky1989 folded before Flop (didn't bet)
Seat 6: father here collected ($0.43)



PokerStars Zoom Hand #255632261932:  Hold'em No Limit ($0.05/$0.10) - 2025/04/07 15:34:12 CET [2025/04/07 9:34:12 ET]
Table 'Aludra' 6-max Seat #1 is the button
Seat 1: Thomasfl62 ($4.50 in chips) 
Seat 2: KrayzieNutz ($12.11 in chips) 
Seat 3: GoodGame1989 ($10 in chips) 
Seat 4: marcio1979 ($11.10 in chips) 
Seat 5: Mahu2021 ($11.64 in chips) 
Seat 6: Panda_Pooh_od ($10.68 in chips) 
KrayzieNutz: posts small blind $0.05
GoodGame1989: posts big blind $0.10
*** HOLE CARDS ***
Dealt to Mahu2021 [3h 7c]
marcio1979: folds 
Mahu2021: folds 
Panda_Pooh_od: raises $0.15 to $0.25
Thomasfl62: calls $0.25
KrayzieNutz: folds 
GoodGame1989: calls $0.15
*** FLOP *** [8h 2c 9c]
GoodGame1989: checks 
Panda_Pooh_od: checks 
Thomasfl62: bets $0.76
GoodGame1989: folds 
Panda_Pooh_od: folds 
Uncalled bet ($0.76) returned to Thomasfl62
Thomasfl62 collected $0.76 from pot
Thomasfl62: doesn't show hand 
*** SUMMARY ***
Total pot $0.80 | Rake $0.04 
Board [8h 2c 9c]
Seat 1: Thomasfl62 (button) collected ($0.76)
Seat 2: KrayzieNutz (small blind) folded before Flop
Seat 3: GoodGame1989 (big blind) folded on the Flop
Seat 4: marcio1979 folded before Flop (didn't bet)
Seat 5: Mahu2021 folded before Flop (didn't bet)
Seat 6: Panda_Pooh_od folded on the Flop



PokerStars Zoom Hand #255632267501:  Hold'em No Limit ($0.05/$0.10) - 2025/04/07 15:34:46 CET [2025/04/07 9:34:46 ET]
Table 'Aludra' 6-max Seat #1 is the button
Seat 1: robbie108 ($4.85 in chips) 
Seat 2: v4valter88 ($12.76 in chips) 
Seat 3: PROJADE111 ($12.23 in chips) 
Seat 4: Mahu2021 ($11.44 in chips) 
Seat 5: BilaTserkva00 ($13.42 in chips) 
Seat 6: Luffy V ($10.27 in chips) 
v4valter88: posts small blind $0.05
PROJADE111: posts big blind $0.10
*** HOLE CARDS ***
Dealt to Mahu2021 [9h Kh]
Mahu2021: raises $0.14 to $0.24
BilaTserkva00: raises $0.36 to $0.60
Luffy V: folds 
robbie108: folds 
v4valter88: folds 
PROJADE111: folds 
Mahu2021: calls $0.36
*** FLOP *** [7c 5s 2h]
Mahu2021: checks 
BilaTserkva00: checks 
*** TURN *** [7c 5s 2h] [8s]
Mahu2021: checks 
BilaTserkva00: checks 
*** RIVER *** [7c 5s 2h 8s] [Ad]
Mahu2021: checks 
BilaTserkva00: bets $0.90
Mahu2021: folds 
Uncalled bet ($0.90) returned to BilaTserkva00
BilaTserkva00 collected $1.29 from pot
BilaTserkva00: doesn't show hand 
*** SUMMARY ***
Total pot $1.35 | Rake $0.06 
Board [7c 5s 2h 8s Ad]
Seat 1: robbie108 (button) folded before Flop (didn't bet)
Seat 2: v4valter88 (small blind) folded before Flop
Seat 3: PROJADE111 (big blind) folded before Flop
Seat 4: Mahu2021 folded on the River
Seat 5: BilaTserkva00 collected ($1.29)
Seat 6: Luffy V folded before Flop (didn't bet)



PokerStars Zoom Hand #255632271756:  Hold'em No Limit ($0.05/$0.10) - 2025/04/07 15:35:13 CET [2025/04/07 9:35:13 ET]
Table 'Aludra' 6-max Seat #1 is the button
Seat 1: dreexxar ($16.08 in chips) 
Seat 2: Mahu2021 ($10.84 in chips) 
Seat 3: Losimas(LT) ($11.12 in chips) 
Seat 4: Pippitappeli ($9.85 in chips) 
Seat 5: hske664 ($10 in chips) 
Seat 6: BilaTserkva00 ($14.11 in chips) 
Mahu2021: posts small blind $0.05
Losimas(LT): posts big blind $0.10
*** HOLE CARDS ***
Dealt to Mahu2021 [7h Jh]
Pippitappeli: folds 
hske664: folds 
BilaTserkva00: folds 
dreexxar: folds 
Mahu2021: folds 
Uncalled bet ($0.05) returned to Losimas(LT)
Losimas(LT) collected $0.10 from pot
Losimas(LT): doesn't show hand 
*** SUMMARY ***
Total pot $0.10 | Rake $0 
Seat 1: dreexxar (button) folded before Flop (didn't bet)
Seat 2: Mahu2021 (small blind) folded before Flop
Seat 3: Losimas(LT) (big blind) collected ($0.10)
Seat 4: Pippitappeli folded before Flop (didn't bet)
Seat 5: hske664 folded before Flop (didn't bet)
Seat 6: BilaTserkva00 folded before Flop (didn't bet)



PokerStars Zoom Hand #255632272458:  Hold'em No Limit ($0.05/$0.10) - 2025/04/07 15:35:17 CET [2025/04/07 9:35:17 ET]
Table 'Aludra' 6-max Seat #1 is the button
Seat 1: Mahu2021 ($10.79 in chips) 
Seat 2: Die8 ($10.18 in chips) 
Seat 3: Pippitappeli ($9.85 in chips) 
Seat 4: marcio1979 ($10 in chips) 
Seat 5: dreexxar ($14.82 in chips) 
Seat 6: solaia91 ($10.30 in chips) 
Die8: posts small blind $0.05
Pippitappeli: posts big blind $0.10
*** HOLE CARDS ***
Dealt to Mahu2021 [Ts 3s]
marcio1979: folds 
dreexxar: folds 
solaia91: raises $0.20 to $0.30
Mahu2021: folds 
Die8: folds 
Pippitappeli: folds 
Uncalled bet ($0.20) returned to solaia91
solaia91 collected $0.25 from pot
solaia91: doesn't show hand 
*** SUMMARY ***
Total pot $0.25 | Rake $0 
Seat 1: Mahu2021 (button) folded before Flop (didn't bet)
Seat 2: Die8 (small blind) folded before Flop
Seat 3: Pippitappeli (big blind) folded before Flop
Seat 4: marcio1979 folded before Flop (didn't bet)
Seat 5: dreexxar folded before Flop (didn't bet)
Seat 6: solaia91 collected ($0.25)



PokerStars Zoom Hand #255632274371:  Hold'em No Limit ($0.05/$0.10) - 2025/04/07 15:35:28 CET [2025/04/07 9:35:28 ET]
Table 'Aludra' 6-max Seat #1 is the button
Seat 1: REHSTH ($9.95 in chips) 
Seat 2: TheSpirit MS ($10 in chips) 
Seat 3: hogatto3 ($10 in chips) 
Seat 4: Mahu2021 ($10.79 in chips) 
Seat 5: Rodolfo0287 ($9.49 in chips) 
Seat 6: TreeTreeTreeAA ($10.30 in chips) 
TheSpirit MS: posts small blind $0.05
hogatto3: posts big blind $0.10
*** HOLE CARDS ***
Dealt to Mahu2021 [3h Ts]
Mahu2021: folds 
Rodolfo0287: folds 
TreeTreeTreeAA: folds 
REHSTH: folds 
TheSpirit MS: folds 
Uncalled bet ($0.05) returned to hogatto3
hogatto3 collected $0.10 from pot
hogatto3: doesn't show hand 
*** SUMMARY ***
Total pot $0.10 | Rake $0 
Seat 1: REHSTH (button) folded before Flop (didn't bet)
Seat 2: TheSpirit MS (small blind) folded before Flop
Seat 3: hogatto3 (big blind) collected ($0.10)
Seat 4: Mahu2021 folded before Flop (didn't bet)
Seat 5: Rodolfo0287 folded before Flop (didn't bet)
Seat 6: TreeTreeTreeAA folded before Flop (didn't bet)



PokerStars Zoom Hand #255632272873:  Hold'em No Limit ($0.05/$0.10) - 2025/04/07 15:35:20 CET [2025/04/07 9:35:20 ET]
Table 'Aludra' 6-max Seat #1 is the button
Seat 1: denis4250 ($5.25 in chips) 
Seat 2: neli910 ($5.50 in chips) 
Seat 3: KrayzieNutz ($11.81 in chips) 
Seat 4: cRicRilebritish ($10.23 in chips) 
Seat 5: Mahu2021 ($10.79 in chips) 
Seat 6: FairPromises ($7.12 in chips) 
neli910: posts small blind $0.05
KrayzieNutz: posts big blind $0.10
*** HOLE CARDS ***
Dealt to Mahu2021 [2s Kh]
cRicRilebritish: folds 
Mahu2021: folds 
FairPromises: folds 
denis4250: folds 
neli910: raises $0.10 to $0.20
KrayzieNutz: folds 
Uncalled bet ($0.10) returned to neli910
neli910 collected $0.20 from pot
neli910: doesn't show hand 
*** SUMMARY ***
Total pot $0.20 | Rake $0 
Seat 1: denis4250 (button) folded before Flop (didn't bet)
Seat 2: neli910 (small blind) collected ($0.20)
Seat 3: KrayzieNutz (big blind) folded before Flop
Seat 4: cRicRilebritish folded before Flop (didn't bet)
Seat 5: Mahu2021 folded before Flop (didn't bet)
Seat 6: FairPromises folded before Flop (didn't bet)



PokerStars Zoom Hand #255632275539:  Hold'em No Limit ($0.05/$0.10) - 2025/04/07 15:35:36 CET [2025/04/07 9:35:36 ET]
Table 'Aludra' 6-max Seat #1 is the button
Seat 1: Clicker89 ($9.90 in chips) 
Seat 2: Kingskweku ($20.71 in chips) 
Seat 3: Mahu2021 ($10.79 in chips) 
Seat 4: GoodGame1989 ($12.52 in chips) 
Seat 5: KrayzieNutz ($11.31 in chips) 
Seat 6: v4valter88 ($10.10 in chips) 
Kingskweku: posts small blind $0.05
Mahu2021: posts big blind $0.10
*** HOLE CARDS ***
Dealt to Mahu2021 [9s 3h]
GoodGame1989: folds 
KrayzieNutz: raises $0.20 to $0.30
v4valter88: folds 
Clicker89: folds 
Kingskweku: folds 
Mahu2021: folds 
Uncalled bet ($0.20) returned to KrayzieNutz
KrayzieNutz collected $0.25 from pot
KrayzieNutz: doesn't show hand 
*** SUMMARY ***
Total pot $0.25 | Rake $0 
Seat 1: Clicker89 (button) folded before Flop (didn't bet)
Seat 2: Kingskweku (small blind) folded before Flop
Seat 3: Mahu2021 (big blind) folded before Flop
Seat 4: GoodGame1989 folded before Flop (didn't bet)
Seat 5: KrayzieNutz collected ($0.25)
Seat 6: v4valter88 folded before Flop (didn't bet)



PokerStars Zoom Hand #255632276823:  Hold'em No Limit ($0.05/$0.10) - 2025/04/07 15:35:43 CET [2025/04/07 9:35:43 ET]
Table 'Aludra' 6-max Seat #1 is the button
Seat 1: gualtersales ($15.44 in chips) 
Seat 2: Mahu2021 ($10.69 in chips) 
Seat 3: Kingskweku ($20.66 in chips) 
Seat 4: claudio130905 ($11.39 in chips) 
Seat 5: GoodGame1989 ($10.03 in chips) 
Seat 6: julpuj ($10.88 in chips) 
Mahu2021: posts small blind $0.05
Kingskweku: posts big blind $0.10
*** HOLE CARDS ***
Dealt to Mahu2021 [Th Kc]
claudio130905: folds 
GoodGame1989: raises $0.11 to $0.21
julpuj: folds 
gualtersales: folds 
Mahu2021: folds 
Kingskweku: folds 
Uncalled bet ($0.11) returned to GoodGame1989
GoodGame1989 collected $0.25 from pot
GoodGame1989: doesn't show hand 
*** SUMMARY ***
Total pot $0.25 | Rake $0 
Seat 1: gualtersales (button) folded before Flop (didn't bet)
Seat 2: Mahu2021 (small blind) folded before Flop
Seat 3: Kingskweku (big blind) folded before Flop
Seat 4: claudio130905 folded before Flop (didn't bet)
Seat 5: GoodGame1989 collected ($0.25)
Seat 6: julpuj folded before Flop (didn't bet)



PokerStars Zoom Hand #255632277469:  Hold'em No Limit ($0.05/$0.10) - 2025/04/07 15:35:47 CET [2025/04/07 9:35:47 ET]
Table 'Aludra' 6-max Seat #1 is the button
Seat 1: doccian ($15.27 in chips) 
Seat 2: hogatto3 ($10.10 in chips) 
Seat 3: claudio130905 ($11.39 in chips) 
Seat 4: julpuj ($10.88 in chips) 
Seat 5: gualtersales ($15.44 in chips) 
Seat 6: Mahu2021 ($10.64 in chips) 
hogatto3: posts small blind $0.05
claudio130905: posts big blind $0.10
*** HOLE CARDS ***
Dealt to Mahu2021 [8d Ks]
julpuj: folds 
gualtersales: folds 
Mahu2021: folds 
doccian: folds 
hogatto3: folds 
Uncalled bet ($0.05) returned to claudio130905
claudio130905 collected $0.10 from pot
claudio130905: doesn't show hand 
*** SUMMARY ***
Total pot $0.10 | Rake $0 
Seat 1: doccian (button) folded before Flop (didn't bet)
Seat 2: hogatto3 (small blind) folded before Flop
Seat 3: claudio130905 (big blind) collected ($0.10)
Seat 4: julpuj folded before Flop (didn't bet)
Seat 5: gualtersales folded before Flop (didn't bet)
Seat 6: Mahu2021 folded before Flop (didn't bet)



PokerStars Zoom Hand #255632275032:  Hold'em No Limit ($0.05/$0.10) - 2025/04/07 15:35:32 CET [2025/04/07 9:35:32 ET]
Table 'Aludra' 6-max Seat #1 is the button
Seat 1: Mahu2021 ($10.79 in chips) 
Seat 2: mrfreaky1989 ($10.97 in chips) 
Seat 3: The Dunda ($10 in chips) 
Seat 4: gukozy ($22.97 in chips) 
Seat 5: mlange ($4.41 in chips) 
Seat 6: REHSTH ($9.95 in chips) 
mrfreaky1989: posts small blind $0.05
The Dunda: posts big blind $0.10
*** HOLE CARDS ***
Dealt to Mahu2021 [6s Jd]
gukozy: folds 
mlange: calls $0.10
REHSTH: folds 
Mahu2021: folds 
mrfreaky1989: raises $0.30 to $0.40
The Dunda: folds 
mlange: calls $0.30
*** FLOP *** [4s Qh 8h]
mrfreaky1989: bets $0.31
mlange: calls $0.31
*** TURN *** [4s Qh 8h] [2d]
mrfreaky1989: bets $0.74
mlange: folds 
Uncalled bet ($0.74) returned to mrfreaky1989
mrfreaky1989 collected $1.45 from pot
mrfreaky1989: doesn't show hand 
*** SUMMARY ***
Total pot $1.52 | Rake $0.07 
Board [4s Qh 8h 2d]
Seat 1: Mahu2021 (button) folded before Flop (didn't bet)
Seat 2: mrfreaky1989 (small blind) collected ($1.45)
Seat 3: The Dunda (big blind) folded before Flop
Seat 4: gukozy folded before Flop (didn't bet)
Seat 5: mlange folded on the Turn
Seat 6: REHSTH folded before Flop (didn't bet)



PokerStars Zoom Hand #255632278174:  Hold'em No Limit ($0.05/$0.10) - 2025/04/07 15:35:51 CET [2025/04/07 9:35:51 ET]
Table 'Aludra' 6-max Seat #1 is the button
Seat 1: robbie108 ($4.46 in chips) 
Seat 2: TheSpirit MS ($22.10 in chips) 
Seat 3: umdolasieja ($10.88 in chips) 
Seat 4: julpuj ($10.88 in chips) 
Seat 5: Mahu2021 ($10.64 in chips) 
Seat 6: TKFarias ($20.44 in chips) 
TheSpirit MS: posts small blind $0.05
umdolasieja: posts big blind $0.10
*** HOLE CARDS ***
Dealt to Mahu2021 [Kh Qd]
julpuj: folds 
Mahu2021: raises $0.14 to $0.24
TKFarias: calls $0.24
robbie108: folds 
TheSpirit MS: calls $0.19
umdolasieja: folds 
*** FLOP *** [3s Ts 8d]
TheSpirit MS: checks 
Mahu2021: checks 
TKFarias: checks 
*** TURN *** [3s Ts 8d] [8c]
TheSpirit MS: bets $0.56
Mahu2021: folds 
TKFarias: calls $0.56
*** RIVER *** [3s Ts 8d 8c] [3c]
TheSpirit MS: checks 
TKFarias: bets $0.70
TheSpirit MS: calls $0.70
*** SHOW DOWN ***
TKFarias: shows [Tc 9s] (two pair, Tens and Eights)
TheSpirit MS: shows [Kd Td] (two pair, Tens and Eights - King kicker)
TheSpirit MS collected $3.15 from pot
*** SUMMARY ***
Total pot $3.34 | Rake $0.19 
Board [3s Ts 8d 8c 3c]
Seat 1: robbie108 (button) folded before Flop (didn't bet)
Seat 2: TheSpirit MS (small blind) showed [Kd Td] and won ($3.15) with two pair, Tens and Eights
Seat 3: umdolasieja (big blind) folded before Flop
Seat 4: julpuj folded before Flop (didn't bet)
Seat 5: Mahu2021 folded on the Turn
Seat 6: TKFarias showed [Tc 9s] and lost with two pair, Tens and Eights



PokerStars Zoom Hand #255632282606:  Hold'em No Limit ($0.05/$0.10) - 2025/04/07 15:36:19 CET [2025/04/07 9:36:19 ET]
Table 'Aludra' 6-max Seat #1 is the button
Seat 1: huchen5 ($4.73 in chips) 
Seat 2: Mùúh 22 ($10 in chips) 
Seat 3: Mahu2021 ($10.40 in chips) 
Seat 4: marcio1979 ($11.35 in chips) 
Seat 5: dreexxar ($18.10 in chips) 
Seat 6: ninoviejo ($10.12 in chips) 
Mùúh 22: posts small blind $0.05
Mahu2021: posts big blind $0.10
*** HOLE CARDS ***
Dealt to Mahu2021 [Kd 7c]
marcio1979: folds 
dreexxar: folds 
ninoviejo: raises $0.15 to $0.25
huchen5: folds 
Mùúh 22: folds 
Mahu2021: folds 
Uncalled bet ($0.15) returned to ninoviejo
ninoviejo collected $0.25 from pot
ninoviejo: doesn't show hand 
*** SUMMARY ***
Total pot $0.25 | Rake $0 
Seat 1: huchen5 (button) folded before Flop (didn't bet)
Seat 2: Mùúh 22 (small blind) folded before Flop
Seat 3: Mahu2021 (big blind) folded before Flop
Seat 4: marcio1979 folded before Flop (didn't bet)
Seat 5: dreexxar folded before Flop (didn't bet)
Seat 6: ninoviejo collected ($0.25)



PokerStars Zoom Hand #255632284547:  Hold'em No Limit ($0.05/$0.10) - 2025/04/07 15:36:30 CET [2025/04/07 9:36:30 ET]
Table 'Aludra' 6-max Seat #1 is the button
Seat 1: The Dunda ($18.88 in chips) 
Seat 2: marcio1979 ($14.34 in chips) 
Seat 3: KrayzieNutz ($11.06 in chips) 
Seat 4: maxsil881 ($13.40 in chips) 
Seat 5: Mahu2021 ($10.30 in chips) 
Seat 6: dreexxar ($18.05 in chips) 
marcio1979: posts small blind $0.05
KrayzieNutz: posts big blind $0.10
*** HOLE CARDS ***
Dealt to Mahu2021 [9s 4h]
maxsil881: folds 
Mahu2021: folds 
dreexxar: folds 
The Dunda: raises $0.10 to $0.20
marcio1979: folds 
KrayzieNutz: folds 
Uncalled bet ($0.10) returned to The Dunda
The Dunda collected $0.25 from pot
The Dunda: doesn't show hand 
*** SUMMARY ***
Total pot $0.25 | Rake $0 
Seat 1: The Dunda (button) collected ($0.25)
Seat 2: marcio1979 (small blind) folded before Flop
Seat 3: KrayzieNutz (big blind) folded before Flop
Seat 4: maxsil881 folded before Flop (didn't bet)
Seat 5: Mahu2021 folded before Flop (didn't bet)
Seat 6: dreexxar folded before Flop (didn't bet)



PokerStars Zoom Hand #255632285244:  Hold'em No Limit ($0.05/$0.10) - 2025/04/07 15:36:35 CET [2025/04/07 9:36:35 ET]
Table 'Aludra' 6-max Seat #1 is the button
Seat 1: cRicRilebritish ($10 in chips) 
Seat 2: Mahu2021 ($10.30 in chips) 
Seat 3: Retulx ($10 in chips) 
Seat 4: thuglifestar ($10 in chips) 
Seat 5: viceman82 ($8.96 in chips) 
Seat 6: gukozy ($23.20 in chips) 
Mahu2021: posts small blind $0.05
Retulx: posts big blind $0.10
*** HOLE CARDS ***
Dealt to Mahu2021 [Td Qs]
thuglifestar: folds 
viceman82: folds 
gukozy: folds 
cRicRilebritish: folds 
Mahu2021: folds 
Uncalled bet ($0.05) returned to Retulx
Retulx collected $0.10 from pot
Retulx: doesn't show hand 
*** SUMMARY ***
Total pot $0.10 | Rake $0 
Seat 1: cRicRilebritish (button) folded before Flop (didn't bet)
Seat 2: Mahu2021 (small blind) folded before Flop
Seat 3: Retulx (big blind) collected ($0.10)
Seat 4: thuglifestar folded before Flop (didn't bet)
Seat 5: viceman82 folded before Flop (didn't bet)
Seat 6: gukozy folded before Flop (didn't bet)



PokerStars Zoom Hand #255632273617:  Hold'em No Limit ($0.05/$0.10) - 2025/04/07 15:35:24 CET [2025/04/07 9:35:24 ET]
Table 'Aludra' 6-max Seat #1 is the button
Seat 1: Losimas(LT) ($11.12 in chips) 
Seat 2: REHSTH ($10 in chips) 
Seat 3: hske664 ($10 in chips) 
Seat 4: denis4250 ($5.25 in chips) 
Seat 5: Panda_Pooh_od ($14.07 in chips) 
Seat 6: Mahu2021 ($10.79 in chips) 
REHSTH: posts small blind $0.05
hske664: posts big blind $0.10
*** HOLE CARDS ***
Dealt to Mahu2021 [Kc 4c]
denis4250: raises $0.15 to $0.25
Panda_Pooh_od: raises $0.50 to $0.75
Mahu2021: folds 
Losimas(LT): calls $0.75
REHSTH: folds 
hske664: calls $0.65
denis4250: calls $0.50
*** FLOP *** [Jh 8d 7s]
hske664: checks 
denis4250: checks 
Panda_Pooh_od: bets $1.50
Losimas(LT): calls $1.50
hske664: folds 
denis4250: folds 
*** TURN *** [Jh 8d 7s] [Ah]
Panda_Pooh_od: checks 
Losimas(LT): bets $4.34
Panda_Pooh_od: folds 
Uncalled bet ($4.34) returned to Losimas(LT)
Losimas(LT) collected $5.78 from pot
Losimas(LT): doesn't show hand 
*** SUMMARY ***
Total pot $6.05 | Rake $0.27 
Board [Jh 8d 7s Ah]
Seat 1: Losimas(LT) (button) collected ($5.78)
Seat 2: REHSTH (small blind) folded before Flop
Seat 3: hske664 (big blind) folded on the Flop
Seat 4: denis4250 folded on the Flop
Seat 5: Panda_Pooh_od folded on the Turn
Seat 6: Mahu2021 folded before Flop (didn't bet)



PokerStars Zoom Hand #255632285868:  Hold'em No Limit ($0.05/$0.10) - 2025/04/07 15:36:38 CET [2025/04/07 9:36:38 ET]
Table 'Aludra' 6-max Seat #1 is the button
Seat 1: Mahu2021 ($10.25 in chips) 
Seat 2: viceman82 ($8.96 in chips) 
Seat 3: SlipperySealion ($26.03 in chips) 
Seat 4: hogatto3 ($12.86 in chips) 
Seat 5: solaia91 ($10.60 in chips) 
Seat 6: iMac521988 ($5.25 in chips) 
viceman82: posts small blind $0.05
SlipperySealion: posts big blind $0.10
*** HOLE CARDS ***
Dealt to Mahu2021 [3s 4s]
hogatto3: folds 
solaia91: folds 
iMac521988: raises $0.40 to $0.50
Mahu2021: calls $0.50
viceman82: folds 
SlipperySealion: folds 
*** FLOP *** [8c As 6h]
iMac521988: checks 
Mahu2021: bets $1.10
iMac521988: calls $1.10
*** TURN *** [8c As 6h] [9s]
iMac521988: checks 
Mahu2021: bets $3.20
iMac521988: raises $0.45 to $3.65 and is all-in
Mahu2021: calls $0.45
*** RIVER *** [8c As 6h 9s] [5s]
*** SHOW DOWN ***
iMac521988: shows [2c Ad] (a pair of Aces)
Mahu2021: shows [3s 4s] (a flush, Ace high)
Mahu2021 collected $10.17 from pot
*** SUMMARY ***
Total pot $10.65 | Rake $0.48 
Board [8c As 6h 9s 5s]
Seat 1: Mahu2021 (button) showed [3s 4s] and won ($10.17) with a flush, Ace high
Seat 2: viceman82 (small blind) folded before Flop
Seat 3: SlipperySealion (big blind) folded before Flop
Seat 4: hogatto3 folded before Flop (didn't bet)
Seat 5: solaia91 folded before Flop (didn't bet)
Seat 6: iMac521988 showed [2c Ad] and lost with a pair of Aces



