PokerStars Zoom Hand #255646579776:  Hold'em No Limit ($0.05/$0.10) - 2025/04/08 16:27:04 CET [2025/04/08 10:27:04 ET]
Table 'Aludra' 6-max Seat #1 is the button
Seat 1: strashilisht ($12 in chips) 
Seat 2: BGold999 ($9.90 in chips) 
Seat 3: Mahu2021 ($10 in chips) 
Seat 4: A_Rommel ($21.26 in chips) 
Seat 5: Baratrum777 ($15.01 in chips) 
Seat 6: Shari RD ($9 in chips) 
BGold999: posts small blind $0.05
Mahu2021: posts big blind $0.10
*** HOLE CARDS ***
Dealt to Mahu2021 [8s 6h]
A_Rommel: folds 
Baratrum777: folds 
Shari RD: raises $0.15 to $0.25
strashilisht: folds 
BGold999: folds 
Mahu2021: folds 
Uncalled bet ($0.15) returned to Shari RD
Shari RD collected $0.25 from pot
Shari RD: doesn't show hand 
*** SUMMARY ***
Total pot $0.25 | Rake $0 
Seat 1: strashilisht (button) folded before Flop (didn't bet)
Seat 2: BGold999 (small blind) folded before Flop
Seat 3: Mahu2021 (big blind) folded before Flop
Seat 4: A_Rommel folded before Flop (didn't bet)
Seat 5: Baratrum777 folded before Flop (didn't bet)
Seat 6: Shari RD collected ($0.25)



PokerStars Zoom Hand #255646583633:  Hold'em No Limit ($0.05/$0.10) - 2025/04/08 16:27:26 CET [2025/04/08 10:27:26 ET]
Table 'Aludra' 6-max Seat #1 is the button
Seat 1: Shari RD ($9.15 in chips) 
Seat 2: Ayetolive87 ($10.65 in chips) 
Seat 3: Ktjiing ($9.80 in chips) 
Seat 4: kakaka194 ($11.29 in chips) 
Seat 5: hogatto3 ($27 in chips) 
Seat 6: Mahu2021 ($9.85 in chips) 
Ayetolive87: posts small blind $0.05
Ktjiing: posts big blind $0.10
*** HOLE CARDS ***
Dealt to Mahu2021 [9d 6c]
kakaka194: folds 
hogatto3: folds 
Mahu2021: folds 
Shari RD: folds 
Ayetolive87: folds 
Uncalled bet ($0.05) returned to Ktjiing
Ktjiing collected $0.10 from pot
Ktjiing: doesn't show hand 
*** SUMMARY ***
Total pot $0.10 | Rake $0 
Seat 1: Shari RD (button) folded before Flop (didn't bet)
Seat 2: Ayetolive87 (small blind) folded before Flop
Seat 3: Ktjiing (big blind) collected ($0.10)
Seat 4: kakaka194 folded before Flop (didn't bet)
Seat 5: hogatto3 folded before Flop (didn't bet)
Seat 6: Mahu2021 folded before Flop (didn't bet)



PokerStars Zoom Hand #255646582735:  Hold'em No Limit ($0.05/$0.10) - 2025/04/08 16:27:21 CET [2025/04/08 10:27:21 ET]
Table 'Aludra' 6-max Seat #1 is the button
Seat 1: Mahu2021 ($9.85 in chips) 
Seat 2: StrongMercedes ($10.51 in chips) 
Seat 3: willpea2 ($28.94 in chips) 
Seat 4: putzkedudu ($20.50 in chips) 
Seat 5: tibixfuvar ($5.45 in chips) 
Seat 6: arongraham100 ($14.48 in chips) 
StrongMercedes: posts small blind $0.05
willpea2: posts big blind $0.10
*** HOLE CARDS ***
Dealt to Mahu2021 [Qc 5s]
putzkedudu: folds 
tibixfuvar: folds 
arongraham100: folds 
Mahu2021: folds 
StrongMercedes: raises $0.15 to $0.25
willpea2: folds 
Uncalled bet ($0.15) returned to StrongMercedes
StrongMercedes collected $0.20 from pot
StrongMercedes: doesn't show hand 
*** SUMMARY ***
Total pot $0.20 | Rake $0 
Seat 1: Mahu2021 (button) folded before Flop (didn't bet)
Seat 2: StrongMercedes (small blind) collected ($0.20)
Seat 3: willpea2 (big blind) folded before Flop
Seat 4: putzkedudu folded before Flop (didn't bet)
Seat 5: tibixfuvar folded before Flop (didn't bet)
Seat 6: arongraham100 folded before Flop (didn't bet)



PokerStars Zoom Hand #255646584920:  Hold'em No Limit ($0.05/$0.10) - 2025/04/08 16:27:33 CET [2025/04/08 10:27:33 ET]
Table 'Aludra' 6-max Seat #1 is the button
Seat 1: Hokazono Iroha ($10.15 in chips) 
Seat 2: Windows 21xp ($10 in chips) 
Seat 3: HakuBD ($26.16 in chips) 
Seat 4: dsanchez11 ($10.30 in chips) 
Seat 5: Mahu2021 ($9.85 in chips) 
Seat 6: Withnai1 ($3.46 in chips) 
Windows 21xp: posts small blind $0.05
HakuBD: posts big blind $0.10
*** HOLE CARDS ***
Dealt to Mahu2021 [Qh 8h]
dsanchez11: folds 
Mahu2021: folds 
Withnai1: folds 
Hokazono Iroha: folds 
Windows 21xp: folds 
Uncalled bet ($0.05) returned to HakuBD
HakuBD collected $0.10 from pot
HakuBD: doesn't show hand 
*** SUMMARY ***
Total pot $0.10 | Rake $0 
Seat 1: Hokazono Iroha (button) folded before Flop (didn't bet)
Seat 2: Windows 21xp (small blind) folded before Flop
Seat 3: HakuBD (big blind) collected ($0.10)
Seat 4: dsanchez11 folded before Flop (didn't bet)
Seat 5: Mahu2021 folded before Flop (didn't bet)
Seat 6: Withnai1 folded before Flop (didn't bet)



PokerStars Zoom Hand #255646586159:  Hold'em No Limit ($0.05/$0.10) - 2025/04/08 16:27:40 CET [2025/04/08 10:27:40 ET]
Table 'Aludra' 6-max Seat #1 is the button
Seat 1: hogatto3 ($10.68 in chips) 
Seat 2: willpea2 ($28.84 in chips) 
Seat 3: StrongMercedes ($10.61 in chips) 
Seat 4: Mahu2021 ($9.85 in chips) 
Seat 5: Kristjan Lõv ($2.28 in chips) 
Seat 6: sabrisodre ($10.49 in chips) 
willpea2: posts small blind $0.05
StrongMercedes: posts big blind $0.10
*** HOLE CARDS ***
Dealt to Mahu2021 [5h Qd]
Mahu2021: folds 
Kristjan Lõv: folds 
sabrisodre: raises $0.10 to $0.20
hogatto3: folds 
willpea2: folds 
StrongMercedes: folds 
Uncalled bet ($0.10) returned to sabrisodre
sabrisodre collected $0.25 from pot
sabrisodre: doesn't show hand 
*** SUMMARY ***
Total pot $0.25 | Rake $0 
Seat 1: hogatto3 (button) folded before Flop (didn't bet)
Seat 2: willpea2 (small blind) folded before Flop
Seat 3: StrongMercedes (big blind) folded before Flop
Seat 4: Mahu2021 folded before Flop (didn't bet)
Seat 5: Kristjan Lõv folded before Flop (didn't bet)
Seat 6: sabrisodre collected ($0.25)



PokerStars Zoom Hand #255646587054:  Hold'em No Limit ($0.05/$0.10) - 2025/04/08 16:27:45 CET [2025/04/08 10:27:45 ET]
Table 'Aludra' 6-max Seat #1 is the button
Seat 1: Withnai1 ($3.46 in chips) 
Seat 2: Mahu2021 ($9.85 in chips) 
Seat 3: bloodedesert ($10 in chips) 
Seat 4: Swiss_Delight ($24.25 in chips) 
Seat 5: Hokazono Iroha ($10.15 in chips) 
Seat 6: Baratrum777 ($10.65 in chips) 
Mahu2021: posts small blind $0.05
bloodedesert: posts big blind $0.10
*** HOLE CARDS ***
Dealt to Mahu2021 [7h 9c]
Swiss_Delight: folds 
Hokazono Iroha: folds 
Baratrum777: folds 
Withnai1: folds 
Mahu2021: folds 
Uncalled bet ($0.05) returned to bloodedesert
bloodedesert collected $0.10 from pot
bloodedesert: doesn't show hand 
*** SUMMARY ***
Total pot $0.10 | Rake $0 
Seat 1: Withnai1 (button) folded before Flop (didn't bet)
Seat 2: Mahu2021 (small blind) folded before Flop
Seat 3: bloodedesert (big blind) collected ($0.10)
Seat 4: Swiss_Delight folded before Flop (didn't bet)
Seat 5: Hokazono Iroha folded before Flop (didn't bet)
Seat 6: Baratrum777 folded before Flop (didn't bet)



PokerStars Zoom Hand #255646582106:  Hold'em No Limit ($0.05/$0.10) - 2025/04/08 16:27:17 CET [2025/04/08 10:27:17 ET]
Table 'Aludra' 6-max Seat #1 is the button
Seat 1: Hokazono Iroha ($10 in chips) 
Seat 2: Mahu2021 ($9.90 in chips) 
Seat 3: 15lawrencea ($17.41 in chips) 
Seat 4: Luffy V ($13.29 in chips) 
Seat 5: $wanswan ($16.80 in chips) 
Seat 6: KrayzieNutz ($21.81 in chips) 
Mahu2021: posts small blind $0.05
15lawrencea: posts big blind $0.10
*** HOLE CARDS ***
Dealt to Mahu2021 [Ks 7h]
Luffy V: raises $0.15 to $0.25
$wanswan: folds 
KrayzieNutz: folds 
Hokazono Iroha: folds 
Mahu2021: folds 
15lawrencea: calls $0.15
*** FLOP *** [3h 7s As]
15lawrencea: checks 
Luffy V: checks 
*** TURN *** [3h 7s As] [7d]
15lawrencea: checks 
Luffy V: checks 
*** RIVER *** [3h 7s As 7d] [2c]
15lawrencea: checks 
Luffy V: checks 
*** SHOW DOWN ***
15lawrencea: shows [Kh Jh] (a pair of Sevens)
Luffy V: mucks hand 
15lawrencea collected $0.53 from pot
*** SUMMARY ***
Total pot $0.55 | Rake $0.02 
Board [3h 7s As 7d 2c]
Seat 1: Hokazono Iroha (button) folded before Flop (didn't bet)
Seat 2: Mahu2021 (small blind) folded before Flop
Seat 3: 15lawrencea (big blind) showed [Kh Jh] and won ($0.53) with a pair of Sevens
Seat 4: Luffy V mucked [9c Jc]
Seat 5: $wanswan folded before Flop (didn't bet)
Seat 6: KrayzieNutz folded before Flop (didn't bet)



PokerStars Zoom Hand #255646587608:  Hold'em No Limit ($0.05/$0.10) - 2025/04/08 16:27:48 CET [2025/04/08 10:27:48 ET]
Table 'Aludra' 6-max Seat #1 is the button
Seat 1: Kristjan Lõv ($2.28 in chips) 
Seat 2: HakuBD ($26.21 in chips) 
Seat 3: Mahu2021 ($9.80 in chips) 
Seat 4: arongraham100 ($14.56 in chips) 
Seat 5: Gimmethemblinds ($12.71 in chips) 
Seat 6: Baratrum777 ($10 in chips) 
HakuBD: posts small blind $0.05
Mahu2021: posts big blind $0.10
*** HOLE CARDS ***
Dealt to Mahu2021 [Qh 8s]
arongraham100: folds 
Gimmethemblinds: folds 
Baratrum777: folds 
Kristjan Lõv: calls $0.10
HakuBD has timed out
HakuBD: folds 
Mahu2021: checks 
*** FLOP *** [4s 9c 7c]
Mahu2021: checks 
Kristjan Lõv: checks 
*** TURN *** [4s 9c 7c] [4c]
Mahu2021: checks 
Kristjan Lõv: bets $0.24
Mahu2021: folds 
Uncalled bet ($0.24) returned to Kristjan Lõv
Kristjan Lõv collected $0.24 from pot
Kristjan Lõv: doesn't show hand 
*** SUMMARY ***
Total pot $0.25 | Rake $0.01 
Board [4s 9c 7c 4c]
Seat 1: Kristjan Lõv (button) collected ($0.24)
Seat 2: HakuBD (small blind) folded before Flop
Seat 3: Mahu2021 (big blind) folded on the Turn
Seat 4: arongraham100 folded before Flop (didn't bet)
Seat 5: Gimmethemblinds folded before Flop (didn't bet)
Seat 6: Baratrum777 folded before Flop (didn't bet)



PokerStars Zoom Hand #255646593576:  Hold'em No Limit ($0.05/$0.10) - 2025/04/08 16:28:22 CET [2025/04/08 10:28:22 ET]
Table 'Aludra' 6-max Seat #1 is the button
Seat 1: respectedD888 ($14.76 in chips) 
Seat 2: jacobtilt35 ($8.12 in chips) 
Seat 3: bloodedesert ($19.95 in chips) 
Seat 4: 00O-2Z ($13.50 in chips) 
Seat 5: Cayoosh16 ($10.05 in chips) 
Seat 6: Mahu2021 ($9.70 in chips) 
jacobtilt35: posts small blind $0.05
bloodedesert: posts big blind $0.10
*** HOLE CARDS ***
Dealt to Mahu2021 [9s 8s]
00O-2Z: folds 
Cayoosh16: folds 
Mahu2021: raises $0.20 to $0.30
respectedD888: folds 
jacobtilt35: folds 
bloodedesert: folds 
Uncalled bet ($0.20) returned to Mahu2021
Mahu2021 collected $0.25 from pot
Mahu2021: doesn't show hand 
*** SUMMARY ***
Total pot $0.25 | Rake $0 
Seat 1: respectedD888 (button) folded before Flop (didn't bet)
Seat 2: jacobtilt35 (small blind) folded before Flop
Seat 3: bloodedesert (big blind) folded before Flop
Seat 4: 00O-2Z folded before Flop (didn't bet)
Seat 5: Cayoosh16 folded before Flop (didn't bet)
Seat 6: Mahu2021 collected ($0.25)



PokerStars Zoom Hand #255646596181:  Hold'em No Limit ($0.05/$0.10) - 2025/04/08 16:28:36 CET [2025/04/08 10:28:36 ET]
Table 'Aludra' 6-max Seat #1 is the button
Seat 1: Mahu2021 ($9.85 in chips) 
Seat 2: Die8 ($13.21 in chips) 
Seat 3: serotonine91 ($10 in chips) 
Seat 4: bloodedesert ($19.85 in chips) 
Seat 5: Footraiser ($10.59 in chips) 
Seat 6: willpea2 ($14 in chips) 
Die8: posts small blind $0.05
serotonine91: posts big blind $0.10
*** HOLE CARDS ***
Dealt to Mahu2021 [8c 3c]
bloodedesert: folds 
Footraiser: folds 
willpea2: folds 
Mahu2021: folds 
Die8: folds 
Uncalled bet ($0.05) returned to serotonine91
serotonine91 collected $0.10 from pot
serotonine91: doesn't show hand 
*** SUMMARY ***
Total pot $0.10 | Rake $0 
Seat 1: Mahu2021 (button) folded before Flop (didn't bet)
Seat 2: Die8 (small blind) folded before Flop
Seat 3: serotonine91 (big blind) collected ($0.10)
Seat 4: bloodedesert folded before Flop (didn't bet)
Seat 5: Footraiser folded before Flop (didn't bet)
Seat 6: willpea2 folded before Flop (didn't bet)



PokerStars Zoom Hand #255646597661:  Hold'em No Limit ($0.05/$0.10) - 2025/04/08 16:28:45 CET [2025/04/08 10:28:45 ET]
Table 'Aludra' 6-max Seat #1 is the button
Seat 1: Cayoosh16 ($10.05 in chips) 
Seat 2: GODR2 ($10 in chips) 
Seat 3: AidanNavarro ($9.95 in chips) 
Seat 4: Mahu2021 ($9.85 in chips) 
Seat 5: denis4250 ($10.51 in chips) 
Seat 6: willpea2 ($10 in chips) 
GODR2: posts small blind $0.05
AidanNavarro: posts big blind $0.10
*** HOLE CARDS ***
Dealt to Mahu2021 [7s Jh]
Mahu2021: folds 
denis4250: folds 
willpea2: raises $0.15 to $0.25
Cayoosh16: folds 
GODR2: folds 
AidanNavarro: folds 
Uncalled bet ($0.15) returned to willpea2
willpea2 collected $0.25 from pot
willpea2: doesn't show hand 
*** SUMMARY ***
Total pot $0.25 | Rake $0 
Seat 1: Cayoosh16 (button) folded before Flop (didn't bet)
Seat 2: GODR2 (small blind) folded before Flop
Seat 3: AidanNavarro (big blind) folded before Flop
Seat 4: Mahu2021 folded before Flop (didn't bet)
Seat 5: denis4250 folded before Flop (didn't bet)
Seat 6: willpea2 collected ($0.25)



PokerStars Zoom Hand #255646598539:  Hold'em No Limit ($0.05/$0.10) - 2025/04/08 16:28:50 CET [2025/04/08 10:28:50 ET]
Table 'Aludra' 6-max Seat #1 is the button
Seat 1: denis4250 ($11.36 in chips) 
Seat 2: Hokazono Iroha ($10 in chips) 
Seat 3: Luffy V ($12.89 in chips) 
Seat 4: hogatto3 ($10.68 in chips) 
Seat 5: Mahu2021 ($9.85 in chips) 
Seat 6: luckyviale ($5.78 in chips) 
Hokazono Iroha: posts small blind $0.05
Luffy V: posts big blind $0.10
*** HOLE CARDS ***
Dealt to Mahu2021 [2d 3c]
hogatto3: raises $0.12 to $0.22
Mahu2021: folds 
luckyviale: folds 
denis4250: folds 
Hokazono Iroha: folds 
Luffy V: folds 
Uncalled bet ($0.12) returned to hogatto3
hogatto3 collected $0.25 from pot
hogatto3: doesn't show hand 
*** SUMMARY ***
Total pot $0.25 | Rake $0 
Seat 1: denis4250 (button) folded before Flop (didn't bet)
Seat 2: Hokazono Iroha (small blind) folded before Flop
Seat 3: Luffy V (big blind) folded before Flop
Seat 4: hogatto3 collected ($0.25)
Seat 5: Mahu2021 folded before Flop (didn't bet)
Seat 6: luckyviale folded before Flop (didn't bet)



PokerStars Zoom Hand #255646599257:  Hold'em No Limit ($0.05/$0.10) - 2025/04/08 16:28:54 CET [2025/04/08 10:28:54 ET]
Table 'Aludra' 6-max Seat #1 is the button
Seat 1: Swiss_Delight ($10.20 in chips) 
Seat 2: denis4250 ($11.36 in chips) 
Seat 3: Nechyp ($2.63 in chips) 
Seat 4: ukcarlos ($9.65 in chips) 
Seat 5: luckyviale ($5.78 in chips) 
Seat 6: Mahu2021 ($9.85 in chips) 
denis4250: posts small blind $0.05
Nechyp: posts big blind $0.10
*** HOLE CARDS ***
Dealt to Mahu2021 [Ac 9h]
ukcarlos: raises $0.20 to $0.30
luckyviale: folds 
Mahu2021: folds 
Swiss_Delight: folds 
denis4250: calls $0.25
Nechyp: raises $2.33 to $2.63 and is all-in
ukcarlos: folds 
denis4250: calls $2.33
*** FLOP *** [Td 7d 8d]
*** TURN *** [Td 7d 8d] [Jd]
*** RIVER *** [Td 7d 8d Jd] [Ks]
*** SHOW DOWN ***
denis4250: shows [Ah Qh] (a straight, Ten to Ace)
Nechyp: shows [Kc 6c] (a pair of Kings)
denis4250 cashed out the hand for $3.23 | Cash Out Fee $0.07
*** SUMMARY ***
Total pot $5.56 | Rake $0.25 
Board [Td 7d 8d Jd Ks]
Seat 1: Swiss_Delight (button) folded before Flop (didn't bet)
Seat 2: denis4250 (small blind) showed [Ah Qh] and won ($5.31) with a straight, Ten to Ace (pot not awarded as player cashed out)
Seat 3: Nechyp (big blind) showed [Kc 6c] and lost with a pair of Kings
Seat 4: ukcarlos folded before Flop
Seat 5: luckyviale folded before Flop (didn't bet)
Seat 6: Mahu2021 folded before Flop (didn't bet)



PokerStars Zoom Hand #255646600124:  Hold'em No Limit ($0.05/$0.10) - 2025/04/08 16:28:59 CET [2025/04/08 10:28:59 ET]
Table 'Aludra' 6-max Seat #1 is the button
Seat 1: akeno1987 ($16.73 in chips) 
Seat 2: luckyviale ($5.78 in chips) 
Seat 3: Mahu2021 ($9.85 in chips) 
Seat 4: StrongMercedes ($13.99 in chips) 
Seat 5: dsanchez11 ($10.15 in chips) 
Seat 6: respectedD888 ($14.76 in chips) 
luckyviale: posts small blind $0.05
Mahu2021: posts big blind $0.10
*** HOLE CARDS ***
Dealt to Mahu2021 [Td Th]
StrongMercedes: folds 
dsanchez11: raises $0.15 to $0.25
respectedD888: folds 
akeno1987: folds 
luckyviale: calls $0.20
Mahu2021: raises $0.85 to $1.10
dsanchez11: calls $0.85
luckyviale: calls $0.85
*** FLOP *** [Qh 6c Tc]
luckyviale: checks 
Mahu2021: bets $8.75 and is all-in
dsanchez11: calls $8.75
luckyviale: folds 
*** TURN *** [Qh 6c Tc] [4d]
*** RIVER *** [Qh 6c Tc 4d] [Js]
*** SHOW DOWN ***
Mahu2021: shows [Td Th] (three of a kind, Tens)
dsanchez11: shows [Qc Qs] (three of a kind, Queens)
dsanchez11 collected $19.86 from pot
*** SUMMARY ***
Total pot $20.80 | Rake $0.94 
Board [Qh 6c Tc 4d Js]
Seat 1: akeno1987 (button) folded before Flop (didn't bet)
Seat 2: luckyviale (small blind) folded on the Flop
Seat 3: Mahu2021 (big blind) showed [Td Th] and lost with three of a kind, Tens
Seat 4: StrongMercedes folded before Flop (didn't bet)
Seat 5: dsanchez11 showed [Qc Qs] and won ($19.86) with three of a kind, Queens
Seat 6: respectedD888 folded before Flop (didn't bet)



PokerStars Zoom Hand #255646609679:  Hold'em No Limit ($0.05/$0.10) - 2025/04/08 16:29:53 CET [2025/04/08 10:29:53 ET]
Table 'Aludra' 6-max Seat #1 is the button
Seat 1: Mahu2021 ($10 in chips) 
Seat 2: Luffy V ($10.64 in chips) 
Seat 3: The Dunda ($22.39 in chips) 
Seat 4: Windows 21xp ($10.25 in chips) 
Seat 5: leopokerst19 ($10 in chips) 
Seat 6: Swiss_Delight ($10 in chips) 
Luffy V: posts small blind $0.05
The Dunda: posts big blind $0.10
*** HOLE CARDS ***
Dealt to Mahu2021 [Qh 5c]
Windows 21xp: folds 
leopokerst19: folds 
Swiss_Delight: folds 
Mahu2021: folds 
Luffy V: folds 
Uncalled bet ($0.05) returned to The Dunda
The Dunda collected $0.10 from pot
The Dunda: doesn't show hand 
*** SUMMARY ***
Total pot $0.10 | Rake $0 
Seat 1: Mahu2021 (button) folded before Flop (didn't bet)
Seat 2: Luffy V (small blind) folded before Flop
Seat 3: The Dunda (big blind) collected ($0.10)
Seat 4: Windows 21xp folded before Flop (didn't bet)
Seat 5: leopokerst19 folded before Flop (didn't bet)
Seat 6: Swiss_Delight folded before Flop (didn't bet)



PokerStars Zoom Hand #255646610834:  Hold'em No Limit ($0.05/$0.10) - 2025/04/08 16:30:00 CET [2025/04/08 10:30:00 ET]
Table 'Aludra' 6-max Seat #1 is the button
Seat 1: hogatto3 ($26.91 in chips) 
Seat 2: Mahu2021 ($10 in chips) 
Seat 3: Orstednyan ($8.66 in chips) 
Seat 4: prettika ($8.73 in chips) 
Seat 5: rrragadreg ($7.99 in chips) 
Seat 6: Rafael lig ($11.75 in chips) 
Mahu2021: posts small blind $0.05
Orstednyan: posts big blind $0.10
*** HOLE CARDS ***
Dealt to Mahu2021 [Jd Qc]
prettika: folds 
rrragadreg: folds 
Rafael lig: raises $0.14 to $0.24
hogatto3: folds 
Mahu2021: calls $0.19
Orstednyan: calls $0.14
*** FLOP *** [6c Qs 5h]
Mahu2021: bets $0.30
Orstednyan: calls $0.30
Rafael lig: raises $0.70 to $1
Mahu2021: calls $0.70
Orstednyan: calls $0.70
*** TURN *** [6c Qs 5h] [Jh]
Mahu2021: bets $8.76 and is all-in
Orstednyan: folds 
Rafael lig: folds 
Uncalled bet ($8.76) returned to Mahu2021
Mahu2021 collected $3.55 from pot
Mahu2021: doesn't show hand 
*** SUMMARY ***
Total pot $3.72 | Rake $0.17 
Board [6c Qs 5h Jh]
Seat 1: hogatto3 (button) folded before Flop (didn't bet)
Seat 2: Mahu2021 (small blind) collected ($3.55)
Seat 3: Orstednyan (big blind) folded on the Turn
Seat 4: prettika folded before Flop (didn't bet)
Seat 5: rrragadreg folded before Flop (didn't bet)
Seat 6: Rafael lig folded on the Turn



PokerStars Zoom Hand #255646616314:  Hold'em No Limit ($0.05/$0.10) - 2025/04/08 16:30:30 CET [2025/04/08 10:30:30 ET]
Table 'Aludra' 6-max Seat #1 is the button
Seat 1: king kong 1 ($8.01 in chips) 
Seat 2: v4valter88 ($10.45 in chips) 
Seat 3: Rafael lig ($10.51 in chips) 
Seat 4: PRace13 ($19.66 in chips) 
Seat 5: Mahu2021 ($12.31 in chips) 
Seat 6: Yuck0811 ($10 in chips) 
v4valter88: posts small blind $0.05
Rafael lig: posts big blind $0.10
*** HOLE CARDS ***
Dealt to Mahu2021 [9s Ah]
PRace13: folds 
Mahu2021: folds 
Yuck0811: folds 
king kong 1: folds 
v4valter88: folds 
Uncalled bet ($0.05) returned to Rafael lig
Rafael lig collected $0.10 from pot
Rafael lig: doesn't show hand 
*** SUMMARY ***
Total pot $0.10 | Rake $0 
Seat 1: king kong 1 (button) folded before Flop (didn't bet)
Seat 2: v4valter88 (small blind) folded before Flop
Seat 3: Rafael lig (big blind) collected ($0.10)
Seat 4: PRace13 folded before Flop (didn't bet)
Seat 5: Mahu2021 folded before Flop (didn't bet)
Seat 6: Yuck0811 folded before Flop (didn't bet)



PokerStars Zoom Hand #255646620472:  Hold'em No Limit ($0.05/$0.10) - 2025/04/08 16:30:54 CET [2025/04/08 10:30:54 ET]
Table 'Aludra' 6-max Seat #1 is the button
Seat 1: Shari RD ($8.77 in chips) 
Seat 2: aki52857 ($13.22 in chips) 
Seat 3: hogatto3 ($12.28 in chips) 
Seat 4: PRace13 ($19.56 in chips) 
Seat 5: wingle76 ($9.85 in chips) 
Seat 6: Mahu2021 ($12.16 in chips) 
aki52857: posts small blind $0.05
hogatto3: posts big blind $0.10
*** HOLE CARDS ***
Dealt to Mahu2021 [7s 4s]
PRace13: folds 
wingle76: folds 
Mahu2021: folds 
Shari RD: folds 
aki52857: folds 
Uncalled bet ($0.05) returned to hogatto3
hogatto3 collected $0.10 from pot
hogatto3: doesn't show hand 
*** SUMMARY ***
Total pot $0.10 | Rake $0 
Seat 1: Shari RD (button) folded before Flop (didn't bet)
Seat 2: aki52857 (small blind) folded before Flop
Seat 3: hogatto3 (big blind) collected ($0.10)
Seat 4: PRace13 folded before Flop (didn't bet)
Seat 5: wingle76 folded before Flop (didn't bet)
Seat 6: Mahu2021 folded before Flop (didn't bet)



PokerStars Zoom Hand #255646619082:  Hold'em No Limit ($0.05/$0.10) - 2025/04/08 16:30:47 CET [2025/04/08 10:30:47 ET]
Table 'Aludra' 6-max Seat #1 is the button
Seat 1: pokeripuikko ($28.40 in chips) 
Seat 2: Mahu2021 ($12.21 in chips) 
Seat 3: Cayoosh16 ($19.20 in chips) 
Seat 4: KrayzieNutz ($21.89 in chips) 
Seat 5: PizzaNapolitana ($1.21 in chips) 
Seat 6: Swiss_Delight ($10 in chips) 
Mahu2021: posts small blind $0.05
Cayoosh16: posts big blind $0.10
*** HOLE CARDS ***
Dealt to Mahu2021 [5s Kh]
KrayzieNutz: folds 
PizzaNapolitana: folds 
Swiss_Delight: folds 
pokeripuikko: raises $0.15 to $0.25
Mahu2021: folds 
Cayoosh16: folds 
Uncalled bet ($0.15) returned to pokeripuikko
pokeripuikko collected $0.25 from pot
pokeripuikko: doesn't show hand 
*** SUMMARY ***
Total pot $0.25 | Rake $0 
Seat 1: pokeripuikko (button) collected ($0.25)
Seat 2: Mahu2021 (small blind) folded before Flop
Seat 3: Cayoosh16 (big blind) folded before Flop
Seat 4: KrayzieNutz folded before Flop (didn't bet)
Seat 5: PizzaNapolitana folded before Flop (didn't bet)
Seat 6: Swiss_Delight folded before Flop (didn't bet)



PokerStars Zoom Hand #255646621063:  Hold'em No Limit ($0.05/$0.10) - 2025/04/08 16:30:57 CET [2025/04/08 10:30:57 ET]
Table 'Aludra' 6-max Seat #1 is the button
Seat 1: Mahu2021 ($12.16 in chips) 
Seat 2: respectedD888 ($10.57 in chips) 
Seat 3: Swiss_Delight ($11.61 in chips) 
Seat 4: Windows 21xp ($12.62 in chips) 
Seat 5: Shari RD ($8.77 in chips) 
Seat 6: Yuck0811 ($10 in chips) 
respectedD888: posts small blind $0.05
Swiss_Delight: posts big blind $0.10
*** HOLE CARDS ***
Dealt to Mahu2021 [Ts Kh]
Windows 21xp: folds 
Shari RD: folds 
Yuck0811: folds 
Mahu2021: raises $0.20 to $0.30
respectedD888: folds 
Swiss_Delight: folds 
Uncalled bet ($0.20) returned to Mahu2021
Mahu2021 collected $0.25 from pot
Mahu2021: doesn't show hand 
*** SUMMARY ***
Total pot $0.25 | Rake $0 
Seat 1: Mahu2021 (button) collected ($0.25)
Seat 2: respectedD888 (small blind) folded before Flop
Seat 3: Swiss_Delight (big blind) folded before Flop
Seat 4: Windows 21xp folded before Flop (didn't bet)
Seat 5: Shari RD folded before Flop (didn't bet)
Seat 6: Yuck0811 folded before Flop (didn't bet)



PokerStars Zoom Hand #255646624407:  Hold'em No Limit ($0.05/$0.10) - 2025/04/08 16:31:16 CET [2025/04/08 10:31:16 ET]
Table 'Aludra' 6-max Seat #1 is the button
Seat 1: tibixfuvar ($5.70 in chips) 
Seat 2: Cayoosh16 ($11.57 in chips) 
Seat 3: StrongMercedes ($10 in chips) 
Seat 4: Mahu2021 ($12.31 in chips) 
Seat 5: king kong 1 ($7.91 in chips) 
Seat 6: Ktjiing ($10.37 in chips) 
Cayoosh16: posts small blind $0.05
StrongMercedes: posts big blind $0.10
*** HOLE CARDS ***
Dealt to Mahu2021 [8d 9d]
Mahu2021: raises $0.20 to $0.30
king kong 1: folds 
Ktjiing: folds 
tibixfuvar: raises $0.80 to $1.10
Cayoosh16: folds 
StrongMercedes: folds 
Mahu2021: folds 
Uncalled bet ($0.80) returned to tibixfuvar
tibixfuvar collected $0.75 from pot
tibixfuvar: doesn't show hand 
*** SUMMARY ***
Total pot $0.75 | Rake $0 
Seat 1: tibixfuvar (button) collected ($0.75)
Seat 2: Cayoosh16 (small blind) folded before Flop
Seat 3: StrongMercedes (big blind) folded before Flop
Seat 4: Mahu2021 folded before Flop
Seat 5: king kong 1 folded before Flop (didn't bet)
Seat 6: Ktjiing folded before Flop (didn't bet)



PokerStars Zoom Hand #255646627222:  Hold'em No Limit ($0.05/$0.10) - 2025/04/08 16:31:32 CET [2025/04/08 10:31:32 ET]
Table 'Aludra' 6-max Seat #1 is the button
Seat 1: Sn1p3rBR ($12.86 in chips) 
Seat 2: Luffy V ($10 in chips) 
Seat 3: Mahu2021 ($12.01 in chips) 
Seat 4: jenshgj ($13.51 in chips) 
Seat 5: ukcarlos ($10 in chips) 
Seat 6: KrayzieNutz ($27.47 in chips) 
Luffy V: posts small blind $0.05
Mahu2021: posts big blind $0.10
*** HOLE CARDS ***
Dealt to Mahu2021 [2s 6h]
jenshgj: folds 
ukcarlos: folds 
KrayzieNutz: folds 
Sn1p3rBR: folds 
Luffy V: folds 
Uncalled bet ($0.05) returned to Mahu2021
Mahu2021 collected $0.10 from pot
Mahu2021: doesn't show hand 
*** SUMMARY ***
Total pot $0.10 | Rake $0 
Seat 1: Sn1p3rBR (button) folded before Flop (didn't bet)
Seat 2: Luffy V (small blind) folded before Flop
Seat 3: Mahu2021 (big blind) collected ($0.10)
Seat 4: jenshgj folded before Flop (didn't bet)
Seat 5: ukcarlos folded before Flop (didn't bet)
Seat 6: KrayzieNutz folded before Flop (didn't bet)



PokerStars Zoom Hand #255646617190:  Hold'em No Limit ($0.05/$0.10) - 2025/04/08 16:30:35 CET [2025/04/08 10:30:35 ET]
Table 'Aludra' 6-max Seat #1 is the button
Seat 1: umdolasieja ($12.18 in chips) 
Seat 2: davidjohn636 ($13.10 in chips) 
Seat 3: strashilisht ($1.68 in chips) 
Seat 4: Mahu2021 ($12.31 in chips) 
Seat 5: bakisama ($5.58 in chips) 
Seat 6: Baratrum777 ($10 in chips) 
davidjohn636: posts small blind $0.05
strashilisht: posts big blind $0.10
*** HOLE CARDS ***
Dealt to Mahu2021 [9d 7s]
Mahu2021: folds 
bakisama: folds 
Baratrum777: raises $0.14 to $0.24
umdolasieja: folds 
davidjohn636: calls $0.19
strashilisht: calls $0.14
*** FLOP *** [Qd 2h 2s]
davidjohn636: checks 
strashilisht: checks 
Baratrum777: bets $0.23
davidjohn636: calls $0.23
strashilisht: calls $0.23
*** TURN *** [Qd 2h 2s] [4c]
davidjohn636: checks 
strashilisht: checks 
Baratrum777: checks 
*** RIVER *** [Qd 2h 2s 4c] [Jc]
davidjohn636: checks 
strashilisht: checks 
Baratrum777: checks 
*** SHOW DOWN ***
davidjohn636: shows [Ah 3h] (a pair of Deuces)
strashilisht: shows [8h Qh] (two pair, Queens and Deuces)
Baratrum777: mucks hand 
strashilisht collected $1.35 from pot
*** SUMMARY ***
Total pot $1.41 | Rake $0.06 
Board [Qd 2h 2s 4c Jc]
Seat 1: umdolasieja (button) folded before Flop (didn't bet)
Seat 2: davidjohn636 (small blind) showed [Ah 3h] and lost with a pair of Deuces
Seat 3: strashilisht (big blind) showed [8h Qh] and won ($1.35) with two pair, Queens and Deuces
Seat 4: Mahu2021 folded before Flop (didn't bet)
Seat 5: bakisama folded before Flop (didn't bet)
Seat 6: Baratrum777 mucked [7h 7d]



PokerStars Zoom Hand #255646623148:  Hold'em No Limit ($0.05/$0.10) - 2025/04/08 16:31:09 CET [2025/04/08 10:31:09 ET]
Table 'Aludra' 6-max Seat #1 is the button
Seat 1: respectedD888 ($10 in chips) 
Seat 2: hogatto3 ($22.62 in chips) 
Seat 3: Shari RD ($8.77 in chips) 
Seat 4: PRace13 ($24.38 in chips) 
Seat 5: Mahu2021 ($12.31 in chips) 
Seat 6: StrongMercedes ($10 in chips) 
hogatto3: posts small blind $0.05
Shari RD: posts big blind $0.10
*** HOLE CARDS ***
Dealt to Mahu2021 [7s 9s]
PRace13: folds 
Mahu2021: folds 
StrongMercedes: folds 
respectedD888: folds 
hogatto3: raises $0.20 to $0.30
Shari RD: calls $0.20
*** FLOP *** [6c Kc 4d]
hogatto3: checks 
Shari RD: bets $0.20
hogatto3: folds 
Uncalled bet ($0.20) returned to Shari RD
Shari RD collected $0.57 from pot
Shari RD: doesn't show hand 
*** SUMMARY ***
Total pot $0.60 | Rake $0.03 
Board [6c Kc 4d]
Seat 1: respectedD888 (button) folded before Flop (didn't bet)
Seat 2: hogatto3 (small blind) folded on the Flop
Seat 3: Shari RD (big blind) collected ($0.57)
Seat 4: PRace13 folded before Flop (didn't bet)
Seat 5: Mahu2021 folded before Flop (didn't bet)
Seat 6: StrongMercedes folded before Flop (didn't bet)



PokerStars Zoom Hand #255646623881:  Hold'em No Limit ($0.05/$0.10) - 2025/04/08 16:31:14 CET [2025/04/08 10:31:14 ET]
Table 'Aludra' 6-max Seat #1 is the button
Seat 1: StrongMercedes ($12.86 in chips) 
Seat 2: PRace13 ($24.38 in chips) 
Seat 3: Luffy V ($12.89 in chips) 
Seat 4: Mahu2021 ($12.31 in chips) 
Seat 5: Kristjan Lõv ($2.66 in chips) 
Seat 6: Windows 21xp ($10.15 in chips) 
PRace13: posts small blind $0.05
Luffy V: posts big blind $0.10
*** HOLE CARDS ***
Dealt to Mahu2021 [2d 2h]
Mahu2021: folds 
Kristjan Lõv: calls $0.10
Windows 21xp: folds 
StrongMercedes: folds 
PRace13: folds 
Luffy V: checks 
*** FLOP *** [3c 7d 3d]
Luffy V: checks 
Kristjan Lõv: checks 
*** TURN *** [3c 7d 3d] [Js]
Luffy V: checks 
Kristjan Lõv: checks 
*** RIVER *** [3c 7d 3d Js] [4s]
Luffy V: checks 
Kristjan Lõv: checks 
*** SHOW DOWN ***
Luffy V: shows [Qd Th] (a pair of Threes)
Kristjan Lõv: shows [Kd Qh] (a pair of Threes - King kicker)
Kristjan Lõv collected $0.24 from pot
*** SUMMARY ***
Total pot $0.25 | Rake $0.01 
Board [3c 7d 3d Js 4s]
Seat 1: StrongMercedes (button) folded before Flop (didn't bet)
Seat 2: PRace13 (small blind) folded before Flop
Seat 3: Luffy V (big blind) showed [Qd Th] and lost with a pair of Threes
Seat 4: Mahu2021 folded before Flop (didn't bet)
Seat 5: Kristjan Lõv showed [Kd Qh] and won ($0.24) with a pair of Threes
Seat 6: Windows 21xp folded before Flop (didn't bet)



PokerStars Zoom Hand #255646617865:  Hold'em No Limit ($0.05/$0.10) - 2025/04/08 16:30:39 CET [2025/04/08 10:30:39 ET]
Table 'Aludra' 6-max Seat #1 is the button
Seat 1: the_luggster ($10 in chips) 
Seat 2: umdolasieja ($10.20 in chips) 
Seat 3: Mahu2021 ($12.31 in chips) 
Seat 4: dsanchez11 ($20.16 in chips) 
Seat 5: Orstednyan ($7.37 in chips) 
Seat 6: The Dunda ($11.14 in chips) 
umdolasieja: posts small blind $0.05
Mahu2021: posts big blind $0.10
*** HOLE CARDS ***
Dealt to Mahu2021 [Ah 9s]
dsanchez11: raises $0.15 to $0.25
Orstednyan: folds 
The Dunda: folds 
the_luggster: folds 
umdolasieja: raises $0.75 to $1
Mahu2021: folds 
dsanchez11: calls $0.75
*** FLOP *** [3h 8d 6d]
umdolasieja: bets $0.50
dsanchez11: calls $0.50
*** TURN *** [3h 8d 6d] [8h]
umdolasieja: checks 
dsanchez11: bets $1.18
umdolasieja: folds 
Uncalled bet ($1.18) returned to dsanchez11
dsanchez11 collected $2.96 from pot
dsanchez11: doesn't show hand 
*** SUMMARY ***
Total pot $3.10 | Rake $0.14 
Board [3h 8d 6d 8h]
Seat 1: the_luggster (button) folded before Flop (didn't bet)
Seat 2: umdolasieja (small blind) folded on the Turn
Seat 3: Mahu2021 (big blind) folded before Flop
Seat 4: dsanchez11 collected ($2.96)
Seat 5: Orstednyan folded before Flop (didn't bet)
Seat 6: The Dunda folded before Flop (didn't bet)



PokerStars Zoom Hand #255646629378:  Hold'em No Limit ($0.05/$0.10) - 2025/04/08 16:31:45 CET [2025/04/08 10:31:45 ET]
Table 'Aludra' 6-max Seat #1 is the button
Seat 1: Swiss_Delight ($10.68 in chips) 
Seat 2: Mahu2021 ($12.06 in chips) 
Seat 3: Samuel3645 ($5 in chips) 
Seat 4: 1obanoff ($9.91 in chips) 
Seat 5: Rafael lig ($12.61 in chips) 
Seat 6: Baratrum777 ($10.35 in chips) 
Mahu2021: posts small blind $0.05
Samuel3645: posts big blind $0.10
*** HOLE CARDS ***
Dealt to Mahu2021 [Ah 2h]
1obanoff: folds 
Rafael lig: folds 
Baratrum777: folds 
Swiss_Delight: raises $0.12 to $0.22
Mahu2021: calls $0.17
Samuel3645: raises $0.12 to $0.34
Swiss_Delight: calls $0.12
Mahu2021: calls $0.12
*** FLOP *** [Qc Qd 5c]
Mahu2021: checks 
Samuel3645: bets $0.50
Swiss_Delight: calls $0.50
Mahu2021: folds 
*** TURN *** [Qc Qd 5c] [7s]
Samuel3645: checks 
Swiss_Delight: checks 
*** RIVER *** [Qc Qd 5c 7s] [7h]
Samuel3645: bets $0.10
Swiss_Delight: calls $0.10
*** SHOW DOWN ***
Samuel3645: shows [Tc Td] (two pair, Queens and Tens)
Swiss_Delight: mucks hand 
Samuel3645 collected $2.12 from pot
*** SUMMARY ***
Total pot $2.22 | Rake $0.10 
Board [Qc Qd 5c 7s 7h]
Seat 1: Swiss_Delight (button) mucked [8c Ac]
Seat 2: Mahu2021 (small blind) folded on the Flop
Seat 3: Samuel3645 (big blind) showed [Tc Td] and won ($2.12) with two pair, Queens and Tens
Seat 4: 1obanoff folded before Flop (didn't bet)
Seat 5: Rafael lig folded before Flop (didn't bet)
Seat 6: Baratrum777 folded before Flop (didn't bet)



PokerStars Zoom Hand #255646633660:  Hold'em No Limit ($0.05/$0.10) - 2025/04/08 16:32:10 CET [2025/04/08 10:32:10 ET]
Table 'Aludra' 6-max Seat #1 is the button
Seat 1: Mahu2021 ($11.72 in chips) 
Seat 2: PROSTOZIDAR ($5.69 in chips) 
Seat 3: Hokazono Iroha ($10.10 in chips) 
Seat 4: Kris.T.S.95 ($21.97 in chips) 
Seat 5: PRace13 ($11.93 in chips) 
Seat 6: umdolasieja ($10 in chips) 
PROSTOZIDAR: posts small blind $0.05
Hokazono Iroha: posts big blind $0.10
*** HOLE CARDS ***
Dealt to Mahu2021 [4h Td]
Kris.T.S.95: folds 
PRace13: folds 
umdolasieja: folds 
Mahu2021: folds 
PROSTOZIDAR: raises $0.20 to $0.30
Hokazono Iroha: folds 
Uncalled bet ($0.20) returned to PROSTOZIDAR
PROSTOZIDAR collected $0.20 from pot
PROSTOZIDAR: doesn't show hand 
*** SUMMARY ***
Total pot $0.20 | Rake $0 
Seat 1: Mahu2021 (button) folded before Flop (didn't bet)
Seat 2: PROSTOZIDAR (small blind) collected ($0.20)
Seat 3: Hokazono Iroha (big blind) folded before Flop
Seat 4: Kris.T.S.95 folded before Flop (didn't bet)
Seat 5: PRace13 folded before Flop (didn't bet)
Seat 6: umdolasieja folded before Flop (didn't bet)



PokerStars Zoom Hand #255646632987:  Hold'em No Limit ($0.05/$0.10) - 2025/04/08 16:32:06 CET [2025/04/08 10:32:06 ET]
Table 'Aludra' 6-max Seat #1 is the button
Seat 1: ukcarlos ($9.70 in chips) 
Seat 2: strashilisht ($2.51 in chips) 
Seat 3: Luffy V ($12.23 in chips) 
Seat 4: Hokazono Iroha ($10.10 in chips) 
Seat 5: Mahu2021 ($11.72 in chips) 
Seat 6: putzkedudu ($20.44 in chips) 
strashilisht: posts small blind $0.05
Luffy V: posts big blind $0.10
*** HOLE CARDS ***
Dealt to Mahu2021 [7d 5c]
Hokazono Iroha: folds 
Mahu2021: folds 
putzkedudu has timed out
putzkedudu: folds 
ukcarlos: folds 
strashilisht: folds 
Uncalled bet ($0.05) returned to Luffy V
Luffy V collected $0.10 from pot
Luffy V: doesn't show hand 
*** SUMMARY ***
Total pot $0.10 | Rake $0 
Seat 1: ukcarlos (button) folded before Flop (didn't bet)
Seat 2: strashilisht (small blind) folded before Flop
Seat 3: Luffy V (big blind) collected ($0.10)
Seat 4: Hokazono Iroha folded before Flop (didn't bet)
Seat 5: Mahu2021 folded before Flop (didn't bet)
Seat 6: putzkedudu folded before Flop (didn't bet)



PokerStars Zoom Hand #255646635103:  Hold'em No Limit ($0.05/$0.10) - 2025/04/08 16:32:18 CET [2025/04/08 10:32:18 ET]
Table 'Aludra' 6-max Seat #1 is the button
Seat 1: Mahu2021 ($11.72 in chips) 
Seat 2: Ktjiing ($9.92 in chips) 
Seat 3: KrayzieNutz ($10 in chips) 
Seat 4: Sn1p3rBR ($12.91 in chips) 
Seat 5: umdolasieja ($10.15 in chips) 
Seat 6: Luffy V ($10.15 in chips) 
Ktjiing: posts small blind $0.05
KrayzieNutz: posts big blind $0.10
*** HOLE CARDS ***
Dealt to Mahu2021 [4c 5s]
Sn1p3rBR: folds 
umdolasieja: folds 
Luffy V: folds 
Mahu2021: folds 
Ktjiing: folds 
Uncalled bet ($0.05) returned to KrayzieNutz
KrayzieNutz collected $0.10 from pot
KrayzieNutz: doesn't show hand 
*** SUMMARY ***
Total pot $0.10 | Rake $0 
Seat 1: Mahu2021 (button) folded before Flop (didn't bet)
Seat 2: Ktjiing (small blind) folded before Flop
Seat 3: KrayzieNutz (big blind) collected ($0.10)
Seat 4: Sn1p3rBR folded before Flop (didn't bet)
Seat 5: umdolasieja folded before Flop (didn't bet)
Seat 6: Luffy V folded before Flop (didn't bet)



PokerStars Zoom Hand #255646634390:  Hold'em No Limit ($0.05/$0.10) - 2025/04/08 16:32:14 CET [2025/04/08 10:32:14 ET]
Table 'Aludra' 6-max Seat #1 is the button
Seat 1: The Dunda ($18.41 in chips) 
Seat 2: KrayzieNutz ($10 in chips) 
Seat 3: StrongMercedes ($13.54 in chips) 
Seat 4: Rafael lig ($12.61 in chips) 
Seat 5: the_luggster ($10 in chips) 
Seat 6: Mahu2021 ($11.72 in chips) 
KrayzieNutz: posts small blind $0.05
StrongMercedes: posts big blind $0.10
*** HOLE CARDS ***
Dealt to Mahu2021 [Kd Ts]
Rafael lig: folds 
the_luggster: folds 
Mahu2021: folds 
The Dunda: raises $0.10 to $0.20
KrayzieNutz: folds 
StrongMercedes: raises $0.90 to $1.10
The Dunda: folds 
Uncalled bet ($0.90) returned to StrongMercedes
StrongMercedes collected $0.45 from pot
StrongMercedes: doesn't show hand 
*** SUMMARY ***
Total pot $0.45 | Rake $0 
Seat 1: The Dunda (button) folded before Flop
Seat 2: KrayzieNutz (small blind) folded before Flop
Seat 3: StrongMercedes (big blind) collected ($0.45)
Seat 4: Rafael lig folded before Flop (didn't bet)
Seat 5: the_luggster folded before Flop (didn't bet)
Seat 6: Mahu2021 folded before Flop (didn't bet)



PokerStars Zoom Hand #255646635858:  Hold'em No Limit ($0.05/$0.10) - 2025/04/08 16:32:22 CET [2025/04/08 10:32:22 ET]
Table 'Aludra' 6-max Seat #1 is the button
Seat 1: GambledoreV ($9.65 in chips) 
Seat 2: Mahu2021 ($11.72 in chips) 
Seat 3: leopokerst19 ($12.11 in chips) 
Seat 4: 15lawrencea ($13.38 in chips) 
Seat 5: bakisama ($6.41 in chips) 
Seat 6: PRace13 ($19.26 in chips) 
Mahu2021: posts small blind $0.05
leopokerst19: posts big blind $0.10
*** HOLE CARDS ***
Dealt to Mahu2021 [Js Kc]
15lawrencea: raises $0.13 to $0.23
bakisama: calls $0.23
PRace13: folds 
GambledoreV: folds 
Mahu2021: calls $0.18
leopokerst19: folds 
*** FLOP *** [Jc Jh 2c]
Mahu2021: checks 
15lawrencea: checks 
bakisama: bets $0.55
Mahu2021: raises $10.94 to $11.49 and is all-in
15lawrencea: folds 
bakisama: folds 
Uncalled bet ($10.94) returned to Mahu2021
Mahu2021 collected $1.80 from pot
Mahu2021: doesn't show hand 
*** SUMMARY ***
Total pot $1.89 | Rake $0.09 
Board [Jc Jh 2c]
Seat 1: GambledoreV (button) folded before Flop (didn't bet)
Seat 2: Mahu2021 (small blind) collected ($1.80)
Seat 3: leopokerst19 (big blind) folded before Flop
Seat 4: 15lawrencea folded on the Flop
Seat 5: bakisama folded on the Flop
Seat 6: PRace13 folded before Flop (didn't bet)



PokerStars Zoom Hand #255646641318:  Hold'em No Limit ($0.05/$0.10) - 2025/04/08 16:32:53 CET [2025/04/08 10:32:53 ET]
Table 'Aludra' 6-max Seat #1 is the button
Seat 1: bloodedesert ($12.56 in chips) 
Seat 2: strashilisht ($2.11 in chips) 
Seat 3: Mahu2021 ($12.74 in chips) 
Seat 4: putzkedudu ($10.25 in chips) 
Seat 5: Matzet1ka ($10 in chips) 
Seat 6: HFriis70 ($9.64 in chips) 
strashilisht: posts small blind $0.05
Mahu2021: posts big blind $0.10
*** HOLE CARDS ***
Dealt to Mahu2021 [7d 8s]
putzkedudu: folds 
Matzet1ka: folds 
HFriis70: raises $0.20 to $0.30
bloodedesert: folds 
strashilisht: folds 
Mahu2021: calls $0.20
*** FLOP *** [4s 3h Ts]
Mahu2021: checks 
HFriis70: bets $0.31
Mahu2021: folds 
Uncalled bet ($0.31) returned to HFriis70
HFriis70 collected $0.62 from pot
HFriis70: doesn't show hand 
*** SUMMARY ***
Total pot $0.65 | Rake $0.03 
Board [4s 3h Ts]
Seat 1: bloodedesert (button) folded before Flop (didn't bet)
Seat 2: strashilisht (small blind) folded before Flop
Seat 3: Mahu2021 (big blind) folded on the Flop
Seat 4: putzkedudu folded before Flop (didn't bet)
Seat 5: Matzet1ka folded before Flop (didn't bet)
Seat 6: HFriis70 collected ($0.62)



PokerStars Zoom Hand #255646644979:  Hold'em No Limit ($0.05/$0.10) - 2025/04/08 16:33:15 CET [2025/04/08 10:33:15 ET]
Table 'Aludra' 6-max Seat #1 is the button
Seat 1: leopokerst19 ($10 in chips) 
Seat 2: akeno1987 ($13.84 in chips) 
Seat 3: putzkedudu ($11.11 in chips) 
Seat 4: dsanchez11 ($14.57 in chips) 
Seat 5: Mahu2021 ($12.44 in chips) 
Seat 6: 15lawrencea ($33.67 in chips) 
akeno1987: posts small blind $0.05
putzkedudu: posts big blind $0.10
*** HOLE CARDS ***
Dealt to Mahu2021 [Jd Jc]
dsanchez11: folds 
Mahu2021: raises $0.14 to $0.24
15lawrencea: folds 
leopokerst19: folds 
akeno1987: folds 
putzkedudu: folds 
Uncalled bet ($0.14) returned to Mahu2021
Mahu2021 collected $0.25 from pot
Mahu2021: doesn't show hand 
*** SUMMARY ***
Total pot $0.25 | Rake $0 
Seat 1: leopokerst19 (button) folded before Flop (didn't bet)
Seat 2: akeno1987 (small blind) folded before Flop
Seat 3: putzkedudu (big blind) folded before Flop
Seat 4: dsanchez11 folded before Flop (didn't bet)
Seat 5: Mahu2021 collected ($0.25)
Seat 6: 15lawrencea folded before Flop (didn't bet)



PokerStars Zoom Hand #255646649270:  Hold'em No Limit ($0.05/$0.10) - 2025/04/08 16:33:39 CET [2025/04/08 10:33:39 ET]
Table 'Aludra' 6-max Seat #1 is the button
Seat 1: KrayzieNutz ($27.32 in chips) 
Seat 2: umdolasieja ($10.47 in chips) 
Seat 3: akeno1987 ($13.94 in chips) 
Seat 4: respectedD888 ($15.03 in chips) 
Seat 5: Windows 21xp ($10.05 in chips) 
Seat 6: Mahu2021 ($12.59 in chips) 
umdolasieja: posts small blind $0.05
akeno1987: posts big blind $0.10
*** HOLE CARDS ***
Dealt to Mahu2021 [Qd 5s]
respectedD888: folds 
Windows 21xp: folds 
Mahu2021: folds 
KrayzieNutz: folds 
umdolasieja: raises $0.20 to $0.30
akeno1987: folds 
Uncalled bet ($0.20) returned to umdolasieja
umdolasieja collected $0.20 from pot
umdolasieja: doesn't show hand 
*** SUMMARY ***
Total pot $0.20 | Rake $0 
Seat 1: KrayzieNutz (button) folded before Flop (didn't bet)
Seat 2: umdolasieja (small blind) collected ($0.20)
Seat 3: akeno1987 (big blind) folded before Flop
Seat 4: respectedD888 folded before Flop (didn't bet)
Seat 5: Windows 21xp folded before Flop (didn't bet)
Seat 6: Mahu2021 folded before Flop (didn't bet)



PokerStars Zoom Hand #255646649895:  Hold'em No Limit ($0.05/$0.10) - 2025/04/08 16:33:42 CET [2025/04/08 10:33:42 ET]
Table 'Aludra' 6-max Seat #1 is the button
Seat 1: Die8 ($13.03 in chips) 
Seat 2: ctrindade22 ($8.24 in chips) 
Seat 3: hogatto3 ($22.72 in chips) 
Seat 4: Mahu2021 ($12.59 in chips) 
Seat 5: jenshgj ($31.43 in chips) 
Seat 6: the_luggster ($10 in chips) 
ctrindade22: posts small blind $0.05
hogatto3: posts big blind $0.10
*** HOLE CARDS ***
Dealt to Mahu2021 [Kd 3s]
Mahu2021: folds 
jenshgj: folds 
the_luggster: folds 
Die8: raises $0.16 to $0.26
ctrindade22: folds 
hogatto3: folds 
Uncalled bet ($0.16) returned to Die8
Die8 collected $0.25 from pot
Die8: doesn't show hand 
*** SUMMARY ***
Total pot $0.25 | Rake $0 
Seat 1: Die8 (button) collected ($0.25)
Seat 2: ctrindade22 (small blind) folded before Flop
Seat 3: hogatto3 (big blind) folded before Flop
Seat 4: Mahu2021 folded before Flop (didn't bet)
Seat 5: jenshgj folded before Flop (didn't bet)
Seat 6: the_luggster folded before Flop (didn't bet)



PokerStars Zoom Hand #255646651018:  Hold'em No Limit ($0.05/$0.10) - 2025/04/08 16:33:49 CET [2025/04/08 10:33:49 ET]
Table 'Aludra' 6-max Seat #1 is the button
Seat 1: Matzet1ka ($10 in chips) 
Seat 2: Mahu2021 ($12.59 in chips) 
Seat 3: hogatto3 ($10 in chips) 
Seat 4: bloodedesert ($13.39 in chips) 
Seat 5: KrayzieNutz ($27.32 in chips) 
Seat 6: AceWise ($14.17 in chips) 
Mahu2021: posts small blind $0.05
hogatto3: posts big blind $0.10
*** HOLE CARDS ***
Dealt to Mahu2021 [Jd Js]
bloodedesert: raises $0.15 to $0.25
KrayzieNutz: folds 
AceWise: folds 
Matzet1ka: folds 
Mahu2021: raises $0.85 to $1.10
hogatto3: folds 
bloodedesert: folds 
Uncalled bet ($0.85) returned to Mahu2021
Mahu2021 collected $0.60 from pot
Mahu2021: doesn't show hand 
*** SUMMARY ***
Total pot $0.60 | Rake $0 
Seat 1: Matzet1ka (button) folded before Flop (didn't bet)
Seat 2: Mahu2021 (small blind) collected ($0.60)
Seat 3: hogatto3 (big blind) folded before Flop
Seat 4: bloodedesert folded before Flop
Seat 5: KrayzieNutz folded before Flop (didn't bet)
Seat 6: AceWise folded before Flop (didn't bet)



PokerStars Zoom Hand #255646650324:  Hold'em No Limit ($0.05/$0.10) - 2025/04/08 16:33:45 CET [2025/04/08 10:33:45 ET]
Table 'Aludra' 6-max Seat #1 is the button
Seat 1: strashilisht ($2.14 in chips) 
Seat 2: dsanchez11 ($14.62 in chips) 
Seat 3: Cosimo1870 ($12.56 in chips) 
Seat 4: wingle76 ($11.35 in chips) 
Seat 5: bloodedesert ($13.39 in chips) 
Seat 6: Mahu2021 ($12.59 in chips) 
dsanchez11: posts small blind $0.05
Cosimo1870: posts big blind $0.10
*** HOLE CARDS ***
Dealt to Mahu2021 [Qs 2s]
wingle76: raises $0.10 to $0.20
bloodedesert: folds 
Mahu2021: folds 
strashilisht: folds 
dsanchez11: folds 
Cosimo1870: calls $0.10
*** FLOP *** [7c 5h 9c]
Cosimo1870: checks 
wingle76: bets $0.20
Cosimo1870: calls $0.20
*** TURN *** [7c 5h 9c] [4d]
Cosimo1870: checks 
wingle76: bets $0.50
Cosimo1870: calls $0.50
*** RIVER *** [7c 5h 9c 4d] [4c]
Cosimo1870: bets $1
wingle76: calls $1
*** SHOW DOWN ***
Cosimo1870: shows [Th 7s] (two pair, Sevens and Fours)
wingle76: shows [Tc Ts] (two pair, Tens and Fours)
wingle76 collected $3.68 from pot
*** SUMMARY ***
Total pot $3.85 | Rake $0.17 
Board [7c 5h 9c 4d 4c]
Seat 1: strashilisht (button) folded before Flop (didn't bet)
Seat 2: dsanchez11 (small blind) folded before Flop
Seat 3: Cosimo1870 (big blind) showed [Th 7s] and lost with two pair, Sevens and Fours
Seat 4: wingle76 showed [Tc Ts] and won ($3.68) with two pair, Tens and Fours
Seat 5: bloodedesert folded before Flop (didn't bet)
Seat 6: Mahu2021 folded before Flop (didn't bet)



PokerStars Zoom Hand #255646659459:  Hold'em No Limit ($0.05/$0.10) - 2025/04/08 16:34:36 CET [2025/04/08 10:34:36 ET]
Table 'Aludra' 6-max Seat #1 is the button
Seat 1: Mahu2021 ($12.84 in chips) 
Seat 2: Orstednyan ($7.86 in chips) 
Seat 3: raik611 ($10.49 in chips) 
Seat 4: Matzet1ka ($10 in chips) 
Seat 5: Bigbacon510 ($12.18 in chips) 
Seat 6: 15lawrencea ($37.03 in chips) 
Orstednyan: posts small blind $0.05
raik611: posts big blind $0.10
*** HOLE CARDS ***
Dealt to Mahu2021 [8h 8c]
Matzet1ka: folds 
Bigbacon510: folds 
15lawrencea: folds 
Mahu2021: raises $0.14 to $0.24
Orstednyan: calls $0.19
raik611: folds 
*** FLOP *** [Ah 7c Ks]
Orstednyan: checks 
Mahu2021: bets $0.55
Orstednyan: folds 
Uncalled bet ($0.55) returned to Mahu2021
Mahu2021 collected $0.55 from pot
Mahu2021: doesn't show hand 
*** SUMMARY ***
Total pot $0.58 | Rake $0.03 
Board [Ah 7c Ks]
Seat 1: Mahu2021 (button) collected ($0.55)
Seat 2: Orstednyan (small blind) folded on the Flop
Seat 3: raik611 (big blind) folded before Flop
Seat 4: Matzet1ka folded before Flop (didn't bet)
Seat 5: Bigbacon510 folded before Flop (didn't bet)
Seat 6: 15lawrencea folded before Flop (didn't bet)



PokerStars Zoom Hand #255646664754:  Hold'em No Limit ($0.05/$0.10) - 2025/04/08 16:35:06 CET [2025/04/08 10:35:06 ET]
Table 'Aludra' 6-max Seat #1 is the button
Seat 1: Mahu2021 ($13.15 in chips) 
Seat 2: Tanimotc ($6.45 in chips) 
Seat 3: Baratrum777 ($10.15 in chips) 
Seat 4: StrongMercedes ($10.06 in chips) 
Seat 5: Winik810 ($10 in chips) 
Seat 6: arongraham100 ($10.74 in chips) 
Tanimotc: posts small blind $0.05
Baratrum777: posts big blind $0.10
*** HOLE CARDS ***
Dealt to Mahu2021 [Js Th]
StrongMercedes: folds 
Winik810: folds 
arongraham100: folds 
Mahu2021: folds 
Tanimotc: folds 
Uncalled bet ($0.05) returned to Baratrum777
Baratrum777 collected $0.10 from pot
Baratrum777: doesn't show hand 
*** SUMMARY ***
Total pot $0.10 | Rake $0 
Seat 1: Mahu2021 (button) folded before Flop (didn't bet)
Seat 2: Tanimotc (small blind) folded before Flop
Seat 3: Baratrum777 (big blind) collected ($0.10)
Seat 4: StrongMercedes folded before Flop (didn't bet)
Seat 5: Winik810 folded before Flop (didn't bet)
Seat 6: arongraham100 folded before Flop (didn't bet)



PokerStars Zoom Hand #255646656667:  Hold'em No Limit ($0.05/$0.10) - 2025/04/08 16:34:21 CET [2025/04/08 10:34:21 ET]
Table 'Aludra' 6-max Seat #1 is the button
Seat 1: Cayoosh16 ($10.73 in chips) 
Seat 2: denis4250 ($1.36 in chips) 
Seat 3: Mahu2021 ($12.94 in chips) 
Seat 4: GODR2 ($13.71 in chips) 
Seat 5: Matzet1ka ($10 in chips) 
Seat 6: hogatto3 ($22.77 in chips) 
denis4250: posts small blind $0.05
Mahu2021: posts big blind $0.10
*** HOLE CARDS ***
Dealt to Mahu2021 [7h 2d]
GODR2: folds 
Matzet1ka: folds 
hogatto3: raises $0.12 to $0.22
Cayoosh16: folds 
denis4250: calls $0.17
Mahu2021: folds 
*** FLOP *** [7c Jd 2c]
denis4250: checks 
hogatto3: bets $0.17
denis4250: calls $0.17
*** TURN *** [7c Jd 2c] [9h]
denis4250: checks 
hogatto3: checks 
*** RIVER *** [7c Jd 2c 9h] [8d]
denis4250: bets $0.97 and is all-in
hogatto3: folds 
Uncalled bet ($0.97) returned to denis4250
denis4250 collected $0.84 from pot
denis4250: doesn't show hand 
*** SUMMARY ***
Total pot $0.88 | Rake $0.04 
Board [7c Jd 2c 9h 8d]
Seat 1: Cayoosh16 (button) folded before Flop (didn't bet)
Seat 2: denis4250 (small blind) collected ($0.84)
Seat 3: Mahu2021 (big blind) folded before Flop
Seat 4: GODR2 folded before Flop (didn't bet)
Seat 5: Matzet1ka folded before Flop (didn't bet)
Seat 6: hogatto3 folded on the River



PokerStars Zoom Hand #255646665409:  Hold'em No Limit ($0.05/$0.10) - 2025/04/08 16:35:10 CET [2025/04/08 10:35:10 ET]
Table 'Aludra' 6-max Seat #1 is the button
Seat 1: Sn1p3rBR ($10.08 in chips) 
Seat 2: Mahu2021 ($13.15 in chips) 
Seat 3: dsanchez11 ($13.19 in chips) 
Seat 4: PRace13 ($24.70 in chips) 
Seat 5: putzkedudu ($10.15 in chips) 
Seat 6: 15lawrencea ($13.09 in chips) 
Mahu2021: posts small blind $0.05
dsanchez11: posts big blind $0.10
*** HOLE CARDS ***
Dealt to Mahu2021 [Kh 2h]
PRace13: folds 
putzkedudu: folds 
15lawrencea: folds 
Sn1p3rBR: folds 
Mahu2021: folds 
Uncalled bet ($0.05) returned to dsanchez11
dsanchez11 collected $0.10 from pot
dsanchez11: doesn't show hand 
*** SUMMARY ***
Total pot $0.10 | Rake $0 
Seat 1: Sn1p3rBR (button) folded before Flop (didn't bet)
Seat 2: Mahu2021 (small blind) folded before Flop
Seat 3: dsanchez11 (big blind) collected ($0.10)
Seat 4: PRace13 folded before Flop (didn't bet)
Seat 5: putzkedudu folded before Flop (didn't bet)
Seat 6: 15lawrencea folded before Flop (didn't bet)



PokerStars Zoom Hand #255646664226:  Hold'em No Limit ($0.05/$0.10) - 2025/04/08 16:35:03 CET [2025/04/08 10:35:03 ET]
Table 'Aludra' 6-max Seat #1 is the button
Seat 1: mickmoe ($6.11 in chips) 
Seat 2: leopokerst19 ($11.74 in chips) 
Seat 3: hogatto3 ($12.56 in chips) 
Seat 4: AceWise ($13.62 in chips) 
Seat 5: MarkRegen ($12 in chips) 
Seat 6: Mahu2021 ($13.15 in chips) 
leopokerst19: posts small blind $0.05
hogatto3: posts big blind $0.10
*** HOLE CARDS ***
Dealt to Mahu2021 [2d Th]
AceWise: folds 
MarkRegen: folds 
Mahu2021: folds 
mickmoe: folds 
leopokerst19: raises $0.12 to $0.22
hogatto3: folds 
Uncalled bet ($0.12) returned to leopokerst19
leopokerst19 collected $0.20 from pot
leopokerst19: doesn't show hand 
*** SUMMARY ***
Total pot $0.20 | Rake $0 
Seat 1: mickmoe (button) folded before Flop (didn't bet)
Seat 2: leopokerst19 (small blind) collected ($0.20)
Seat 3: hogatto3 (big blind) folded before Flop
Seat 4: AceWise folded before Flop (didn't bet)
Seat 5: MarkRegen folded before Flop (didn't bet)
Seat 6: Mahu2021 folded before Flop (didn't bet)



PokerStars Zoom Hand #255646663292:  Hold'em No Limit ($0.05/$0.10) - 2025/04/08 16:34:58 CET [2025/04/08 10:34:58 ET]
Table 'Aludra' 6-max Seat #1 is the button
Seat 1: MatuKovac ($10.53 in chips) 
Seat 2: BeepBomb ($13.14 in chips) 
Seat 3: Luffy V ($10.98 in chips) 
Seat 4: bloodedesert ($13.34 in chips) 
Seat 5: Mahu2021 ($13.15 in chips) 
Seat 6: Matzet1ka ($10 in chips) 
BeepBomb: posts small blind $0.05
Luffy V: posts big blind $0.10
*** HOLE CARDS ***
Dealt to Mahu2021 [7h 6d]
bloodedesert: folds 
Mahu2021: folds 
Matzet1ka: folds 
MatuKovac: raises $0.15 to $0.25
BeepBomb: folds 
Luffy V: folds 
Uncalled bet ($0.15) returned to MatuKovac
MatuKovac collected $0.25 from pot
MatuKovac: doesn't show hand 
*** SUMMARY ***
Total pot $0.25 | Rake $0 
Seat 1: MatuKovac (button) collected ($0.25)
Seat 2: BeepBomb (small blind) folded before Flop
Seat 3: Luffy V (big blind) folded before Flop
Seat 4: bloodedesert folded before Flop (didn't bet)
Seat 5: Mahu2021 folded before Flop (didn't bet)
Seat 6: Matzet1ka folded before Flop (didn't bet)



PokerStars Zoom Hand #255646666165:  Hold'em No Limit ($0.05/$0.10) - 2025/04/08 16:35:14 CET [2025/04/08 10:35:14 ET]
Table 'Aludra' 6-max Seat #1 is the button
Seat 1: PRace13 ($24.70 in chips) 
Seat 2: BluffsLord ($10.15 in chips) 
Seat 3: StrongMercedes ($10.01 in chips) 
Seat 4: adelcio70 ($9.13 in chips) 
Seat 5: Mahu2021 ($13.10 in chips) 
Seat 6: leopokerst19 ($10 in chips) 
BluffsLord: posts small blind $0.05
StrongMercedes: posts big blind $0.10
*** HOLE CARDS ***
Dealt to Mahu2021 [6h Ks]
adelcio70: raises $0.10 to $0.20
Mahu2021: folds 
leopokerst19: folds 
PRace13: folds 
BluffsLord: folds 
StrongMercedes: folds 
Uncalled bet ($0.10) returned to adelcio70
adelcio70 collected $0.25 from pot
adelcio70: doesn't show hand 
*** SUMMARY ***
Total pot $0.25 | Rake $0 
Seat 1: PRace13 (button) folded before Flop (didn't bet)
Seat 2: BluffsLord (small blind) folded before Flop
Seat 3: StrongMercedes (big blind) folded before Flop
Seat 4: adelcio70 collected ($0.25)
Seat 5: Mahu2021 folded before Flop (didn't bet)
Seat 6: leopokerst19 folded before Flop (didn't bet)



PokerStars Zoom Hand #255646666858:  Hold'em No Limit ($0.05/$0.10) - 2025/04/08 16:35:18 CET [2025/04/08 10:35:18 ET]
Table 'Aludra' 6-max Seat #1 is the button
Seat 1: GambledoreV ($9.88 in chips) 
Seat 2: bakisama ($7 in chips) 
Seat 3: PRace13 ($24.70 in chips) 
Seat 4: Mahu2021 ($13.10 in chips) 
Seat 5: Sn1p3rBR ($10.08 in chips) 
Seat 6: 15lawrencea ($13.09 in chips) 
bakisama: posts small blind $0.05
PRace13: posts big blind $0.10
*** HOLE CARDS ***
Dealt to Mahu2021 [7h 2s]
Mahu2021: folds 
Sn1p3rBR: raises $0.10 to $0.20
15lawrencea: folds 
GambledoreV: folds 
bakisama: calls $0.15
PRace13: folds 
*** FLOP *** [Kd As 4s]
bakisama: checks 
Sn1p3rBR: checks 
*** TURN *** [Kd As 4s] [Jd]
bakisama: bets $0.24
Sn1p3rBR: calls $0.24
*** RIVER *** [Kd As 4s Jd] [7d]
bakisama: checks 
Sn1p3rBR: checks 
*** SHOW DOWN ***
bakisama: shows [Js Ts] (a pair of Jacks)
Sn1p3rBR: shows [Ks Qh] (a pair of Kings)
Sn1p3rBR collected $0.94 from pot
*** SUMMARY ***
Total pot $0.98 | Rake $0.04 
Board [Kd As 4s Jd 7d]
Seat 1: GambledoreV (button) folded before Flop (didn't bet)
Seat 2: bakisama (small blind) showed [Js Ts] and lost with a pair of Jacks
Seat 3: PRace13 (big blind) folded before Flop
Seat 4: Mahu2021 folded before Flop (didn't bet)
Seat 5: Sn1p3rBR showed [Ks Qh] and won ($0.94) with a pair of Kings
Seat 6: 15lawrencea folded before Flop (didn't bet)



PokerStars Zoom Hand #255646667397:  Hold'em No Limit ($0.05/$0.10) - 2025/04/08 16:35:21 CET [2025/04/08 10:35:21 ET]
Table 'Aludra' 6-max Seat #1 is the button
Seat 1: MatuKovac ($10 in chips) 
Seat 2: AceWise ($13.52 in chips) 
Seat 3: Mahu2021 ($13.10 in chips) 
Seat 4: PROSTOZIDAR ($5.71 in chips) 
Seat 5: 15lawrencea ($13.09 in chips) 
Seat 6: dsanchez11 ($13.24 in chips) 
AceWise: posts small blind $0.05
Mahu2021: posts big blind $0.10
*** HOLE CARDS ***
Dealt to Mahu2021 [4h Ac]
PROSTOZIDAR: folds 
15lawrencea: folds 
dsanchez11: raises $0.15 to $0.25
MatuKovac: folds 
AceWise: folds 
Mahu2021: calls $0.15
*** FLOP *** [6s Ad 9s]
Mahu2021: checks 
dsanchez11: checks 
*** TURN *** [6s Ad 9s] [Js]
Mahu2021: bets $0.30
dsanchez11: calls $0.30
*** RIVER *** [6s Ad 9s Js] [Qd]
Mahu2021: bets $0.30
dsanchez11: raises $2.70 to $3
Mahu2021: folds 
Uncalled bet ($2.70) returned to dsanchez11
dsanchez11 collected $1.67 from pot
dsanchez11: doesn't show hand 
*** SUMMARY ***
Total pot $1.75 | Rake $0.08 
Board [6s Ad 9s Js Qd]
Seat 1: MatuKovac (button) folded before Flop (didn't bet)
Seat 2: AceWise (small blind) folded before Flop
Seat 3: Mahu2021 (big blind) folded on the River
Seat 4: PROSTOZIDAR folded before Flop (didn't bet)
Seat 5: 15lawrencea folded before Flop (didn't bet)
Seat 6: dsanchez11 collected ($1.67)



PokerStars Zoom Hand #255646678500:  Hold'em No Limit ($0.05/$0.10) - 2025/04/08 16:36:24 CET [2025/04/08 10:36:24 ET]
Table 'Aludra' 6-max Seat #1 is the button
Seat 1: Mahu2021 ($12.25 in chips) 
Seat 2: Footraiser ($11.41 in chips) 
Seat 3: Mallardz ($14.71 in chips) 
Seat 4: denis4250 ($6.80 in chips) 
Seat 5: the_luggster ($12.06 in chips) 
Seat 6: Shari RD ($8.32 in chips) 
Footraiser: posts small blind $0.05
Mallardz: posts big blind $0.10
*** HOLE CARDS ***
Dealt to Mahu2021 [4d 9s]
denis4250: folds 
the_luggster: folds 
Shari RD: folds 
Mahu2021: folds 
Footraiser: folds 
Uncalled bet ($0.05) returned to Mallardz
Mallardz collected $0.10 from pot
Mallardz: doesn't show hand 
*** SUMMARY ***
Total pot $0.10 | Rake $0 
Seat 1: Mahu2021 (button) folded before Flop (didn't bet)
Seat 2: Footraiser (small blind) folded before Flop
Seat 3: Mallardz (big blind) collected ($0.10)
Seat 4: denis4250 folded before Flop (didn't bet)
Seat 5: the_luggster folded before Flop (didn't bet)
Seat 6: Shari RD folded before Flop (didn't bet)



PokerStars Zoom Hand #255646679096:  Hold'em No Limit ($0.05/$0.10) - 2025/04/08 16:36:27 CET [2025/04/08 10:36:27 ET]
Table 'Aludra' 6-max Seat #1 is the button
Seat 1: PRace13 ($16.51 in chips) 
Seat 2: $wanswan ($10.75 in chips) 
Seat 3: Mahu2021 ($12.25 in chips) 
Seat 4: raik611 ($10 in chips) 
Seat 5: Die8 ($10 in chips) 
Seat 6: denis4250 ($6.80 in chips) 
$wanswan: posts small blind $0.05
Mahu2021: posts big blind $0.10
*** HOLE CARDS ***
Dealt to Mahu2021 [8h Jc]
raik611: folds 
Die8: folds 
denis4250: folds 
PRace13: folds 
$wanswan: folds 
Uncalled bet ($0.05) returned to Mahu2021
Mahu2021 collected $0.10 from pot
Mahu2021: doesn't show hand 
*** SUMMARY ***
Total pot $0.10 | Rake $0 
Seat 1: PRace13 (button) folded before Flop (didn't bet)
Seat 2: $wanswan (small blind) folded before Flop
Seat 3: Mahu2021 (big blind) collected ($0.10)
Seat 4: raik611 folded before Flop (didn't bet)
Seat 5: Die8 folded before Flop (didn't bet)
Seat 6: denis4250 folded before Flop (didn't bet)



PokerStars Zoom Hand #255646681216:  Hold'em No Limit ($0.05/$0.10) - 2025/04/08 16:36:39 CET [2025/04/08 10:36:39 ET]
Table 'Aludra' 6-max Seat #1 is the button
Seat 1: Matzet1ka ($10 in chips) 
Seat 2: Mahu2021 ($12.30 in chips) 
Seat 3: Hokazono Iroha ($11.78 in chips) 
Seat 4: arongraham100 ($16.90 in chips) 
Seat 5: leopokerst19 ($11.69 in chips) 
Seat 6: Luffy V ($13.03 in chips) 
Mahu2021: posts small blind $0.05
Hokazono Iroha: posts big blind $0.10
*** HOLE CARDS ***
Dealt to Mahu2021 [Tc 8h]
arongraham100: folds 
leopokerst19: raises $0.12 to $0.22
Luffy V: folds 
Matzet1ka: folds 
Mahu2021: folds 
Hokazono Iroha: folds 
Uncalled bet ($0.12) returned to leopokerst19
leopokerst19 collected $0.25 from pot
leopokerst19: doesn't show hand 
*** SUMMARY ***
Total pot $0.25 | Rake $0 
Seat 1: Matzet1ka (button) folded before Flop (didn't bet)
Seat 2: Mahu2021 (small blind) folded before Flop
Seat 3: Hokazono Iroha (big blind) folded before Flop
Seat 4: arongraham100 folded before Flop (didn't bet)
Seat 5: leopokerst19 collected ($0.25)
Seat 6: Luffy V folded before Flop (didn't bet)



PokerStars Zoom Hand #255646682309:  Hold'em No Limit ($0.05/$0.10) - 2025/04/08 16:36:45 CET [2025/04/08 10:36:45 ET]
Table 'Aludra' 6-max Seat #1 is the button
Seat 1: adelcio70 ($8.68 in chips) 
Seat 2: bloodedesert ($13.02 in chips) 
Seat 3: the_luggster ($10 in chips) 
Seat 4: akeno1987 ($13.49 in chips) 
Seat 5: AceWise ($13.47 in chips) 
Seat 6: Mahu2021 ($12.25 in chips) 
bloodedesert: posts small blind $0.05
the_luggster: posts big blind $0.10
*** HOLE CARDS ***
Dealt to Mahu2021 [Jd 6d]
akeno1987: folds 
AceWise: folds 
Mahu2021: folds 
adelcio70: calls $0.10
bloodedesert: calls $0.05
the_luggster: raises $0.40 to $0.50
adelcio70: calls $0.40
bloodedesert: folds 
*** FLOP *** [4s 3c 2h]
the_luggster: checks 
adelcio70: checks 
*** TURN *** [4s 3c 2h] [As]
the_luggster: bets $1.10
adelcio70: folds 
Uncalled bet ($1.10) returned to the_luggster
the_luggster collected $1.05 from pot
the_luggster: doesn't show hand 
*** SUMMARY ***
Total pot $1.10 | Rake $0.05 
Board [4s 3c 2h As]
Seat 1: adelcio70 (button) folded on the Turn
Seat 2: bloodedesert (small blind) folded before Flop
Seat 3: the_luggster (big blind) collected ($1.05)
Seat 4: akeno1987 folded before Flop (didn't bet)
Seat 5: AceWise folded before Flop (didn't bet)
Seat 6: Mahu2021 folded before Flop (didn't bet)



PokerStars Zoom Hand #255646685063:  Hold'em No Limit ($0.05/$0.10) - 2025/04/08 16:37:01 CET [2025/04/08 10:37:01 ET]
Table 'Aludra' 6-max Seat #1 is the button
Seat 1: StrongMercedes ($21.99 in chips) 
Seat 2: wingle76 ($10.74 in chips) 
Seat 3: Shari RD ($8.17 in chips) 
Seat 4: Mahu2021 ($12.25 in chips) 
Seat 5: Die8 ($10 in chips) 
Seat 6: Matzet1ka ($10 in chips) 
wingle76: posts small blind $0.05
Shari RD: posts big blind $0.10
*** HOLE CARDS ***
Dealt to Mahu2021 [Ah As]
Mahu2021: raises $0.15 to $0.25
Die8: folds 
Matzet1ka: folds 
StrongMercedes: folds 
wingle76: folds 
Shari RD: folds 
Uncalled bet ($0.15) returned to Mahu2021
Mahu2021 collected $0.25 from pot
Mahu2021: doesn't show hand 
*** SUMMARY ***
Total pot $0.25 | Rake $0 
Seat 1: StrongMercedes (button) folded before Flop (didn't bet)
Seat 2: wingle76 (small blind) folded before Flop
Seat 3: Shari RD (big blind) folded before Flop
Seat 4: Mahu2021 collected ($0.25)
Seat 5: Die8 folded before Flop (didn't bet)
Seat 6: Matzet1ka folded before Flop (didn't bet)



PokerStars Zoom Hand #255646689100:  Hold'em No Limit ($0.05/$0.10) - 2025/04/08 16:37:23 CET [2025/04/08 10:37:23 ET]
Table 'Aludra' 6-max Seat #1 is the button
Seat 1: Mahu2021 ($12.40 in chips) 
Seat 2: Sn1p3rBR ($10.58 in chips) 
Seat 3: WoozyFace ($9.12 in chips) 
Seat 4: leocent ($2.23 in chips) 
Seat 5: PRace13 ($10 in chips) 
Seat 6: Hokazono Iroha ($17.07 in chips) 
Sn1p3rBR: posts small blind $0.05
WoozyFace: posts big blind $0.10
*** HOLE CARDS ***
Dealt to Mahu2021 [9d Kc]
leocent: folds 
PRace13: folds 
Hokazono Iroha: folds 
Mahu2021: folds 
Sn1p3rBR: folds 
Uncalled bet ($0.05) returned to WoozyFace
WoozyFace collected $0.10 from pot
WoozyFace: doesn't show hand 
*** SUMMARY ***
Total pot $0.10 | Rake $0 
Seat 1: Mahu2021 (button) folded before Flop (didn't bet)
Seat 2: Sn1p3rBR (small blind) folded before Flop
Seat 3: WoozyFace (big blind) collected ($0.10)
Seat 4: leocent folded before Flop (didn't bet)
Seat 5: PRace13 folded before Flop (didn't bet)
Seat 6: Hokazono Iroha folded before Flop (didn't bet)



PokerStars Zoom Hand #255646683619:  Hold'em No Limit ($0.05/$0.10) - 2025/04/08 16:36:53 CET [2025/04/08 10:36:53 ET]
Table 'Aludra' 6-max Seat #1 is the button
Seat 1: v4valter88 ($11.21 in chips) 
Seat 2: leopokerst19 ($12.59 in chips) 
Seat 3: raik611 ($10 in chips) 
Seat 4: Matzet1ka ($10 in chips) 
Seat 5: Mahu2021 ($12.25 in chips) 
Seat 6: Cosimo1870 ($21.46 in chips) 
leopokerst19: posts small blind $0.05
raik611: posts big blind $0.10
*** HOLE CARDS ***
Dealt to Mahu2021 [5h Kc]
Matzet1ka: folds 
Mahu2021: folds 
Cosimo1870: folds 
v4valter88: raises $0.13 to $0.23
leopokerst19: folds 
raik611: calls $0.13
*** FLOP *** [Qc Qh 5d]
raik611: checks 
v4valter88: checks 
*** TURN *** [Qc Qh 5d] [2d]
raik611: checks 
v4valter88: checks 
*** RIVER *** [Qc Qh 5d 2d] [Ad]
raik611: checks 
v4valter88: bets $0.32
raik611: folds 
Uncalled bet ($0.32) returned to v4valter88
v4valter88 collected $0.49 from pot
v4valter88: doesn't show hand 
*** SUMMARY ***
Total pot $0.51 | Rake $0.02 
Board [Qc Qh 5d 2d Ad]
Seat 1: v4valter88 (button) collected ($0.49)
Seat 2: leopokerst19 (small blind) folded before Flop
Seat 3: raik611 (big blind) folded on the River
Seat 4: Matzet1ka folded before Flop (didn't bet)
Seat 5: Mahu2021 folded before Flop (didn't bet)
Seat 6: Cosimo1870 folded before Flop (didn't bet)



PokerStars Zoom Hand #255646684380:  Hold'em No Limit ($0.05/$0.10) - 2025/04/08 16:36:57 CET [2025/04/08 10:36:57 ET]
Table 'Aludra' 6-max Seat #1 is the button
Seat 1: Windows 21xp ($10.88 in chips) 
Seat 2: StrongMercedes ($13.82 in chips) 
Seat 3: Winik810 ($10 in chips) 
Seat 4: Mahu2021 ($12.25 in chips) 
Seat 5: MarkRegen ($11.73 in chips) 
Seat 6: Kristjan Lõv ($9.23 in chips) 
StrongMercedes: posts small blind $0.05
Winik810: posts big blind $0.10
*** HOLE CARDS ***
Dealt to Mahu2021 [Th 6c]
Mahu2021: folds 
MarkRegen: folds 
Kristjan Lõv: calls $0.10
Windows 21xp: folds 
StrongMercedes: folds 
Winik810: checks 
*** FLOP *** [Kd 8s Ts]
Winik810: checks 
Kristjan Lõv: checks 
*** TURN *** [Kd 8s Ts] [Ac]
Winik810: checks 
Kristjan Lõv: bets $0.24
Winik810: folds 
Uncalled bet ($0.24) returned to Kristjan Lõv
Kristjan Lõv collected $0.24 from pot
Kristjan Lõv: doesn't show hand 
*** SUMMARY ***
Total pot $0.25 | Rake $0.01 
Board [Kd 8s Ts Ac]
Seat 1: Windows 21xp (button) folded before Flop (didn't bet)
Seat 2: StrongMercedes (small blind) folded before Flop
Seat 3: Winik810 (big blind) folded on the Turn
Seat 4: Mahu2021 folded before Flop (didn't bet)
Seat 5: MarkRegen folded before Flop (didn't bet)
Seat 6: Kristjan Lõv collected ($0.24)



PokerStars Zoom Hand #255646683003:  Hold'em No Limit ($0.05/$0.10) - 2025/04/08 16:36:49 CET [2025/04/08 10:36:49 ET]
Table 'Aludra' 6-max Seat #1 is the button
Seat 1: PRace13 ($18.63 in chips) 
Seat 2: GODR2 ($10 in chips) 
Seat 3: AceWise ($13.47 in chips) 
Seat 4: Die8 ($14.63 in chips) 
Seat 5: Yuck0811 ($10 in chips) 
Seat 6: Mahu2021 ($12.25 in chips) 
GODR2: posts small blind $0.05
AceWise: posts big blind $0.10
*** HOLE CARDS ***
Dealt to Mahu2021 [Jh 4s]
Die8: folds 
Yuck0811: folds 
Mahu2021: folds 
PRace13: folds 
GODR2: raises $0.20 to $0.30
AceWise: calls $0.20
*** FLOP *** [Ad 8c 9h]
GODR2: bets $0.18
AceWise: calls $0.18
*** TURN *** [Ad 8c 9h] [Qd]
GODR2: checks 
AceWise: bets $0.51
GODR2: calls $0.51
*** RIVER *** [Ad 8c 9h Qd] [6c]
GODR2: checks 
AceWise: checks 
*** SHOW DOWN ***
GODR2: shows [3s Ac] (a pair of Aces)
AceWise: shows [As 7h] (a pair of Aces)
GODR2 collected $0.95 from pot
AceWise collected $0.94 from pot
*** SUMMARY ***
Total pot $1.98 | Rake $0.09 
Board [Ad 8c 9h Qd 6c]
Seat 1: PRace13 (button) folded before Flop (didn't bet)
Seat 2: GODR2 (small blind) showed [3s Ac] and won ($0.95) with a pair of Aces
Seat 3: AceWise (big blind) showed [As 7h] and won ($0.94) with a pair of Aces
Seat 4: Die8 folded before Flop (didn't bet)
Seat 5: Yuck0811 folded before Flop (didn't bet)
Seat 6: Mahu2021 folded before Flop (didn't bet)



