PokerStars Zoom Hand #255266383605:  Hold'em No Limit ($0.05/$0.10) - 2025/03/13 11:37:06 CET [2025/03/13 6:37:06 ET]
Table 'Aludra' 6-max Seat #1 is the button
Seat 1: Perstenev ($3.83 in chips) 
Seat 2: geokomkjdoc ($2.79 in chips) 
Seat 3: Mahu2021 ($10 in chips) 
Seat 4: N|ghtm@r3 94 ($10.23 in chips) 
Seat 5: JDOldham503 ($19.40 in chips) 
Seat 6: Danitureza ($21.63 in chips) 
geokomkjdoc: posts small blind $0.05
Mahu2021: posts big blind $0.10
*** HOLE CARDS ***
Dealt to Mahu2021 [4d 8d]
N|ghtm@r3 94: folds 
JDOldham503: raises $0.10 to $0.20
Danitureza: folds 
Perstenev: folds 
geokomkjdoc: folds 
Mahu2021: calls $0.10
*** FLOP *** [Kc 5d 2s]
Mahu2021: checks 
JDOldham503: checks 
*** TURN *** [Kc 5d 2s] [6d]
Mahu2021: bets $0.20
JDOldham503: folds 
Uncalled bet ($0.20) returned to Mahu2021
Mahu2021 collected $0.43 from pot
Mahu2021: doesn't show hand 
*** SUMMARY ***
Total pot $0.45 | Rake $0.02 
Board [Kc 5d 2s 6d]
Seat 1: Perstenev (button) folded before Flop (didn't bet)
Seat 2: geokomkjdoc (small blind) folded before Flop
Seat 3: Mahu2021 (big blind) collected ($0.43)
Seat 4: N|ghtm@r3 94 folded before Flop (didn't bet)
Seat 5: JDOldham503 folded on the Turn
Seat 6: Danitureza folded before Flop (didn't bet)



PokerStars Zoom Hand #255266385709:  Hold'em No Limit ($0.05/$0.10) - 2025/03/13 11:37:25 CET [2025/03/13 6:37:25 ET]
Table 'Aludra' 6-max Seat #1 is the button
Seat 1: Mahu2021 ($10.23 in chips) 
Seat 2: N|ghtm@r3 94 ($10.13 in chips) 
Seat 3: Danitureza ($22.55 in chips) 
Seat 4: Cash_4077 ($22.97 in chips) 
Seat 5: couture1974 ($5.68 in chips) 
Seat 6: qj444 ($15.52 in chips) 
N|ghtm@r3 94: posts small blind $0.05
Danitureza: posts big blind $0.10
*** HOLE CARDS ***
Dealt to Mahu2021 [Qh 7s]
Cash_4077: folds 
couture1974: folds 
qj444: folds 
Mahu2021: folds 
N|ghtm@r3 94: folds 
Uncalled bet ($0.05) returned to Danitureza
Danitureza collected $0.10 from pot
Danitureza: doesn't show hand 
*** SUMMARY ***
Total pot $0.10 | Rake $0 
Seat 1: Mahu2021 (button) folded before Flop (didn't bet)
Seat 2: N|ghtm@r3 94 (small blind) folded before Flop
Seat 3: Danitureza (big blind) collected ($0.10)
Seat 4: Cash_4077 folded before Flop (didn't bet)
Seat 5: couture1974 folded before Flop (didn't bet)
Seat 6: qj444 folded before Flop (didn't bet)



PokerStars Zoom Hand #255266386280:  Hold'em No Limit ($0.05/$0.10) - 2025/03/13 11:37:30 CET [2025/03/13 6:37:30 ET]
Table 'Aludra' 6-max Seat #1 is the button
Seat 1: Ph4nToM89 ($10.47 in chips) 
Seat 2: Mahu2021 ($10.23 in chips) 
Seat 3: Danitureza ($27.83 in chips) 
Seat 4: aggovic ($12.64 in chips) 
Seat 5: szabarna ($10.98 in chips) 
Seat 6: mrs2006 ($12.29 in chips) 
Mahu2021: posts small blind $0.05
Danitureza: posts big blind $0.10
*** HOLE CARDS ***
Dealt to Mahu2021 [5h Kh]
aggovic: folds 
szabarna: folds 
mrs2006: folds 
Ph4nToM89: raises $0.15 to $0.25
Mahu2021: folds 
Danitureza: folds 
Uncalled bet ($0.15) returned to Ph4nToM89
Ph4nToM89 collected $0.25 from pot
Ph4nToM89: doesn't show hand 
*** SUMMARY ***
Total pot $0.25 | Rake $0 
Seat 1: Ph4nToM89 (button) collected ($0.25)
Seat 2: Mahu2021 (small blind) folded before Flop
Seat 3: Danitureza (big blind) folded before Flop
Seat 4: aggovic folded before Flop (didn't bet)
Seat 5: szabarna folded before Flop (didn't bet)
Seat 6: mrs2006 folded before Flop (didn't bet)



PokerStars Zoom Hand #255266386833:  Hold'em No Limit ($0.05/$0.10) - 2025/03/13 11:37:35 CET [2025/03/13 6:37:35 ET]
Table 'Aludra' 6-max Seat #1 is the button
Seat 1: qj444 ($10.72 in chips) 
Seat 2: isidaxl ($8.79 in chips) 
Seat 3: $isko917 ($14.93 in chips) 
Seat 4: JDOldham503 ($19.43 in chips) 
Seat 5: ohseungyeon ($13.22 in chips) 
Seat 6: Mahu2021 ($10.18 in chips) 
isidaxl: posts small blind $0.05
$isko917: posts big blind $0.10
*** HOLE CARDS ***
Dealt to Mahu2021 [Th Ac]
JDOldham503: raises $0.20 to $0.30
ohseungyeon: folds 
Mahu2021: calls $0.30
qj444: folds 
isidaxl: folds 
$isko917: folds 
*** FLOP *** [8c 8s 9c]
JDOldham503: checks 
Mahu2021: checks 
*** TURN *** [8c 8s 9c] [8h]
JDOldham503: checks 
Mahu2021: bets $0.72
JDOldham503: calls $0.72
*** RIVER *** [8c 8s 9c 8h] [Kd]
JDOldham503: checks 
Mahu2021: checks 
*** SHOW DOWN ***
JDOldham503: shows [As Qc] (three of a kind, Eights)
Mahu2021: shows [Th Ac] (three of a kind, Eights)
JDOldham503 collected $1.05 from pot
Mahu2021 collected $1.04 from pot
*** SUMMARY ***
Total pot $2.19 | Rake $0.10 
Board [8c 8s 9c 8h Kd]
Seat 1: qj444 (button) folded before Flop (didn't bet)
Seat 2: isidaxl (small blind) folded before Flop
Seat 3: $isko917 (big blind) folded before Flop
Seat 4: JDOldham503 showed [As Qc] and won ($1.05) with three of a kind, Eights
Seat 5: ohseungyeon folded before Flop (didn't bet)
Seat 6: Mahu2021 showed [Th Ac] and won ($1.04) with three of a kind, Eights



PokerStars Zoom Hand #255266392979:  Hold'em No Limit ($0.05/$0.10) - 2025/03/13 11:38:30 CET [2025/03/13 6:38:30 ET]
Table 'Aludra' 6-max Seat #1 is the button
Seat 1: alanindublin ($13.13 in chips) 
Seat 2: qj444 ($10.52 in chips) 
Seat 3: ThomasJ76 ($10 in chips) 
Seat 4: elfiosu ($24.41 in chips) 
Seat 5: Mahu2021 ($10.20 in chips) 
Seat 6: Matzet1ka ($10 in chips) 
qj444: posts small blind $0.05
ThomasJ76: posts big blind $0.10
*** HOLE CARDS ***
Dealt to Mahu2021 [Qc 7c]
elfiosu: folds 
Mahu2021: folds 
Matzet1ka: folds 
alanindublin: folds 
qj444: folds 
Uncalled bet ($0.05) returned to ThomasJ76
ThomasJ76 collected $0.10 from pot
ThomasJ76: doesn't show hand 
*** SUMMARY ***
Total pot $0.10 | Rake $0 
Seat 1: alanindublin (button) folded before Flop (didn't bet)
Seat 2: qj444 (small blind) folded before Flop
Seat 3: ThomasJ76 (big blind) collected ($0.10)
Seat 4: elfiosu folded before Flop (didn't bet)
Seat 5: Mahu2021 folded before Flop (didn't bet)
Seat 6: Matzet1ka folded before Flop (didn't bet)



PokerStars Zoom Hand #255266393521:  Hold'em No Limit ($0.05/$0.10) - 2025/03/13 11:38:35 CET [2025/03/13 6:38:35 ET]
Table 'Aludra' 6-max Seat #1 is the button
Seat 1: 92valerCH ($10.43 in chips) 
Seat 2: Danitureza ($17.47 in chips) 
Seat 3: ohseungyeon ($10.61 in chips) 
Seat 4: Matzet1ka ($10 in chips) 
Seat 5: vicegoodman ($10 in chips) 
Seat 6: Mahu2021 ($10.20 in chips) 
Danitureza: posts small blind $0.05
ohseungyeon: posts big blind $0.10
*** HOLE CARDS ***
Dealt to Mahu2021 [6c 5d]
Matzet1ka: raises $0.15 to $0.25
vicegoodman: folds 
Mahu2021: folds 
92valerCH: folds 
Danitureza: folds 
ohseungyeon: folds 
Uncalled bet ($0.15) returned to Matzet1ka
Matzet1ka collected $0.25 from pot
Matzet1ka: doesn't show hand 
*** SUMMARY ***
Total pot $0.25 | Rake $0 
Seat 1: 92valerCH (button) folded before Flop (didn't bet)
Seat 2: Danitureza (small blind) folded before Flop
Seat 3: ohseungyeon (big blind) folded before Flop
Seat 4: Matzet1ka collected ($0.25)
Seat 5: vicegoodman folded before Flop (didn't bet)
Seat 6: Mahu2021 folded before Flop (didn't bet)



PokerStars Zoom Hand #255266394290:  Hold'em No Limit ($0.05/$0.10) - 2025/03/13 11:38:42 CET [2025/03/13 6:38:42 ET]
Table 'Aludra' 6-max Seat #1 is the button
Seat 1: alexander64 ($5.10 in chips) 
Seat 2: Danitureza ($22.45 in chips) 
Seat 3: vicegoodman ($10 in chips) 
Seat 4: Mahu2021 ($10.20 in chips) 
Seat 5: mrs2006 ($12.14 in chips) 
Seat 6: Rjcnzz ($10 in chips) 
Danitureza: posts small blind $0.05
vicegoodman: posts big blind $0.10
*** HOLE CARDS ***
Dealt to Mahu2021 [7c Ad]
Mahu2021: folds 
mrs2006: folds 
Rjcnzz: raises $0.15 to $0.25
alexander64: folds 
Danitureza: folds 
vicegoodman: folds 
Uncalled bet ($0.15) returned to Rjcnzz
Rjcnzz collected $0.25 from pot
Rjcnzz: doesn't show hand 
*** SUMMARY ***
Total pot $0.25 | Rake $0 
Seat 1: alexander64 (button) folded before Flop (didn't bet)
Seat 2: Danitureza (small blind) folded before Flop
Seat 3: vicegoodman (big blind) folded before Flop
Seat 4: Mahu2021 folded before Flop (didn't bet)
Seat 5: mrs2006 folded before Flop (didn't bet)
Seat 6: Rjcnzz collected ($0.25)



PokerStars Zoom Hand #255266394740:  Hold'em No Limit ($0.05/$0.10) - 2025/03/13 11:38:46 CET [2025/03/13 6:38:46 ET]
Table 'Aludra' 6-max Seat #1 is the button
Seat 1: couture1974 ($6.70 in chips) 
Seat 2: Matzet1ka ($10.15 in chips) 
Seat 3: Mahu2021 ($10.20 in chips) 
Seat 4: Danitureza ($28.13 in chips) 
Seat 5: Sanjireyes ($12.64 in chips) 
Seat 6: ohseungyeon ($10.51 in chips) 
Matzet1ka: posts small blind $0.05
Mahu2021: posts big blind $0.10
*** HOLE CARDS ***
Dealt to Mahu2021 [6d Kd]
Danitureza: folds 
Sanjireyes: folds 
ohseungyeon: folds 
couture1974: folds 
Matzet1ka: folds 
Uncalled bet ($0.05) returned to Mahu2021
Mahu2021 collected $0.10 from pot
Mahu2021: doesn't show hand 
*** SUMMARY ***
Total pot $0.10 | Rake $0 
Seat 1: couture1974 (button) folded before Flop (didn't bet)
Seat 2: Matzet1ka (small blind) folded before Flop
Seat 3: Mahu2021 (big blind) collected ($0.10)
Seat 4: Danitureza folded before Flop (didn't bet)
Seat 5: Sanjireyes folded before Flop (didn't bet)
Seat 6: ohseungyeon folded before Flop (didn't bet)



PokerStars Zoom Hand #255266395995:  Hold'em No Limit ($0.05/$0.10) - 2025/03/13 11:38:57 CET [2025/03/13 6:38:57 ET]
Table 'Aludra' 6-max Seat #1 is the button
Seat 1: dodgydan68 ($7.23 in chips) 
Seat 2: Mahu2021 ($10.25 in chips) 
Seat 3: Danitureza ($28.08 in chips) 
Seat 4: isidaxl ($8.54 in chips) 
Seat 5: vicegoodman ($10 in chips) 
Seat 6: qj444 ($10.10 in chips) 
Mahu2021: posts small blind $0.05
Danitureza: posts big blind $0.10
*** HOLE CARDS ***
Dealt to Mahu2021 [2c 8d]
isidaxl: folds 
vicegoodman: folds 
qj444: folds 
dodgydan68: raises $0.10 to $0.20
Mahu2021: folds 
Danitureza: folds 
Uncalled bet ($0.10) returned to dodgydan68
dodgydan68 collected $0.25 from pot
dodgydan68: doesn't show hand 
*** SUMMARY ***
Total pot $0.25 | Rake $0 
Seat 1: dodgydan68 (button) collected ($0.25)
Seat 2: Mahu2021 (small blind) folded before Flop
Seat 3: Danitureza (big blind) folded before Flop
Seat 4: isidaxl folded before Flop (didn't bet)
Seat 5: vicegoodman folded before Flop (didn't bet)
Seat 6: qj444 folded before Flop (didn't bet)



PokerStars Zoom Hand #255266396460:  Hold'em No Limit ($0.05/$0.10) - 2025/03/13 11:39:01 CET [2025/03/13 6:39:01 ET]
Table 'Aludra' 6-max Seat #1 is the button
Seat 1: Mahu2021 ($10.20 in chips) 
Seat 2: Sanjireyes ($18.23 in chips) 
Seat 3: Lim 2589 ($12.31 in chips) 
Seat 4: acebob999 ($14.59 in chips) 
Seat 5: vicegoodman ($10 in chips) 
Seat 6: qj444 ($11 in chips) 
Sanjireyes: posts small blind $0.05
Lim 2589: posts big blind $0.10
*** HOLE CARDS ***
Dealt to Mahu2021 [4c 5c]
acebob999: raises $0.10 to $0.20
vicegoodman: folds 
qj444: folds 
Mahu2021: calls $0.20
Sanjireyes: calls $0.15
Lim 2589: folds 
*** FLOP *** [2c 2d 4s]
Sanjireyes: checks 
acebob999: checks 
Mahu2021: bets $0.67
Sanjireyes: folds 
acebob999: folds 
Uncalled bet ($0.67) returned to Mahu2021
Mahu2021 collected $0.67 from pot
Mahu2021: doesn't show hand 
*** SUMMARY ***
Total pot $0.70 | Rake $0.03 
Board [2c 2d 4s]
Seat 1: Mahu2021 (button) collected ($0.67)
Seat 2: Sanjireyes (small blind) folded on the Flop
Seat 3: Lim 2589 (big blind) folded before Flop
Seat 4: acebob999 folded on the Flop
Seat 5: vicegoodman folded before Flop (didn't bet)
Seat 6: qj444 folded before Flop (didn't bet)



