PokerStars Zoom Hand #255266368281:  Hold'em No Limit ($0.05/$0.10) - 2025/03/13 11:34:49 CET [2025/03/13 6:34:49 ET]
Table 'Aludra' 6-max Seat #1 is the button
Seat 1: $isko917 ($14.77 in chips) 
Seat 2: elfiosu ($23.14 in chips) 
Seat 3: Mahu2021 ($10 in chips) 
Seat 4: szabarna ($10.65 in chips) 
Seat 5: neptenu10 ($9.85 in chips) 
Seat 6: kenzo207 ($10.86 in chips) 
elfiosu: posts small blind $0.05
Mahu2021: posts big blind $0.10
*** HOLE CARDS ***
Dealt to Mahu2021 [4s Ks]
szabarna: folds 
neptenu10: folds 
kenzo207: folds 
$isko917: folds 
elfiosu: raises $0.30 to $0.40
Mahu2021: folds 
Uncalled bet ($0.30) returned to elfiosu
elfiosu collected $0.20 from pot
elfiosu: doesn't show hand 
*** SUMMARY ***
Total pot $0.20 | Rake $0 
Seat 1: $isko917 (button) folded before Flop (didn't bet)
Seat 2: elfiosu (small blind) collected ($0.20)
Seat 3: Mahu2021 (big blind) folded before Flop
Seat 4: szabarna folded before Flop (didn't bet)
Seat 5: neptenu10 folded before Flop (didn't bet)
Seat 6: kenzo207 folded before Flop (didn't bet)



PokerStars Zoom Hand #255266370613:  Hold'em No Limit ($0.05/$0.10) - 2025/03/13 11:35:10 CET [2025/03/13 6:35:10 ET]
Table 'Aludra' 6-max Seat #1 is the button
Seat 1: qj444 ($10.19 in chips) 
Seat 2: Nestle170 ($14.63 in chips) 
Seat 3: PandaPower12 ($20.13 in chips) 
Seat 4: Love Beckham ($10.68 in chips) 
Seat 5: Mahu2021 ($9.85 in chips) 
Seat 6: ohseungyeon ($14.93 in chips) 
Nestle170: posts small blind $0.05
PandaPower12: posts big blind $0.10
*** HOLE CARDS ***
Dealt to Mahu2021 [Jd 4s]
Love Beckham: folds 
Mahu2021: folds 
ohseungyeon: folds 
qj444: folds 
Nestle170: folds 
Uncalled bet ($0.05) returned to PandaPower12
PandaPower12 collected $0.10 from pot
PandaPower12: doesn't show hand 
*** SUMMARY ***
Total pot $0.10 | Rake $0 
Seat 1: qj444 (button) folded before Flop (didn't bet)
Seat 2: Nestle170 (small blind) folded before Flop
Seat 3: PandaPower12 (big blind) collected ($0.10)
Seat 4: Love Beckham folded before Flop (didn't bet)
Seat 5: Mahu2021 folded before Flop (didn't bet)
Seat 6: ohseungyeon folded before Flop (didn't bet)



PokerStars Zoom Hand #255266370198:  Hold'em No Limit ($0.05/$0.10) - 2025/03/13 11:35:06 CET [2025/03/13 6:35:06 ET]
Table 'Aludra' 6-max Seat #1 is the button
Seat 1: Mahu2021 ($9.85 in chips) 
Seat 2: N|ghtm@r3 94 ($10.58 in chips) 
Seat 3: pjw0111 ($10 in chips) 
Seat 4: qj444 ($10.19 in chips) 
Seat 5: PandaPower12 ($20.13 in chips) 
Seat 6: eriktnt ($11.93 in chips) 
N|ghtm@r3 94: posts small blind $0.05
pjw0111: posts big blind $0.10
*** HOLE CARDS ***
Dealt to Mahu2021 [7s 5d]
qj444: folds 
PandaPower12: folds 
eriktnt: folds 
Mahu2021: folds 
N|ghtm@r3 94: raises $0.20 to $0.30
pjw0111: folds 
Uncalled bet ($0.20) returned to N|ghtm@r3 94
N|ghtm@r3 94 collected $0.20 from pot
N|ghtm@r3 94: doesn't show hand 
*** SUMMARY ***
Total pot $0.20 | Rake $0 
Seat 1: Mahu2021 (button) folded before Flop (didn't bet)
Seat 2: N|ghtm@r3 94 (small blind) collected ($0.20)
Seat 3: pjw0111 (big blind) folded before Flop
Seat 4: qj444 folded before Flop (didn't bet)
Seat 5: PandaPower12 folded before Flop (didn't bet)
Seat 6: eriktnt folded before Flop (didn't bet)



PokerStars Zoom Hand #255266371068:  Hold'em No Limit ($0.05/$0.10) - 2025/03/13 11:35:14 CET [2025/03/13 6:35:14 ET]
Table 'Aludra' 6-max Seat #1 is the button
Seat 1: eriktnt ($17.04 in chips) 
Seat 2: vicegoodman ($10 in chips) 
Seat 3: alanindublin ($16.53 in chips) 
Seat 4: Danitureza ($15.21 in chips) 
Seat 5: qj444 ($10.19 in chips) 
Seat 6: Mahu2021 ($9.85 in chips) 
vicegoodman: posts small blind $0.05
alanindublin: posts big blind $0.10
*** HOLE CARDS ***
Dealt to Mahu2021 [5d As]
Danitureza: folds 
qj444: raises $0.10 to $0.20
Mahu2021: folds 
eriktnt: folds 
vicegoodman: folds 
alanindublin: folds 
Uncalled bet ($0.10) returned to qj444
qj444 collected $0.25 from pot
qj444: doesn't show hand 
*** SUMMARY ***
Total pot $0.25 | Rake $0 
Seat 1: eriktnt (button) folded before Flop (didn't bet)
Seat 2: vicegoodman (small blind) folded before Flop
Seat 3: alanindublin (big blind) folded before Flop
Seat 4: Danitureza folded before Flop (didn't bet)
Seat 5: qj444 collected ($0.25)
Seat 6: Mahu2021 folded before Flop (didn't bet)



PokerStars Zoom Hand #255266369756:  Hold'em No Limit ($0.05/$0.10) - 2025/03/13 11:35:02 CET [2025/03/13 6:35:02 ET]
Table 'Aludra' 6-max Seat #1 is the button
Seat 1: eriktnt ($11.93 in chips) 
Seat 2: Mahu2021 ($9.90 in chips) 
Seat 3: Innerwuss ($10.73 in chips) 
Seat 4: darka666 ($24.14 in chips) 
Seat 5: Danitureza ($15.21 in chips) 
Seat 6: PandaPower12 ($20.13 in chips) 
Mahu2021: posts small blind $0.05
Innerwuss: posts big blind $0.10
*** HOLE CARDS ***
Dealt to Mahu2021 [9d 6c]
darka666: calls $0.10
Danitureza: folds 
PandaPower12: folds 
eriktnt: folds 
Mahu2021: folds 
Innerwuss: checks 
*** FLOP *** [9s As Ad]
Innerwuss: checks 
darka666: checks 
*** TURN *** [9s As Ad] [2d]
Innerwuss: checks 
darka666: checks 
*** RIVER *** [9s As Ad 2d] [3h]
Innerwuss: checks 
darka666: checks 
*** SHOW DOWN ***
Innerwuss: shows [2c Jh] (two pair, Aces and Deuces)
darka666: mucks hand 
Innerwuss collected $0.24 from pot
*** SUMMARY ***
Total pot $0.25 | Rake $0.01 
Board [9s As Ad 2d 3h]
Seat 1: eriktnt (button) folded before Flop (didn't bet)
Seat 2: Mahu2021 (small blind) folded before Flop
Seat 3: Innerwuss (big blind) showed [2c Jh] and won ($0.24) with two pair, Aces and Deuces
Seat 4: darka666 mucked [7d 8h]
Seat 5: Danitureza folded before Flop (didn't bet)
Seat 6: PandaPower12 folded before Flop (didn't bet)



PokerStars Zoom Hand #255266371578:  Hold'em No Limit ($0.05/$0.10) - 2025/03/13 11:35:18 CET [2025/03/13 6:35:18 ET]
Table 'Aludra' 6-max Seat #1 is the button
Seat 1: szabarna ($10.50 in chips) 
Seat 2: JDOldham503 ($18.93 in chips) 
Seat 3: Mahu2021 ($9.85 in chips) 
Seat 4: aggovic ($21.08 in chips) 
Seat 5: Anbru666 ($8.90 in chips) 
Seat 6: Ph4nToM89 ($10.25 in chips) 
JDOldham503: posts small blind $0.05
Mahu2021: posts big blind $0.10
*** HOLE CARDS ***
Dealt to Mahu2021 [5h Qc]
aggovic: folds 
Anbru666: folds 
Ph4nToM89: folds 
szabarna: folds 
JDOldham503: folds 
Uncalled bet ($0.05) returned to Mahu2021
Mahu2021 collected $0.10 from pot
Mahu2021: doesn't show hand 
*** SUMMARY ***
Total pot $0.10 | Rake $0 
Seat 1: szabarna (button) folded before Flop (didn't bet)
Seat 2: JDOldham503 (small blind) folded before Flop
Seat 3: Mahu2021 (big blind) collected ($0.10)
Seat 4: aggovic folded before Flop (didn't bet)
Seat 5: Anbru666 folded before Flop (didn't bet)
Seat 6: Ph4nToM89 folded before Flop (didn't bet)



PokerStars Zoom Hand #255266373390:  Hold'em No Limit ($0.05/$0.10) - 2025/03/13 11:35:35 CET [2025/03/13 6:35:35 ET]
Table 'Aludra' 6-max Seat #1 is the button
Seat 1: Perstenev ($3.57 in chips) 
Seat 2: Ph4nToM89 ($11.40 in chips) 
Seat 3: aggovic ($12.24 in chips) 
Seat 4: Mahu2021 ($9.90 in chips) 
Seat 5: JDOldham503 ($11.30 in chips) 
Seat 6: Innerwuss ($10.87 in chips) 
Ph4nToM89: posts small blind $0.05
aggovic: posts big blind $0.10
*** HOLE CARDS ***
Dealt to Mahu2021 [Tc Qc]
Mahu2021: raises $0.14 to $0.24
JDOldham503: folds 
Innerwuss: folds 
Perstenev: folds 
Ph4nToM89: folds 
aggovic: folds 
Uncalled bet ($0.14) returned to Mahu2021
Mahu2021 collected $0.25 from pot
Mahu2021: doesn't show hand 
*** SUMMARY ***
Total pot $0.25 | Rake $0 
Seat 1: Perstenev (button) folded before Flop (didn't bet)
Seat 2: Ph4nToM89 (small blind) folded before Flop
Seat 3: aggovic (big blind) folded before Flop
Seat 4: Mahu2021 collected ($0.25)
Seat 5: JDOldham503 folded before Flop (didn't bet)
Seat 6: Innerwuss folded before Flop (didn't bet)



PokerStars Zoom Hand #255266375140:  Hold'em No Limit ($0.05/$0.10) - 2025/03/13 11:35:50 CET [2025/03/13 6:35:50 ET]
Table 'Aludra' 6-max Seat #1 is the button
Seat 1: Lenusia392 ($7.40 in chips) 
Seat 2: Mahu2021 ($10.05 in chips) 
Seat 3: JDOldham503 ($11.30 in chips) 
Seat 4: Love Beckham ($10.53 in chips) 
Seat 5: geokomkjdoc ($2.43 in chips) 
Seat 6: $isko917 ($12.12 in chips) 
Mahu2021: posts small blind $0.05
JDOldham503: posts big blind $0.10
*** HOLE CARDS ***
Dealt to Mahu2021 [Qh Tc]
Love Beckham: raises $0.15 to $0.25
geokomkjdoc: folds 
$isko917: folds 
Lenusia392: calls $0.25
Mahu2021: calls $0.20
JDOldham503: calls $0.15
*** FLOP *** [7s Jh 9s]
Mahu2021: bets $0.30
JDOldham503: folds 
Love Beckham: folds 
Lenusia392: folds 
Uncalled bet ($0.30) returned to Mahu2021
Mahu2021 collected $0.96 from pot
Mahu2021: doesn't show hand 
*** SUMMARY ***
Total pot $1 | Rake $0.04 
Board [7s Jh 9s]
Seat 1: Lenusia392 (button) folded on the Flop
Seat 2: Mahu2021 (small blind) collected ($0.96)
Seat 3: JDOldham503 (big blind) folded on the Flop
Seat 4: Love Beckham folded on the Flop
Seat 5: geokomkjdoc folded before Flop (didn't bet)
Seat 6: $isko917 folded before Flop (didn't bet)



