PokerStars Zoom Hand #255094552328:  Hold'em No Limit ($0.05/$0.10) - 2025/03/01 22:22:46 CET [2025/03/01 16:22:46 ET]
Table 'Aludra' 6-max Seat #1 is the button
Seat 1: Fantasticist ($10.67 in chips) 
Seat 2: aveitsch ($24.79 in chips) 
Seat 3: Mahu2021 ($10 in chips) 
Seat 4: emo114 ($13.95 in chips) 
Seat 5: jayhackx ($10.06 in chips) 
Seat 6: dh7889 ($10.01 in chips) 
aveitsch: posts small blind $0.05
Mahu2021: posts big blind $0.10
*** HOLE CARDS ***
Dealt to Mahu2021 [7c 3h]
emo114: folds 
jayhackx: raises $0.10 to $0.20
dh7889: folds 
Fantasticist: folds 
aveitsch: folds 
Mahu2021: folds 
Uncalled bet ($0.10) returned to jayhackx
jayhackx collected $0.25 from pot
jayhackx: doesn't show hand 
*** SUMMARY ***
Total pot $0.25 | Rake $0 
Seat 1: Fantasticist (button) folded before Flop (didn't bet)
Seat 2: aveitsch (small blind) folded before Flop
Seat 3: Mahu2021 (big blind) folded before Flop
Seat 4: emo114 folded before Flop (didn't bet)
Seat 5: jayhackx collected ($0.25)
Seat 6: dh7889 folded before Flop (didn't bet)



PokerStars Zoom Hand #255094556056:  Hold'em No Limit ($0.05/$0.10) - 2025/03/01 22:22:59 CET [2025/03/01 16:22:59 ET]
Table 'Aludra' 6-max Seat #1 is the button
Seat 1: M4tt_NMVP ($10 in chips) 
Seat 2: Mahu2021 ($9.90 in chips) 
Seat 3: overmind27 ($12.24 in chips) 
Seat 4: TilTheEnd982 ($10 in chips) 
Seat 5: pokeripuikko ($19.24 in chips) 
Seat 6: MoonshineElf ($11.85 in chips) 
Mahu2021: posts small blind $0.05
overmind27: posts big blind $0.10
*** HOLE CARDS ***
Dealt to Mahu2021 [Td 5h]
TilTheEnd982: raises $0.12 to $0.22
pokeripuikko: folds 
MoonshineElf: folds 
M4tt_NMVP: folds 
Mahu2021: folds 
overmind27: folds 
Uncalled bet ($0.12) returned to TilTheEnd982
TilTheEnd982 collected $0.25 from pot
TilTheEnd982: doesn't show hand 
*** SUMMARY ***
Total pot $0.25 | Rake $0 
Seat 1: M4tt_NMVP (button) folded before Flop (didn't bet)
Seat 2: Mahu2021 (small blind) folded before Flop
Seat 3: overmind27 (big blind) folded before Flop
Seat 4: TilTheEnd982 collected ($0.25)
Seat 5: pokeripuikko folded before Flop (didn't bet)
Seat 6: MoonshineElf folded before Flop (didn't bet)



PokerStars Zoom Hand #255094557050:  Hold'em No Limit ($0.05/$0.10) - 2025/03/01 22:23:03 CET [2025/03/01 16:23:03 ET]
Table 'Aludra' 6-max Seat #1 is the button
Seat 1: Mahu2021 ($9.85 in chips) 
Seat 2: JonKing75 ($12.54 in chips) 
Seat 3: emo114 ($12.28 in chips) 
Seat 4: HakuBD ($29.05 in chips) 
Seat 5: Empahehe ($8.71 in chips) 
Seat 6: enry7.ice ($10 in chips) 
JonKing75: posts small blind $0.05
emo114: posts big blind $0.10
*** HOLE CARDS ***
Dealt to Mahu2021 [4s 6h]
HakuBD: raises $0.15 to $0.25
Empahehe: folds 
enry7.ice: folds 
Mahu2021: folds 
JonKing75: raises $0.95 to $1.20
emo114: folds 
HakuBD: calls $0.95
*** FLOP *** [Th 4d Qd]
JonKing75: bets $0.79
HakuBD: calls $0.79
*** TURN *** [Th 4d Qd] [6c]
JonKing75: bets $2.93
HakuBD: folds 
Uncalled bet ($2.93) returned to JonKing75
JonKing75 collected $3.90 from pot
JonKing75: doesn't show hand 
*** SUMMARY ***
Total pot $4.08 | Rake $0.18 
Board [Th 4d Qd 6c]
Seat 1: Mahu2021 (button) folded before Flop (didn't bet)
Seat 2: JonKing75 (small blind) collected ($3.90)
Seat 3: emo114 (big blind) folded before Flop
Seat 4: HakuBD folded on the Turn
Seat 5: Empahehe folded before Flop (didn't bet)
Seat 6: enry7.ice folded before Flop (didn't bet)



PokerStars Zoom Hand #255094557905:  Hold'em No Limit ($0.05/$0.10) - 2025/03/01 22:23:06 CET [2025/03/01 16:23:06 ET]
Table 'Aludra' 6-max Seat #1 is the button
Seat 1: yellda ($18.76 in chips) 
Seat 2: Jajje7 ($10.98 in chips) 
Seat 3: Last70 ($21.65 in chips) 
Seat 4: dh7889 ($10.06 in chips) 
Seat 5: Dimon_55_77 ($10.30 in chips) 
Seat 6: Mahu2021 ($9.85 in chips) 
Jajje7: posts small blind $0.05
Last70: posts big blind $0.10
*** HOLE CARDS ***
Dealt to Mahu2021 [As Jc]
dh7889: folds 
Dimon_55_77: folds 
Mahu2021: raises $0.14 to $0.24
yellda: raises $0.51 to $0.75
Jajje7: folds 
Last70: folds 
Mahu2021: calls $0.51
*** FLOP *** [2c Th Td]
Mahu2021: checks 
yellda: bets $0.79
Mahu2021: folds 
Uncalled bet ($0.79) returned to yellda
yellda collected $1.58 from pot
yellda: doesn't show hand 
*** SUMMARY ***
Total pot $1.65 | Rake $0.07 
Board [2c Th Td]
Seat 1: yellda (button) collected ($1.58)
Seat 2: Jajje7 (small blind) folded before Flop
Seat 3: Last70 (big blind) folded before Flop
Seat 4: dh7889 folded before Flop (didn't bet)
Seat 5: Dimon_55_77 folded before Flop (didn't bet)
Seat 6: Mahu2021 folded on the Flop



PokerStars Zoom Hand #255094571009:  Hold'em No Limit ($0.05/$0.10) - 2025/03/01 22:23:50 CET [2025/03/01 16:23:50 ET]
Table 'Aludra' 6-max Seat #1 is the button
Seat 1: goettems1992 ($33.97 in chips) 
Seat 2: pokeripuikko ($18.90 in chips) 
Seat 3: Fpithers ($21.12 in chips) 
Seat 4: overmind27 ($11.89 in chips) 
Seat 5: Mahu2021 ($9.10 in chips) 
Seat 6: KidMamba ($74.91 in chips) 
pokeripuikko: posts small blind $0.05
Fpithers: posts big blind $0.10
*** HOLE CARDS ***
Dealt to Mahu2021 [Jh 6s]
overmind27: raises $0.20 to $0.30
Mahu2021: folds 
KidMamba: folds 
goettems1992: folds 
pokeripuikko: folds 
Fpithers: raises $0.90 to $1.20
overmind27: folds 
Uncalled bet ($0.90) returned to Fpithers
Fpithers collected $0.65 from pot
Fpithers: doesn't show hand 
*** SUMMARY ***
Total pot $0.65 | Rake $0 
Seat 1: goettems1992 (button) folded before Flop (didn't bet)
Seat 2: pokeripuikko (small blind) folded before Flop
Seat 3: Fpithers (big blind) collected ($0.65)
Seat 4: overmind27 folded before Flop
Seat 5: Mahu2021 folded before Flop (didn't bet)
Seat 6: KidMamba folded before Flop (didn't bet)



PokerStars Zoom Hand #255094572589:  Hold'em No Limit ($0.05/$0.10) - 2025/03/01 22:23:56 CET [2025/03/01 16:23:56 ET]
Table 'Aludra' 6-max Seat #1 is the button
Seat 1: jayhackx ($11.45 in chips) 
Seat 2: darchas ($10.05 in chips) 
Seat 3: danny2798 ($10.19 in chips) 
Seat 4: Mahu2021 ($9.10 in chips) 
Seat 5: sonyks2007 ($9.72 in chips) 
Seat 6: dh7889 ($10 in chips) 
darchas: posts small blind $0.05
danny2798: posts big blind $0.10
*** HOLE CARDS ***
Dealt to Mahu2021 [Qh 3d]
Mahu2021: folds 
sonyks2007: raises $0.20 to $0.30
dh7889: folds 
jayhackx: folds 
darchas: folds 
danny2798: folds 
Uncalled bet ($0.20) returned to sonyks2007
sonyks2007 collected $0.25 from pot
sonyks2007: doesn't show hand 
*** SUMMARY ***
Total pot $0.25 | Rake $0 
Seat 1: jayhackx (button) folded before Flop (didn't bet)
Seat 2: darchas (small blind) folded before Flop
Seat 3: danny2798 (big blind) folded before Flop
Seat 4: Mahu2021 folded before Flop (didn't bet)
Seat 5: sonyks2007 collected ($0.25)
Seat 6: dh7889 folded before Flop (didn't bet)



PokerStars Zoom Hand #255094573662:  Hold'em No Limit ($0.05/$0.10) - 2025/03/01 22:23:59 CET [2025/03/01 16:23:59 ET]
Table 'Aludra' 6-max Seat #1 is the button
Seat 1: iThreeBarrel ($4.06 in chips) 
Seat 2: TilTheEnd982 ($10.05 in chips) 
Seat 3: Mahu2021 ($9.10 in chips) 
Seat 4: Fpithers ($32.06 in chips) 
Seat 5: dh7889 ($13 in chips) 
Seat 6: ProjectPokerPro ($10.69 in chips) 
TilTheEnd982: posts small blind $0.05
Mahu2021: posts big blind $0.10
*** HOLE CARDS ***
Dealt to Mahu2021 [Jd Kc]
Fpithers: raises $0.15 to $0.25
dh7889: folds 
ProjectPokerPro: folds 
iThreeBarrel: raises $3.81 to $4.06 and is all-in
TilTheEnd982: folds 
Mahu2021: folds 
Fpithers: calls $3.81
*** FLOP *** [6d Qc 4d]
*** TURN *** [6d Qc 4d] [Qh]
*** RIVER *** [6d Qc 4d Qh] [9h]
*** SHOW DOWN ***
Fpithers: shows [As Kh] (a pair of Queens)
iThreeBarrel: shows [Qs Kd] (three of a kind, Queens)
iThreeBarrel collected $7.90 from pot
*** SUMMARY ***
Total pot $8.27 | Rake $0.37 
Board [6d Qc 4d Qh 9h]
Seat 1: iThreeBarrel (button) showed [Qs Kd] and won ($7.90) with three of a kind, Queens
Seat 2: TilTheEnd982 (small blind) folded before Flop
Seat 3: Mahu2021 (big blind) folded before Flop
Seat 4: Fpithers showed [As Kh] and lost with a pair of Queens
Seat 5: dh7889 folded before Flop (didn't bet)
Seat 6: ProjectPokerPro folded before Flop (didn't bet)



PokerStars Zoom Hand #255094577008:  Hold'em No Limit ($0.05/$0.10) - 2025/03/01 22:24:11 CET [2025/03/01 16:24:11 ET]
Table 'Aludra' 6-max Seat #1 is the button
Seat 1: SkyBoy23 ($11.55 in chips) 
Seat 2: Mahu2021 ($9 in chips) 
Seat 3: TFIF ($10.36 in chips) 
Seat 4: xx3eleniyxx ($4.89 in chips) 
Seat 5: Ritter00 ($15.26 in chips) 
Seat 6: Zutuzutu_90 ($12.61 in chips) 
Mahu2021: posts small blind $0.05
TFIF: posts big blind $0.10
*** HOLE CARDS ***
Dealt to Mahu2021 [6s 6h]
xx3eleniyxx: folds 
Ritter00: raises $0.12 to $0.22
Zutuzutu_90: folds 
SkyBoy23: calls $0.22
Mahu2021: calls $0.17
TFIF: folds 
*** FLOP *** [Td Th Ts]
Mahu2021: bets $0.73
Ritter00: raises $1.46 to $2.19
SkyBoy23: folds 
Mahu2021: calls $1.46
*** TURN *** [Td Th Ts] [Qs]
Mahu2021: checks 
Ritter00: bets $3.27
Mahu2021: folds 
Uncalled bet ($3.27) returned to Ritter00
Ritter00 collected $4.91 from pot
Ritter00: doesn't show hand 
*** SUMMARY ***
Total pot $5.14 | Rake $0.23 
Board [Td Th Ts Qs]
Seat 1: SkyBoy23 (button) folded on the Flop
Seat 2: Mahu2021 (small blind) folded on the Turn
Seat 3: TFIF (big blind) folded before Flop
Seat 4: xx3eleniyxx folded before Flop (didn't bet)
Seat 5: Ritter00 collected ($4.91)
Seat 6: Zutuzutu_90 folded before Flop (didn't bet)



PokerStars Zoom Hand #255094589552:  Hold'em No Limit ($0.05/$0.10) - 2025/03/01 22:24:54 CET [2025/03/01 16:24:54 ET]
Table 'Aludra' 6-max Seat #1 is the button
Seat 1: Mahu2021 ($6.59 in chips) 
Seat 2: iThreeBarrel ($7.95 in chips) 
Seat 3: danny2798 ($19.24 in chips) 
Seat 4: crytexs123 ($13.75 in chips) 
Seat 5: Dimon_55_77 ($10.25 in chips) 
Seat 6: Windows 21xp ($10.30 in chips) 
iThreeBarrel: posts small blind $0.05
danny2798: posts big blind $0.10
*** HOLE CARDS ***
Dealt to Mahu2021 [3s 5d]
crytexs123: folds 
Dimon_55_77: raises $0.15 to $0.25
Windows 21xp: folds 
Mahu2021: folds 
iThreeBarrel: folds 
danny2798: folds 
Uncalled bet ($0.15) returned to Dimon_55_77
Dimon_55_77 collected $0.25 from pot
Dimon_55_77: doesn't show hand 
*** SUMMARY ***
Total pot $0.25 | Rake $0 
Seat 1: Mahu2021 (button) folded before Flop (didn't bet)
Seat 2: iThreeBarrel (small blind) folded before Flop
Seat 3: danny2798 (big blind) folded before Flop
Seat 4: crytexs123 folded before Flop (didn't bet)
Seat 5: Dimon_55_77 collected ($0.25)
Seat 6: Windows 21xp folded before Flop (didn't bet)



PokerStars Zoom Hand #255094591281:  Hold'em No Limit ($0.05/$0.10) - 2025/03/01 22:25:00 CET [2025/03/01 16:25:00 ET]
Table 'Aludra' 6-max Seat #1 is the button
Seat 1: pokeripuikko ($18.01 in chips) 
Seat 2: Beardown72 ($5.60 in chips) 
Seat 3: JonKing75 ($56.73 in chips) 
Seat 4: emo114 ($14.27 in chips) 
Seat 5: Mahu2021 ($6.59 in chips) 
Seat 6: Al Fr€d 69 ($17.69 in chips) 
Beardown72: posts small blind $0.05
JonKing75: posts big blind $0.10
*** HOLE CARDS ***
Dealt to Mahu2021 [Td 9c]
emo114: folds 
Mahu2021: folds 
Al Fr€d 69: folds 
pokeripuikko: folds 
Beardown72: folds 
Uncalled bet ($0.05) returned to JonKing75
JonKing75 collected $0.10 from pot
JonKing75: doesn't show hand 
*** SUMMARY ***
Total pot $0.10 | Rake $0 
Seat 1: pokeripuikko (button) folded before Flop (didn't bet)
Seat 2: Beardown72 (small blind) folded before Flop
Seat 3: JonKing75 (big blind) collected ($0.10)
Seat 4: emo114 folded before Flop (didn't bet)
Seat 5: Mahu2021 folded before Flop (didn't bet)
Seat 6: Al Fr€d 69 folded before Flop (didn't bet)



PokerStars Zoom Hand #255094588035:  Hold'em No Limit ($0.05/$0.10) - 2025/03/01 22:24:49 CET [2025/03/01 16:24:49 ET]
Table 'Aludra' 6-max Seat #1 is the button
Seat 1: pohja ($5.20 in chips) 
Seat 2: Anesme1 ($9.74 in chips) 
Seat 3: M4tt_NMVP ($9.95 in chips) 
Seat 4: Paha leshi ($4.88 in chips) 
Seat 5: cobritaxs ($10.55 in chips) 
Seat 6: Mahu2021 ($6.59 in chips) 
Anesme1: posts small blind $0.05
M4tt_NMVP: posts big blind $0.10
*** HOLE CARDS ***
Dealt to Mahu2021 [3c 8d]
Paha leshi: folds 
cobritaxs: raises $0.20 to $0.30
Mahu2021: folds 
pohja: folds 
Anesme1: calls $0.25
M4tt_NMVP: calls $0.20
*** FLOP *** [Ad 7d 5c]
Anesme1: checks 
M4tt_NMVP: checks 
cobritaxs: checks 
*** TURN *** [Ad 7d 5c] [8h]
Anesme1: bets $0.43
M4tt_NMVP: folds 
cobritaxs: folds 
Uncalled bet ($0.43) returned to Anesme1
Anesme1 collected $0.86 from pot
Anesme1: doesn't show hand 
*** SUMMARY ***
Total pot $0.90 | Rake $0.04 
Board [Ad 7d 5c 8h]
Seat 1: pohja (button) folded before Flop (didn't bet)
Seat 2: Anesme1 (small blind) collected ($0.86)
Seat 3: M4tt_NMVP (big blind) folded on the Turn
Seat 4: Paha leshi folded before Flop (didn't bet)
Seat 5: cobritaxs folded on the Turn
Seat 6: Mahu2021 folded before Flop (didn't bet)



PokerStars Zoom Hand #255094592350:  Hold'em No Limit ($0.05/$0.10) - 2025/03/01 22:25:03 CET [2025/03/01 16:25:03 ET]
Table 'Aludra' 6-max Seat #1 is the button
Seat 1: Mahu2021 ($6.59 in chips) 
Seat 2: serotonine91 ($20.03 in chips) 
Seat 3: EYE BALL 313 ($6.95 in chips) 
Seat 4: km1883 ($12.13 in chips) 
Seat 5: pokersenis ($10 in chips) 
Seat 6: Ritter00 ($17.71 in chips) 
serotonine91: posts small blind $0.05
EYE BALL 313: posts big blind $0.10
*** HOLE CARDS ***
Dealt to Mahu2021 [Qc Jd]
km1883: folds 
pokersenis: folds 
Ritter00: raises $0.15 to $0.25
Mahu2021: calls $0.25
serotonine91: folds 
EYE BALL 313: folds 
*** FLOP *** [Th Qh 9c]
Ritter00: checks 
Mahu2021: checks 
*** TURN *** [Th Qh 9c] [Ah]
Ritter00: checks 
Mahu2021: checks 
*** RIVER *** [Th Qh 9c Ah] [3h]
Ritter00: checks 
Mahu2021: bets $0.62
Ritter00: folds 
Uncalled bet ($0.62) returned to Mahu2021
Mahu2021 collected $0.62 from pot
Mahu2021: doesn't show hand 
*** SUMMARY ***
Total pot $0.65 | Rake $0.03 
Board [Th Qh 9c Ah 3h]
Seat 1: Mahu2021 (button) collected ($0.62)
Seat 2: serotonine91 (small blind) folded before Flop
Seat 3: EYE BALL 313 (big blind) folded before Flop
Seat 4: km1883 folded before Flop (didn't bet)
Seat 5: pokersenis folded before Flop (didn't bet)
Seat 6: Ritter00 folded on the River



PokerStars Zoom Hand #255094602096:  Hold'em No Limit ($0.05/$0.10) - 2025/03/01 22:25:37 CET [2025/03/01 16:25:37 ET]
Table 'Aludra' 6-max Seat #1 is the button
Seat 1: YerbaKlos ($19.11 in chips) 
Seat 2: Jajje7 ($11.99 in chips) 
Seat 3: Mahu2021 ($6.96 in chips) 
Seat 4: overmind27 ($10 in chips) 
Seat 5: SkyBoy23 ($19.06 in chips) 
Seat 6: I'm _The _Groke ($21.49 in chips) 
Jajje7: posts small blind $0.05
Mahu2021: posts big blind $0.10
*** HOLE CARDS ***
Dealt to Mahu2021 [9h Jd]
overmind27: folds 
SkyBoy23: folds 
I'm _The _Groke: folds 
YerbaKlos: folds 
Jajje7: raises $0.20 to $0.30
Mahu2021: calls $0.20
*** FLOP *** [8d 2d 9d]
Jajje7: checks 
Mahu2021: bets $0.57
Jajje7: folds 
Uncalled bet ($0.57) returned to Mahu2021
Mahu2021 collected $0.57 from pot
Mahu2021: doesn't show hand 
*** SUMMARY ***
Total pot $0.60 | Rake $0.03 
Board [8d 2d 9d]
Seat 1: YerbaKlos (button) folded before Flop (didn't bet)
Seat 2: Jajje7 (small blind) folded on the Flop
Seat 3: Mahu2021 (big blind) collected ($0.57)
Seat 4: overmind27 folded before Flop (didn't bet)
Seat 5: SkyBoy23 folded before Flop (didn't bet)
Seat 6: I'm _The _Groke folded before Flop (didn't bet)



PokerStars Zoom Hand #255094600918:  Hold'em No Limit ($0.05/$0.10) - 2025/03/01 22:25:33 CET [2025/03/01 16:25:33 ET]
Table 'Aludra' 6-max Seat #1 is the button
Seat 1: danny2798 ($10.17 in chips) 
Seat 2: Lilianka99 ($10 in chips) 
Seat 3: Anesme1 ($10.30 in chips) 
Seat 4: acd_045 ($10.56 in chips) 
Seat 5: JSVJP ($6.30 in chips) 
Seat 6: Mahu2021 ($6.96 in chips) 
Lilianka99: posts small blind $0.05
Anesme1: posts big blind $0.10
*** HOLE CARDS ***
Dealt to Mahu2021 [4c 7d]
acd_045: folds 
JSVJP: raises $0.10 to $0.20
Mahu2021: folds 
danny2798: folds 
Lilianka99: calls $0.15
Anesme1: folds 
*** FLOP *** [Qd 5s 9d]
Lilianka99: checks 
JSVJP: bets $0.48
Lilianka99: folds 
Uncalled bet ($0.48) returned to JSVJP
JSVJP collected $0.48 from pot
JSVJP: doesn't show hand 
*** SUMMARY ***
Total pot $0.50 | Rake $0.02 
Board [Qd 5s 9d]
Seat 1: danny2798 (button) folded before Flop (didn't bet)
Seat 2: Lilianka99 (small blind) folded on the Flop
Seat 3: Anesme1 (big blind) folded before Flop
Seat 4: acd_045 folded before Flop (didn't bet)
Seat 5: JSVJP collected ($0.48)
Seat 6: Mahu2021 folded before Flop (didn't bet)



PokerStars Zoom Hand #255094611439:  Hold'em No Limit ($0.05/$0.10) - 2025/03/01 22:26:09 CET [2025/03/01 16:26:09 ET]
Table 'Aludra' 6-max Seat #1 is the button
Seat 1: Jajje7 ($11.69 in chips) 
Seat 2: Zutuzutu_90 ($12.96 in chips) 
Seat 3: wilson91169 ($25.46 in chips) 
Seat 4: JonKing75 ($43.33 in chips) 
Seat 5: Mahu2021 ($7.18 in chips) 
Seat 6: rnegraomf ($12.80 in chips) 
Zutuzutu_90: posts small blind $0.05
wilson91169: posts big blind $0.10
*** HOLE CARDS ***
Dealt to Mahu2021 [2s Ks]
JonKing75: folds 
Mahu2021: folds 
rnegraomf: folds 
Jajje7: raises $0.10 to $0.20
Zutuzutu_90: folds 
wilson91169: calls $0.10
*** FLOP *** [2c Ts Ah]
wilson91169: checks 
Jajje7: bets $0.14
wilson91169: folds 
Uncalled bet ($0.14) returned to Jajje7
Jajje7 collected $0.43 from pot
Jajje7: doesn't show hand 
*** SUMMARY ***
Total pot $0.45 | Rake $0.02 
Board [2c Ts Ah]
Seat 1: Jajje7 (button) collected ($0.43)
Seat 2: Zutuzutu_90 (small blind) folded before Flop
Seat 3: wilson91169 (big blind) folded on the Flop
Seat 4: JonKing75 folded before Flop (didn't bet)
Seat 5: Mahu2021 folded before Flop (didn't bet)
Seat 6: rnegraomf folded before Flop (didn't bet)



PokerStars Zoom Hand #255094610274:  Hold'em No Limit ($0.05/$0.10) - 2025/03/01 22:26:05 CET [2025/03/01 16:26:05 ET]
Table 'Aludra' 6-max Seat #1 is the button
Seat 1: pohja ($4.59 in chips) 
Seat 2: Mahu2021 ($7.23 in chips) 
Seat 3: JD 2266 E ($27.34 in chips) 
Seat 4: heebo234 ($11.10 in chips) 
Seat 5: Windows 21xp ($10.26 in chips) 
Seat 6: Looseandfun ($2.52 in chips) 
Mahu2021: posts small blind $0.05
JD 2266 E: posts big blind $0.10
*** HOLE CARDS ***
Dealt to Mahu2021 [Kd 5h]
heebo234: folds 
Windows 21xp: folds 
Looseandfun: calls $0.10
pohja: folds 
Mahu2021: folds 
JD 2266 E: checks 
*** FLOP *** [Ad Kc 9h]
JD 2266 E: bets $0.13
Looseandfun: calls $0.13
*** TURN *** [Ad Kc 9h] [5d]
JD 2266 E: bets $0.27
Looseandfun: calls $0.27
*** RIVER *** [Ad Kc 9h 5d] [Jh]
JD 2266 E: bets $0.77
Looseandfun: raises $0.77 to $1.54
JD 2266 E: folds 
Uncalled bet ($0.77) returned to Looseandfun
Looseandfun collected $2.47 from pot
Looseandfun: doesn't show hand 
*** SUMMARY ***
Total pot $2.59 | Rake $0.12 
Board [Ad Kc 9h 5d Jh]
Seat 1: pohja (button) folded before Flop (didn't bet)
Seat 2: Mahu2021 (small blind) folded before Flop
Seat 3: JD 2266 E (big blind) folded on the River
Seat 4: heebo234 folded before Flop (didn't bet)
Seat 5: Windows 21xp folded before Flop (didn't bet)
Seat 6: Looseandfun collected ($2.47)



PokerStars Zoom Hand #255094612819:  Hold'em No Limit ($0.05/$0.10) - 2025/03/01 22:26:14 CET [2025/03/01 16:26:14 ET]
Table 'Aludra' 6-max Seat #1 is the button
Seat 1: Rezzotto0208 ($9.14 in chips) 
Seat 2: sonyks2007 ($15.72 in chips) 
Seat 3: SAVKA71 ($17.24 in chips) 
Seat 4: Mahu2021 ($7.18 in chips) 
Seat 5: M4tt_NMVP ($10 in chips) 
Seat 6: superMike233 ($21.71 in chips) 
sonyks2007: posts small blind $0.05
SAVKA71: posts big blind $0.10
*** HOLE CARDS ***
Dealt to Mahu2021 [6h Ah]
Mahu2021: raises $0.14 to $0.24
M4tt_NMVP: folds 
superMike233: calls $0.24
Rezzotto0208: calls $0.24
sonyks2007: calls $0.19
SAVKA71: folds 
*** FLOP *** [7h 5c Js]
sonyks2007: checks 
Mahu2021: checks 
superMike233: checks 
Rezzotto0208: bets $0.30
sonyks2007: folds 
Mahu2021: folds 
superMike233: calls $0.30
*** TURN *** [7h 5c Js] [9h]
superMike233: checks 
Rezzotto0208: bets $0.40
superMike233: raises $1.31 to $1.71
Rezzotto0208: calls $1.31
*** RIVER *** [7h 5c Js 9h] [5s]
superMike233: bets $19.46 and is all-in
Rezzotto0208: folds 
Uncalled bet ($19.46) returned to superMike233
superMike233 collected $4.85 from pot
superMike233: doesn't show hand 
*** SUMMARY ***
Total pot $5.08 | Rake $0.23 
Board [7h 5c Js 9h 5s]
Seat 1: Rezzotto0208 (button) folded on the River
Seat 2: sonyks2007 (small blind) folded on the Flop
Seat 3: SAVKA71 (big blind) folded before Flop
Seat 4: Mahu2021 folded on the Flop
Seat 5: M4tt_NMVP folded before Flop (didn't bet)
Seat 6: superMike233 collected ($4.85)



PokerStars Zoom Hand #255094656114:  Hold'em No Limit ($0.05/$0.10) - 2025/03/01 22:28:42 CET [2025/03/01 16:28:42 ET]
Table 'Aludra' 6-max Seat #1 is the button
Seat 1: Dimon_55_77 ($12.13 in chips) 
Seat 2: overmind27 ($15.10 in chips) 
Seat 3: M4tt_NMVP ($10 in chips) 
Seat 4: aveitsch ($24.32 in chips) 
Seat 5: yellda ($17.41 in chips) 
Seat 6: Mahu2021 ($6.94 in chips) 
overmind27: posts small blind $0.05
M4tt_NMVP: posts big blind $0.10
*** HOLE CARDS ***
Dealt to Mahu2021 [7s Ks]
aveitsch: folds 
yellda: folds 
Mahu2021: raises $0.14 to $0.24
Dimon_55_77: folds 
overmind27: folds 
M4tt_NMVP: calls $0.14
*** FLOP *** [Th 9h Jc]
M4tt_NMVP: checks 
Mahu2021: checks 
*** TURN *** [Th 9h Jc] [9d]
M4tt_NMVP: bets $0.38
Mahu2021: calls $0.38
*** RIVER *** [Th 9h Jc 9d] [4s]
M4tt_NMVP: bets $0.92
Mahu2021: folds 
Uncalled bet ($0.92) returned to M4tt_NMVP
M4tt_NMVP collected $1.23 from pot
M4tt_NMVP: doesn't show hand 
*** SUMMARY ***
Total pot $1.29 | Rake $0.06 
Board [Th 9h Jc 9d 4s]
Seat 1: Dimon_55_77 (button) folded before Flop (didn't bet)
Seat 2: overmind27 (small blind) folded before Flop
Seat 3: M4tt_NMVP (big blind) collected ($1.23)
Seat 4: aveitsch folded before Flop (didn't bet)
Seat 5: yellda folded before Flop (didn't bet)
Seat 6: Mahu2021 folded on the River



PokerStars Zoom Hand #255094664745:  Hold'em No Limit ($0.05/$0.10) - 2025/03/01 22:29:12 CET [2025/03/01 16:29:12 ET]
Table 'Aludra' 6-max Seat #1 is the button
Seat 1: cobritaxs ($10.76 in chips) 
Seat 2: Ritter00 ($3.68 in chips) 
Seat 3: Mahu2021 ($6.32 in chips) 
Seat 4: pokersenis ($12.29 in chips) 
Seat 5: Windows 21xp ($11.17 in chips) 
Seat 6: superMike233 ($24.26 in chips) 
Ritter00: posts small blind $0.05
Mahu2021: posts big blind $0.10
*** HOLE CARDS ***
Dealt to Mahu2021 [Qd 6d]
pokersenis: folds 
Windows 21xp: folds 
superMike233: folds 
cobritaxs: raises $0.15 to $0.25
Ritter00: folds 
Mahu2021: calls $0.15
*** FLOP *** [Jc 9h 3d]
Mahu2021: checks 
cobritaxs: bets $0.17
Mahu2021: folds 
Uncalled bet ($0.17) returned to cobritaxs
cobritaxs collected $0.53 from pot
cobritaxs: doesn't show hand 
*** SUMMARY ***
Total pot $0.55 | Rake $0.02 
Board [Jc 9h 3d]
Seat 1: cobritaxs (button) collected ($0.53)
Seat 2: Ritter00 (small blind) folded before Flop
Seat 3: Mahu2021 (big blind) folded on the Flop
Seat 4: pokersenis folded before Flop (didn't bet)
Seat 5: Windows 21xp folded before Flop (didn't bet)
Seat 6: superMike233 folded before Flop (didn't bet)



PokerStars Zoom Hand #255094673341:  Hold'em No Limit ($0.05/$0.10) - 2025/03/01 22:29:42 CET [2025/03/01 16:29:42 ET]
Table 'Aludra' 6-max Seat #1 is the button
Seat 1: Mahu2021 ($6.02 in chips) 
Seat 2: crytexs123 ($29.30 in chips) 
Seat 3: cobritaxs ($13.44 in chips) 
Seat 4: DonKamikaze1984 ($10.81 in chips) 
Seat 5: MajoNATOR88 ($10.08 in chips) 
Seat 6: yellda ($23.74 in chips) 
crytexs123: posts small blind $0.05
cobritaxs: posts big blind $0.10
*** HOLE CARDS ***
Dealt to Mahu2021 [2s 5c]
DonKamikaze1984: folds 
MajoNATOR88: folds 
yellda: folds 
Mahu2021: folds 
crytexs123: raises $0.20 to $0.30
cobritaxs: folds 
Uncalled bet ($0.20) returned to crytexs123
crytexs123 collected $0.20 from pot
crytexs123: doesn't show hand 
*** SUMMARY ***
Total pot $0.20 | Rake $0 
Seat 1: Mahu2021 (button) folded before Flop (didn't bet)
Seat 2: crytexs123 (small blind) collected ($0.20)
Seat 3: cobritaxs (big blind) folded before Flop
Seat 4: DonKamikaze1984 folded before Flop (didn't bet)
Seat 5: MajoNATOR88 folded before Flop (didn't bet)
Seat 6: yellda folded before Flop (didn't bet)



PokerStars Zoom Hand #255094674766:  Hold'em No Limit ($0.05/$0.10) - 2025/03/01 22:29:47 CET [2025/03/01 16:29:47 ET]
Table 'Aludra' 6-max Seat #1 is the button
Seat 1: acd_045 ($10.53 in chips) 
Seat 2: HakuBD ($23.84 in chips) 
Seat 3: Anesme1 ($10.32 in chips) 
Seat 4: MajoNATOR88 ($10.08 in chips) 
Seat 5: Mahu2021 ($6.02 in chips) 
Seat 6: M4tt_NMVP ($10.45 in chips) 
HakuBD: posts small blind $0.05
Anesme1: posts big blind $0.10
*** HOLE CARDS ***
Dealt to Mahu2021 [5s 5c]
MajoNATOR88: folds 
Mahu2021: raises $0.14 to $0.24
M4tt_NMVP: folds 
acd_045: folds 
HakuBD: folds 
Anesme1: calls $0.14
*** FLOP *** [Qs 9d Td]
Anesme1: checks 
Mahu2021: bets $0.30
Anesme1: folds 
Uncalled bet ($0.30) returned to Mahu2021
Mahu2021 collected $0.51 from pot
Mahu2021: doesn't show hand 
*** SUMMARY ***
Total pot $0.53 | Rake $0.02 
Board [Qs 9d Td]
Seat 1: acd_045 (button) folded before Flop (didn't bet)
Seat 2: HakuBD (small blind) folded before Flop
Seat 3: Anesme1 (big blind) folded on the Flop
Seat 4: MajoNATOR88 folded before Flop (didn't bet)
Seat 5: Mahu2021 collected ($0.51)
Seat 6: M4tt_NMVP folded before Flop (didn't bet)



PokerStars Zoom Hand #255094679779:  Hold'em No Limit ($0.05/$0.10) - 2025/03/01 22:30:04 CET [2025/03/01 16:30:04 ET]
Table 'Aludra' 6-max Seat #1 is the button
Seat 1: Last70 ($33.35 in chips) 
Seat 2: Zutuzutu_90 ($10.66 in chips) 
Seat 3: SkyBoy23 ($41.11 in chips) 
Seat 4: superMike233 ($24.16 in chips) 
Seat 5: serotonine91 ($12.45 in chips) 
Seat 6: Mahu2021 ($6.29 in chips) 
Zutuzutu_90: posts small blind $0.05
SkyBoy23: posts big blind $0.10
*** HOLE CARDS ***
Dealt to Mahu2021 [Ad 9h]
superMike233: folds 
serotonine91: folds 
Mahu2021: raises $0.14 to $0.24
Last70: folds 
Zutuzutu_90: folds 
SkyBoy23: folds 
Uncalled bet ($0.14) returned to Mahu2021
Mahu2021 collected $0.25 from pot
Mahu2021: doesn't show hand 
*** SUMMARY ***
Total pot $0.25 | Rake $0 
Seat 1: Last70 (button) folded before Flop (didn't bet)
Seat 2: Zutuzutu_90 (small blind) folded before Flop
Seat 3: SkyBoy23 (big blind) folded before Flop
Seat 4: superMike233 folded before Flop (didn't bet)
Seat 5: serotonine91 folded before Flop (didn't bet)
Seat 6: Mahu2021 collected ($0.25)



PokerStars Zoom Hand #255094685769:  Hold'em No Limit ($0.05/$0.10) - 2025/03/01 22:30:25 CET [2025/03/01 16:30:25 ET]
Table 'Aludra' 6-max Seat #1 is the button
Seat 1: pohja ($4.01 in chips) 
Seat 2: serotonine91 ($11.83 in chips) 
Seat 3: Mahu2021 ($6.39 in chips) 
Seat 4: enry7.ice ($10 in chips) 
Seat 5: aveitsch ($10 in chips) 
Seat 6: klevis_legjisi ($4 in chips) 
serotonine91: posts small blind $0.05
Mahu2021: posts big blind $0.10
*** HOLE CARDS ***
Dealt to Mahu2021 [2h 5s]
enry7.ice: folds 
aveitsch: folds 
klevis_legjisi: folds 
pohja: raises $0.20 to $0.30
serotonine91: folds 
Mahu2021: folds 
Uncalled bet ($0.20) returned to pohja
pohja collected $0.25 from pot
pohja: doesn't show hand 
*** SUMMARY ***
Total pot $0.25 | Rake $0 
Seat 1: pohja (button) collected ($0.25)
Seat 2: serotonine91 (small blind) folded before Flop
Seat 3: Mahu2021 (big blind) folded before Flop
Seat 4: enry7.ice folded before Flop (didn't bet)
Seat 5: aveitsch folded before Flop (didn't bet)
Seat 6: klevis_legjisi folded before Flop (didn't bet)



PokerStars Zoom Hand #255094672140:  Hold'em No Limit ($0.05/$0.10) - 2025/03/01 22:29:38 CET [2025/03/01 16:29:38 ET]
Table 'Aludra' 6-max Seat #1 is the button
Seat 1: overmind27 ($11.96 in chips) 
Seat 2: Mahu2021 ($6.07 in chips) 
Seat 3: superMike233 ($24.26 in chips) 
Seat 4: iThreeBarrel ($7.92 in chips) 
Seat 5: Jajje7 ($10.08 in chips) 
Seat 6: rnegraomf ($10 in chips) 
Mahu2021: posts small blind $0.05
superMike233: posts big blind $0.10
*** HOLE CARDS ***
Dealt to Mahu2021 [8c 2c]
iThreeBarrel: raises $0.20 to $0.30
Jajje7: raises $0.60 to $0.90
rnegraomf: folds 
overmind27: folds 
Mahu2021: folds 
superMike233: folds 
iThreeBarrel: calls $0.60
*** FLOP *** [Kc 7s 7h]
iThreeBarrel: checks 
Jajje7: bets $0.61
iThreeBarrel: calls $0.61
*** TURN *** [Kc 7s 7h] [Jc]
iThreeBarrel: bets $6.41 and is all-in
Jajje7: calls $6.41
*** RIVER *** [Kc 7s 7h Jc] [3c]
*** SHOW DOWN ***
iThreeBarrel: shows [Qd Kd] (two pair, Kings and Sevens)
Jajje7: shows [Jh Kh] (two pair, Kings and Jacks)
Jajje7 collected $15.27 from pot
*** SUMMARY ***
Total pot $15.99 | Rake $0.72 
Board [Kc 7s 7h Jc 3c]
Seat 1: overmind27 (button) folded before Flop (didn't bet)
Seat 2: Mahu2021 (small blind) folded before Flop
Seat 3: superMike233 (big blind) folded before Flop
Seat 4: iThreeBarrel showed [Qd Kd] and lost with two pair, Kings and Sevens
Seat 5: Jajje7 showed [Jh Kh] and won ($15.27) with two pair, Kings and Jacks
Seat 6: rnegraomf folded before Flop (didn't bet)



PokerStars Zoom Hand #255094688638:  Hold'em No Limit ($0.05/$0.10) - 2025/03/01 22:30:35 CET [2025/03/01 16:30:35 ET]
Table 'Aludra' 6-max Seat #1 is the button
Seat 1: Mahu2021 ($6.29 in chips) 
Seat 2: jengar07 ($9.12 in chips) 
Seat 3: dh7889 ($10.23 in chips) 
Seat 4: M4tt_NMVP ($9.95 in chips) 
Seat 5: klevis_legjisi ($3.95 in chips) 
Seat 6: aveitsch ($10 in chips) 
jengar07: posts small blind $0.05
dh7889: posts big blind $0.10
*** HOLE CARDS ***
Dealt to Mahu2021 [Qd 7c]
M4tt_NMVP: folds 
klevis_legjisi: folds 
aveitsch: folds 
Mahu2021: folds 
jengar07: folds 
Uncalled bet ($0.05) returned to dh7889
dh7889 collected $0.10 from pot
dh7889: doesn't show hand 
*** SUMMARY ***
Total pot $0.10 | Rake $0 
Seat 1: Mahu2021 (button) folded before Flop (didn't bet)
Seat 2: jengar07 (small blind) folded before Flop
Seat 3: dh7889 (big blind) collected ($0.10)
Seat 4: M4tt_NMVP folded before Flop (didn't bet)
Seat 5: klevis_legjisi folded before Flop (didn't bet)
Seat 6: aveitsch folded before Flop (didn't bet)



PokerStars Zoom Hand #255094684667:  Hold'em No Limit ($0.05/$0.10) - 2025/03/01 22:30:21 CET [2025/03/01 16:30:21 ET]
Table 'Aludra' 6-max Seat #1 is the button
Seat 1: sonyks2007 ($12.02 in chips) 
Seat 2: Mahu2021 ($6.44 in chips) 
Seat 3: TilTheEnd982 ($12.64 in chips) 
Seat 4: SkyBoy23 ($11.41 in chips) 
Seat 5: LucasLpb123 ($13.22 in chips) 
Seat 6: Last70 ($27.09 in chips) 
Mahu2021: posts small blind $0.05
TilTheEnd982: posts big blind $0.10
*** HOLE CARDS ***
Dealt to Mahu2021 [8s 4d]
SkyBoy23: folds 
LucasLpb123: raises $0.12 to $0.22
Last70: folds 
sonyks2007: folds 
Mahu2021: folds 
TilTheEnd982: calls $0.12
*** FLOP *** [Qd 9c Jd]
TilTheEnd982: checks 
LucasLpb123: bets $0.40
TilTheEnd982: calls $0.40
*** TURN *** [Qd 9c Jd] [Ah]
TilTheEnd982: checks 
LucasLpb123: checks 
*** RIVER *** [Qd 9c Jd Ah] [8h]
TilTheEnd982: checks 
LucasLpb123: bets $0.60
TilTheEnd982: calls $0.60
*** SHOW DOWN ***
LucasLpb123: shows [Ts 9s] (a straight, Eight to Queen)
TilTheEnd982: mucks hand 
LucasLpb123 collected $2.38 from pot
*** SUMMARY ***
Total pot $2.49 | Rake $0.11 
Board [Qd 9c Jd Ah 8h]
Seat 1: sonyks2007 (button) folded before Flop (didn't bet)
Seat 2: Mahu2021 (small blind) folded before Flop
Seat 3: TilTheEnd982 (big blind) mucked [Js Ad]
Seat 4: SkyBoy23 folded before Flop (didn't bet)
Seat 5: LucasLpb123 showed [Ts 9s] and won ($2.38) with a straight, Eight to Queen
Seat 6: Last70 folded before Flop (didn't bet)



PokerStars Zoom Hand #255094690004:  Hold'em No Limit ($0.05/$0.10) - 2025/03/01 22:30:40 CET [2025/03/01 16:30:40 ET]
Table 'Aludra' 6-max Seat #1 is the button
Seat 1: alanindublin ($14.52 in chips) 
Seat 2: acd_045 ($23.81 in chips) 
Seat 3: SkyBoy23 ($36.67 in chips) 
Seat 4: darchas ($11.07 in chips) 
Seat 5: Mahu2021 ($6.29 in chips) 
Seat 6: PocketDebs ($10.55 in chips) 
acd_045: posts small blind $0.05
SkyBoy23: posts big blind $0.10
*** HOLE CARDS ***
Dealt to Mahu2021 [9s Th]
darchas: folds 
Mahu2021: folds 
PocketDebs: folds 
alanindublin: raises $0.15 to $0.25
acd_045: raises $0.75 to $1
SkyBoy23: folds 
alanindublin: folds 
Uncalled bet ($0.75) returned to acd_045
acd_045 collected $0.60 from pot
acd_045: doesn't show hand 
*** SUMMARY ***
Total pot $0.60 | Rake $0 
Seat 1: alanindublin (button) folded before Flop
Seat 2: acd_045 (small blind) collected ($0.60)
Seat 3: SkyBoy23 (big blind) folded before Flop
Seat 4: darchas folded before Flop (didn't bet)
Seat 5: Mahu2021 folded before Flop (didn't bet)
Seat 6: PocketDebs folded before Flop (didn't bet)



PokerStars Zoom Hand #255094692147:  Hold'em No Limit ($0.05/$0.10) - 2025/03/01 22:30:47 CET [2025/03/01 16:30:47 ET]
Table 'Aludra' 6-max Seat #1 is the button
Seat 1: SkyBoy23 ($11.46 in chips) 
Seat 2: shortstackpro ($9.80 in chips) 
Seat 3: Mahu2021 ($6.29 in chips) 
Seat 4: hindbeck85 ($4.79 in chips) 
Seat 5: enry7.ice ($10 in chips) 
Seat 6: pokersenis ($12.14 in chips) 
shortstackpro: posts small blind $0.05
Mahu2021: posts big blind $0.10
*** HOLE CARDS ***
Dealt to Mahu2021 [6s 4s]
hindbeck85: folds 
enry7.ice: raises $0.15 to $0.25
pokersenis: raises $0.45 to $0.70
SkyBoy23: folds 
shortstackpro: raises $1.75 to $2.45
Mahu2021: folds 
enry7.ice: folds 
pokersenis: folds 
Uncalled bet ($1.75) returned to shortstackpro
shortstackpro collected $1.75 from pot
shortstackpro: doesn't show hand 
*** SUMMARY ***
Total pot $1.75 | Rake $0 
Seat 1: SkyBoy23 (button) folded before Flop (didn't bet)
Seat 2: shortstackpro (small blind) collected ($1.75)
Seat 3: Mahu2021 (big blind) folded before Flop
Seat 4: hindbeck85 folded before Flop (didn't bet)
Seat 5: enry7.ice folded before Flop
Seat 6: pokersenis folded before Flop



PokerStars Zoom Hand #255094690975:  Hold'em No Limit ($0.05/$0.10) - 2025/03/01 22:30:43 CET [2025/03/01 16:30:43 ET]
Table 'Aludra' 6-max Seat #1 is the button
Seat 1: buluvic ($5.01 in chips) 
Seat 2: vivirdecurda ($4.50 in chips) 
Seat 3: Looseandfun ($2.57 in chips) 
Seat 4: Mahu2021 ($6.29 in chips) 
Seat 5: gpap241182 ($15.20 in chips) 
Seat 6: wilson91169 ($27.21 in chips) 
vivirdecurda: posts small blind $0.05
Looseandfun: posts big blind $0.10
*** HOLE CARDS ***
Dealt to Mahu2021 [9c Ks]
Mahu2021: folds 
gpap241182: folds 
wilson91169: folds 
buluvic: folds 
vivirdecurda: raises $0.20 to $0.30
Looseandfun: calls $0.20
*** FLOP *** [Jc 2h 3s]
vivirdecurda: bets $0.57
Looseandfun: calls $0.57
*** TURN *** [Jc 2h 3s] [7d]
vivirdecurda: checks 
Looseandfun: checks 
*** RIVER *** [Jc 2h 3s 7d] [Kh]
vivirdecurda: checks 
Looseandfun: checks 
*** SHOW DOWN ***
vivirdecurda: shows [9h 9d] (a pair of Nines)
Looseandfun: mucks hand 
vivirdecurda collected $1.66 from pot
*** SUMMARY ***
Total pot $1.74 | Rake $0.08 
Board [Jc 2h 3s 7d Kh]
Seat 1: buluvic (button) folded before Flop (didn't bet)
Seat 2: vivirdecurda (small blind) showed [9h 9d] and won ($1.66) with a pair of Nines
Seat 3: Looseandfun (big blind) mucked [4d As]
Seat 4: Mahu2021 folded before Flop (didn't bet)
Seat 5: gpap241182 folded before Flop (didn't bet)
Seat 6: wilson91169 folded before Flop (didn't bet)



PokerStars Zoom Hand #255094696987:  Hold'em No Limit ($0.05/$0.10) - 2025/03/01 22:31:04 CET [2025/03/01 16:31:04 ET]
Table 'Aludra' 6-max Seat #1 is the button
Seat 1: overmind27 ($11.72 in chips) 
Seat 2: Mahu2021 ($6.19 in chips) 
Seat 3: yellda ($16.81 in chips) 
Seat 4: zamponios ($32.44 in chips) 
Seat 5: Last70 ($27.32 in chips) 
Seat 6: Ritter00 ($3.55 in chips) 
Mahu2021: posts small blind $0.05
yellda: posts big blind $0.10
*** HOLE CARDS ***
Dealt to Mahu2021 [Jd 8c]
zamponios: folds 
Last70: folds 
Ritter00: folds 
overmind27: folds 
Mahu2021: folds 
Uncalled bet ($0.05) returned to yellda
yellda collected $0.10 from pot
yellda: doesn't show hand 
*** SUMMARY ***
Total pot $0.10 | Rake $0 
Seat 1: overmind27 (button) folded before Flop (didn't bet)
Seat 2: Mahu2021 (small blind) folded before Flop
Seat 3: yellda (big blind) collected ($0.10)
Seat 4: zamponios folded before Flop (didn't bet)
Seat 5: Last70 folded before Flop (didn't bet)
Seat 6: Ritter00 folded before Flop (didn't bet)



PokerStars Zoom Hand #255094694745:  Hold'em No Limit ($0.05/$0.10) - 2025/03/01 22:30:56 CET [2025/03/01 16:30:56 ET]
Table 'Aludra' 6-max Seat #1 is the button
Seat 1: BigfootWwa ($11.15 in chips) 
Seat 2: SkyBoy23 ($40.86 in chips) 
Seat 3: Die8 ($11.83 in chips) 
Seat 4: Mahu2021 ($6.19 in chips) 
Seat 5: crytexs123 ($11.32 in chips) 
Seat 6: rnegraomf ($15.76 in chips) 
SkyBoy23: posts small blind $0.05
Die8: posts big blind $0.10
*** HOLE CARDS ***
Dealt to Mahu2021 [8c Jd]
Mahu2021: folds 
crytexs123: folds 
rnegraomf: raises $0.15 to $0.25
BigfootWwa: folds 
SkyBoy23: folds 
Die8: folds 
Uncalled bet ($0.15) returned to rnegraomf
rnegraomf collected $0.25 from pot
rnegraomf: doesn't show hand 
*** SUMMARY ***
Total pot $0.25 | Rake $0 
Seat 1: BigfootWwa (button) folded before Flop (didn't bet)
Seat 2: SkyBoy23 (small blind) folded before Flop
Seat 3: Die8 (big blind) folded before Flop
Seat 4: Mahu2021 folded before Flop (didn't bet)
Seat 5: crytexs123 folded before Flop (didn't bet)
Seat 6: rnegraomf collected ($0.25)



PokerStars Zoom Hand #255094695893:  Hold'em No Limit ($0.05/$0.10) - 2025/03/01 22:31:00 CET [2025/03/01 16:31:00 ET]
Table 'Aludra' 6-max Seat #1 is the button
Seat 1: M4tt_NMVP ($9.95 in chips) 
Seat 2: cobritaxs ($11.27 in chips) 
Seat 3: SkyBoy23 ($11.46 in chips) 
Seat 4: Mahu2021 ($6.19 in chips) 
Seat 5: jayhackx ($11.94 in chips) 
Seat 6: serotonine91 ($11.65 in chips) 
cobritaxs: posts small blind $0.05
SkyBoy23: posts big blind $0.10
*** HOLE CARDS ***
Dealt to Mahu2021 [Jc 4c]
Mahu2021: folds 
jayhackx: folds 
serotonine91: folds 
M4tt_NMVP: raises $0.15 to $0.25
cobritaxs: folds 
SkyBoy23: folds 
Uncalled bet ($0.15) returned to M4tt_NMVP
M4tt_NMVP collected $0.25 from pot
M4tt_NMVP: doesn't show hand 
*** SUMMARY ***
Total pot $0.25 | Rake $0 
Seat 1: M4tt_NMVP (button) collected ($0.25)
Seat 2: cobritaxs (small blind) folded before Flop
Seat 3: SkyBoy23 (big blind) folded before Flop
Seat 4: Mahu2021 folded before Flop (didn't bet)
Seat 5: jayhackx folded before Flop (didn't bet)
Seat 6: serotonine91 folded before Flop (didn't bet)



PokerStars Zoom Hand #255094698165:  Hold'em No Limit ($0.05/$0.10) - 2025/03/01 22:31:08 CET [2025/03/01 16:31:08 ET]
Table 'Aludra' 6-max Seat #1 is the button
Seat 1: Derek746 ($10 in chips) 
Seat 2: Last70 ($27.32 in chips) 
Seat 3: BigfootWwa ($11.15 in chips) 
Seat 4: volkman10 ($7.28 in chips) 
Seat 5: acd_045 ($23.96 in chips) 
Seat 6: Mahu2021 ($6.14 in chips) 
Last70: posts small blind $0.05
BigfootWwa: posts big blind $0.10
*** HOLE CARDS ***
Dealt to Mahu2021 [9h 6d]
volkman10: folds 
acd_045: folds 
Mahu2021: folds 
Derek746: raises $0.12 to $0.22
Last70: folds 
BigfootWwa: folds 
Uncalled bet ($0.12) returned to Derek746
Derek746 collected $0.25 from pot
Derek746: doesn't show hand 
*** SUMMARY ***
Total pot $0.25 | Rake $0 
Seat 1: Derek746 (button) collected ($0.25)
Seat 2: Last70 (small blind) folded before Flop
Seat 3: BigfootWwa (big blind) folded before Flop
Seat 4: volkman10 folded before Flop (didn't bet)
Seat 5: acd_045 folded before Flop (didn't bet)
Seat 6: Mahu2021 folded before Flop (didn't bet)



PokerStars Zoom Hand #255094699269:  Hold'em No Limit ($0.05/$0.10) - 2025/03/01 22:31:12 CET [2025/03/01 16:31:12 ET]
Table 'Aludra' 6-max Seat #1 is the button
Seat 1: Mahu2021 ($6.14 in chips) 
Seat 2: hindbeck85 ($5.14 in chips) 
Seat 3: volkman10 ($7.28 in chips) 
Seat 4: Fpithers ($21.38 in chips) 
Seat 5: aveitsch ($10 in chips) 
Seat 6: pokersenis ($11.44 in chips) 
hindbeck85: posts small blind $0.05
volkman10: posts big blind $0.10
*** HOLE CARDS ***
Dealt to Mahu2021 [Jh Kh]
Fpithers: folds 
aveitsch: folds 
pokersenis: folds 
Mahu2021: raises $0.20 to $0.30
hindbeck85: calls $0.25
volkman10: raises $6.98 to $7.28 and is all-in
Mahu2021: folds 
hindbeck85: folds 
Uncalled bet ($6.98) returned to volkman10
volkman10 collected $0.90 from pot
volkman10: doesn't show hand 
*** SUMMARY ***
Total pot $0.90 | Rake $0 
Seat 1: Mahu2021 (button) folded before Flop
Seat 2: hindbeck85 (small blind) folded before Flop
Seat 3: volkman10 (big blind) collected ($0.90)
Seat 4: Fpithers folded before Flop (didn't bet)
Seat 5: aveitsch folded before Flop (didn't bet)
Seat 6: pokersenis folded before Flop (didn't bet)



PokerStars Zoom Hand #255094704196:  Hold'em No Limit ($0.05/$0.10) - 2025/03/01 22:31:29 CET [2025/03/01 16:31:29 ET]
Table 'Aludra' 6-max Seat #1 is the button
Seat 1: Fuchs225 ($10.79 in chips) 
Seat 2: iron b-man ($9.08 in chips) 
Seat 3: Derek746 ($10.15 in chips) 
Seat 4: Die8 ($11.01 in chips) 
Seat 5: Mahu2021 ($5.84 in chips) 
Seat 6: enry7.ice ($10.50 in chips) 
iron b-man: posts small blind $0.05
Derek746: posts big blind $0.10
*** HOLE CARDS ***
Dealt to Mahu2021 [7h 7s]
Die8: folds 
Mahu2021: raises $0.14 to $0.24
enry7.ice: folds 
Fuchs225: folds 
iron b-man: calls $0.19
Derek746: calls $0.14
*** FLOP *** [8c 5c Th]
iron b-man: checks 
Derek746: checks 
Mahu2021: bets $0.50
iron b-man: folds 
Derek746: folds 
Uncalled bet ($0.50) returned to Mahu2021
Mahu2021 collected $0.69 from pot
Mahu2021: doesn't show hand 
*** SUMMARY ***
Total pot $0.72 | Rake $0.03 
Board [8c 5c Th]
Seat 1: Fuchs225 (button) folded before Flop (didn't bet)
Seat 2: iron b-man (small blind) folded on the Flop
Seat 3: Derek746 (big blind) folded on the Flop
Seat 4: Die8 folded before Flop (didn't bet)
Seat 5: Mahu2021 collected ($0.69)
Seat 6: enry7.ice folded before Flop (didn't bet)



PokerStars Zoom Hand #255094722080:  Hold'em No Limit ($0.05/$0.10) - 2025/03/01 22:32:30 CET [2025/03/01 16:32:30 ET]
Table 'Aludra' 6-max Seat #1 is the button
Seat 1: Last70 ($19.38 in chips) 
Seat 2: jayhackx ($14.30 in chips) 
Seat 3: Mahu2021 ($6.29 in chips) 
Seat 4: sonyks2007 ($18.76 in chips) 
Seat 5: overmind27 ($16.73 in chips) 
Seat 6: Miracle of 50k ($18.14 in chips) 
jayhackx: posts small blind $0.05
Mahu2021: posts big blind $0.10
*** HOLE CARDS ***
Dealt to Mahu2021 [5c 2h]
sonyks2007: folds 
overmind27: folds 
Miracle of 50k: raises $0.15 to $0.25
Last70: folds 
jayhackx: folds 
Mahu2021: folds 
Uncalled bet ($0.15) returned to Miracle of 50k
Miracle of 50k collected $0.25 from pot
Miracle of 50k: doesn't show hand 
*** SUMMARY ***
Total pot $0.25 | Rake $0 
Seat 1: Last70 (button) folded before Flop (didn't bet)
Seat 2: jayhackx (small blind) folded before Flop
Seat 3: Mahu2021 (big blind) folded before Flop
Seat 4: sonyks2007 folded before Flop (didn't bet)
Seat 5: overmind27 folded before Flop (didn't bet)
Seat 6: Miracle of 50k collected ($0.25)



PokerStars Zoom Hand #255094724977:  Hold'em No Limit ($0.05/$0.10) - 2025/03/01 22:32:40 CET [2025/03/01 16:32:40 ET]
Table 'Aludra' 6-max Seat #1 is the button
Seat 1: Windows 21xp ($11.17 in chips) 
Seat 2: yellda ($23.58 in chips) 
Seat 3: RaqBad ($8.30 in chips) 
Seat 4: volkman10 ($9.04 in chips) 
Seat 5: Al Fr€d 69 ($18.98 in chips) 
Seat 6: Mahu2021 ($6.14 in chips) 
yellda: posts small blind $0.05
RaqBad: posts big blind $0.10
*** HOLE CARDS ***
Dealt to Mahu2021 [7d Qs]
volkman10: folds 
Al Fr€d 69: folds 
Mahu2021: folds 
Windows 21xp: folds 
yellda: folds 
Uncalled bet ($0.05) returned to RaqBad
RaqBad collected $0.10 from pot
RaqBad: doesn't show hand 
*** SUMMARY ***
Total pot $0.10 | Rake $0 
Seat 1: Windows 21xp (button) folded before Flop (didn't bet)
Seat 2: yellda (small blind) folded before Flop
Seat 3: RaqBad (big blind) collected ($0.10)
Seat 4: volkman10 folded before Flop (didn't bet)
Seat 5: Al Fr€d 69 folded before Flop (didn't bet)
Seat 6: Mahu2021 folded before Flop (didn't bet)



PokerStars Zoom Hand #255094723790:  Hold'em No Limit ($0.05/$0.10) - 2025/03/01 22:32:36 CET [2025/03/01 16:32:36 ET]
Table 'Aludra' 6-max Seat #1 is the button
Seat 1: juju868 ($4.32 in chips) 
Seat 2: Mahu2021 ($6.19 in chips) 
Seat 3: ohmaha ($27.30 in chips) 
Seat 4: enry7.ice ($10.05 in chips) 
Seat 5: Derek746 ($10.76 in chips) 
Seat 6: Zutuzutu_90 ($9.91 in chips) 
Mahu2021: posts small blind $0.05
ohmaha: posts big blind $0.10
*** HOLE CARDS ***
Dealt to Mahu2021 [4c 6s]
enry7.ice: folds 
Derek746: folds 
Zutuzutu_90: folds 
juju868: folds 
Mahu2021: folds 
Uncalled bet ($0.05) returned to ohmaha
ohmaha collected $0.10 from pot
ohmaha: doesn't show hand 
*** SUMMARY ***
Total pot $0.10 | Rake $0 
Seat 1: juju868 (button) folded before Flop (didn't bet)
Seat 2: Mahu2021 (small blind) folded before Flop
Seat 3: ohmaha (big blind) collected ($0.10)
Seat 4: enry7.ice folded before Flop (didn't bet)
Seat 5: Derek746 folded before Flop (didn't bet)
Seat 6: Zutuzutu_90 folded before Flop (didn't bet)



PokerStars Zoom Hand #255094726102:  Hold'em No Limit ($0.05/$0.10) - 2025/03/01 22:32:44 CET [2025/03/01 16:32:44 ET]
Table 'Aludra' 6-max Seat #1 is the button
Seat 1: M4tt_NMVP ($10 in chips) 
Seat 2: phomet-ba ($7.19 in chips) 
Seat 3: enry7.ice ($10.05 in chips) 
Seat 4: Mahu2021 ($6.14 in chips) 
Seat 5: overmind27 ($13.04 in chips) 
Seat 6: sonyks2007 ($12.24 in chips) 
phomet-ba: posts small blind $0.05
enry7.ice: posts big blind $0.10
*** HOLE CARDS ***
Dealt to Mahu2021 [Qd 9c]
Mahu2021: folds 
overmind27: raises $0.15 to $0.25
sonyks2007: folds 
M4tt_NMVP: folds 
phomet-ba: folds 
enry7.ice: folds 
Uncalled bet ($0.15) returned to overmind27
overmind27 collected $0.25 from pot
overmind27: doesn't show hand 
*** SUMMARY ***
Total pot $0.25 | Rake $0 
Seat 1: M4tt_NMVP (button) folded before Flop (didn't bet)
Seat 2: phomet-ba (small blind) folded before Flop
Seat 3: enry7.ice (big blind) folded before Flop
Seat 4: Mahu2021 folded before Flop (didn't bet)
Seat 5: overmind27 collected ($0.25)
Seat 6: sonyks2007 folded before Flop (didn't bet)



PokerStars Zoom Hand #255094728452:  Hold'em No Limit ($0.05/$0.10) - 2025/03/01 22:32:52 CET [2025/03/01 16:32:52 ET]
Table 'Aludra' 6-max Seat #1 is the button
Seat 1: Jajje7 ($12.06 in chips) 
Seat 2: Mahu2021 ($6.14 in chips) 
Seat 3: vivirdecurda ($5 in chips) 
Seat 4: Die8 ($11.38 in chips) 
Seat 5: MatheusGhetto ($10.08 in chips) 
Seat 6: M4tt_NMVP ($10 in chips) 
Mahu2021: posts small blind $0.05
vivirdecurda: posts big blind $0.10
*** HOLE CARDS ***
Dealt to Mahu2021 [8h 8s]
Die8: folds 
MatheusGhetto: folds 
M4tt_NMVP: folds 
Jajje7: raises $0.10 to $0.20
Mahu2021: raises $0.90 to $1.10
vivirdecurda: folds 
Jajje7: folds 
Uncalled bet ($0.90) returned to Mahu2021
Mahu2021 collected $0.50 from pot
Mahu2021: doesn't show hand 
*** SUMMARY ***
Total pot $0.50 | Rake $0 
Seat 1: Jajje7 (button) folded before Flop
Seat 2: Mahu2021 (small blind) collected ($0.50)
Seat 3: vivirdecurda (big blind) folded before Flop
Seat 4: Die8 folded before Flop (didn't bet)
Seat 5: MatheusGhetto folded before Flop (didn't bet)
Seat 6: M4tt_NMVP folded before Flop (didn't bet)



PokerStars Zoom Hand #255094727289:  Hold'em No Limit ($0.05/$0.10) - 2025/03/01 22:32:48 CET [2025/03/01 16:32:48 ET]
Table 'Aludra' 6-max Seat #1 is the button
Seat 1: Mahu2021 ($6.14 in chips) 
Seat 2: Rezzotto0208 ($6.62 in chips) 
Seat 3: wilson91169 ($14.96 in chips) 
Seat 4: phomet-ba ($7.14 in chips) 
Seat 5: sonyks2007 ($12.24 in chips) 
Seat 6: yellda ($23.53 in chips) 
Rezzotto0208: posts small blind $0.05
wilson91169: posts big blind $0.10
*** HOLE CARDS ***
Dealt to Mahu2021 [7s 3h]
phomet-ba has timed out
phomet-ba: folds 
sonyks2007: folds 
yellda: raises $0.13 to $0.23
Mahu2021: folds 
Rezzotto0208: folds 
wilson91169: folds 
Uncalled bet ($0.13) returned to yellda
yellda collected $0.25 from pot
yellda: doesn't show hand 
*** SUMMARY ***
Total pot $0.25 | Rake $0 
Seat 1: Mahu2021 (button) folded before Flop (didn't bet)
Seat 2: Rezzotto0208 (small blind) folded before Flop
Seat 3: wilson91169 (big blind) folded before Flop
Seat 4: phomet-ba folded before Flop (didn't bet)
Seat 5: sonyks2007 folded before Flop (didn't bet)
Seat 6: yellda collected ($0.25)



PokerStars Zoom Hand #255094738603:  Hold'em No Limit ($0.05/$0.10) - 2025/03/01 22:33:27 CET [2025/03/01 16:33:27 ET]
Table 'Aludra' 6-max Seat #1 is the button
Seat 1: jayhackx ($14.45 in chips) 
Seat 2: gpap241182 ($14.86 in chips) 
Seat 3: volkman10 ($7.68 in chips) 
Seat 4: ChoboPower ($35.19 in chips) 
Seat 5: Mahu2021 ($6.44 in chips) 
Seat 6: MatheusGhetto ($10 in chips) 
gpap241182: posts small blind $0.05
volkman10: posts big blind $0.10
*** HOLE CARDS ***
Dealt to Mahu2021 [Td 6c]
ChoboPower: folds 
Mahu2021: folds 
MatheusGhetto: folds 
jayhackx: raises $0.15 to $0.25
gpap241182: calls $0.20
volkman10: folds 
*** FLOP *** [7h 3d 7d]
gpap241182: checks 
jayhackx: bets $0.19
gpap241182: calls $0.19
*** TURN *** [7h 3d 7d] [4c]
gpap241182: checks 
jayhackx: checks 
*** RIVER *** [7h 3d 7d 4c] [Ks]
gpap241182: bets $0.60
jayhackx: folds 
Uncalled bet ($0.60) returned to gpap241182
gpap241182 collected $0.94 from pot
gpap241182: doesn't show hand 
*** SUMMARY ***
Total pot $0.98 | Rake $0.04 
Board [7h 3d 7d 4c Ks]
Seat 1: jayhackx (button) folded on the River
Seat 2: gpap241182 (small blind) collected ($0.94)
Seat 3: volkman10 (big blind) folded before Flop
Seat 4: ChoboPower folded before Flop (didn't bet)
Seat 5: Mahu2021 folded before Flop (didn't bet)
Seat 6: MatheusGhetto folded before Flop (didn't bet)



PokerStars Zoom Hand #255094740047:  Hold'em No Limit ($0.05/$0.10) - 2025/03/01 22:33:33 CET [2025/03/01 16:33:33 ET]
Table 'Aludra' 6-max Seat #1 is the button
Seat 1: overmind27 ($10.71 in chips) 
Seat 2: Jajje7 ($11.86 in chips) 
Seat 3: Mahu2021 ($6.44 in chips) 
Seat 4: enry7.ice ($10.10 in chips) 
Seat 5: kloniss ($11.59 in chips) 
Seat 6: Windows 21xp ($11.48 in chips) 
Jajje7: posts small blind $0.05
Mahu2021: posts big blind $0.10
*** HOLE CARDS ***
Dealt to Mahu2021 [6d 7d]
enry7.ice: folds 
kloniss: folds 
Windows 21xp: raises $0.15 to $0.25
overmind27: calls $0.25
Jajje7: folds 
Mahu2021: calls $0.15
*** FLOP *** [Kc Kh 4d]
Mahu2021: checks 
Windows 21xp: bets $0.25
overmind27: folds 
Mahu2021: folds 
Uncalled bet ($0.25) returned to Windows 21xp
Windows 21xp collected $0.76 from pot
Windows 21xp: doesn't show hand 
*** SUMMARY ***
Total pot $0.80 | Rake $0.04 
Board [Kc Kh 4d]
Seat 1: overmind27 (button) folded on the Flop
Seat 2: Jajje7 (small blind) folded before Flop
Seat 3: Mahu2021 (big blind) folded on the Flop
Seat 4: enry7.ice folded before Flop (didn't bet)
Seat 5: kloniss folded before Flop (didn't bet)
Seat 6: Windows 21xp collected ($0.76)



PokerStars Zoom Hand #255094747564:  Hold'em No Limit ($0.05/$0.10) - 2025/03/01 22:33:59 CET [2025/03/01 16:33:59 ET]
Table 'Aludra' 6-max Seat #1 is the button
Seat 1: SkyBoy23 ($11.55 in chips) 
Seat 2: Ritter00 ($3.85 in chips) 
Seat 3: Empahehe ($6.73 in chips) 
Seat 4: Last70 ($26.17 in chips) 
Seat 5: Miracle of 50k ($26.36 in chips) 
Seat 6: Mahu2021 ($6.19 in chips) 
Ritter00: posts small blind $0.05
Empahehe: posts big blind $0.10
*** HOLE CARDS ***
Dealt to Mahu2021 [Kc 6s]
Last70: folds 
Miracle of 50k: folds 
Mahu2021: folds 
SkyBoy23: folds 
Ritter00: folds 
Uncalled bet ($0.05) returned to Empahehe
Empahehe collected $0.10 from pot
Empahehe: doesn't show hand 
*** SUMMARY ***
Total pot $0.10 | Rake $0 
Seat 1: SkyBoy23 (button) folded before Flop (didn't bet)
Seat 2: Ritter00 (small blind) folded before Flop
Seat 3: Empahehe (big blind) collected ($0.10)
Seat 4: Last70 folded before Flop (didn't bet)
Seat 5: Miracle of 50k folded before Flop (didn't bet)
Seat 6: Mahu2021 folded before Flop (didn't bet)



PokerStars Zoom Hand #255094748748:  Hold'em No Limit ($0.05/$0.10) - 2025/03/01 22:34:03 CET [2025/03/01 16:34:03 ET]
Table 'Aludra' 6-max Seat #1 is the button
Seat 1: volkman10 ($7.53 in chips) 
Seat 2: iron b-man ($8.04 in chips) 
Seat 3: cobritaxs ($11.62 in chips) 
Seat 4: Mahu2021 ($6.19 in chips) 
Seat 5: km1883 ($26.63 in chips) 
Seat 6: lucasgois2000 ($8.81 in chips) 
iron b-man: posts small blind $0.05
cobritaxs: posts big blind $0.10
*** HOLE CARDS ***
Dealt to Mahu2021 [Ah Jh]
Mahu2021: raises $0.14 to $0.24
km1883: folds 
lucasgois2000: raises $0.14 to $0.38
volkman10: folds 
iron b-man: folds 
cobritaxs: folds 
Mahu2021: raises $5.81 to $6.19 and is all-in
lucasgois2000: calls $5.81
*** FLOP *** [Ad 4s 6c]
*** TURN *** [Ad 4s 6c] [7c]
*** RIVER *** [Ad 4s 6c 7c] [2d]
*** SHOW DOWN ***
Mahu2021: shows [Ah Jh] (a pair of Aces)
lucasgois2000: shows [Qh Qc] (a pair of Queens)
Mahu2021 collected $11.97 from pot
*** SUMMARY ***
Total pot $12.53 | Rake $0.56 
Board [Ad 4s 6c 7c 2d]
Seat 1: volkman10 (button) folded before Flop (didn't bet)
Seat 2: iron b-man (small blind) folded before Flop
Seat 3: cobritaxs (big blind) folded before Flop
Seat 4: Mahu2021 showed [Ah Jh] and won ($11.97) with a pair of Aces
Seat 5: km1883 folded before Flop (didn't bet)
Seat 6: lucasgois2000 showed [Qh Qc] and lost with a pair of Queens



