PokerStars Zoom Hand #253850889045:  Hold'em No Limit ($0.05/$0.10) - 2024/12/14 16:36:48 CET [2024/12/14 10:36:48 ET]
Table 'Aludra' 6-max Seat #1 is the button
Seat 1: cockney82 ($6.38 in chips) 
Seat 2: McLovin060381 ($14.10 in chips) 
Seat 3: Mahu2021 ($10 in chips) 
Seat 4: nord1k5 ($10 in chips) 
Seat 5: counsellor13 ($14.77 in chips) 
Seat 6: Toshi999777 ($14.42 in chips) 
McLovin060381: posts small blind $0.05
Mahu2021: posts big blind $0.10
*** HOLE CARDS ***
Dealt to Mahu2021 [Ad 6h]
nord1k5: folds 
counsellor13: raises $0.20 to $0.30
Toshi999777: folds 
cockney82: calls $0.30
McLovin060381: folds 
Mahu2021: folds 
*** FLOP *** [4h Kd 8h]
counsellor13: bets $0.36
cockney82: folds 
Uncalled bet ($0.36) returned to counsellor13
counsellor13 collected $0.72 from pot
counsellor13: doesn't show hand 
*** SUMMARY ***
Total pot $0.75 | Rake $0.03 
Board [4h Kd 8h]
Seat 1: cockney82 (button) folded on the Flop
Seat 2: McLovin060381 (small blind) folded before Flop
Seat 3: Mahu2021 (big blind) folded before Flop
Seat 4: nord1k5 folded before Flop (didn't bet)
Seat 5: counsellor13 collected ($0.72)
Seat 6: Toshi999777 folded before Flop (didn't bet)



PokerStars Zoom Hand #253850892726:  Hold'em No Limit ($0.05/$0.10) - 2024/12/14 16:37:05 CET [2024/12/14 10:37:05 ET]
Table 'Aludra' 6-max Seat #1 is the button
Seat 1: osakei1024 ($5.20 in chips) 
Seat 2: Mahu2021 ($9.90 in chips) 
Seat 3: mrfreaky1989 ($10 in chips) 
Seat 4: mikkelangel0 ($22.22 in chips) 
Seat 5: JAntdog ($12.84 in chips) 
Seat 6: Lentwood ($9.22 in chips) 
Mahu2021: posts small blind $0.05
mrfreaky1989: posts big blind $0.10
*** HOLE CARDS ***
Dealt to Mahu2021 [Kd 2h]
mikkelangel0: folds 
JAntdog: folds 
Lentwood: folds 
osakei1024: folds 
Mahu2021: folds 
Uncalled bet ($0.05) returned to mrfreaky1989
mrfreaky1989 collected $0.10 from pot
mrfreaky1989: doesn't show hand 
*** SUMMARY ***
Total pot $0.10 | Rake $0 
Seat 1: osakei1024 (button) folded before Flop (didn't bet)
Seat 2: Mahu2021 (small blind) folded before Flop
Seat 3: mrfreaky1989 (big blind) collected ($0.10)
Seat 4: mikkelangel0 folded before Flop (didn't bet)
Seat 5: JAntdog folded before Flop (didn't bet)
Seat 6: Lentwood folded before Flop (didn't bet)



PokerStars Zoom Hand #253850894254:  Hold'em No Limit ($0.05/$0.10) - 2024/12/14 16:37:13 CET [2024/12/14 10:37:13 ET]
Table 'Aludra' 6-max Seat #1 is the button
Seat 1: Mahu2021 ($9.85 in chips) 
Seat 2: rofos2023 ($17.71 in chips) 
Seat 3: misterdenister ($14.27 in chips) 
Seat 4: oocs ($9.55 in chips) 
Seat 5: ErnieBel ($11.18 in chips) 
Seat 6: JAntdog ($12.84 in chips) 
rofos2023: posts small blind $0.05
misterdenister: posts big blind $0.10
*** HOLE CARDS ***
Dealt to Mahu2021 [Ad 4s]
oocs: folds 
ErnieBel: folds 
JAntdog: folds 
Mahu2021: raises $0.20 to $0.30
rofos2023: folds 
misterdenister: folds 
Uncalled bet ($0.20) returned to Mahu2021
Mahu2021 collected $0.25 from pot
Mahu2021: doesn't show hand 
*** SUMMARY ***
Total pot $0.25 | Rake $0 
Seat 1: Mahu2021 (button) collected ($0.25)
Seat 2: rofos2023 (small blind) folded before Flop
Seat 3: misterdenister (big blind) folded before Flop
Seat 4: oocs folded before Flop (didn't bet)
Seat 5: ErnieBel folded before Flop (didn't bet)
Seat 6: JAntdog folded before Flop (didn't bet)



PokerStars Zoom Hand #253850897701:  Hold'em No Limit ($0.05/$0.10) - 2024/12/14 16:37:28 CET [2024/12/14 10:37:28 ET]
Table 'Aludra' 6-max Seat #1 is the button
Seat 1: Andrey458 ($10 in chips) 
Seat 2: counsellor13 ($15.19 in chips) 
Seat 3: Azltvaine ($11.50 in chips) 
Seat 4: mrfreaky1989 ($11.51 in chips) 
Seat 5: Mahu2021 ($10 in chips) 
Seat 6: osakei1024 ($4.91 in chips) 
counsellor13: posts small blind $0.05
Azltvaine: posts big blind $0.10
*** HOLE CARDS ***
Dealt to Mahu2021 [5h 5c]
mrfreaky1989: folds 
Mahu2021: folds 
osakei1024: folds 
Andrey458: folds 
counsellor13: folds 
Uncalled bet ($0.05) returned to Azltvaine
Azltvaine collected $0.10 from pot
Azltvaine: doesn't show hand 
*** SUMMARY ***
Total pot $0.10 | Rake $0 
Seat 1: Andrey458 (button) folded before Flop (didn't bet)
Seat 2: counsellor13 (small blind) folded before Flop
Seat 3: Azltvaine (big blind) collected ($0.10)
Seat 4: mrfreaky1989 folded before Flop (didn't bet)
Seat 5: Mahu2021 folded before Flop (didn't bet)
Seat 6: osakei1024 folded before Flop (didn't bet)



PokerStars Zoom Hand #253850899044:  Hold'em No Limit ($0.05/$0.10) - 2024/12/14 16:37:35 CET [2024/12/14 10:37:35 ET]
Table 'Aludra' 6-max Seat #1 is the button
Seat 1: oocs ($2.23 in chips) 
Seat 2: Cosmic167 ($11.78 in chips) 
Seat 3: Bur1k ($5.25 in chips) 
Seat 4: Mahu2021 ($10 in chips) 
Seat 5: Lentwood ($10.30 in chips) 
Seat 6: misterdenister ($10.70 in chips) 
Cosmic167: posts small blind $0.05
Bur1k: posts big blind $0.10
*** HOLE CARDS ***
Dealt to Mahu2021 [Jc 3d]
Mahu2021: folds 
Lentwood: folds 
misterdenister: folds 
oocs: folds 
Cosmic167: folds 
Uncalled bet ($0.05) returned to Bur1k
Bur1k collected $0.10 from pot
Bur1k: doesn't show hand 
*** SUMMARY ***
Total pot $0.10 | Rake $0 
Seat 1: oocs (button) folded before Flop (didn't bet)
Seat 2: Cosmic167 (small blind) folded before Flop
Seat 3: Bur1k (big blind) collected ($0.10)
Seat 4: Mahu2021 folded before Flop (didn't bet)
Seat 5: Lentwood folded before Flop (didn't bet)
Seat 6: misterdenister folded before Flop (didn't bet)



PokerStars Zoom Hand #253850896855:  Hold'em No Limit ($0.05/$0.10) - 2024/12/14 16:37:24 CET [2024/12/14 10:37:24 ET]
Table 'Aludra' 6-max Seat #1 is the button
Seat 1: royacht ($10 in chips) 
Seat 2: oocs ($2.28 in chips) 
Seat 3: nord1k5 ($26.25 in chips) 
Seat 4: shortstackpro ($15.56 in chips) 
Seat 5: 2ater ($10 in chips) 
Seat 6: Mahu2021 ($10 in chips) 
oocs: posts small blind $0.05
nord1k5: posts big blind $0.10
*** HOLE CARDS ***
Dealt to Mahu2021 [2d 3s]
shortstackpro: calls $0.10
2ater: folds 
Mahu2021: folds 
royacht: folds 
oocs: folds 
nord1k5: checks 
*** FLOP *** [4c Jd Qd]
nord1k5: checks 
shortstackpro: checks 
*** TURN *** [4c Jd Qd] [2s]
nord1k5: checks 
shortstackpro: checks 
*** RIVER *** [4c Jd Qd 2s] [Jh]
nord1k5: checks 
shortstackpro: checks 
*** SHOW DOWN ***
nord1k5: shows [5h 9d] (a pair of Jacks)
shortstackpro: shows [7s Ad] (a pair of Jacks - Ace kicker)
shortstackpro collected $0.24 from pot
*** SUMMARY ***
Total pot $0.25 | Rake $0.01 
Board [4c Jd Qd 2s Jh]
Seat 1: royacht (button) folded before Flop (didn't bet)
Seat 2: oocs (small blind) folded before Flop
Seat 3: nord1k5 (big blind) showed [5h 9d] and lost with a pair of Jacks
Seat 4: shortstackpro showed [7s Ad] and won ($0.24) with a pair of Jacks
Seat 5: 2ater folded before Flop (didn't bet)
Seat 6: Mahu2021 folded before Flop (didn't bet)



PokerStars Zoom Hand #253850899905:  Hold'em No Limit ($0.05/$0.10) - 2024/12/14 16:37:39 CET [2024/12/14 10:37:39 ET]
Table 'Aludra' 6-max Seat #1 is the button
Seat 1: Bur1k ($5.95 in chips) 
Seat 2: Cosmic167 ($11.51 in chips) 
Seat 3: Mahu2021 ($10 in chips) 
Seat 4: osakei1024 ($4.95 in chips) 
Seat 5: royacht ($10 in chips) 
Seat 6: McLovin060381 ($13.95 in chips) 
Cosmic167: posts small blind $0.05
Mahu2021: posts big blind $0.10
*** HOLE CARDS ***
Dealt to Mahu2021 [3d Ah]
osakei1024: raises $0.10 to $0.20
royacht: folds 
McLovin060381: folds 
Bur1k: folds 
Cosmic167: folds 
Mahu2021: calls $0.10
*** FLOP *** [6h 9h Ac]
Mahu2021: checks 
osakei1024: bets $0.15
Mahu2021: calls $0.15
*** TURN *** [6h 9h Ac] [7c]
Mahu2021: checks 
osakei1024: checks 
*** RIVER *** [6h 9h Ac 7c] [3s]
Mahu2021: bets $0.72
osakei1024: folds 
Uncalled bet ($0.72) returned to Mahu2021
Mahu2021 collected $0.72 from pot
Mahu2021: doesn't show hand 
*** SUMMARY ***
Total pot $0.75 | Rake $0.03 
Board [6h 9h Ac 7c 3s]
Seat 1: Bur1k (button) folded before Flop (didn't bet)
Seat 2: Cosmic167 (small blind) folded before Flop
Seat 3: Mahu2021 (big blind) collected ($0.72)
Seat 4: osakei1024 folded on the River
Seat 5: royacht folded before Flop (didn't bet)
Seat 6: McLovin060381 folded before Flop (didn't bet)



PokerStars Zoom Hand #253850915605:  Hold'em No Limit ($0.05/$0.10) - 2024/12/14 16:38:52 CET [2024/12/14 10:38:52 ET]
Table 'Aludra' 6-max Seat #1 is the button
Seat 1: Cosmic167 ($11.06 in chips) 
Seat 2: Cheeeeerrss1 ($29.56 in chips) 
Seat 3: misterdenister ($14.44 in chips) 
Seat 4: Mahu2021 ($10.37 in chips) 
Seat 5: eAh_BlackDevil ($35.16 in chips) 
Seat 6: cghap ($26.91 in chips) 
Cheeeeerrss1: posts small blind $0.05
misterdenister: posts big blind $0.10
*** HOLE CARDS ***
Dealt to Mahu2021 [7s Qs]
Mahu2021: folds 
eAh_BlackDevil: folds 
cghap: folds 
Cosmic167: raises $0.15 to $0.25
Cheeeeerrss1: folds 
misterdenister: folds 
Uncalled bet ($0.15) returned to Cosmic167
Cosmic167 collected $0.25 from pot
Cosmic167: doesn't show hand 
*** SUMMARY ***
Total pot $0.25 | Rake $0 
Seat 1: Cosmic167 (button) collected ($0.25)
Seat 2: Cheeeeerrss1 (small blind) folded before Flop
Seat 3: misterdenister (big blind) folded before Flop
Seat 4: Mahu2021 folded before Flop (didn't bet)
Seat 5: eAh_BlackDevil folded before Flop (didn't bet)
Seat 6: cghap folded before Flop (didn't bet)



PokerStars Zoom Hand #253850916475:  Hold'em No Limit ($0.05/$0.10) - 2024/12/14 16:38:56 CET [2024/12/14 10:38:56 ET]
Table 'Aludra' 6-max Seat #1 is the button
Seat 1: Lentwood ($10.50 in chips) 
Seat 2: Mahu2021 ($10.37 in chips) 
Seat 3: nord1k5 ($12.67 in chips) 
Seat 4: East_Zoo ($25.45 in chips) 
Seat 5: cghap ($19.93 in chips) 
Seat 6: eAh_BlackDevil ($35.16 in chips) 
Mahu2021: posts small blind $0.05
nord1k5: posts big blind $0.10
*** HOLE CARDS ***
Dealt to Mahu2021 [3c 4c]
East_Zoo: folds 
cghap: raises $0.15 to $0.25
eAh_BlackDevil: folds 
Lentwood: raises $0.50 to $0.75
Mahu2021: folds 
nord1k5: folds 
cghap: folds 
Uncalled bet ($0.50) returned to Lentwood
Lentwood collected $0.65 from pot
Lentwood: doesn't show hand 
*** SUMMARY ***
Total pot $0.65 | Rake $0 
Seat 1: Lentwood (button) collected ($0.65)
Seat 2: Mahu2021 (small blind) folded before Flop
Seat 3: nord1k5 (big blind) folded before Flop
Seat 4: East_Zoo folded before Flop (didn't bet)
Seat 5: cghap folded before Flop
Seat 6: eAh_BlackDevil folded before Flop (didn't bet)



PokerStars Zoom Hand #253850920772:  Hold'em No Limit ($0.05/$0.10) - 2024/12/14 16:39:16 CET [2024/12/14 10:39:16 ET]
Table 'Aludra' 6-max Seat #1 is the button
Seat 1: Cosmic167 ($11.21 in chips) 
Seat 2: Andrey458 ($10.15 in chips) 
Seat 3: royacht ($19.15 in chips) 
Seat 4: eAh_BlackDevil ($35.16 in chips) 
Seat 5: Mahu2021 ($10.32 in chips) 
Seat 6: Bur1k ($5.75 in chips) 
Andrey458: posts small blind $0.05
royacht: posts big blind $0.10
*** HOLE CARDS ***
Dealt to Mahu2021 [4s Kc]
eAh_BlackDevil: folds 
Mahu2021: folds 
Bur1k: folds 
Cosmic167: raises $0.15 to $0.25
Andrey458: folds 
royacht: folds 
Uncalled bet ($0.15) returned to Cosmic167
Cosmic167 collected $0.25 from pot
Cosmic167: doesn't show hand 
*** SUMMARY ***
Total pot $0.25 | Rake $0 
Seat 1: Cosmic167 (button) collected ($0.25)
Seat 2: Andrey458 (small blind) folded before Flop
Seat 3: royacht (big blind) folded before Flop
Seat 4: eAh_BlackDevil folded before Flop (didn't bet)
Seat 5: Mahu2021 folded before Flop (didn't bet)
Seat 6: Bur1k folded before Flop (didn't bet)



PokerStars Zoom Hand #253850921625:  Hold'em No Limit ($0.05/$0.10) - 2024/12/14 16:39:20 CET [2024/12/14 10:39:20 ET]
Table 'Aludra' 6-max Seat #1 is the button
Seat 1: BlackWido0w13 ($22.55 in chips) 
Seat 2: Mahu2021 ($10.32 in chips) 
Seat 3: eAh_BlackDevil ($35.16 in chips) 
Seat 4: Lentwood ($10.90 in chips) 
Seat 5: Cosmic167 ($11.46 in chips) 
Seat 6: osakei1024 ($5.04 in chips) 
Mahu2021: posts small blind $0.05
eAh_BlackDevil: posts big blind $0.10
*** HOLE CARDS ***
Dealt to Mahu2021 [2d 9h]
Lentwood: folds 
Cosmic167: folds 
osakei1024: raises $0.10 to $0.20
BlackWido0w13: folds 
Mahu2021: folds 
eAh_BlackDevil: folds 
Uncalled bet ($0.10) returned to osakei1024
osakei1024 collected $0.25 from pot
osakei1024: doesn't show hand 
*** SUMMARY ***
Total pot $0.25 | Rake $0 
Seat 1: BlackWido0w13 (button) folded before Flop (didn't bet)
Seat 2: Mahu2021 (small blind) folded before Flop
Seat 3: eAh_BlackDevil (big blind) folded before Flop
Seat 4: Lentwood folded before Flop (didn't bet)
Seat 5: Cosmic167 folded before Flop (didn't bet)
Seat 6: osakei1024 collected ($0.25)



PokerStars Zoom Hand #253850919930:  Hold'em No Limit ($0.05/$0.10) - 2024/12/14 16:39:12 CET [2024/12/14 10:39:12 ET]
Table 'Aludra' 6-max Seat #1 is the button
Seat 1: counsellor13 ($14.89 in chips) 
Seat 2: mikkelangel0 ($13.03 in chips) 
Seat 3: bojimat ($14.79 in chips) 
Seat 4: antimol75 ($9.47 in chips) 
Seat 5: royacht ($19.15 in chips) 
Seat 6: Mahu2021 ($10.32 in chips) 
mikkelangel0: posts small blind $0.05
bojimat: posts big blind $0.10
*** HOLE CARDS ***
Dealt to Mahu2021 [8s Jh]
antimol75: raises $0.15 to $0.25
royacht: folds 
Mahu2021: folds 
counsellor13: folds 
mikkelangel0: folds 
bojimat: calls $0.15
*** FLOP *** [4d Th 5d]
bojimat: checks 
antimol75: bets $0.27
bojimat: calls $0.27
*** TURN *** [4d Th 5d] [2h]
bojimat: checks 
antimol75: bets $1
bojimat: raises $1 to $2
antimol75: calls $1
*** RIVER *** [4d Th 5d 2h] [Qc]
bojimat: bets $1.60
antimol75: calls $1.60
*** SHOW DOWN ***
bojimat: shows [9c 3c] (high card Queen)
antimol75: shows [Ts Ad] (a pair of Tens)
antimol75 collected $7.92 from pot
*** SUMMARY ***
Total pot $8.29 | Rake $0.37 
Board [4d Th 5d 2h Qc]
Seat 1: counsellor13 (button) folded before Flop (didn't bet)
Seat 2: mikkelangel0 (small blind) folded before Flop
Seat 3: bojimat (big blind) showed [9c 3c] and lost with high card Queen
Seat 4: antimol75 showed [Ts Ad] and won ($7.92) with a pair of Tens
Seat 5: royacht folded before Flop (didn't bet)
Seat 6: Mahu2021 folded before Flop (didn't bet)



PokerStars Zoom Hand #253850919035:  Hold'em No Limit ($0.05/$0.10) - 2024/12/14 16:39:08 CET [2024/12/14 10:39:08 ET]
Table 'Aludra' 6-max Seat #1 is the button
Seat 1: Mahu2021 ($10.32 in chips) 
Seat 2: Bur1k ($5.93 in chips) 
Seat 3: oldmoony ($10 in chips) 
Seat 4: bojimat ($14.79 in chips) 
Seat 5: osakei1024 ($4.65 in chips) 
Seat 6: ErnieBel ($11.65 in chips) 
Bur1k: posts small blind $0.05
oldmoony: posts big blind $0.10
*** HOLE CARDS ***
Dealt to Mahu2021 [8c 5c]
bojimat: folds 
osakei1024: raises $0.10 to $0.20
ErnieBel: folds 
Mahu2021: folds 
Bur1k: folds 
oldmoony: calls $0.10
*** FLOP *** [2h As Kh]
oldmoony: checks 
osakei1024: bets $0.15
oldmoony: calls $0.15
*** TURN *** [2h As Kh] [9c]
oldmoony: checks 
osakei1024: checks 
*** RIVER *** [2h As Kh 9c] [Kd]
oldmoony: bets $0.50
osakei1024: calls $0.50
*** SHOW DOWN ***
oldmoony: shows [5s 3c] (a pair of Kings)
osakei1024: shows [Th Ks] (three of a kind, Kings)
osakei1024 collected $1.67 from pot
*** SUMMARY ***
Total pot $1.75 | Rake $0.08 
Board [2h As Kh 9c Kd]
Seat 1: Mahu2021 (button) folded before Flop (didn't bet)
Seat 2: Bur1k (small blind) folded before Flop
Seat 3: oldmoony (big blind) showed [5s 3c] and lost with a pair of Kings
Seat 4: bojimat folded before Flop (didn't bet)
Seat 5: osakei1024 showed [Th Ks] and won ($1.67) with three of a kind, Kings
Seat 6: ErnieBel folded before Flop (didn't bet)



PokerStars Zoom Hand #253850922125:  Hold'em No Limit ($0.05/$0.10) - 2024/12/14 16:39:22 CET [2024/12/14 10:39:22 ET]
Table 'Aludra' 6-max Seat #1 is the button
Seat 1: cghap ($19.68 in chips) 
Seat 2: ErnieBel ($11.65 in chips) 
Seat 3: Mahu2021 ($10.27 in chips) 
Seat 4: nord1k5 ($26.35 in chips) 
Seat 5: Petresa ($3.10 in chips) 
Seat 6: Bur1k ($5.03 in chips) 
ErnieBel: posts small blind $0.05
Mahu2021: posts big blind $0.10
*** HOLE CARDS ***
Dealt to Mahu2021 [7d Kc]
nord1k5: folds 
Petresa: folds 
Bur1k: folds 
cghap: folds 
ErnieBel: raises $0.10 to $0.20
Mahu2021: calls $0.10
*** FLOP *** [7s Ts 5h]
ErnieBel: bets $0.13
Mahu2021: calls $0.13
*** TURN *** [7s Ts 5h] [4c]
ErnieBel: checks 
Mahu2021: bets $0.30
ErnieBel: folds 
Uncalled bet ($0.30) returned to Mahu2021
Mahu2021 collected $0.63 from pot
Mahu2021: doesn't show hand 
*** SUMMARY ***
Total pot $0.66 | Rake $0.03 
Board [7s Ts 5h 4c]
Seat 1: cghap (button) folded before Flop (didn't bet)
Seat 2: ErnieBel (small blind) folded on the Turn
Seat 3: Mahu2021 (big blind) collected ($0.63)
Seat 4: nord1k5 folded before Flop (didn't bet)
Seat 5: Petresa folded before Flop (didn't bet)
Seat 6: Bur1k folded before Flop (didn't bet)



PokerStars Zoom Hand #253850933768:  Hold'em No Limit ($0.05/$0.10) - 2024/12/14 16:40:16 CET [2024/12/14 10:40:16 ET]
Table 'Aludra' 6-max Seat #1 is the button
Seat 1: Petresa ($2.95 in chips) 
Seat 2: nord1k5 ($11.60 in chips) 
Seat 3: mentoRisen ($10.25 in chips) 
Seat 4: NaritaSenpai ($10.55 in chips) 
Seat 5: oldmoony ($10 in chips) 
Seat 6: Mahu2021 ($10.57 in chips) 
nord1k5: posts small blind $0.05
mentoRisen: posts big blind $0.10
*** HOLE CARDS ***
Dealt to Mahu2021 [Ad 8c]
NaritaSenpai: folds 
oldmoony: folds 
Mahu2021: folds 
Petresa: folds 
nord1k5: folds 
Uncalled bet ($0.05) returned to mentoRisen
mentoRisen collected $0.10 from pot
mentoRisen: doesn't show hand 
*** SUMMARY ***
Total pot $0.10 | Rake $0 
Seat 1: Petresa (button) folded before Flop (didn't bet)
Seat 2: nord1k5 (small blind) folded before Flop
Seat 3: mentoRisen (big blind) collected ($0.10)
Seat 4: NaritaSenpai folded before Flop (didn't bet)
Seat 5: oldmoony folded before Flop (didn't bet)
Seat 6: Mahu2021 folded before Flop (didn't bet)



PokerStars Zoom Hand #253850934648:  Hold'em No Limit ($0.05/$0.10) - 2024/12/14 16:40:20 CET [2024/12/14 10:40:20 ET]
Table 'Aludra' 6-max Seat #1 is the button
Seat 1: Mahu2021 ($10.57 in chips) 
Seat 2: Ktjiing ($11.80 in chips) 
Seat 3: SuperAlex23 ($17.88 in chips) 
Seat 4: 1857Dan ($10.94 in chips) 
Seat 5: P1ntail ($12.31 in chips) 
Seat 6: NaritaSenpai ($10.55 in chips) 
Ktjiing: posts small blind $0.05
SuperAlex23: posts big blind $0.10
*** HOLE CARDS ***
Dealt to Mahu2021 [Jd Qh]
1857Dan: folds 
P1ntail: folds 
NaritaSenpai: raises $0.10 to $0.20
Mahu2021: calls $0.20
Ktjiing: folds 
SuperAlex23: calls $0.10
*** FLOP *** [Tc As Jc]
SuperAlex23: checks 
NaritaSenpai: checks 
Mahu2021: checks 
*** TURN *** [Tc As Jc] [6s]
SuperAlex23: checks 
NaritaSenpai: checks 
Mahu2021: bets $0.20
SuperAlex23: folds 
NaritaSenpai: calls $0.20
*** RIVER *** [Tc As Jc 6s] [9c]
NaritaSenpai: checks 
Mahu2021: checks 
*** SHOW DOWN ***
NaritaSenpai: shows [3d Ad] (a pair of Aces)
Mahu2021: mucks hand 
NaritaSenpai collected $1 from pot
*** SUMMARY ***
Total pot $1.05 | Rake $0.05 
Board [Tc As Jc 6s 9c]
Seat 1: Mahu2021 (button) mucked [Jd Qh]
Seat 2: Ktjiing (small blind) folded before Flop
Seat 3: SuperAlex23 (big blind) folded on the Turn
Seat 4: 1857Dan folded before Flop (didn't bet)
Seat 5: P1ntail folded before Flop (didn't bet)
Seat 6: NaritaSenpai showed [3d Ad] and won ($1) with a pair of Aces



PokerStars Zoom Hand #253850945657:  Hold'em No Limit ($0.05/$0.10) - 2024/12/14 16:41:10 CET [2024/12/14 10:41:10 ET]
Table 'Aludra' 6-max Seat #1 is the button
Seat 1: fumiy0923 ($10.22 in chips) 
Seat 2: NaritaSenpai ($11.47 in chips) 
Seat 3: Mahu2021 ($10.17 in chips) 
Seat 4: mikkelangel0 ($10 in chips) 
Seat 5: cghap ($20.08 in chips) 
Seat 6: begaigazimIT ($16.34 in chips) 
NaritaSenpai: posts small blind $0.05
Mahu2021: posts big blind $0.10
*** HOLE CARDS ***
Dealt to Mahu2021 [Qd Qh]
mikkelangel0: folds 
cghap: raises $0.15 to $0.25
begaigazimIT: folds 
fumiy0923: folds 
NaritaSenpai: folds 
Mahu2021: raises $9.92 to $10.17 and is all-in
cghap: folds 
Uncalled bet ($9.92) returned to Mahu2021
Mahu2021 collected $0.55 from pot
Mahu2021: doesn't show hand 
*** SUMMARY ***
Total pot $0.55 | Rake $0 
Seat 1: fumiy0923 (button) folded before Flop (didn't bet)
Seat 2: NaritaSenpai (small blind) folded before Flop
Seat 3: Mahu2021 (big blind) collected ($0.55)
Seat 4: mikkelangel0 folded before Flop (didn't bet)
Seat 5: cghap folded before Flop
Seat 6: begaigazimIT folded before Flop (didn't bet)



PokerStars Zoom Hand #253850951204:  Hold'em No Limit ($0.05/$0.10) - 2024/12/14 16:41:36 CET [2024/12/14 10:41:36 ET]
Table 'Aludra' 6-max Seat #1 is the button
Seat 1: based-stylo ($16.14 in chips) 
Seat 2: Kouta91 ($6.45 in chips) 
Seat 3: Bur1k ($5.68 in chips) 
Seat 4: Mahu2021 ($10.47 in chips) 
Seat 5: Andrey458 ($10.05 in chips) 
Seat 6: JAntdog ($14.29 in chips) 
Kouta91: posts small blind $0.05
Bur1k: posts big blind $0.10
*** HOLE CARDS ***
Dealt to Mahu2021 [2s 4s]
Mahu2021: folds 
Andrey458: folds 
JAntdog: folds 
based-stylo: folds 
Kouta91: calls $0.05
Bur1k: checks 
*** FLOP *** [6c 7h 6s]
Kouta91: bets $0.10
Bur1k: folds 
Uncalled bet ($0.10) returned to Kouta91
Kouta91 collected $0.19 from pot
Kouta91: doesn't show hand 
*** SUMMARY ***
Total pot $0.20 | Rake $0.01 
Board [6c 7h 6s]
Seat 1: based-stylo (button) folded before Flop (didn't bet)
Seat 2: Kouta91 (small blind) collected ($0.19)
Seat 3: Bur1k (big blind) folded on the Flop
Seat 4: Mahu2021 folded before Flop (didn't bet)
Seat 5: Andrey458 folded before Flop (didn't bet)
Seat 6: JAntdog folded before Flop (didn't bet)



PokerStars Zoom Hand #253850953038:  Hold'em No Limit ($0.05/$0.10) - 2024/12/14 16:41:45 CET [2024/12/14 10:41:45 ET]
Table 'Aludra' 6-max Seat #1 is the button
Seat 1: Mahu2021 ($10.47 in chips) 
Seat 2: muku_poker ($10.20 in chips) 
Seat 3: Hornet409 ($10 in chips) 
Seat 4: Ktjiing ($11.50 in chips) 
Seat 5: Bur1k ($6.87 in chips) 
Seat 6: LucaoLMZ ($21.27 in chips) 
muku_poker: posts small blind $0.05
Hornet409: posts big blind $0.10
*** HOLE CARDS ***
Dealt to Mahu2021 [Ac As]
Ktjiing: folds 
Bur1k: raises $0.20 to $0.30
LucaoLMZ: folds 
Mahu2021: raises $10.17 to $10.47 and is all-in
muku_poker: folds 
Hornet409: folds 
Bur1k: folds 
Uncalled bet ($10.17) returned to Mahu2021
Mahu2021 collected $0.75 from pot
Mahu2021: doesn't show hand 
*** SUMMARY ***
Total pot $0.75 | Rake $0 
Seat 1: Mahu2021 (button) collected ($0.75)
Seat 2: muku_poker (small blind) folded before Flop
Seat 3: Hornet409 (big blind) folded before Flop
Seat 4: Ktjiing folded before Flop (didn't bet)
Seat 5: Bur1k folded before Flop
Seat 6: LucaoLMZ folded before Flop (didn't bet)



PokerStars Zoom Hand #253850952169:  Hold'em No Limit ($0.05/$0.10) - 2024/12/14 16:41:40 CET [2024/12/14 10:41:40 ET]
Table 'Aludra' 6-max Seat #1 is the button
Seat 1: Cosmic167 ($10 in chips) 
Seat 2: Cubansk ($9.06 in chips) 
Seat 3: oldmoony ($11 in chips) 
Seat 4: based-stylo ($23.30 in chips) 
Seat 5: Mahu2021 ($10.47 in chips) 
Seat 6: budka118 ($4.89 in chips) 
Cubansk: posts small blind $0.05
oldmoony: posts big blind $0.10
*** HOLE CARDS ***
Dealt to Mahu2021 [2s 8h]
based-stylo: raises $0.12 to $0.22
Mahu2021: folds 
budka118: folds 
Cosmic167: folds 
Cubansk: folds 
oldmoony: calls $0.12
*** FLOP *** [5h 9s 4d]
oldmoony: checks 
based-stylo: bets $0.16
oldmoony: calls $0.16
*** TURN *** [5h 9s 4d] [As]
oldmoony: checks 
based-stylo: bets $1.22
oldmoony: calls $1.22
*** RIVER *** [5h 9s 4d As] [8s]
oldmoony: checks 
based-stylo: checks 
*** SHOW DOWN ***
oldmoony: shows [5d 3c] (a pair of Fives)
based-stylo: shows [Ah 4h] (two pair, Aces and Fours)
based-stylo collected $3.10 from pot
*** SUMMARY ***
Total pot $3.25 | Rake $0.15 
Board [5h 9s 4d As 8s]
Seat 1: Cosmic167 (button) folded before Flop (didn't bet)
Seat 2: Cubansk (small blind) folded before Flop
Seat 3: oldmoony (big blind) showed [5d 3c] and lost with a pair of Fives
Seat 4: based-stylo showed [Ah 4h] and won ($3.10) with two pair, Aces and Fours
Seat 5: Mahu2021 folded before Flop (didn't bet)
Seat 6: budka118 folded before Flop (didn't bet)



PokerStars Zoom Hand #253850959927:  Hold'em No Limit ($0.05/$0.10) - 2024/12/14 16:42:17 CET [2024/12/14 10:42:17 ET]
Table 'Aludra' 6-max Seat #1 is the button
Seat 1: plutishka4 ($25.34 in chips) 
Seat 2: Mahu2021 ($10.92 in chips) 
Seat 3: KRSofM ($7.36 in chips) 
Seat 4: Bur1k ($6.57 in chips) 
Seat 5: steloukos13 ($8.57 in chips) 
Seat 6: fumiy0923 ($9.51 in chips) 
Mahu2021: posts small blind $0.05
KRSofM: posts big blind $0.10
*** HOLE CARDS ***
Dealt to Mahu2021 [5d Ad]
Bur1k: folds 
steloukos13: folds 
fumiy0923: folds 
plutishka4: raises $0.20 to $0.30
Mahu2021: calls $0.25
KRSofM: folds 
*** FLOP *** [Td Ah Tc]
Mahu2021: checks 
plutishka4: bets $0.34
Mahu2021: calls $0.34
*** TURN *** [Td Ah Tc] [Kc]
Mahu2021: checks 
plutishka4: bets $0.86
Mahu2021: calls $0.86
*** RIVER *** [Td Ah Tc Kc] [3s]
Mahu2021: checks 
plutishka4: bets $2.96
Mahu2021: calls $2.96
*** SHOW DOWN ***
plutishka4: shows [Kd Ks] (a full house, Kings full of Tens)
Mahu2021: mucks hand 
plutishka4 collected $8.61 from pot
*** SUMMARY ***
Total pot $9.02 | Rake $0.41 
Board [Td Ah Tc Kc 3s]
Seat 1: plutishka4 (button) showed [Kd Ks] and won ($8.61) with a full house, Kings full of Tens
Seat 2: Mahu2021 (small blind) mucked [5d Ad]
Seat 3: KRSofM (big blind) folded before Flop
Seat 4: Bur1k folded before Flop (didn't bet)
Seat 5: steloukos13 folded before Flop (didn't bet)
Seat 6: fumiy0923 folded before Flop (didn't bet)



PokerStars Zoom Hand #253850950266:  Hold'em No Limit ($0.05/$0.10) - 2024/12/14 16:41:31 CET [2024/12/14 10:41:31 ET]
Table 'Aludra' 6-max Seat #1 is the button
Seat 1: budka118 ($4.89 in chips) 
Seat 2: misterdenister ($13.18 in chips) 
Seat 3: T.D.L.D.K ($10.10 in chips) 
Seat 4: Cosmic167 ($11.06 in chips) 
Seat 5: Mahu2021 ($10.47 in chips) 
Seat 6: eAh_BlackDevil ($35.11 in chips) 
misterdenister: posts small blind $0.05
T.D.L.D.K: posts big blind $0.10
*** HOLE CARDS ***
Dealt to Mahu2021 [8s Tc]
Cosmic167: raises $0.15 to $0.25
Mahu2021: folds 
eAh_BlackDevil: raises $0.45 to $0.70
budka118: folds 
misterdenister has timed out
misterdenister: folds 
T.D.L.D.K: folds 
Cosmic167: calls $0.45
*** FLOP *** [3c Qc Ks]
Cosmic167: checks 
eAh_BlackDevil: bets $0.44
Cosmic167: calls $0.44
*** TURN *** [3c Qc Ks] [5h]
Cosmic167: checks 
eAh_BlackDevil: checks 
*** RIVER *** [3c Qc Ks 5h] [8c]
Cosmic167: bets $2.90
eAh_BlackDevil: folds 
Uncalled bet ($2.90) returned to Cosmic167
Cosmic167 collected $2.32 from pot
Cosmic167: doesn't show hand 
*** SUMMARY ***
Total pot $2.43 | Rake $0.11 
Board [3c Qc Ks 5h 8c]
Seat 1: budka118 (button) folded before Flop (didn't bet)
Seat 2: misterdenister (small blind) folded before Flop
Seat 3: T.D.L.D.K (big blind) folded before Flop
Seat 4: Cosmic167 collected ($2.32)
Seat 5: Mahu2021 folded before Flop (didn't bet)
Seat 6: eAh_BlackDevil folded on the River



PokerStars Zoom Hand #253850969273:  Hold'em No Limit ($0.05/$0.10) - 2024/12/14 16:43:00 CET [2024/12/14 10:43:00 ET]
Table 'Aludra' 6-max Seat #1 is the button
Seat 1: oldmoony ($10 in chips) 
Seat 2: Andrey458 ($13.99 in chips) 
Seat 3: plutishka4 ($29.49 in chips) 
Seat 4: mentoRisen ($10 in chips) 
Seat 5: counsellor13 ($5.21 in chips) 
Seat 6: Mahu2021 ($6.46 in chips) 
Andrey458: posts small blind $0.05
plutishka4: posts big blind $0.10
*** HOLE CARDS ***
Dealt to Mahu2021 [Qc 7c]
mentoRisen: raises $0.15 to $0.25
counsellor13 is disconnected 
counsellor13 has timed out while disconnected
counsellor13: folds 
Mahu2021: folds 
oldmoony: folds 
Andrey458: folds 
plutishka4: folds 
Uncalled bet ($0.15) returned to mentoRisen
mentoRisen collected $0.25 from pot
mentoRisen: doesn't show hand 
*** SUMMARY ***
Total pot $0.25 | Rake $0 
Seat 1: oldmoony (button) folded before Flop (didn't bet)
Seat 2: Andrey458 (small blind) folded before Flop
Seat 3: plutishka4 (big blind) folded before Flop
Seat 4: mentoRisen collected ($0.25)
Seat 5: counsellor13 folded before Flop (didn't bet)
Seat 6: Mahu2021 folded before Flop (didn't bet)



PokerStars Zoom Hand #253850974403:  Hold'em No Limit ($0.05/$0.10) - 2024/12/14 16:43:24 CET [2024/12/14 10:43:24 ET]
Table 'Aludra' 6-max Seat #1 is the button
Seat 1: T.D.L.D.K ($10 in chips) 
Seat 2: JAntdog ($13.41 in chips) 
Seat 3: Mahu2021 ($6.46 in chips) 
Seat 4: OoJohnStevensoO ($10.49 in chips) 
Seat 5: vojtek1968 ($9.64 in chips) 
Seat 6: Photogra308 ($15.54 in chips) 
JAntdog: posts small blind $0.05
Mahu2021: posts big blind $0.10
*** HOLE CARDS ***
Dealt to Mahu2021 [5d 3h]
OoJohnStevensoO: folds 
vojtek1968: folds 
Photogra308: folds 
T.D.L.D.K: raises $0.15 to $0.25
JAntdog: folds 
Mahu2021: folds 
Uncalled bet ($0.15) returned to T.D.L.D.K
T.D.L.D.K collected $0.25 from pot
T.D.L.D.K: doesn't show hand 
*** SUMMARY ***
Total pot $0.25 | Rake $0 
Seat 1: T.D.L.D.K (button) collected ($0.25)
Seat 2: JAntdog (small blind) folded before Flop
Seat 3: Mahu2021 (big blind) folded before Flop
Seat 4: OoJohnStevensoO folded before Flop (didn't bet)
Seat 5: vojtek1968 folded before Flop (didn't bet)
Seat 6: Photogra308 folded before Flop (didn't bet)



PokerStars Zoom Hand #253850977029:  Hold'em No Limit ($0.05/$0.10) - 2024/12/14 16:43:36 CET [2024/12/14 10:43:36 ET]
Table 'Aludra' 6-max Seat #1 is the button
Seat 1: mentoRisen ($10.15 in chips) 
Seat 2: JacDs ($10 in chips) 
Seat 3: mrfreaky1989 ($11.41 in chips) 
Seat 4: NaritaSenpai ($11.27 in chips) 
Seat 5: Cosmic167 ($12.39 in chips) 
Seat 6: Mahu2021 ($6.36 in chips) 
JacDs: posts small blind $0.05
mrfreaky1989: posts big blind $0.10
*** HOLE CARDS ***
Dealt to Mahu2021 [Kc Ah]
NaritaSenpai: folds 
Cosmic167: folds 
Mahu2021: raises $0.20 to $0.30
mentoRisen: folds 
JacDs: folds 
mrfreaky1989: folds 
Uncalled bet ($0.20) returned to Mahu2021
Mahu2021 collected $0.25 from pot
Mahu2021: doesn't show hand 
*** SUMMARY ***
Total pot $0.25 | Rake $0 
Seat 1: mentoRisen (button) folded before Flop (didn't bet)
Seat 2: JacDs (small blind) folded before Flop
Seat 3: mrfreaky1989 (big blind) folded before Flop
Seat 4: NaritaSenpai folded before Flop (didn't bet)
Seat 5: Cosmic167 folded before Flop (didn't bet)
Seat 6: Mahu2021 collected ($0.25)



PokerStars Zoom Hand #253850973100:  Hold'em No Limit ($0.05/$0.10) - 2024/12/14 16:43:18 CET [2024/12/14 10:43:18 ET]
Table 'Aludra' 6-max Seat #1 is the button
Seat 1: Lentwood ($11.94 in chips) 
Seat 2: ErnieBel ($18.15 in chips) 
Seat 3: oldmoony ($10 in chips) 
Seat 4: Mahu2021 ($6.46 in chips) 
Seat 5: eAh_BlackDevil ($33.92 in chips) 
Seat 6: znakke ($15.86 in chips) 
ErnieBel: posts small blind $0.05
oldmoony: posts big blind $0.10
*** HOLE CARDS ***
Dealt to Mahu2021 [Jh 8d]
Mahu2021: folds 
eAh_BlackDevil: raises $0.10 to $0.20
znakke: folds 
Lentwood: raises $0.40 to $0.60
ErnieBel: folds 
oldmoony: folds 
eAh_BlackDevil: raises $1.40 to $2
Lentwood: calls $1.40
*** FLOP *** [7h Ad Ts]
eAh_BlackDevil: bets $1.19
Lentwood: calls $1.19
*** TURN *** [7h Ad Ts] [6h]
eAh_BlackDevil: checks 
Lentwood: bets $8.75 and is all-in
eAh_BlackDevil: folds 
Uncalled bet ($8.75) returned to Lentwood
Lentwood collected $6.24 from pot
Lentwood: doesn't show hand 
*** SUMMARY ***
Total pot $6.53 | Rake $0.29 
Board [7h Ad Ts 6h]
Seat 1: Lentwood (button) collected ($6.24)
Seat 2: ErnieBel (small blind) folded before Flop
Seat 3: oldmoony (big blind) folded before Flop
Seat 4: Mahu2021 folded before Flop (didn't bet)
Seat 5: eAh_BlackDevil folded on the Turn
Seat 6: znakke folded before Flop (didn't bet)



PokerStars Zoom Hand #253850979859:  Hold'em No Limit ($0.05/$0.10) - 2024/12/14 16:43:49 CET [2024/12/14 10:43:49 ET]
Table 'Aludra' 6-max Seat #1 is the button
Seat 1: Mahu2021 ($6.51 in chips) 
Seat 2: Cubansk ($8.45 in chips) 
Seat 3: fastboss358 ($10.15 in chips) 
Seat 4: nikoooo ($14.81 in chips) 
Seat 5: BlackWido0w13 ($22.92 in chips) 
Seat 6: KRSofM ($18.79 in chips) 
Cubansk: posts small blind $0.05
fastboss358: posts big blind $0.10
*** HOLE CARDS ***
Dealt to Mahu2021 [Kd Jc]
nikoooo: raises $0.15 to $0.25
BlackWido0w13: calls $0.25
KRSofM: folds 
Mahu2021: calls $0.25
Cubansk: raises $1.25 to $1.50
fastboss358: folds 
nikoooo: calls $1.25
BlackWido0w13: calls $1.25
Mahu2021: folds 
*** FLOP *** [4s 8h Ah]
Cubansk: bets $1.57
nikoooo: folds 
BlackWido0w13: calls $1.57
*** TURN *** [4s 8h Ah] [7h]
Cubansk: bets $5.38 and is all-in
BlackWido0w13: calls $5.38
*** RIVER *** [4s 8h Ah 7h] [Kc]
*** SHOW DOWN ***
Cubansk: shows [Qd Ad] (a pair of Aces)
BlackWido0w13: shows [3s 8s] (a pair of Eights)
Cubansk collected $17.91 from pot
*** SUMMARY ***
Total pot $18.75 | Rake $0.84 
Board [4s 8h Ah 7h Kc]
Seat 1: Mahu2021 (button) folded before Flop
Seat 2: Cubansk (small blind) showed [Qd Ad] and won ($17.91) with a pair of Aces
Seat 3: fastboss358 (big blind) folded before Flop
Seat 4: nikoooo folded on the Flop
Seat 5: BlackWido0w13 showed [3s 8s] and lost with a pair of Eights
Seat 6: KRSofM folded before Flop (didn't bet)



PokerStars Zoom Hand #253851127920:  Hold'em No Limit ($0.05/$0.10) - 2024/12/14 16:55:16 CET [2024/12/14 10:55:16 ET]
Table 'Aludra' 6-max Seat #1 is the button
Seat 1: JAntdog ($13.83 in chips) 
Seat 2: Andrey458 ($10.95 in chips) 
Seat 3: Mahu2021 ($6.21 in chips) 
Seat 4: JacDs ($12.22 in chips) 
Seat 5: nord1k5 ($12 in chips) 
Seat 6: mirorbit ($9.77 in chips) 
Andrey458: posts small blind $0.05
Mahu2021: posts big blind $0.10
*** HOLE CARDS ***
Dealt to Mahu2021 [9d 2h]
JacDs: folds 
nord1k5: folds 
mirorbit: folds 
JAntdog: folds 
Andrey458: folds 
Uncalled bet ($0.05) returned to Mahu2021
Mahu2021 collected $0.10 from pot
Mahu2021: doesn't show hand 
*** SUMMARY ***
Total pot $0.10 | Rake $0 
Seat 1: JAntdog (button) folded before Flop (didn't bet)
Seat 2: Andrey458 (small blind) folded before Flop
Seat 3: Mahu2021 (big blind) collected ($0.10)
Seat 4: JacDs folded before Flop (didn't bet)
Seat 5: nord1k5 folded before Flop (didn't bet)
Seat 6: mirorbit folded before Flop (didn't bet)



PokerStars Zoom Hand #253851127367:  Hold'em No Limit ($0.05/$0.10) - 2024/12/14 16:55:12 CET [2024/12/14 10:55:12 ET]
Table 'Aludra' 6-max Seat #1 is the button
Seat 1: bout042 ($8.81 in chips) 
Seat 2: milooj ($16.54 in chips) 
Seat 3: KRSofM ($19.81 in chips) 
Seat 4: Cosmic167 ($11.48 in chips) 
Seat 5: Mahu2021 ($6.21 in chips) 
Seat 6: Giovanni2684 ($15.66 in chips) 
milooj: posts small blind $0.05
KRSofM: posts big blind $0.10
*** HOLE CARDS ***
Dealt to Mahu2021 [Tc 7s]
Cosmic167: folds 
Mahu2021: folds 
Giovanni2684: folds 
bout042: folds 
milooj: folds 
Uncalled bet ($0.05) returned to KRSofM
KRSofM collected $0.10 from pot
KRSofM: doesn't show hand 
*** SUMMARY ***
Total pot $0.10 | Rake $0 
Seat 1: bout042 (button) folded before Flop (didn't bet)
Seat 2: milooj (small blind) folded before Flop
Seat 3: KRSofM (big blind) collected ($0.10)
Seat 4: Cosmic167 folded before Flop (didn't bet)
Seat 5: Mahu2021 folded before Flop (didn't bet)
Seat 6: Giovanni2684 folded before Flop (didn't bet)



PokerStars Zoom Hand #253851129251:  Hold'em No Limit ($0.05/$0.10) - 2024/12/14 16:55:25 CET [2024/12/14 10:55:25 ET]
Table 'Aludra' 6-max Seat #1 is the button
Seat 1: Cubansk ($21.57 in chips) 
Seat 2: Cosmic167 ($10.18 in chips) 
Seat 3: osakei1024 ($5.15 in chips) 
Seat 4: Mahu2021 ($6.26 in chips) 
Seat 5: SuperAlex23 ($7.99 in chips) 
Seat 6: JacDs ($12.22 in chips) 
Cosmic167: posts small blind $0.05
osakei1024: posts big blind $0.10
*** HOLE CARDS ***
Dealt to Mahu2021 [9h 7s]
Mahu2021: folds 
SuperAlex23: folds 
JacDs: folds 
Cubansk: raises $0.15 to $0.25
Cosmic167: folds 
osakei1024: folds 
Uncalled bet ($0.15) returned to Cubansk
Cubansk collected $0.25 from pot
Cubansk: doesn't show hand 
*** SUMMARY ***
Total pot $0.25 | Rake $0 
Seat 1: Cubansk (button) collected ($0.25)
Seat 2: Cosmic167 (small blind) folded before Flop
Seat 3: osakei1024 (big blind) folded before Flop
Seat 4: Mahu2021 folded before Flop (didn't bet)
Seat 5: SuperAlex23 folded before Flop (didn't bet)
Seat 6: JacDs folded before Flop (didn't bet)



PokerStars Zoom Hand #253851130505:  Hold'em No Limit ($0.05/$0.10) - 2024/12/14 16:55:33 CET [2024/12/14 10:55:33 ET]
Table 'Aludra' 6-max Seat #1 is the button
Seat 1: based-stylo ($26.14 in chips) 
Seat 2: Mahu2021 ($6.26 in chips) 
Seat 3: Andrey458 ($11.05 in chips) 
Seat 4: KRSofM ($9.18 in chips) 
Seat 5: osakei1024 ($5.54 in chips) 
Seat 6: michaltoja ($10.05 in chips) 
Mahu2021: posts small blind $0.05
Andrey458: posts big blind $0.10
*** HOLE CARDS ***
Dealt to Mahu2021 [3h Js]
KRSofM: folds 
osakei1024: folds 
michaltoja: folds 
based-stylo: folds 
Mahu2021: folds 
Uncalled bet ($0.05) returned to Andrey458
Andrey458 collected $0.10 from pot
Andrey458: doesn't show hand 
*** SUMMARY ***
Total pot $0.10 | Rake $0 
Seat 1: based-stylo (button) folded before Flop (didn't bet)
Seat 2: Mahu2021 (small blind) folded before Flop
Seat 3: Andrey458 (big blind) collected ($0.10)
Seat 4: KRSofM folded before Flop (didn't bet)
Seat 5: osakei1024 folded before Flop (didn't bet)
Seat 6: michaltoja folded before Flop (didn't bet)



PokerStars Zoom Hand #253851126723:  Hold'em No Limit ($0.05/$0.10) - 2024/12/14 16:55:09 CET [2024/12/14 10:55:09 ET]
Table 'Aludra' 6-max Seat #1 is the button
Seat 1: cghap ($14 in chips) 
Seat 2: pokking876 ($10.92 in chips) 
Seat 3: ErnieBel ($18.53 in chips) 
Seat 4: bruceh42 ($6.28 in chips) 
Seat 5: Mahu2021 ($6.21 in chips) 
Seat 6: Ser Gregory ($27.39 in chips) 
pokking876: posts small blind $0.05
ErnieBel: posts big blind $0.10
*** HOLE CARDS ***
Dealt to Mahu2021 [4c Td]
bruceh42: calls $0.10
Mahu2021: folds 
Ser Gregory: folds 
cghap: raises $0.30 to $0.40
pokking876: folds 
ErnieBel: folds 
bruceh42: folds 
Uncalled bet ($0.30) returned to cghap
cghap collected $0.35 from pot
cghap: doesn't show hand 
*** SUMMARY ***
Total pot $0.35 | Rake $0 
Seat 1: cghap (button) collected ($0.35)
Seat 2: pokking876 (small blind) folded before Flop
Seat 3: ErnieBel (big blind) folded before Flop
Seat 4: bruceh42 folded before Flop
Seat 5: Mahu2021 folded before Flop (didn't bet)
Seat 6: Ser Gregory folded before Flop (didn't bet)



PokerStars Zoom Hand #253851124213:  Hold'em No Limit ($0.05/$0.10) - 2024/12/14 16:54:58 CET [2024/12/14 10:54:58 ET]
Table 'Aludra' 6-max Seat #1 is the button
Seat 1: Cheeeeerrss1 ($37.43 in chips) 
Seat 2: Mahu2021 ($6.26 in chips) 
Seat 3: BlackWido0w13 ($18.04 in chips) 
Seat 4: Cosmic167 ($10 in chips) 
Seat 5: Ser Gregory ($27.39 in chips) 
Seat 6: oldmoony ($16.77 in chips) 
Mahu2021: posts small blind $0.05
BlackWido0w13: posts big blind $0.10
*** HOLE CARDS ***
Dealt to Mahu2021 [7s 6s]
Cosmic167: folds 
Ser Gregory: folds 
oldmoony: raises $0.10 to $0.20
Cheeeeerrss1: raises $0.45 to $0.65
Mahu2021: folds 
BlackWido0w13: calls $0.55
oldmoony: folds 
*** FLOP *** [6d 5s Jh]
BlackWido0w13: checks 
Cheeeeerrss1: bets $0.49
BlackWido0w13: calls $0.49
*** TURN *** [6d 5s Jh] [5c]
BlackWido0w13: checks 
Cheeeeerrss1: checks 
*** RIVER *** [6d 5s Jh 5c] [4s]
BlackWido0w13: bets $1.21
Cheeeeerrss1: raises $3.63 to $4.84
BlackWido0w13: folds 
Uncalled bet ($3.63) returned to Cheeeeerrss1
Cheeeeerrss1 collected $4.73 from pot
Cheeeeerrss1: doesn't show hand 
*** SUMMARY ***
Total pot $4.95 | Rake $0.22 
Board [6d 5s Jh 5c 4s]
Seat 1: Cheeeeerrss1 (button) collected ($4.73)
Seat 2: Mahu2021 (small blind) folded before Flop
Seat 3: BlackWido0w13 (big blind) folded on the River
Seat 4: Cosmic167 folded before Flop (didn't bet)
Seat 5: Ser Gregory folded before Flop (didn't bet)
Seat 6: oldmoony folded before Flop



PokerStars Zoom Hand #253851131077:  Hold'em No Limit ($0.05/$0.10) - 2024/12/14 16:55:37 CET [2024/12/14 10:55:37 ET]
Table 'Aludra' 6-max Seat #1 is the button
Seat 1: Mahu2021 ($6.21 in chips) 
Seat 2: nord1k5 ($10 in chips) 
Seat 3: bruceh42 ($6.18 in chips) 
Seat 4: COVEIROANCAP ($10.72 in chips) 
Seat 5: osakei1024 ($5.54 in chips) 
Seat 6: Lentwood ($14.57 in chips) 
nord1k5: posts small blind $0.05
bruceh42: posts big blind $0.10
*** HOLE CARDS ***
Dealt to Mahu2021 [3h Ah]
COVEIROANCAP: raises $0.15 to $0.25
osakei1024: folds 
Lentwood: folds 
Mahu2021: calls $0.25
nord1k5: raises $1.20 to $1.45
bruceh42: calls $1.35
COVEIROANCAP: folds 
Mahu2021: folds 
*** FLOP *** [Js 9d Th]
nord1k5: bets $8.55 and is all-in
bruceh42: folds 
Uncalled bet ($8.55) returned to nord1k5
nord1k5 collected $3.25 from pot
nord1k5: doesn't show hand 
*** SUMMARY ***
Total pot $3.40 | Rake $0.15 
Board [Js 9d Th]
Seat 1: Mahu2021 (button) folded before Flop
Seat 2: nord1k5 (small blind) collected ($3.25)
Seat 3: bruceh42 (big blind) folded on the Flop
Seat 4: COVEIROANCAP folded before Flop
Seat 5: osakei1024 folded before Flop (didn't bet)
Seat 6: Lentwood folded before Flop (didn't bet)



PokerStars Zoom Hand #253851133902:  Hold'em No Limit ($0.05/$0.10) - 2024/12/14 16:55:55 CET [2024/12/14 10:55:55 ET]
Table 'Aludra' 6-max Seat #1 is the button
Seat 1: Cosmic167 ($10 in chips) 
Seat 2: osakei1024 ($5.05 in chips) 
Seat 3: Mahu2021 ($5.96 in chips) 
Seat 4: KRSofM ($11.33 in chips) 
Seat 5: budka118 ($7.72 in chips) 
Seat 6: JacDs ($10.40 in chips) 
osakei1024: posts small blind $0.05
Mahu2021: posts big blind $0.10
*** HOLE CARDS ***
Dealt to Mahu2021 [Kd Ac]
KRSofM: folds 
budka118: calls $0.10
JacDs: folds 
Cosmic167: folds 
osakei1024: folds 
Mahu2021: raises $0.40 to $0.50
budka118: calls $0.40
*** FLOP *** [Ah 6c 7d]
Mahu2021: bets $1
budka118: calls $1
*** TURN *** [Ah 6c 7d] [3c]
Mahu2021: bets $4.46 and is all-in
budka118: folds 
Uncalled bet ($4.46) returned to Mahu2021
Mahu2021 collected $2.91 from pot
Mahu2021: doesn't show hand 
*** SUMMARY ***
Total pot $3.05 | Rake $0.14 
Board [Ah 6c 7d 3c]
Seat 1: Cosmic167 (button) folded before Flop (didn't bet)
Seat 2: osakei1024 (small blind) folded before Flop
Seat 3: Mahu2021 (big blind) collected ($2.91)
Seat 4: KRSofM folded before Flop (didn't bet)
Seat 5: budka118 folded on the Turn
Seat 6: JacDs folded before Flop (didn't bet)



PokerStars Zoom Hand #253851137995:  Hold'em No Limit ($0.05/$0.10) - 2024/12/14 16:56:21 CET [2024/12/14 10:56:21 ET]
Table 'Aludra' 6-max Seat #1 is the button
Seat 1: Ser Gregory ($27.53 in chips) 
Seat 2: Domgot ($12.87 in chips) 
Seat 3: KRSofM ($12.80 in chips) 
Seat 4: nutte1963 ($9.20 in chips) 
Seat 5: Mahu2021 ($7.37 in chips) 
Seat 6: nord1k5 ($11.80 in chips) 
Domgot: posts small blind $0.05
KRSofM: posts big blind $0.10
*** HOLE CARDS ***
Dealt to Mahu2021 [Kd 2h]
nutte1963: folds 
Mahu2021: folds 
nord1k5: folds 
Ser Gregory: folds 
Domgot: folds 
Uncalled bet ($0.05) returned to KRSofM
KRSofM collected $0.10 from pot
KRSofM: doesn't show hand 
*** SUMMARY ***
Total pot $0.10 | Rake $0 
Seat 1: Ser Gregory (button) folded before Flop (didn't bet)
Seat 2: Domgot (small blind) folded before Flop
Seat 3: KRSofM (big blind) collected ($0.10)
Seat 4: nutte1963 folded before Flop (didn't bet)
Seat 5: Mahu2021 folded before Flop (didn't bet)
Seat 6: nord1k5 folded before Flop (didn't bet)



PokerStars Zoom Hand #253851138585:  Hold'em No Limit ($0.05/$0.10) - 2024/12/14 16:56:25 CET [2024/12/14 10:56:25 ET]
Table 'Aludra' 6-max Seat #1 is the button
Seat 1: Domgot ($12.82 in chips) 
Seat 2: Mr Jim 77 ($13.56 in chips) 
Seat 3: nutte1963 ($9.20 in chips) 
Seat 4: Mahu2021 ($7.37 in chips) 
Seat 5: pokking876 ($5.43 in chips) 
Seat 6: michaltoja ($10 in chips) 
Mr Jim 77: posts small blind $0.05
nutte1963: posts big blind $0.10
*** HOLE CARDS ***
Dealt to Mahu2021 [9h Ts]
Mahu2021: folds 
pokking876: folds 
michaltoja: folds 
Domgot: folds 
Mr Jim 77: raises $0.20 to $0.30
nutte1963: folds 
Uncalled bet ($0.20) returned to Mr Jim 77
Mr Jim 77 collected $0.20 from pot
Mr Jim 77: doesn't show hand 
*** SUMMARY ***
Total pot $0.20 | Rake $0 
Seat 1: Domgot (button) folded before Flop (didn't bet)
Seat 2: Mr Jim 77 (small blind) collected ($0.20)
Seat 3: nutte1963 (big blind) folded before Flop
Seat 4: Mahu2021 folded before Flop (didn't bet)
Seat 5: pokking876 folded before Flop (didn't bet)
Seat 6: michaltoja folded before Flop (didn't bet)



PokerStars Zoom Hand #253851139375:  Hold'em No Limit ($0.05/$0.10) - 2024/12/14 16:56:30 CET [2024/12/14 10:56:30 ET]
Table 'Aludra' 6-max Seat #1 is the button
Seat 1: physics1090 ($11.06 in chips) 
Seat 2: Mahu2021 ($7.37 in chips) 
Seat 3: AwaysBluff666 ($2.23 in chips) 
Seat 4: bigBorov ($21.27 in chips) 
Seat 5: OoJohnStevensoO ($11.17 in chips) 
Seat 6: pokking876 ($5.43 in chips) 
Mahu2021: posts small blind $0.05
AwaysBluff666: posts big blind $0.10
*** HOLE CARDS ***
Dealt to Mahu2021 [4h 6d]
bigBorov: folds 
OoJohnStevensoO: folds 
pokking876: folds 
physics1090: folds 
Mahu2021: folds 
Uncalled bet ($0.05) returned to AwaysBluff666
AwaysBluff666 collected $0.10 from pot
AwaysBluff666: doesn't show hand 
*** SUMMARY ***
Total pot $0.10 | Rake $0 
Seat 1: physics1090 (button) folded before Flop (didn't bet)
Seat 2: Mahu2021 (small blind) folded before Flop
Seat 3: AwaysBluff666 (big blind) collected ($0.10)
Seat 4: bigBorov folded before Flop (didn't bet)
Seat 5: OoJohnStevensoO folded before Flop (didn't bet)
Seat 6: pokking876 folded before Flop (didn't bet)



PokerStars Zoom Hand #253851140471:  Hold'em No Limit ($0.05/$0.10) - 2024/12/14 16:56:37 CET [2024/12/14 10:56:37 ET]
Table 'Aludra' 6-max Seat #1 is the button
Seat 1: Mahu2021 ($7.32 in chips) 
Seat 2: michaltoja ($10 in chips) 
Seat 3: KRSofM ($18.96 in chips) 
Seat 4: Cosmic167 ($11.67 in chips) 
Seat 5: Turpsen ($15.03 in chips) 
Seat 6: nord1k5 ($11.80 in chips) 
michaltoja: posts small blind $0.05
KRSofM: posts big blind $0.10
*** HOLE CARDS ***
Dealt to Mahu2021 [8d 7c]
Cosmic167: folds 
Turpsen: raises $0.20 to $0.30
nord1k5: folds 
Mahu2021: folds 
michaltoja: folds 
KRSofM: folds 
Uncalled bet ($0.20) returned to Turpsen
Turpsen collected $0.25 from pot
Turpsen: doesn't show hand 
*** SUMMARY ***
Total pot $0.25 | Rake $0 
Seat 1: Mahu2021 (button) folded before Flop (didn't bet)
Seat 2: michaltoja (small blind) folded before Flop
Seat 3: KRSofM (big blind) folded before Flop
Seat 4: Cosmic167 folded before Flop (didn't bet)
Seat 5: Turpsen collected ($0.25)
Seat 6: nord1k5 folded before Flop (didn't bet)



PokerStars Zoom Hand #253851141128:  Hold'em No Limit ($0.05/$0.10) - 2024/12/14 16:56:41 CET [2024/12/14 10:56:41 ET]
Table 'Aludra' 6-max Seat #1 is the button
Seat 1: plutishka4 ($26.54 in chips) 
Seat 2: Andrey458 ($10.05 in chips) 
Seat 3: NaritaSenpai ($11.50 in chips) 
Seat 4: Mahu2021 ($7.32 in chips) 
Seat 5: JacDs ($12.58 in chips) 
Seat 6: physics1090 ($11.01 in chips) 
Andrey458: posts small blind $0.05
NaritaSenpai: posts big blind $0.10
*** HOLE CARDS ***
Dealt to Mahu2021 [7s 5c]
Mahu2021: folds 
JacDs: folds 
physics1090: raises $0.12 to $0.22
plutishka4: folds 
Andrey458: raises $0.78 to $1
NaritaSenpai: folds 
physics1090: folds 
Uncalled bet ($0.78) returned to Andrey458
Andrey458 collected $0.54 from pot
Andrey458: doesn't show hand 
*** SUMMARY ***
Total pot $0.54 | Rake $0 
Seat 1: plutishka4 (button) folded before Flop (didn't bet)
Seat 2: Andrey458 (small blind) collected ($0.54)
Seat 3: NaritaSenpai (big blind) folded before Flop
Seat 4: Mahu2021 folded before Flop (didn't bet)
Seat 5: JacDs folded before Flop (didn't bet)
Seat 6: physics1090 folded before Flop



PokerStars Zoom Hand #253851133323:  Hold'em No Limit ($0.05/$0.10) - 2024/12/14 16:55:51 CET [2024/12/14 10:55:51 ET]
Table 'Aludra' 6-max Seat #1 is the button
Seat 1: SuperAlex23 ($17.92 in chips) 
Seat 2: Dancomics ($8.75 in chips) 
Seat 3: based-stylo ($26.14 in chips) 
Seat 4: michaltoja ($10.05 in chips) 
Seat 5: McLovin060381 ($14.25 in chips) 
Seat 6: Mahu2021 ($5.96 in chips) 
Dancomics: posts small blind $0.05
based-stylo: posts big blind $0.10
*** HOLE CARDS ***
Dealt to Mahu2021 [3s 2s]
michaltoja: folds 
McLovin060381: folds 
Mahu2021: folds 
SuperAlex23: raises $0.10 to $0.20
Dancomics: calls $0.15
based-stylo: calls $0.10
*** FLOP *** [5h 2h 5d]
Dancomics: checks 
based-stylo: checks 
SuperAlex23: checks 
*** TURN *** [5h 2h 5d] [7h]
Dancomics: checks 
based-stylo: bets $0.38
SuperAlex23: calls $0.38
Dancomics: folds 
*** RIVER *** [5h 2h 5d 7h] [2c]
based-stylo: bets $1.83
SuperAlex23: folds 
Uncalled bet ($1.83) returned to based-stylo
based-stylo collected $1.30 from pot
based-stylo: doesn't show hand 
*** SUMMARY ***
Total pot $1.36 | Rake $0.06 
Board [5h 2h 5d 7h 2c]
Seat 1: SuperAlex23 (button) folded on the River
Seat 2: Dancomics (small blind) folded on the Turn
Seat 3: based-stylo (big blind) collected ($1.30)
Seat 4: michaltoja folded before Flop (didn't bet)
Seat 5: McLovin060381 folded before Flop (didn't bet)
Seat 6: Mahu2021 folded before Flop (didn't bet)



PokerStars Zoom Hand #253851141757:  Hold'em No Limit ($0.05/$0.10) - 2024/12/14 16:56:45 CET [2024/12/14 10:56:45 ET]
Table 'Aludra' 6-max Seat #1 is the button
Seat 1: Ktjiing ($21.55 in chips) 
Seat 2: T.D.L.D.K ($23.76 in chips) 
Seat 3: Mahu2021 ($7.32 in chips) 
Seat 4: Cosmic167 ($11.13 in chips) 
Seat 5: osakei1024 ($5.69 in chips) 
Seat 6: JacDs ($10.40 in chips) 
T.D.L.D.K: posts small blind $0.05
Mahu2021: posts big blind $0.10
*** HOLE CARDS ***
Dealt to Mahu2021 [Qd 8d]
Cosmic167: folds 
osakei1024: folds 
JacDs: raises $0.15 to $0.25
Ktjiing: folds 
T.D.L.D.K: folds 
Mahu2021: calls $0.15
*** FLOP *** [2h 7d Kh]
Mahu2021: checks 
JacDs: bets $0.13
Mahu2021: calls $0.13
*** TURN *** [2h 7d Kh] [7c]
Mahu2021: checks 
JacDs: bets $0.58
Mahu2021: folds 
Uncalled bet ($0.58) returned to JacDs
JacDs collected $0.77 from pot
JacDs: doesn't show hand 
*** SUMMARY ***
Total pot $0.81 | Rake $0.04 
Board [2h 7d Kh 7c]
Seat 1: Ktjiing (button) folded before Flop (didn't bet)
Seat 2: T.D.L.D.K (small blind) folded before Flop
Seat 3: Mahu2021 (big blind) folded on the Turn
Seat 4: Cosmic167 folded before Flop (didn't bet)
Seat 5: osakei1024 folded before Flop (didn't bet)
Seat 6: JacDs collected ($0.77)



PokerStars Zoom Hand #253851149460:  Hold'em No Limit ($0.05/$0.10) - 2024/12/14 16:57:33 CET [2024/12/14 10:57:33 ET]
Table 'Aludra' 6-max Seat #1 is the button
Seat 1: COVEIROANCAP ($11.93 in chips) 
Seat 2: pwhelo ($11.68 in chips) 
Seat 3: znakke ($10.77 in chips) 
Seat 4: michaltoja ($11.81 in chips) 
Seat 5: Mahu2021 ($6.94 in chips) 
Seat 6: plutishka4 ($26.63 in chips) 
pwhelo: posts small blind $0.05
znakke: posts big blind $0.10
*** HOLE CARDS ***
Dealt to Mahu2021 [8s Kd]
michaltoja: folds 
Mahu2021: folds 
plutishka4: folds 
COVEIROANCAP: folds 
pwhelo: folds 
Uncalled bet ($0.05) returned to znakke
znakke collected $0.10 from pot
znakke: doesn't show hand 
*** SUMMARY ***
Total pot $0.10 | Rake $0 
Seat 1: COVEIROANCAP (button) folded before Flop (didn't bet)
Seat 2: pwhelo (small blind) folded before Flop
Seat 3: znakke (big blind) collected ($0.10)
Seat 4: michaltoja folded before Flop (didn't bet)
Seat 5: Mahu2021 folded before Flop (didn't bet)
Seat 6: plutishka4 folded before Flop (didn't bet)



PokerStars Zoom Hand #253851148767:  Hold'em No Limit ($0.05/$0.10) - 2024/12/14 16:57:29 CET [2024/12/14 10:57:29 ET]
Table 'Aludra' 6-max Seat #1 is the button
Seat 1: Cheeeeerrss1 ($38.81 in chips) 
Seat 2: Cosmic167 ($10.98 in chips) 
Seat 3: KRSofM ($11.18 in chips) 
Seat 4: michaltoja ($11.81 in chips) 
Seat 5: Andrey458 ($10.42 in chips) 
Seat 6: Mahu2021 ($6.94 in chips) 
Cosmic167: posts small blind $0.05
KRSofM: posts big blind $0.10
*** HOLE CARDS ***
Dealt to Mahu2021 [9c 4d]
michaltoja: folds 
Andrey458: folds 
Mahu2021: folds 
Cheeeeerrss1: raises $0.15 to $0.25
Cosmic167: folds 
KRSofM: folds 
Uncalled bet ($0.15) returned to Cheeeeerrss1
Cheeeeerrss1 collected $0.25 from pot
Cheeeeerrss1: doesn't show hand 
*** SUMMARY ***
Total pot $0.25 | Rake $0 
Seat 1: Cheeeeerrss1 (button) collected ($0.25)
Seat 2: Cosmic167 (small blind) folded before Flop
Seat 3: KRSofM (big blind) folded before Flop
Seat 4: michaltoja folded before Flop (didn't bet)
Seat 5: Andrey458 folded before Flop (didn't bet)
Seat 6: Mahu2021 folded before Flop (didn't bet)



PokerStars Zoom Hand #253851150047:  Hold'em No Limit ($0.05/$0.10) - 2024/12/14 16:57:37 CET [2024/12/14 10:57:37 ET]
Table 'Aludra' 6-max Seat #1 is the button
Seat 1: pinnace46 ($13.25 in chips) 
Seat 2: Mahu2021 ($6.94 in chips) 
Seat 3: pwhelo ($11.63 in chips) 
Seat 4: Hito999 ($10.30 in chips) 
Seat 5: based-stylo ($10.22 in chips) 
Seat 6: JacDs ($11.86 in chips) 
Mahu2021: posts small blind $0.05
pwhelo: posts big blind $0.10
*** HOLE CARDS ***
Dealt to Mahu2021 [8h 3c]
Hito999: folds 
based-stylo: folds 
JacDs: folds 
pinnace46: raises $0.15 to $0.25
Mahu2021: folds 
pwhelo: folds 
Uncalled bet ($0.15) returned to pinnace46
pinnace46 collected $0.25 from pot
pinnace46: doesn't show hand 
*** SUMMARY ***
Total pot $0.25 | Rake $0 
Seat 1: pinnace46 (button) collected ($0.25)
Seat 2: Mahu2021 (small blind) folded before Flop
Seat 3: pwhelo (big blind) folded before Flop
Seat 4: Hito999 folded before Flop (didn't bet)
Seat 5: based-stylo folded before Flop (didn't bet)
Seat 6: JacDs folded before Flop (didn't bet)



PokerStars Zoom Hand #253851150619:  Hold'em No Limit ($0.05/$0.10) - 2024/12/14 16:57:40 CET [2024/12/14 10:57:40 ET]
Table 'Aludra' 6-max Seat #1 is the button
Seat 1: pokking876 ($13.87 in chips) 
Seat 2: Cosmic167 ($10 in chips) 
Seat 3: Andrey458 ($25.09 in chips) 
Seat 4: based-stylo ($26.66 in chips) 
Seat 5: royacht ($17.46 in chips) 
Seat 6: Mahu2021 ($6.89 in chips) 
Cosmic167: posts small blind $0.05
Andrey458: posts big blind $0.10
*** HOLE CARDS ***
Dealt to Mahu2021 [Kh Qd]
based-stylo: folds 
royacht: folds 
Mahu2021: raises $0.20 to $0.30
pokking876: folds 
Cosmic167: folds 
Andrey458: folds 
Uncalled bet ($0.20) returned to Mahu2021
Mahu2021 collected $0.25 from pot
Mahu2021: doesn't show hand 
*** SUMMARY ***
Total pot $0.25 | Rake $0 
Seat 1: pokking876 (button) folded before Flop (didn't bet)
Seat 2: Cosmic167 (small blind) folded before Flop
Seat 3: Andrey458 (big blind) folded before Flop
Seat 4: based-stylo folded before Flop (didn't bet)
Seat 5: royacht folded before Flop (didn't bet)
Seat 6: Mahu2021 collected ($0.25)



PokerStars Zoom Hand #253851153443:  Hold'em No Limit ($0.05/$0.10) - 2024/12/14 16:57:58 CET [2024/12/14 10:57:58 ET]
Table 'Aludra' 6-max Seat #1 is the button
Seat 1: cghap ($13.57 in chips) 
Seat 2: nord1k5 ($10.05 in chips) 
Seat 3: Mahu2021 ($7.04 in chips) 
Seat 4: michaltoja ($10 in chips) 
Seat 5: Andrey458 ($24.99 in chips) 
Seat 6: SuperAlex23 ($17.09 in chips) 
nord1k5: posts small blind $0.05
Mahu2021: posts big blind $0.10
*** HOLE CARDS ***
Dealt to Mahu2021 [Qd 8d]
michaltoja: raises $0.10 to $0.20
Andrey458: folds 
SuperAlex23: folds 
cghap: folds 
nord1k5: folds 
Mahu2021: calls $0.10
*** FLOP *** [Kc Js Ac]
Mahu2021: checks 
michaltoja: bets $0.21
Mahu2021: folds 
Uncalled bet ($0.21) returned to michaltoja
michaltoja collected $0.43 from pot
michaltoja: doesn't show hand 
*** SUMMARY ***
Total pot $0.45 | Rake $0.02 
Board [Kc Js Ac]
Seat 1: cghap (button) folded before Flop (didn't bet)
Seat 2: nord1k5 (small blind) folded before Flop
Seat 3: Mahu2021 (big blind) folded on the Flop
Seat 4: michaltoja collected ($0.43)
Seat 5: Andrey458 folded before Flop (didn't bet)
Seat 6: SuperAlex23 folded before Flop (didn't bet)



PokerStars Zoom Hand #253851157411:  Hold'em No Limit ($0.05/$0.10) - 2024/12/14 16:58:23 CET [2024/12/14 10:58:23 ET]
Table 'Aludra' 6-max Seat #1 is the button
Seat 1: Mahu2021 ($6.84 in chips) 
Seat 2: nord1k5 ($20.20 in chips) 
Seat 3: COVEIROANCAP ($12.23 in chips) 
Seat 4: cghap ($13.57 in chips) 
Seat 5: michaltoja ($10.23 in chips) 
Seat 6: Cosmic167 ($10.98 in chips) 
nord1k5: posts small blind $0.05
COVEIROANCAP: posts big blind $0.10
*** HOLE CARDS ***
Dealt to Mahu2021 [5c Qs]
cghap: folds 
michaltoja: folds 
Cosmic167: folds 
Mahu2021: folds 
nord1k5: folds 
Uncalled bet ($0.05) returned to COVEIROANCAP
COVEIROANCAP collected $0.10 from pot
COVEIROANCAP: doesn't show hand 
*** SUMMARY ***
Total pot $0.10 | Rake $0 
Seat 1: Mahu2021 (button) folded before Flop (didn't bet)
Seat 2: nord1k5 (small blind) folded before Flop
Seat 3: COVEIROANCAP (big blind) collected ($0.10)
Seat 4: cghap folded before Flop (didn't bet)
Seat 5: michaltoja folded before Flop (didn't bet)
Seat 6: Cosmic167 folded before Flop (didn't bet)



PokerStars Zoom Hand #253851158228:  Hold'em No Limit ($0.05/$0.10) - 2024/12/14 16:58:28 CET [2024/12/14 10:58:28 ET]
Table 'Aludra' 6-max Seat #1 is the button
Seat 1: based-stylo ($10.12 in chips) 
Seat 2: KRSofM ($19.43 in chips) 
Seat 3: nord1k5 ($20.15 in chips) 
Seat 4: Mahu2021 ($6.84 in chips) 
Seat 5: Cosmic167 ($10.98 in chips) 
Seat 6: McLovin060381 ($13.65 in chips) 
KRSofM: posts small blind $0.05
nord1k5: posts big blind $0.10
*** HOLE CARDS ***
Dealt to Mahu2021 [2d 7c]
Mahu2021: folds 
Cosmic167: folds 
McLovin060381: folds 
based-stylo: folds 
KRSofM: folds 
Uncalled bet ($0.05) returned to nord1k5
nord1k5 collected $0.10 from pot
nord1k5: doesn't show hand 
*** SUMMARY ***
Total pot $0.10 | Rake $0 
Seat 1: based-stylo (button) folded before Flop (didn't bet)
Seat 2: KRSofM (small blind) folded before Flop
Seat 3: nord1k5 (big blind) collected ($0.10)
Seat 4: Mahu2021 folded before Flop (didn't bet)
Seat 5: Cosmic167 folded before Flop (didn't bet)
Seat 6: McLovin060381 folded before Flop (didn't bet)



PokerStars Zoom Hand #253851158672:  Hold'em No Limit ($0.05/$0.10) - 2024/12/14 16:58:31 CET [2024/12/14 10:58:31 ET]
Table 'Aludra' 6-max Seat #1 is the button
Seat 1: cghap ($13.57 in chips) 
Seat 2: Mahu2021 ($6.84 in chips) 
Seat 3: rofos2023 ($11.30 in chips) 
Seat 4: Ktjiing ($21.35 in chips) 
Seat 5: KRSofM ($11.93 in chips) 
Seat 6: Cosmic167 ($10 in chips) 
Mahu2021: posts small blind $0.05
rofos2023: posts big blind $0.10
*** HOLE CARDS ***
Dealt to Mahu2021 [Jd 2s]
Ktjiing: folds 
KRSofM: folds 
Cosmic167: folds 
cghap: folds 
Mahu2021: folds 
Uncalled bet ($0.05) returned to rofos2023
rofos2023 collected $0.10 from pot
rofos2023: doesn't show hand 
*** SUMMARY ***
Total pot $0.10 | Rake $0 
Seat 1: cghap (button) folded before Flop (didn't bet)
Seat 2: Mahu2021 (small blind) folded before Flop
Seat 3: rofos2023 (big blind) collected ($0.10)
Seat 4: Ktjiing folded before Flop (didn't bet)
Seat 5: KRSofM folded before Flop (didn't bet)
Seat 6: Cosmic167 folded before Flop (didn't bet)



PokerStars Zoom Hand #253851159331:  Hold'em No Limit ($0.05/$0.10) - 2024/12/14 16:58:35 CET [2024/12/14 10:58:35 ET]
Table 'Aludra' 6-max Seat #1 is the button
Seat 1: osakei1024 ($5.22 in chips) 
Seat 2: COVEIROANCAP ($12.28 in chips) 
Seat 3: Vicktorio ($10 in chips) 
Seat 4: OoJohnStevensoO ($11.02 in chips) 
Seat 5: Mahu2021 ($6.79 in chips) 
Seat 6: Hito999 ($10.20 in chips) 
COVEIROANCAP: posts small blind $0.05
Vicktorio: posts big blind $0.10
*** HOLE CARDS ***
Dealt to Mahu2021 [Ks Qs]
OoJohnStevensoO: folds 
Mahu2021: raises $0.20 to $0.30
Hito999: folds 
osakei1024: folds 
COVEIROANCAP: folds 
Vicktorio: folds 
Uncalled bet ($0.20) returned to Mahu2021
Mahu2021 collected $0.25 from pot
Mahu2021: doesn't show hand 
*** SUMMARY ***
Total pot $0.25 | Rake $0 
Seat 1: osakei1024 (button) folded before Flop (didn't bet)
Seat 2: COVEIROANCAP (small blind) folded before Flop
Seat 3: Vicktorio (big blind) folded before Flop
Seat 4: OoJohnStevensoO folded before Flop (didn't bet)
Seat 5: Mahu2021 collected ($0.25)
Seat 6: Hito999 folded before Flop (didn't bet)



PokerStars Zoom Hand #253851164123:  Hold'em No Limit ($0.05/$0.10) - 2024/12/14 16:59:05 CET [2024/12/14 10:59:05 ET]
Table 'Aludra' 6-max Seat #1 is the button
Seat 1: T.D.L.D.K ($23.61 in chips) 
Seat 2: nord1k5 ($20.20 in chips) 
Seat 3: michaltoja ($11.59 in chips) 
Seat 4: KRSofM ($11.83 in chips) 
Seat 5: Hito999 ($10.15 in chips) 
Seat 6: Mahu2021 ($6.94 in chips) 
nord1k5: posts small blind $0.05
michaltoja: posts big blind $0.10
*** HOLE CARDS ***
Dealt to Mahu2021 [Td 8h]
KRSofM: folds 
Hito999: folds 
Mahu2021: folds 
T.D.L.D.K: folds 
nord1k5: folds 
Uncalled bet ($0.05) returned to michaltoja
michaltoja collected $0.10 from pot
michaltoja: doesn't show hand 
*** SUMMARY ***
Total pot $0.10 | Rake $0 
Seat 1: T.D.L.D.K (button) folded before Flop (didn't bet)
Seat 2: nord1k5 (small blind) folded before Flop
Seat 3: michaltoja (big blind) collected ($0.10)
Seat 4: KRSofM folded before Flop (didn't bet)
Seat 5: Hito999 folded before Flop (didn't bet)
Seat 6: Mahu2021 folded before Flop (didn't bet)



PokerStars Zoom Hand #253851163499:  Hold'em No Limit ($0.05/$0.10) - 2024/12/14 16:59:01 CET [2024/12/14 10:59:01 ET]
Table 'Aludra' 6-max Seat #1 is the button
Seat 1: Mahu2021 ($6.94 in chips) 
Seat 2: pokking876 ($10.45 in chips) 
Seat 3: Kouta91 ($4.78 in chips) 
Seat 4: Cosmic167 ($10 in chips) 
Seat 5: osakei1024 ($6.51 in chips) 
Seat 6: dudernr1 ($10 in chips) 
pokking876: posts small blind $0.05
Kouta91: posts big blind $0.10
*** HOLE CARDS ***
Dealt to Mahu2021 [4d Jc]
Cosmic167: folds 
osakei1024: raises $0.10 to $0.20
dudernr1: raises $0.50 to $0.70
Mahu2021: folds 
pokking876: folds 
Kouta91: raises $4.08 to $4.78 and is all-in
osakei1024: folds 
dudernr1: calls $4.08
*** FLOP *** [8h 5d Tc]
*** TURN *** [8h 5d Tc] [5s]
*** RIVER *** [8h 5d Tc 5s] [7d]
*** SHOW DOWN ***
Kouta91: shows [Ac As] (two pair, Aces and Fives)
dudernr1: shows [Ks Ad] (a pair of Fives)
Kouta91 collected $9.37 from pot
*** SUMMARY ***
Total pot $9.81 | Rake $0.44 
Board [8h 5d Tc 5s 7d]
Seat 1: Mahu2021 (button) folded before Flop (didn't bet)
Seat 2: pokking876 (small blind) folded before Flop
Seat 3: Kouta91 (big blind) showed [Ac As] and won ($9.37) with two pair, Aces and Fives
Seat 4: Cosmic167 folded before Flop (didn't bet)
Seat 5: osakei1024 folded before Flop
Seat 6: dudernr1 showed [Ks Ad] and lost with a pair of Fives



PokerStars Zoom Hand #253851164923:  Hold'em No Limit ($0.05/$0.10) - 2024/12/14 16:59:10 CET [2024/12/14 10:59:10 ET]
Table 'Aludra' 6-max Seat #1 is the button
Seat 1: nord1k5 ($20.15 in chips) 
Seat 2: eAh_BlackDevil ($20.77 in chips) 
Seat 3: bartez29 ($10 in chips) 
Seat 4: Mahu2021 ($6.94 in chips) 
Seat 5: Jontu77 ($11.71 in chips) 
Seat 6: Mr Jim 77 ($19.98 in chips) 
eAh_BlackDevil: posts small blind $0.05
bartez29: posts big blind $0.10
*** HOLE CARDS ***
Dealt to Mahu2021 [As 8h]
Mahu2021: folds 
Jontu77: raises $0.15 to $0.25
Mr Jim 77: folds 
nord1k5: folds 
eAh_BlackDevil: folds 
bartez29: folds 
Uncalled bet ($0.15) returned to Jontu77
Jontu77 collected $0.25 from pot
Jontu77: doesn't show hand 
*** SUMMARY ***
Total pot $0.25 | Rake $0 
Seat 1: nord1k5 (button) folded before Flop (didn't bet)
Seat 2: eAh_BlackDevil (small blind) folded before Flop
Seat 3: bartez29 (big blind) folded before Flop
Seat 4: Mahu2021 folded before Flop (didn't bet)
Seat 5: Jontu77 collected ($0.25)
Seat 6: Mr Jim 77 folded before Flop (didn't bet)



PokerStars Zoom Hand #253851162861:  Hold'em No Limit ($0.05/$0.10) - 2024/12/14 16:58:57 CET [2024/12/14 10:58:57 ET]
Table 'Aludra' 6-max Seat #1 is the button
Seat 1: michaltoja ($13.60 in chips) 
Seat 2: Vicktorio ($10 in chips) 
Seat 3: eAh_BlackDevil ($61.71 in chips) 
Seat 4: Mahu2021 ($6.94 in chips) 
Seat 5: Ktjiing ($21.25 in chips) 
Seat 6: COVEIROANCAP ($10.52 in chips) 
Vicktorio: posts small blind $0.05
eAh_BlackDevil: posts big blind $0.10
*** HOLE CARDS ***
Dealt to Mahu2021 [2h Kh]
Mahu2021: folds 
Ktjiing: folds 
COVEIROANCAP: folds 
michaltoja: raises $0.15 to $0.25
Vicktorio: folds 
eAh_BlackDevil: calls $0.15
*** FLOP *** [4s Jc Td]
eAh_BlackDevil: checks 
michaltoja: bets $0.26
eAh_BlackDevil: calls $0.26
*** TURN *** [4s Jc Td] [Ts]
eAh_BlackDevil: checks 
michaltoja: checks 
*** RIVER *** [4s Jc Td Ts] [9d]
eAh_BlackDevil: bets $1.53
michaltoja: folds 
Uncalled bet ($1.53) returned to eAh_BlackDevil
eAh_BlackDevil collected $1.02 from pot
eAh_BlackDevil: doesn't show hand 
*** SUMMARY ***
Total pot $1.07 | Rake $0.05 
Board [4s Jc Td Ts 9d]
Seat 1: michaltoja (button) folded on the River
Seat 2: Vicktorio (small blind) folded before Flop
Seat 3: eAh_BlackDevil (big blind) collected ($1.02)
Seat 4: Mahu2021 folded before Flop (didn't bet)
Seat 5: Ktjiing folded before Flop (didn't bet)
Seat 6: COVEIROANCAP folded before Flop (didn't bet)



PokerStars Zoom Hand #253851165736:  Hold'em No Limit ($0.05/$0.10) - 2024/12/14 16:59:15 CET [2024/12/14 10:59:15 ET]
Table 'Aludra' 6-max Seat #1 is the button
Seat 1: cybik945 ($10.42 in chips) 
Seat 2: Mahu2021 ($6.94 in chips) 
Seat 3: bartez29 ($10 in chips) 
Seat 4: osakei1024 ($4.95 in chips) 
Seat 5: pokking876 ($10.40 in chips) 
Seat 6: T.D.L.D.K ($23.61 in chips) 
Mahu2021: posts small blind $0.05
bartez29: posts big blind $0.10
*** HOLE CARDS ***
Dealt to Mahu2021 [Th Qc]
osakei1024: folds 
pokking876: folds 
T.D.L.D.K: folds 
cybik945: folds 
Mahu2021: raises $0.20 to $0.30
bartez29: calls $0.20
*** FLOP *** [9c 9d 8d]
Mahu2021: checks 
bartez29: bets $0.20
Mahu2021: calls $0.20
*** TURN *** [9c 9d 8d] [9s]
Mahu2021: checks 
bartez29: checks 
*** RIVER *** [9c 9d 8d 9s] [Js]
Mahu2021: bets $0.96
bartez29: raises $8.54 to $9.50 and is all-in
Mahu2021: folds 
Uncalled bet ($8.54) returned to bartez29
bartez29 collected $2.79 from pot
bartez29: doesn't show hand 
*** SUMMARY ***
Total pot $2.92 | Rake $0.13 
Board [9c 9d 8d 9s Js]
Seat 1: cybik945 (button) folded before Flop (didn't bet)
Seat 2: Mahu2021 (small blind) folded on the River
Seat 3: bartez29 (big blind) collected ($2.79)
Seat 4: osakei1024 folded before Flop (didn't bet)
Seat 5: pokking876 folded before Flop (didn't bet)
Seat 6: T.D.L.D.K folded before Flop (didn't bet)



PokerStars Zoom Hand #253851172267:  Hold'em No Limit ($0.05/$0.10) - 2024/12/14 16:59:55 CET [2024/12/14 10:59:55 ET]
Table 'Aludra' 6-max Seat #1 is the button
Seat 1: Andrey458 ($24.26 in chips) 
Seat 2: nord1k5 ($20.35 in chips) 
Seat 3: Mahu2021 ($5.48 in chips) 
Seat 4: cybik945 ($10.37 in chips) 
Seat 5: T.D.L.D.K ($23.56 in chips) 
Seat 6: michaltoja ($13.09 in chips) 
nord1k5: posts small blind $0.05
Mahu2021: posts big blind $0.10
*** HOLE CARDS ***
Dealt to Mahu2021 [Ts Ac]
cybik945: raises $0.10 to $0.20
T.D.L.D.K: folds 
michaltoja: folds 
Andrey458: folds 
nord1k5: folds 
Mahu2021: calls $0.10
*** FLOP *** [9h Kd 7s]
Mahu2021: checks 
cybik945: bets $0.13
Mahu2021: calls $0.13
*** TURN *** [9h Kd 7s] [9d]
Mahu2021: checks 
cybik945: checks 
*** RIVER *** [9h Kd 7s 9d] [Ks]
Mahu2021: bets $0.68
cybik945: folds 
Uncalled bet ($0.68) returned to Mahu2021
Mahu2021 collected $0.68 from pot
Mahu2021: doesn't show hand 
*** SUMMARY ***
Total pot $0.71 | Rake $0.03 
Board [9h Kd 7s 9d Ks]
Seat 1: Andrey458 (button) folded before Flop (didn't bet)
Seat 2: nord1k5 (small blind) folded before Flop
Seat 3: Mahu2021 (big blind) collected ($0.68)
Seat 4: cybik945 folded on the River
Seat 5: T.D.L.D.K folded before Flop (didn't bet)
Seat 6: michaltoja folded before Flop (didn't bet)



PokerStars Zoom Hand #253851180286:  Hold'em No Limit ($0.05/$0.10) - 2024/12/14 17:00:45 CET [2024/12/14 11:00:45 ET]
Table 'Aludra' 6-max Seat #1 is the button
Seat 1: Mahu2021 ($5.83 in chips) 
Seat 2: rofos2023 ($14.52 in chips) 
Seat 3: cybik945 ($10.04 in chips) 
Seat 4: KRSofM ($19.40 in chips) 
Seat 5: JAntdog ($19.14 in chips) 
Seat 6: Jontu77 ($10.66 in chips) 
rofos2023: posts small blind $0.05
cybik945: posts big blind $0.10
*** HOLE CARDS ***
Dealt to Mahu2021 [8h 3s]
KRSofM: folds 
JAntdog: folds 
Jontu77: folds 
Mahu2021: folds 
rofos2023: folds 
Uncalled bet ($0.05) returned to cybik945
cybik945 collected $0.10 from pot
cybik945: doesn't show hand 
*** SUMMARY ***
Total pot $0.10 | Rake $0 
Seat 1: Mahu2021 (button) folded before Flop (didn't bet)
Seat 2: rofos2023 (small blind) folded before Flop
Seat 3: cybik945 (big blind) collected ($0.10)
Seat 4: KRSofM folded before Flop (didn't bet)
Seat 5: JAntdog folded before Flop (didn't bet)
Seat 6: Jontu77 folded before Flop (didn't bet)



PokerStars Zoom Hand #253851181032:  Hold'em No Limit ($0.05/$0.10) - 2024/12/14 17:00:49 CET [2024/12/14 11:00:49 ET]
Table 'Aludra' 6-max Seat #1 is the button
Seat 1: JacDs ($10.10 in chips) 
Seat 2: KRSofM ($19.40 in chips) 
Seat 3: pokking876 ($13.55 in chips) 
Seat 4: witos72 ($12.27 in chips) 
Seat 5: Mahu2021 ($5.83 in chips) 
Seat 6: cghap ($12.29 in chips) 
KRSofM: posts small blind $0.05
pokking876: posts big blind $0.10
*** HOLE CARDS ***
Dealt to Mahu2021 [Js Ks]
witos72: folds 
Mahu2021: raises $0.20 to $0.30
cghap: folds 
JacDs: folds 
KRSofM: folds 
pokking876: calls $0.20
*** FLOP *** [9d As 3d]
pokking876: checks 
Mahu2021: bets $0.30
pokking876: calls $0.30
*** TURN *** [9d As 3d] [Td]
pokking876: checks 
Mahu2021: checks 
*** RIVER *** [9d As 3d Td] [Ad]
pokking876: checks 
Mahu2021: bets $5.23 and is all-in
pokking876: folds 
Uncalled bet ($5.23) returned to Mahu2021
Mahu2021 collected $1.19 from pot
Mahu2021: doesn't show hand 
*** SUMMARY ***
Total pot $1.25 | Rake $0.06 
Board [9d As 3d Td Ad]
Seat 1: JacDs (button) folded before Flop (didn't bet)
Seat 2: KRSofM (small blind) folded before Flop
Seat 3: pokking876 (big blind) folded on the River
Seat 4: witos72 folded before Flop (didn't bet)
Seat 5: Mahu2021 collected ($1.19)
Seat 6: cghap folded before Flop (didn't bet)



PokerStars Zoom Hand #253851188554:  Hold'em No Limit ($0.05/$0.10) - 2024/12/14 17:01:28 CET [2024/12/14 11:01:28 ET]
Table 'Aludra' 6-max Seat #1 is the button
Seat 1: pinnace46 ($12.88 in chips) 
Seat 2: JacDs ($11.59 in chips) 
Seat 3: nord1k5 ($13.94 in chips) 
Seat 4: Ktjiing ($23.59 in chips) 
Seat 5: NaritaSenpai ($10.38 in chips) 
Seat 6: Mahu2021 ($6.42 in chips) 
JacDs: posts small blind $0.05
nord1k5: posts big blind $0.10
*** HOLE CARDS ***
Dealt to Mahu2021 [Qh Td]
Ktjiing: folds 
NaritaSenpai: folds 
Mahu2021: raises $0.20 to $0.30
pinnace46: folds 
JacDs: folds 
nord1k5: folds 
Uncalled bet ($0.20) returned to Mahu2021
Mahu2021 collected $0.25 from pot
Mahu2021: doesn't show hand 
*** SUMMARY ***
Total pot $0.25 | Rake $0 
Seat 1: pinnace46 (button) folded before Flop (didn't bet)
Seat 2: JacDs (small blind) folded before Flop
Seat 3: nord1k5 (big blind) folded before Flop
Seat 4: Ktjiing folded before Flop (didn't bet)
Seat 5: NaritaSenpai folded before Flop (didn't bet)
Seat 6: Mahu2021 collected ($0.25)



PokerStars Zoom Hand #253851192282:  Hold'em No Limit ($0.05/$0.10) - 2024/12/14 17:01:45 CET [2024/12/14 11:01:45 ET]
Table 'Aludra' 6-max Seat #1 is the button
Seat 1: ErnieBel ($18.23 in chips) 
Seat 2: royacht ($9.50 in chips) 
Seat 3: Mahu2021 ($6.57 in chips) 
Seat 4: T.D.L.D.K ($24.08 in chips) 
Seat 5: osakei1024 ($3.90 in chips) 
Seat 6: pokking876 ($9.27 in chips) 
royacht: posts small blind $0.05
Mahu2021: posts big blind $0.10
*** HOLE CARDS ***
Dealt to Mahu2021 [Jd 2h]
T.D.L.D.K: folds 
osakei1024: raises $0.10 to $0.20
pokking876: folds 
ErnieBel: folds 
royacht: folds 
Mahu2021: folds 
Uncalled bet ($0.10) returned to osakei1024
osakei1024 collected $0.25 from pot
osakei1024: doesn't show hand 
*** SUMMARY ***
Total pot $0.25 | Rake $0 
Seat 1: ErnieBel (button) folded before Flop (didn't bet)
Seat 2: royacht (small blind) folded before Flop
Seat 3: Mahu2021 (big blind) folded before Flop
Seat 4: T.D.L.D.K folded before Flop (didn't bet)
Seat 5: osakei1024 collected ($0.25)
Seat 6: pokking876 folded before Flop (didn't bet)



PokerStars Zoom Hand #253851194206:  Hold'em No Limit ($0.05/$0.10) - 2024/12/14 17:01:53 CET [2024/12/14 11:01:53 ET]
Table 'Aludra' 6-max Seat #1 is the button
Seat 1: KRSofM ($11.71 in chips) 
Seat 2: Mahu2021 ($6.47 in chips) 
Seat 3: nutte1963 ($9.74 in chips) 
Seat 4: Mr Jim 77 ($23.83 in chips) 
Seat 5: Ser Gregory ($25.70 in chips) 
Seat 6: ErnieBel ($10.48 in chips) 
Mahu2021: posts small blind $0.05
nutte1963: posts big blind $0.10
*** HOLE CARDS ***
Dealt to Mahu2021 [Kc 7h]
Mr Jim 77: folds 
Ser Gregory: raises $0.15 to $0.25
ErnieBel: folds 
KRSofM: folds 
Mahu2021: folds 
nutte1963: folds 
Uncalled bet ($0.15) returned to Ser Gregory
Ser Gregory collected $0.25 from pot
Ser Gregory: doesn't show hand 
*** SUMMARY ***
Total pot $0.25 | Rake $0 
Seat 1: KRSofM (button) folded before Flop (didn't bet)
Seat 2: Mahu2021 (small blind) folded before Flop
Seat 3: nutte1963 (big blind) folded before Flop
Seat 4: Mr Jim 77 folded before Flop (didn't bet)
Seat 5: Ser Gregory collected ($0.25)
Seat 6: ErnieBel folded before Flop (didn't bet)



PokerStars Zoom Hand #253851195974:  Hold'em No Limit ($0.05/$0.10) - 2024/12/14 17:02:02 CET [2024/12/14 11:02:02 ET]
Table 'Aludra' 6-max Seat #1 is the button
Seat 1: OoJohnStevensoO ($12.17 in chips) 
Seat 2: steloukos13 ($5.42 in chips) 
Seat 3: COVEIROANCAP ($12.21 in chips) 
Seat 4: Mahu2021 ($6.42 in chips) 
Seat 5: begaigazimIT ($5.29 in chips) 
Seat 6: eAh_BlackDevil ($52.93 in chips) 
steloukos13: posts small blind $0.05
COVEIROANCAP: posts big blind $0.10
*** HOLE CARDS ***
Dealt to Mahu2021 [Ac 4c]
Mahu2021: folds 
begaigazimIT: folds 
eAh_BlackDevil: raises $0.15 to $0.25
OoJohnStevensoO: folds 
steloukos13: folds 
COVEIROANCAP: folds 
Uncalled bet ($0.15) returned to eAh_BlackDevil
eAh_BlackDevil collected $0.25 from pot
eAh_BlackDevil: doesn't show hand 
*** SUMMARY ***
Total pot $0.25 | Rake $0 
Seat 1: OoJohnStevensoO (button) folded before Flop (didn't bet)
Seat 2: steloukos13 (small blind) folded before Flop
Seat 3: COVEIROANCAP (big blind) folded before Flop
Seat 4: Mahu2021 folded before Flop (didn't bet)
Seat 5: begaigazimIT folded before Flop (didn't bet)
Seat 6: eAh_BlackDevil collected ($0.25)



PokerStars Zoom Hand #253851196941:  Hold'em No Limit ($0.05/$0.10) - 2024/12/14 17:02:06 CET [2024/12/14 11:02:06 ET]
Table 'Aludra' 6-max Seat #1 is the button
Seat 1: Mahu2021 ($6.42 in chips) 
Seat 2: Ser Gregory ($25.85 in chips) 
Seat 3: pwhelo ($11.41 in chips) 
Seat 4: osakei1024 ($4 in chips) 
Seat 5: based-stylo ($10.12 in chips) 
Seat 6: COVEIROANCAP ($11.24 in chips) 
Ser Gregory: posts small blind $0.05
pwhelo: posts big blind $0.10
*** HOLE CARDS ***
Dealt to Mahu2021 [7s Jc]
osakei1024: folds 
based-stylo: folds 
COVEIROANCAP: raises $0.15 to $0.25
Mahu2021: folds 
Ser Gregory: calls $0.20
pwhelo: folds 
*** FLOP *** [4c Td Tc]
Ser Gregory: checks 
COVEIROANCAP: bets $0.19
Ser Gregory: folds 
Uncalled bet ($0.19) returned to COVEIROANCAP
COVEIROANCAP collected $0.57 from pot
COVEIROANCAP: doesn't show hand 
*** SUMMARY ***
Total pot $0.60 | Rake $0.03 
Board [4c Td Tc]
Seat 1: Mahu2021 (button) folded before Flop (didn't bet)
Seat 2: Ser Gregory (small blind) folded on the Flop
Seat 3: pwhelo (big blind) folded before Flop
Seat 4: osakei1024 folded before Flop (didn't bet)
Seat 5: based-stylo folded before Flop (didn't bet)
Seat 6: COVEIROANCAP collected ($0.57)



PokerStars Zoom Hand #253851198655:  Hold'em No Limit ($0.05/$0.10) - 2024/12/14 17:02:14 CET [2024/12/14 11:02:14 ET]
Table 'Aludra' 6-max Seat #1 is the button
Seat 1: rofos2023 ($12.86 in chips) 
Seat 2: OoJohnStevensoO ($12.17 in chips) 
Seat 3: Mahu2021 ($6.37 in chips) 
Seat 4: pwhelo ($11.31 in chips) 
Seat 5: eAh_BlackDevil ($53.08 in chips) 
Seat 6: Andrey458 ($25.11 in chips) 
OoJohnStevensoO: posts small blind $0.05
Mahu2021: posts big blind $0.10
*** HOLE CARDS ***
Dealt to Mahu2021 [6c Kd]
pwhelo: folds 
eAh_BlackDevil: folds 
Andrey458: folds 
rofos2023: raises $0.20 to $0.30
OoJohnStevensoO: calls $0.25
Mahu2021: folds 
*** FLOP *** [3h Js 9c]
OoJohnStevensoO: checks 
rofos2023: bets $0.34
OoJohnStevensoO: calls $0.34
*** TURN *** [3h Js 9c] [Tc]
OoJohnStevensoO: checks 
rofos2023: bets $0.66
OoJohnStevensoO: calls $0.66
*** RIVER *** [3h Js 9c Tc] [7d]
OoJohnStevensoO: checks 
rofos2023: checks 
*** SHOW DOWN ***
OoJohnStevensoO: shows [Jd Ah] (a pair of Jacks)
rofos2023: mucks hand 
OoJohnStevensoO collected $2.58 from pot
*** SUMMARY ***
Total pot $2.70 | Rake $0.12 
Board [3h Js 9c Tc 7d]
Seat 1: rofos2023 (button) mucked [2d 2s]
Seat 2: OoJohnStevensoO (small blind) showed [Jd Ah] and won ($2.58) with a pair of Jacks
Seat 3: Mahu2021 (big blind) folded before Flop
Seat 4: pwhelo folded before Flop (didn't bet)
Seat 5: eAh_BlackDevil folded before Flop (didn't bet)
Seat 6: Andrey458 folded before Flop (didn't bet)



PokerStars Zoom Hand #253851195094:  Hold'em No Limit ($0.05/$0.10) - 2024/12/14 17:01:58 CET [2024/12/14 11:01:58 ET]
Table 'Aludra' 6-max Seat #1 is the button
Seat 1: pokking876 ($9.22 in chips) 
Seat 2: McLovin060381 ($14.69 in chips) 
Seat 3: cybik945 ($10 in chips) 
Seat 4: toddot661 ($9.65 in chips) 
Seat 5: Mahu2021 ($6.42 in chips) 
Seat 6: pwhelo ($11.41 in chips) 
McLovin060381: posts small blind $0.05
cybik945: posts big blind $0.10
*** HOLE CARDS ***
Dealt to Mahu2021 [6c Ts]
toddot661: raises $0.20 to $0.30
Mahu2021: folds 
pwhelo: folds 
pokking876: folds 
McLovin060381: folds 
cybik945: calls $0.20
*** FLOP *** [Qc Tc 4c]
cybik945: checks 
toddot661: checks 
*** TURN *** [Qc Tc 4c] [Qd]
cybik945: bets $0.81
toddot661: folds 
Uncalled bet ($0.81) returned to cybik945
cybik945 collected $0.62 from pot
cybik945: doesn't show hand 
*** SUMMARY ***
Total pot $0.65 | Rake $0.03 
Board [Qc Tc 4c Qd]
Seat 1: pokking876 (button) folded before Flop (didn't bet)
Seat 2: McLovin060381 (small blind) folded before Flop
Seat 3: cybik945 (big blind) collected ($0.62)
Seat 4: toddot661 folded on the Turn
Seat 5: Mahu2021 folded before Flop (didn't bet)
Seat 6: pwhelo folded before Flop (didn't bet)



PokerStars Zoom Hand #253851197616:  Hold'em No Limit ($0.05/$0.10) - 2024/12/14 17:02:10 CET [2024/12/14 11:02:10 ET]
Table 'Aludra' 6-max Seat #1 is the button
Seat 1: based-stylo ($10.12 in chips) 
Seat 2: Mahu2021 ($6.42 in chips) 
Seat 3: Kouta91 ($8.80 in chips) 
Seat 4: OoJohnStevensoO ($12.17 in chips) 
Seat 5: eAh_BlackDevil ($22.86 in chips) 
Seat 6: SuperAlex23 ($17.55 in chips) 
Mahu2021: posts small blind $0.05
Kouta91: posts big blind $0.10
*** HOLE CARDS ***
Dealt to Mahu2021 [Js 2d]
OoJohnStevensoO: folds 
eAh_BlackDevil: folds 
SuperAlex23: raises $0.20 to $0.30
based-stylo: folds 
Mahu2021: folds 
Kouta91: calls $0.20
*** FLOP *** [As 6h 3h]
Kouta91: checks 
SuperAlex23: bets $0.30
Kouta91: calls $0.30
*** TURN *** [As 6h 3h] [8s]
Kouta91: checks 
SuperAlex23: bets $0.90
Kouta91: calls $0.90
*** RIVER *** [As 6h 3h 8s] [7s]
Kouta91: checks 
SuperAlex23: bets $1.90
Kouta91: calls $1.90
*** SHOW DOWN ***
SuperAlex23: shows [3c 3d] (three of a kind, Threes)
Kouta91: mucks hand 
SuperAlex23 collected $6.54 from pot
*** SUMMARY ***
Total pot $6.85 | Rake $0.31 
Board [As 6h 3h 8s 7s]
Seat 1: based-stylo (button) folded before Flop (didn't bet)
Seat 2: Mahu2021 (small blind) folded before Flop
Seat 3: Kouta91 (big blind) mucked [4s Ac]
Seat 4: OoJohnStevensoO folded before Flop (didn't bet)
Seat 5: eAh_BlackDevil folded before Flop (didn't bet)
Seat 6: SuperAlex23 showed [3c 3d] and won ($6.54) with three of a kind, Threes



PokerStars Zoom Hand #253851200692:  Hold'em No Limit ($0.05/$0.10) - 2024/12/14 17:02:23 CET [2024/12/14 11:02:23 ET]
Table 'Aludra' 6-max Seat #1 is the button
Seat 1: michaltoja ($11.44 in chips) 
Seat 2: antimol75 ($10 in chips) 
Seat 3: Andrey458 ($13.40 in chips) 
Seat 4: KRSofM ($19.17 in chips) 
Seat 5: COVEIROANCAP ($10.15 in chips) 
Seat 6: Mahu2021 ($6.27 in chips) 
antimol75: posts small blind $0.05
Andrey458: posts big blind $0.10
*** HOLE CARDS ***
Dealt to Mahu2021 [Ad 9d]
KRSofM: raises $0.10 to $0.20
COVEIROANCAP: folds 
Mahu2021: calls $0.20
michaltoja: folds 
antimol75: calls $0.15
Andrey458: folds 
*** FLOP *** [7d 8d 5c]
antimol75: checks 
KRSofM: checks 
Mahu2021: bets $0.67
antimol75: folds 
KRSofM: calls $0.67
*** TURN *** [7d 8d 5c] [3c]
KRSofM: checks 
Mahu2021: checks 
*** RIVER *** [7d 8d 5c 3c] [Jc]
KRSofM: bets $0.64
Mahu2021: folds 
Uncalled bet ($0.64) returned to KRSofM
KRSofM collected $1.95 from pot
KRSofM: doesn't show hand 
*** SUMMARY ***
Total pot $2.04 | Rake $0.09 
Board [7d 8d 5c 3c Jc]
Seat 1: michaltoja (button) folded before Flop (didn't bet)
Seat 2: antimol75 (small blind) folded on the Flop
Seat 3: Andrey458 (big blind) folded before Flop
Seat 4: KRSofM collected ($1.95)
Seat 5: COVEIROANCAP folded before Flop (didn't bet)
Seat 6: Mahu2021 folded on the River



PokerStars Zoom Hand #253851212355:  Hold'em No Limit ($0.05/$0.10) - 2024/12/14 17:03:17 CET [2024/12/14 11:03:17 ET]
Table 'Aludra' 6-max Seat #1 is the button
Seat 1: Mahu2021 ($5.40 in chips) 
Seat 2: JacDs ($11.54 in chips) 
Seat 3: bartez29 ($12.35 in chips) 
Seat 4: nord1k5 ($13.99 in chips) 
Seat 5: pwhelo ($11.16 in chips) 
Seat 6: Andrey458 ($10 in chips) 
JacDs: posts small blind $0.05
bartez29: posts big blind $0.10
*** HOLE CARDS ***
Dealt to Mahu2021 [Ac 6h]
nord1k5: folds 
pwhelo: folds 
Andrey458: folds 
Mahu2021: raises $0.20 to $0.30
JacDs: folds 
bartez29: folds 
Uncalled bet ($0.20) returned to Mahu2021
Mahu2021 collected $0.25 from pot
Mahu2021: doesn't show hand 
*** SUMMARY ***
Total pot $0.25 | Rake $0 
Seat 1: Mahu2021 (button) collected ($0.25)
Seat 2: JacDs (small blind) folded before Flop
Seat 3: bartez29 (big blind) folded before Flop
Seat 4: nord1k5 folded before Flop (didn't bet)
Seat 5: pwhelo folded before Flop (didn't bet)
Seat 6: Andrey458 folded before Flop (didn't bet)



PokerStars Zoom Hand #253851216251:  Hold'em No Limit ($0.05/$0.10) - 2024/12/14 17:03:34 CET [2024/12/14 11:03:34 ET]
Table 'Aludra' 6-max Seat #1 is the button
Seat 1: pokking876 ($13.02 in chips) 
Seat 2: Nicola_S5058 ($10.25 in chips) 
Seat 3: noisiAAAA ($10 in chips) 
Seat 4: michaltoja ($13.48 in chips) 
Seat 5: Andrey458 ($10 in chips) 
Seat 6: Mahu2021 ($5.55 in chips) 
Nicola_S5058: posts small blind $0.05
noisiAAAA: posts big blind $0.10
*** HOLE CARDS ***
Dealt to Mahu2021 [8d Ad]
michaltoja: folds 
Andrey458: folds 
Mahu2021: raises $0.20 to $0.30
pokking876: folds 
Nicola_S5058: folds 
noisiAAAA: folds 
Uncalled bet ($0.20) returned to Mahu2021
Mahu2021 collected $0.25 from pot
Mahu2021: doesn't show hand 
*** SUMMARY ***
Total pot $0.25 | Rake $0 
Seat 1: pokking876 (button) folded before Flop (didn't bet)
Seat 2: Nicola_S5058 (small blind) folded before Flop
Seat 3: noisiAAAA (big blind) folded before Flop
Seat 4: michaltoja folded before Flop (didn't bet)
Seat 5: Andrey458 folded before Flop (didn't bet)
Seat 6: Mahu2021 collected ($0.25)



PokerStars Zoom Hand #253851219935:  Hold'em No Limit ($0.05/$0.10) - 2024/12/14 17:03:51 CET [2024/12/14 11:03:51 ET]
Table 'Aludra' 6-max Seat #1 is the button
Seat 1: NaritaSenpai ($11.52 in chips) 
Seat 2: cybik945 ($11.34 in chips) 
Seat 3: Mahu2021 ($5.70 in chips) 
Seat 4: KRSofM ($20.10 in chips) 
Seat 5: masa2929 ($22.03 in chips) 
Seat 6: nord1k5 ($13.84 in chips) 
cybik945: posts small blind $0.05
Mahu2021: posts big blind $0.10
*** HOLE CARDS ***
Dealt to Mahu2021 [Jc Kd]
KRSofM: folds 
masa2929: folds 
nord1k5: folds 
NaritaSenpai: raises $0.10 to $0.20
cybik945: folds 
Mahu2021: calls $0.10
*** FLOP *** [6s Tc Ts]
Mahu2021: checks 
NaritaSenpai: bets $0.13
Mahu2021: calls $0.13
*** TURN *** [6s Tc Ts] [3d]
Mahu2021: checks 
NaritaSenpai: checks 
*** RIVER *** [6s Tc Ts 3d] [2h]
Mahu2021: bets $0.68
NaritaSenpai: folds 
Uncalled bet ($0.68) returned to Mahu2021
Mahu2021 collected $0.68 from pot
Mahu2021: doesn't show hand 
*** SUMMARY ***
Total pot $0.71 | Rake $0.03 
Board [6s Tc Ts 3d 2h]
Seat 1: NaritaSenpai (button) folded on the River
Seat 2: cybik945 (small blind) folded before Flop
Seat 3: Mahu2021 (big blind) collected ($0.68)
Seat 4: KRSofM folded before Flop (didn't bet)
Seat 5: masa2929 folded before Flop (didn't bet)
Seat 6: nord1k5 folded before Flop (didn't bet)



PokerStars Zoom Hand #253851226131:  Hold'em No Limit ($0.05/$0.10) - 2024/12/14 17:04:19 CET [2024/12/14 11:04:19 ET]
Table 'Aludra' 6-max Seat #1 is the button
Seat 1: based-stylo ($11.31 in chips) 
Seat 2: Mahu2021 ($6.05 in chips) 
Seat 3: bartez29 ($10 in chips) 
Seat 4: JacDs ($11.26 in chips) 
Seat 5: royacht ($8.85 in chips) 
Seat 6: michaltoja ($11.29 in chips) 
Mahu2021: posts small blind $0.05
bartez29: posts big blind $0.10
*** HOLE CARDS ***
Dealt to Mahu2021 [Jh 4s]
JacDs: folds 
royacht: folds 
michaltoja: folds 
based-stylo: folds 
Mahu2021: folds 
Uncalled bet ($0.05) returned to bartez29
bartez29 collected $0.10 from pot
bartez29: doesn't show hand 
*** SUMMARY ***
Total pot $0.10 | Rake $0 
Seat 1: based-stylo (button) folded before Flop (didn't bet)
Seat 2: Mahu2021 (small blind) folded before Flop
Seat 3: bartez29 (big blind) collected ($0.10)
Seat 4: JacDs folded before Flop (didn't bet)
Seat 5: royacht folded before Flop (didn't bet)
Seat 6: michaltoja folded before Flop (didn't bet)



PokerStars Zoom Hand #253851230009:  Hold'em No Limit ($0.05/$0.10) - 2024/12/14 17:04:36 CET [2024/12/14 11:04:36 ET]
Table 'Aludra' 6-max Seat #1 is the button
Seat 1: Ktjiing ($23.59 in chips) 
Seat 2: cybik945 ($11.19 in chips) 
Seat 3: antimol75 ($13.92 in chips) 
Seat 4: Mahu2021 ($6 in chips) 
Seat 5: Windows 21xp ($10.25 in chips) 
Seat 6: Andrey458 ($13.70 in chips) 
cybik945: posts small blind $0.05
antimol75: posts big blind $0.10
*** HOLE CARDS ***
Dealt to Mahu2021 [Kd 7h]
Mahu2021: folds 
Windows 21xp: folds 
Andrey458: folds 
Ktjiing: folds 
cybik945: folds 
Uncalled bet ($0.05) returned to antimol75
antimol75 collected $0.10 from pot
antimol75: doesn't show hand 
*** SUMMARY ***
Total pot $0.10 | Rake $0 
Seat 1: Ktjiing (button) folded before Flop (didn't bet)
Seat 2: cybik945 (small blind) folded before Flop
Seat 3: antimol75 (big blind) collected ($0.10)
Seat 4: Mahu2021 folded before Flop (didn't bet)
Seat 5: Windows 21xp folded before Flop (didn't bet)
Seat 6: Andrey458 folded before Flop (didn't bet)



PokerStars Zoom Hand #253851227181:  Hold'em No Limit ($0.05/$0.10) - 2024/12/14 17:04:23 CET [2024/12/14 11:04:23 ET]
Table 'Aludra' 6-max Seat #1 is the button
Seat 1: Andrey458 ($17.02 in chips) 
Seat 2: Bearkills ($9.90 in chips) 
Seat 3: nord1k5 ($13.79 in chips) 
Seat 4: Ser Gregory ($25.35 in chips) 
Seat 5: Mahu2021 ($6 in chips) 
Seat 6: OoJohnStevensoO ($13.65 in chips) 
Bearkills: posts small blind $0.05
nord1k5: posts big blind $0.10
*** HOLE CARDS ***
Dealt to Mahu2021 [6h 8s]
Ser Gregory: folds 
Mahu2021: folds 
OoJohnStevensoO: raises $0.14 to $0.24
Andrey458: raises $0.51 to $0.75
Bearkills: folds 
nord1k5: folds 
OoJohnStevensoO: raises $1.91 to $2.66
Andrey458: folds 
Uncalled bet ($1.91) returned to OoJohnStevensoO
OoJohnStevensoO collected $1.65 from pot
OoJohnStevensoO: doesn't show hand 
*** SUMMARY ***
Total pot $1.65 | Rake $0 
Seat 1: Andrey458 (button) folded before Flop
Seat 2: Bearkills (small blind) folded before Flop
Seat 3: nord1k5 (big blind) folded before Flop
Seat 4: Ser Gregory folded before Flop (didn't bet)
Seat 5: Mahu2021 folded before Flop (didn't bet)
Seat 6: OoJohnStevensoO collected ($1.65)



PokerStars Zoom Hand #253851229119:  Hold'em No Limit ($0.05/$0.10) - 2024/12/14 17:04:32 CET [2024/12/14 11:04:32 ET]
Table 'Aludra' 6-max Seat #1 is the button
Seat 1: P1ntail ($17.60 in chips) 
Seat 2: physics1090 ($17.30 in chips) 
Seat 3: Schnuffler ($15.12 in chips) 
Seat 4: vojtek1968 ($12.97 in chips) 
Seat 5: Mahu2021 ($6 in chips) 
Seat 6: oldmoony ($20.83 in chips) 
physics1090: posts small blind $0.05
Schnuffler: posts big blind $0.10
*** HOLE CARDS ***
Dealt to Mahu2021 [3h 5h]
vojtek1968: raises $0.10 to $0.20
Mahu2021: folds 
oldmoony: raises $0.75 to $0.95
P1ntail: folds 
physics1090: folds 
Schnuffler: folds 
vojtek1968: folds 
Uncalled bet ($0.75) returned to oldmoony
oldmoony collected $0.55 from pot
oldmoony: doesn't show hand 
*** SUMMARY ***
Total pot $0.55 | Rake $0 
Seat 1: P1ntail (button) folded before Flop (didn't bet)
Seat 2: physics1090 (small blind) folded before Flop
Seat 3: Schnuffler (big blind) folded before Flop
Seat 4: vojtek1968 folded before Flop
Seat 5: Mahu2021 folded before Flop (didn't bet)
Seat 6: oldmoony collected ($0.55)



PokerStars Zoom Hand #253851230916:  Hold'em No Limit ($0.05/$0.10) - 2024/12/14 17:04:40 CET [2024/12/14 11:04:40 ET]
Table 'Aludra' 6-max Seat #1 is the button
Seat 1: COVEIROANCAP ($13.61 in chips) 
Seat 2: michaltoja ($10.14 in chips) 
Seat 3: T.D.L.D.K ($25.13 in chips) 
Seat 4: Mahu2021 ($6 in chips) 
Seat 5: NaritaSenpai ($11.24 in chips) 
Seat 6: osakei1024 ($5.81 in chips) 
michaltoja: posts small blind $0.05
T.D.L.D.K: posts big blind $0.10
*** HOLE CARDS ***
Dealt to Mahu2021 [Jd 3c]
Mahu2021: folds 
NaritaSenpai: folds 
osakei1024: folds 
COVEIROANCAP: folds 
michaltoja: folds 
Uncalled bet ($0.05) returned to T.D.L.D.K
T.D.L.D.K collected $0.10 from pot
T.D.L.D.K: doesn't show hand 
*** SUMMARY ***
Total pot $0.10 | Rake $0 
Seat 1: COVEIROANCAP (button) folded before Flop (didn't bet)
Seat 2: michaltoja (small blind) folded before Flop
Seat 3: T.D.L.D.K (big blind) collected ($0.10)
Seat 4: Mahu2021 folded before Flop (didn't bet)
Seat 5: NaritaSenpai folded before Flop (didn't bet)
Seat 6: osakei1024 folded before Flop (didn't bet)



PokerStars Zoom Hand #253851231844:  Hold'em No Limit ($0.05/$0.10) - 2024/12/14 17:04:44 CET [2024/12/14 11:04:44 ET]
Table 'Aludra' 6-max Seat #1 is the button
Seat 1: osakei1024 ($5.10 in chips) 
Seat 2: Toshi999777 ($10.07 in chips) 
Seat 3: bartez29 ($13.82 in chips) 
Seat 4: toddot661 ($5.59 in chips) 
Seat 5: Cubansk ($24.36 in chips) 
Seat 6: Mahu2021 ($6 in chips) 
Toshi999777: posts small blind $0.05
bartez29: posts big blind $0.10
*** HOLE CARDS ***
Dealt to Mahu2021 [8d Td]
toddot661: folds 
Cubansk: folds 
Mahu2021: folds 
osakei1024: folds 
Toshi999777: folds 
Uncalled bet ($0.05) returned to bartez29
bartez29 collected $0.10 from pot
bartez29: doesn't show hand 
*** SUMMARY ***
Total pot $0.10 | Rake $0 
Seat 1: osakei1024 (button) folded before Flop (didn't bet)
Seat 2: Toshi999777 (small blind) folded before Flop
Seat 3: bartez29 (big blind) collected ($0.10)
Seat 4: toddot661 folded before Flop (didn't bet)
Seat 5: Cubansk folded before Flop (didn't bet)
Seat 6: Mahu2021 folded before Flop (didn't bet)



PokerStars Zoom Hand #253851228235:  Hold'em No Limit ($0.05/$0.10) - 2024/12/14 17:04:28 CET [2024/12/14 11:04:28 ET]
Table 'Aludra' 6-max Seat #1 is the button
Seat 1: Mahu2021 ($6 in chips) 
Seat 2: NaritaSenpai ($10.26 in chips) 
Seat 3: GoatMM ($5 in chips) 
Seat 4: cockney82 ($9.12 in chips) 
Seat 5: VINCENTBLN ($5.94 in chips) 
Seat 6: physics1090 ($17.30 in chips) 
NaritaSenpai: posts small blind $0.05
GoatMM: posts big blind $0.10
*** HOLE CARDS ***
Dealt to Mahu2021 [2s 4c]
cockney82: folds 
VINCENTBLN: calls $0.10
physics1090: folds 
Mahu2021: folds 
NaritaSenpai: folds 
GoatMM: checks 
*** FLOP *** [4h Qs 7h]
GoatMM: bets $0.20
VINCENTBLN: calls $0.20
*** TURN *** [4h Qs 7h] [3d]
GoatMM: bets $0.20
VINCENTBLN: raises $0.20 to $0.40
GoatMM: calls $0.20
*** RIVER *** [4h Qs 7h 3d] [9s]
GoatMM: checks 
VINCENTBLN: bets $1.38
GoatMM: folds 
Uncalled bet ($1.38) returned to VINCENTBLN
VINCENTBLN collected $1.36 from pot
VINCENTBLN: doesn't show hand 
*** SUMMARY ***
Total pot $1.45 | Rake $0.09 
Board [4h Qs 7h 3d 9s]
Seat 1: Mahu2021 (button) folded before Flop (didn't bet)
Seat 2: NaritaSenpai (small blind) folded before Flop
Seat 3: GoatMM (big blind) folded on the River
Seat 4: cockney82 folded before Flop (didn't bet)
Seat 5: VINCENTBLN collected ($1.36)
Seat 6: physics1090 folded before Flop (didn't bet)



PokerStars Zoom Hand #253851233242:  Hold'em No Limit ($0.05/$0.10) - 2024/12/14 17:04:50 CET [2024/12/14 11:04:50 ET]
Table 'Aludra' 6-max Seat #1 is the button
Seat 1: JacDs ($10 in chips) 
Seat 2: antimol75 ($13.97 in chips) 
Seat 3: Mahu2021 ($6 in chips) 
Seat 4: cghap ($11.66 in chips) 
Seat 5: cybik945 ($12.69 in chips) 
Seat 6: COVEIROANCAP ($13.61 in chips) 
antimol75: posts small blind $0.05
Mahu2021: posts big blind $0.10
*** HOLE CARDS ***
Dealt to Mahu2021 [8d Th]
cghap: folds 
cybik945: folds 
COVEIROANCAP: folds 
JacDs: folds 
antimol75: folds 
Uncalled bet ($0.05) returned to Mahu2021
Mahu2021 collected $0.10 from pot
Mahu2021: doesn't show hand 
*** SUMMARY ***
Total pot $0.10 | Rake $0 
Seat 1: JacDs (button) folded before Flop (didn't bet)
Seat 2: antimol75 (small blind) folded before Flop
Seat 3: Mahu2021 (big blind) collected ($0.10)
Seat 4: cghap folded before Flop (didn't bet)
Seat 5: cybik945 folded before Flop (didn't bet)
Seat 6: COVEIROANCAP folded before Flop (didn't bet)



PokerStars Zoom Hand #253851236512:  Hold'em No Limit ($0.05/$0.10) - 2024/12/14 17:05:05 CET [2024/12/14 11:05:05 ET]
Table 'Aludra' 6-max Seat #1 is the button
Seat 1: cybik945 ($10 in chips) 
Seat 2: Windows 21xp ($10 in chips) 
Seat 3: Ser Gregory ($24.80 in chips) 
Seat 4: Mahu2021 ($6.05 in chips) 
Seat 5: OoJohnStevensoO ($14.55 in chips) 
Seat 6: noisiAAAA ($10 in chips) 
Windows 21xp: posts small blind $0.05
Ser Gregory: posts big blind $0.10
*** HOLE CARDS ***
Dealt to Mahu2021 [4c Td]
Mahu2021: folds 
OoJohnStevensoO: folds 
noisiAAAA: folds 
cybik945: folds 
Windows 21xp: folds 
Uncalled bet ($0.05) returned to Ser Gregory
Ser Gregory collected $0.10 from pot
Ser Gregory: doesn't show hand 
*** SUMMARY ***
Total pot $0.10 | Rake $0 
Seat 1: cybik945 (button) folded before Flop (didn't bet)
Seat 2: Windows 21xp (small blind) folded before Flop
Seat 3: Ser Gregory (big blind) collected ($0.10)
Seat 4: Mahu2021 folded before Flop (didn't bet)
Seat 5: OoJohnStevensoO folded before Flop (didn't bet)
Seat 6: noisiAAAA folded before Flop (didn't bet)



PokerStars Zoom Hand #253851239117:  Hold'em No Limit ($0.05/$0.10) - 2024/12/14 17:05:17 CET [2024/12/14 11:05:17 ET]
Table 'Aludra' 6-max Seat #1 is the button
Seat 1: royacht ($9.25 in chips) 
Seat 2: bartez29 ($15.30 in chips) 
Seat 3: Mahu2021 ($6 in chips) 
Seat 4: VINCENTBLN ($6.45 in chips) 
Seat 5: rofos2023 ($8.83 in chips) 
Seat 6: cybik945 ($11.39 in chips) 
bartez29: posts small blind $0.05
Mahu2021: posts big blind $0.10
*** HOLE CARDS ***
Dealt to Mahu2021 [Jh 9h]
VINCENTBLN: folds 
rofos2023: folds 
cybik945: folds 
royacht: folds 
bartez29: folds 
Uncalled bet ($0.05) returned to Mahu2021
Mahu2021 collected $0.10 from pot
Mahu2021: doesn't show hand 
*** SUMMARY ***
Total pot $0.10 | Rake $0 
Seat 1: royacht (button) folded before Flop (didn't bet)
Seat 2: bartez29 (small blind) folded before Flop
Seat 3: Mahu2021 (big blind) collected ($0.10)
Seat 4: VINCENTBLN folded before Flop (didn't bet)
Seat 5: rofos2023 folded before Flop (didn't bet)
Seat 6: cybik945 folded before Flop (didn't bet)



PokerStars Zoom Hand #253851238313:  Hold'em No Limit ($0.05/$0.10) - 2024/12/14 17:05:14 CET [2024/12/14 11:05:14 ET]
Table 'Aludra' 6-max Seat #1 is the button
Seat 1: Mahu2021 ($6 in chips) 
Seat 2: znakke ($7.71 in chips) 
Seat 3: Gertus100 ($13.93 in chips) 
Seat 4: GoatMM ($4.25 in chips) 
Seat 5: Ser Gregory ($24.85 in chips) 
Seat 6: pougia777 ($10.32 in chips) 
znakke: posts small blind $0.05
Gertus100: posts big blind $0.10
*** HOLE CARDS ***
Dealt to Mahu2021 [Kd 4h]
GoatMM: folds 
Ser Gregory: folds 
pougia777: folds 
Mahu2021: folds 
znakke: raises $0.10 to $0.20
Gertus100: calls $0.10
*** FLOP *** [2s Ts 3d]
znakke: checks 
Gertus100: checks 
*** TURN *** [2s Ts 3d] [7c]
znakke: bets $0.10
Gertus100: calls $0.10
*** RIVER *** [2s Ts 3d 7c] [3c]
znakke: bets $0.10
Gertus100: raises $0.10 to $0.20
znakke: calls $0.10
*** SHOW DOWN ***
Gertus100: shows [7s As] (two pair, Sevens and Threes)
znakke: mucks hand 
Gertus100 collected $0.95 from pot
*** SUMMARY ***
Total pot $1 | Rake $0.05 
Board [2s Ts 3d 7c 3c]
Seat 1: Mahu2021 (button) folded before Flop (didn't bet)
Seat 2: znakke (small blind) mucked [8d 7d]
Seat 3: Gertus100 (big blind) showed [7s As] and won ($0.95) with two pair, Sevens and Threes
Seat 4: GoatMM folded before Flop (didn't bet)
Seat 5: Ser Gregory folded before Flop (didn't bet)
Seat 6: pougia777 folded before Flop (didn't bet)



PokerStars Zoom Hand #253851237556:  Hold'em No Limit ($0.05/$0.10) - 2024/12/14 17:05:10 CET [2024/12/14 11:05:10 ET]
Table 'Aludra' 6-max Seat #1 is the button
Seat 1: nord1k5 ($10.81 in chips) 
Seat 2: Mahu2021 ($6.05 in chips) 
Seat 3: osakei1024 ($5.92 in chips) 
Seat 4: znakke ($7.71 in chips) 
Seat 5: AwaysBluff666 ($4.26 in chips) 
Seat 6: JacDs ($11.05 in chips) 
Mahu2021: posts small blind $0.05
osakei1024: posts big blind $0.10
*** HOLE CARDS ***
Dealt to Mahu2021 [4d Ah]
znakke: folds 
AwaysBluff666: folds 
JacDs: raises $0.15 to $0.25
nord1k5: folds 
Mahu2021: folds 
osakei1024: calls $0.15
*** FLOP *** [8s 6d 7d]
osakei1024: checks 
JacDs: checks 
*** TURN *** [8s 6d 7d] [8d]
osakei1024: bets $0.27
JacDs: folds 
Uncalled bet ($0.27) returned to osakei1024
osakei1024 collected $0.53 from pot
osakei1024: doesn't show hand 
*** SUMMARY ***
Total pot $0.55 | Rake $0.02 
Board [8s 6d 7d 8d]
Seat 1: nord1k5 (button) folded before Flop (didn't bet)
Seat 2: Mahu2021 (small blind) folded before Flop
Seat 3: osakei1024 (big blind) collected ($0.53)
Seat 4: znakke folded before Flop (didn't bet)
Seat 5: AwaysBluff666 folded before Flop (didn't bet)
Seat 6: JacDs folded on the Turn



PokerStars Zoom Hand #253851240917:  Hold'em No Limit ($0.05/$0.10) - 2024/12/14 17:05:25 CET [2024/12/14 11:05:25 ET]
Table 'Aludra' 6-max Seat #1 is the button
Seat 1: tamikado ($10.72 in chips) 
Seat 2: Flange9 ($10 in chips) 
Seat 3: dingdongitsme ($10 in chips) 
Seat 4: Jontu77 ($11.80 in chips) 
Seat 5: cghap ($11.51 in chips) 
Seat 6: Mahu2021 ($6.05 in chips) 
Flange9: posts small blind $0.05
dingdongitsme: posts big blind $0.10
*** HOLE CARDS ***
Dealt to Mahu2021 [Qd 5h]
Jontu77: folds 
cghap: raises $0.15 to $0.25
Mahu2021: folds 
tamikado: raises $0.65 to $0.90
Flange9: folds 
dingdongitsme: folds 
cghap: folds 
Uncalled bet ($0.65) returned to tamikado
tamikado collected $0.65 from pot
tamikado: doesn't show hand 
*** SUMMARY ***
Total pot $0.65 | Rake $0 
Seat 1: tamikado (button) collected ($0.65)
Seat 2: Flange9 (small blind) folded before Flop
Seat 3: dingdongitsme (big blind) folded before Flop
Seat 4: Jontu77 folded before Flop (didn't bet)
Seat 5: cghap folded before Flop
Seat 6: Mahu2021 folded before Flop (didn't bet)



PokerStars Zoom Hand #253851243740:  Hold'em No Limit ($0.05/$0.10) - 2024/12/14 17:05:38 CET [2024/12/14 11:05:38 ET]
Table 'Aludra' 6-max Seat #1 is the button
Seat 1: Mahu2021 ($6 in chips) 
Seat 2: pougia777 ($10.37 in chips) 
Seat 3: Windows 21xp ($10.25 in chips) 
Seat 4: theopapa13 ($5.65 in chips) 
Seat 5: dudernr1 ($10 in chips) 
Seat 6: JacDs ($11.51 in chips) 
pougia777: posts small blind $0.05
Windows 21xp: posts big blind $0.10
*** HOLE CARDS ***
Dealt to Mahu2021 [7c 6h]
theopapa13 is disconnected 
theopapa13 has timed out while disconnected
theopapa13: folds 
dudernr1: folds 
JacDs: folds 
Mahu2021: folds 
pougia777: folds 
Uncalled bet ($0.05) returned to Windows 21xp
Windows 21xp collected $0.10 from pot
Windows 21xp: doesn't show hand 
*** SUMMARY ***
Total pot $0.10 | Rake $0 
Seat 1: Mahu2021 (button) folded before Flop (didn't bet)
Seat 2: pougia777 (small blind) folded before Flop
Seat 3: Windows 21xp (big blind) collected ($0.10)
Seat 4: theopapa13 folded before Flop (didn't bet)
Seat 5: dudernr1 folded before Flop (didn't bet)
Seat 6: JacDs folded before Flop (didn't bet)



PokerStars Zoom Hand #253851245898:  Hold'em No Limit ($0.05/$0.10) - 2024/12/14 17:05:48 CET [2024/12/14 11:05:48 ET]
Table 'Aludra' 6-max Seat #1 is the button
Seat 1: Flange9 ($10 in chips) 
Seat 2: Andrey458 ($13.45 in chips) 
Seat 3: tamikado ($11.12 in chips) 
Seat 4: Mahu2021 ($6 in chips) 
Seat 5: michaltoja ($11.29 in chips) 
Seat 6: znakke ($7.21 in chips) 
Andrey458: posts small blind $0.05
tamikado: posts big blind $0.10
*** HOLE CARDS ***
Dealt to Mahu2021 [Th 2h]
Mahu2021: folds 
michaltoja: folds 
znakke: folds 
Flange9: folds 
Andrey458: folds 
Uncalled bet ($0.05) returned to tamikado
tamikado collected $0.10 from pot
tamikado: doesn't show hand 
*** SUMMARY ***
Total pot $0.10 | Rake $0 
Seat 1: Flange9 (button) folded before Flop (didn't bet)
Seat 2: Andrey458 (small blind) folded before Flop
Seat 3: tamikado (big blind) collected ($0.10)
Seat 4: Mahu2021 folded before Flop (didn't bet)
Seat 5: michaltoja folded before Flop (didn't bet)
Seat 6: znakke folded before Flop (didn't bet)



PokerStars Zoom Hand #253851244845:  Hold'em No Limit ($0.05/$0.10) - 2024/12/14 17:05:43 CET [2024/12/14 11:05:43 ET]
Table 'Aludra' 6-max Seat #1 is the button
Seat 1: antimol75 ($14.07 in chips) 
Seat 2: masa2929 ($20.24 in chips) 
Seat 3: COVEIROANCAP ($11.21 in chips) 
Seat 4: Andrey458 ($13.45 in chips) 
Seat 5: Mahu2021 ($6 in chips) 
Seat 6: mura442 ($11.79 in chips) 
masa2929: posts small blind $0.05
COVEIROANCAP: posts big blind $0.10
*** HOLE CARDS ***
Dealt to Mahu2021 [Jd 4h]
Andrey458: folds 
Mahu2021: folds 
mura442: raises $0.15 to $0.25
antimol75: folds 
masa2929: folds 
COVEIROANCAP: folds 
Uncalled bet ($0.15) returned to mura442
mura442 collected $0.25 from pot
mura442: doesn't show hand 
*** SUMMARY ***
Total pot $0.25 | Rake $0 
Seat 1: antimol75 (button) folded before Flop (didn't bet)
Seat 2: masa2929 (small blind) folded before Flop
Seat 3: COVEIROANCAP (big blind) folded before Flop
Seat 4: Andrey458 folded before Flop (didn't bet)
Seat 5: Mahu2021 folded before Flop (didn't bet)
Seat 6: mura442 collected ($0.25)



PokerStars Zoom Hand #253851246780:  Hold'em No Limit ($0.05/$0.10) - 2024/12/14 17:05:52 CET [2024/12/14 11:05:52 ET]
Table 'Aludra' 6-max Seat #1 is the button
Seat 1: antimol75 ($14.07 in chips) 
Seat 2: Mahu2021 ($6 in chips) 
Seat 3: osakei1024 ($5.07 in chips) 
Seat 4: Photogra308 ($10.15 in chips) 
Seat 5: cghap ($13.36 in chips) 
Seat 6: Andrey458 ($13.40 in chips) 
Mahu2021: posts small blind $0.05
osakei1024: posts big blind $0.10
*** HOLE CARDS ***
Dealt to Mahu2021 [7s 8h]
Photogra308: folds 
cghap: folds 
Andrey458: raises $0.15 to $0.25
antimol75: folds 
Mahu2021: folds 
osakei1024: folds 
Uncalled bet ($0.15) returned to Andrey458
Andrey458 collected $0.25 from pot
Andrey458: doesn't show hand 
*** SUMMARY ***
Total pot $0.25 | Rake $0 
Seat 1: antimol75 (button) folded before Flop (didn't bet)
Seat 2: Mahu2021 (small blind) folded before Flop
Seat 3: osakei1024 (big blind) folded before Flop
Seat 4: Photogra308 folded before Flop (didn't bet)
Seat 5: cghap folded before Flop (didn't bet)
Seat 6: Andrey458 collected ($0.25)



PokerStars Zoom Hand #253851247818:  Hold'em No Limit ($0.05/$0.10) - 2024/12/14 17:05:57 CET [2024/12/14 11:05:57 ET]
Table 'Aludra' 6-max Seat #1 is the button
Seat 1: cghap ($13.36 in chips) 
Seat 2: Ktjiing ($23.19 in chips) 
Seat 3: znakke ($7.21 in chips) 
Seat 4: Mahu2021 ($5.95 in chips) 
Seat 5: pokking876 ($8.56 in chips) 
Seat 6: michaltoja ($11.29 in chips) 
Ktjiing: posts small blind $0.05
znakke: posts big blind $0.10
*** HOLE CARDS ***
Dealt to Mahu2021 [3c 8c]
Mahu2021: folds 
pokking876: folds 
michaltoja: folds 
cghap: folds 
Ktjiing: folds 
Uncalled bet ($0.05) returned to znakke
znakke collected $0.10 from pot
znakke: doesn't show hand 
*** SUMMARY ***
Total pot $0.10 | Rake $0 
Seat 1: cghap (button) folded before Flop (didn't bet)
Seat 2: Ktjiing (small blind) folded before Flop
Seat 3: znakke (big blind) collected ($0.10)
Seat 4: Mahu2021 folded before Flop (didn't bet)
Seat 5: pokking876 folded before Flop (didn't bet)
Seat 6: michaltoja folded before Flop (didn't bet)



PokerStars Zoom Hand #253851243012:  Hold'em No Limit ($0.05/$0.10) - 2024/12/14 17:05:35 CET [2024/12/14 11:05:35 ET]
Table 'Aludra' 6-max Seat #1 is the button
Seat 1: noisiAAAA ($12.01 in chips) 
Seat 2: Mahu2021 ($6.05 in chips) 
Seat 3: cybik945 ($11.39 in chips) 
Seat 4: rofos2023 ($8.73 in chips) 
Seat 5: based-stylo ($20.81 in chips) 
Seat 6: Jontu77 ($11.80 in chips) 
Mahu2021: posts small blind $0.05
cybik945: posts big blind $0.10
*** HOLE CARDS ***
Dealt to Mahu2021 [7d 9h]
rofos2023: folds 
based-stylo: raises $0.12 to $0.22
Jontu77: calls $0.22
noisiAAAA: folds 
Mahu2021: folds 
cybik945: folds 
*** FLOP *** [4s Jh Td]
based-stylo: checks 
Jontu77: bets $0.30
based-stylo: raises $0.68 to $0.98
Jontu77: calls $0.68
*** TURN *** [4s Jh Td] [Js]
based-stylo: checks 
Jontu77: checks 
*** RIVER *** [4s Jh Td Js] [5c]
based-stylo: bets $0.81
Jontu77: folds 
Uncalled bet ($0.81) returned to based-stylo
based-stylo collected $2.44 from pot
based-stylo: doesn't show hand 
*** SUMMARY ***
Total pot $2.55 | Rake $0.11 
Board [4s Jh Td Js 5c]
Seat 1: noisiAAAA (button) folded before Flop (didn't bet)
Seat 2: Mahu2021 (small blind) folded before Flop
Seat 3: cybik945 (big blind) folded before Flop
Seat 4: rofos2023 folded before Flop (didn't bet)
Seat 5: based-stylo collected ($2.44)
Seat 6: Jontu77 folded on the River



PokerStars Zoom Hand #253851241764:  Hold'em No Limit ($0.05/$0.10) - 2024/12/14 17:05:29 CET [2024/12/14 11:05:29 ET]
Table 'Aludra' 6-max Seat #1 is the button
Seat 1: KRSofM ($11.21 in chips) 
Seat 2: OoJohnStevensoO ($14.70 in chips) 
Seat 3: nord1k5 ($10.60 in chips) 
Seat 4: Andrey458 ($10 in chips) 
Seat 5: Mahu2021 ($6.05 in chips) 
Seat 6: cybik945 ($10 in chips) 
OoJohnStevensoO: posts small blind $0.05
nord1k5: posts big blind $0.10
*** HOLE CARDS ***
Dealt to Mahu2021 [Kd 9h]
Andrey458: folds 
Mahu2021: folds 
cybik945: folds 
KRSofM: raises $0.15 to $0.25
OoJohnStevensoO: calls $0.20
nord1k5: calls $0.15
*** FLOP *** [Ts 6d 5h]
OoJohnStevensoO: checks 
nord1k5: checks 
KRSofM: checks 
*** TURN *** [Ts 6d 5h] [9c]
OoJohnStevensoO: checks 
nord1k5: checks 
KRSofM: checks 
*** RIVER *** [Ts 6d 5h 9c] [7d]
OoJohnStevensoO: checks 
nord1k5: checks 
KRSofM: checks 
*** SHOW DOWN ***
OoJohnStevensoO: shows [Kh Qh] (high card King)
nord1k5: shows [3h 3s] (a pair of Threes)
KRSofM: shows [4c 6c] (a pair of Sixes)
KRSofM collected $0.72 from pot
*** SUMMARY ***
Total pot $0.75 | Rake $0.03 
Board [Ts 6d 5h 9c 7d]
Seat 1: KRSofM (button) showed [4c 6c] and won ($0.72) with a pair of Sixes
Seat 2: OoJohnStevensoO (small blind) showed [Kh Qh] and lost with high card King
Seat 3: nord1k5 (big blind) showed [3h 3s] and lost with a pair of Threes
Seat 4: Andrey458 folded before Flop (didn't bet)
Seat 5: Mahu2021 folded before Flop (didn't bet)
Seat 6: cybik945 folded before Flop (didn't bet)



PokerStars Zoom Hand #253851248858:  Hold'em No Limit ($0.05/$0.10) - 2024/12/14 17:06:01 CET [2024/12/14 11:06:01 ET]
Table 'Aludra' 6-max Seat #1 is the button
Seat 1: mirorbit ($9.14 in chips) 
Seat 2: cghap ($13.36 in chips) 
Seat 3: Mahu2021 ($5.95 in chips) 
Seat 4: COVEIROANCAP ($10 in chips) 
Seat 5: Cheeeeerrss1 ($40.21 in chips) 
Seat 6: oldman360 ($7.49 in chips) 
cghap: posts small blind $0.05
Mahu2021: posts big blind $0.10
*** HOLE CARDS ***
Dealt to Mahu2021 [9d 5h]
COVEIROANCAP: folds 
Cheeeeerrss1: raises $0.15 to $0.25
oldman360: folds 
mirorbit: folds 
cghap: folds 
Mahu2021: folds 
Uncalled bet ($0.15) returned to Cheeeeerrss1
Cheeeeerrss1 collected $0.25 from pot
Cheeeeerrss1: doesn't show hand 
*** SUMMARY ***
Total pot $0.25 | Rake $0 
Seat 1: mirorbit (button) folded before Flop (didn't bet)
Seat 2: cghap (small blind) folded before Flop
Seat 3: Mahu2021 (big blind) folded before Flop
Seat 4: COVEIROANCAP folded before Flop (didn't bet)
Seat 5: Cheeeeerrss1 collected ($0.25)
Seat 6: oldman360 folded before Flop (didn't bet)



PokerStars Zoom Hand #253851252996:  Hold'em No Limit ($0.05/$0.10) - 2024/12/14 17:06:20 CET [2024/12/14 11:06:20 ET]
Table 'Aludra' 6-max Seat #1 is the button
Seat 1: Mahu2021 ($5.85 in chips) 
Seat 2: COVEIROANCAP ($14.38 in chips) 
Seat 3: Fabomas ($9.56 in chips) 
Seat 4: based-stylo ($22.05 in chips) 
Seat 5: pokking876 ($12.50 in chips) 
Seat 6: Andrey458 ($16.12 in chips) 
COVEIROANCAP: posts small blind $0.05
Fabomas: posts big blind $0.10
*** HOLE CARDS ***
Dealt to Mahu2021 [Jd Qh]
based-stylo: folds 
pokking876: folds 
Andrey458: raises $0.15 to $0.25
Mahu2021: calls $0.25
COVEIROANCAP: folds 
Fabomas: folds 
*** FLOP *** [7c 5c Qs]
Andrey458: checks 
Mahu2021: bets $0.62
Andrey458: folds 
Uncalled bet ($0.62) returned to Mahu2021
Mahu2021 collected $0.62 from pot
Mahu2021: doesn't show hand 
*** SUMMARY ***
Total pot $0.65 | Rake $0.03 
Board [7c 5c Qs]
Seat 1: Mahu2021 (button) collected ($0.62)
Seat 2: COVEIROANCAP (small blind) folded before Flop
Seat 3: Fabomas (big blind) folded before Flop
Seat 4: based-stylo folded before Flop (didn't bet)
Seat 5: pokking876 folded before Flop (didn't bet)
Seat 6: Andrey458 folded on the Flop



PokerStars Zoom Hand #253851258318:  Hold'em No Limit ($0.05/$0.10) - 2024/12/14 17:06:44 CET [2024/12/14 11:06:44 ET]
Table 'Aludra' 6-max Seat #1 is the button
Seat 1: Gertus100 ($16.40 in chips) 
Seat 2: mura442 ($11.84 in chips) 
Seat 3: Ser Gregory ($26.35 in chips) 
Seat 4: nord1k5 ($11.09 in chips) 
Seat 5: Andrey458 ($13.45 in chips) 
Seat 6: Mahu2021 ($6.22 in chips) 
mura442: posts small blind $0.05
Ser Gregory: posts big blind $0.10
*** HOLE CARDS ***
Dealt to Mahu2021 [9d Jd]
nord1k5: folds 
Andrey458: folds 
Mahu2021: raises $0.10 to $0.20
Gertus100: calls $0.20
mura442: folds 
Ser Gregory: raises $0.60 to $0.80
Mahu2021: folds 
Gertus100: folds 
Uncalled bet ($0.60) returned to Ser Gregory
Ser Gregory collected $0.65 from pot
Ser Gregory: doesn't show hand 
*** SUMMARY ***
Total pot $0.65 | Rake $0 
Seat 1: Gertus100 (button) folded before Flop
Seat 2: mura442 (small blind) folded before Flop
Seat 3: Ser Gregory (big blind) collected ($0.65)
Seat 4: nord1k5 folded before Flop (didn't bet)
Seat 5: Andrey458 folded before Flop (didn't bet)
Seat 6: Mahu2021 folded before Flop



PokerStars Zoom Hand #253851262351:  Hold'em No Limit ($0.05/$0.10) - 2024/12/14 17:07:02 CET [2024/12/14 11:07:02 ET]
Table 'Aludra' 6-max Seat #1 is the button
Seat 1: tamikado ($8.56 in chips) 
Seat 2: physics1090 ($17.30 in chips) 
Seat 3: P1ntail ($19.63 in chips) 
Seat 4: Mahu2021 ($6.02 in chips) 
Seat 5: MartinBurnsy ($10.15 in chips) 
Seat 6: pokking876 ($9.37 in chips) 
physics1090: posts small blind $0.05
P1ntail: posts big blind $0.10
*** HOLE CARDS ***
Dealt to Mahu2021 [Ad Ah]
Mahu2021: raises $0.20 to $0.30
MartinBurnsy: folds 
pokking876: folds 
tamikado: folds 
physics1090: folds 
P1ntail: folds 
Uncalled bet ($0.20) returned to Mahu2021
Mahu2021 collected $0.25 from pot
Mahu2021: doesn't show hand 
*** SUMMARY ***
Total pot $0.25 | Rake $0 
Seat 1: tamikado (button) folded before Flop (didn't bet)
Seat 2: physics1090 (small blind) folded before Flop
Seat 3: P1ntail (big blind) folded before Flop
Seat 4: Mahu2021 collected ($0.25)
Seat 5: MartinBurnsy folded before Flop (didn't bet)
Seat 6: pokking876 folded before Flop (didn't bet)



PokerStars Zoom Hand #253851266089:  Hold'em No Limit ($0.05/$0.10) - 2024/12/14 17:07:19 CET [2024/12/14 11:07:19 ET]
Table 'Aludra' 6-max Seat #1 is the button
Seat 1: physics1090 ($17.25 in chips) 
Seat 2: P1ntail ($19.53 in chips) 
Seat 3: Mahu2021 ($6.17 in chips) 
Seat 4: Windows 21xp ($10.10 in chips) 
Seat 5: nord1k5 ($24.98 in chips) 
Seat 6: COVEIROANCAP ($14.33 in chips) 
P1ntail: posts small blind $0.05
Mahu2021: posts big blind $0.10
*** HOLE CARDS ***
Dealt to Mahu2021 [3d 7h]
Windows 21xp: folds 
nord1k5: raises $0.15 to $0.25
COVEIROANCAP: folds 
physics1090: folds 
P1ntail: folds 
Mahu2021: folds 
Uncalled bet ($0.15) returned to nord1k5
nord1k5 collected $0.25 from pot
nord1k5: doesn't show hand 
*** SUMMARY ***
Total pot $0.25 | Rake $0 
Seat 1: physics1090 (button) folded before Flop (didn't bet)
Seat 2: P1ntail (small blind) folded before Flop
Seat 3: Mahu2021 (big blind) folded before Flop
Seat 4: Windows 21xp folded before Flop (didn't bet)
Seat 5: nord1k5 collected ($0.25)
Seat 6: COVEIROANCAP folded before Flop (didn't bet)



PokerStars Zoom Hand #253851265443:  Hold'em No Limit ($0.05/$0.10) - 2024/12/14 17:07:16 CET [2024/12/14 11:07:16 ET]
Table 'Aludra' 6-max Seat #1 is the button
Seat 1: based-stylo ($22.41 in chips) 
Seat 2: bartez29 ($13.57 in chips) 
Seat 3: Mr Jim 77 ($20.87 in chips) 
Seat 4: masa2929 ($21.78 in chips) 
Seat 5: Mahu2021 ($6.17 in chips) 
Seat 6: pokking876 ($9.37 in chips) 
bartez29: posts small blind $0.05
Mr Jim 77: posts big blind $0.10
*** HOLE CARDS ***
Dealt to Mahu2021 [Qc 4d]
masa2929: folds 
Mahu2021: folds 
pokking876: raises $0.10 to $0.20
based-stylo: folds 
bartez29: folds 
Mr Jim 77: calls $0.10
*** FLOP *** [Jh Qd 3s]
Mr Jim 77: checks 
pokking876: bets $0.22
Mr Jim 77: folds 
Uncalled bet ($0.22) returned to pokking876
pokking876 collected $0.43 from pot
pokking876: doesn't show hand 
*** SUMMARY ***
Total pot $0.45 | Rake $0.02 
Board [Jh Qd 3s]
Seat 1: based-stylo (button) folded before Flop (didn't bet)
Seat 2: bartez29 (small blind) folded before Flop
Seat 3: Mr Jim 77 (big blind) folded on the Flop
Seat 4: masa2929 folded before Flop (didn't bet)
Seat 5: Mahu2021 folded before Flop (didn't bet)
Seat 6: pokking876 collected ($0.43)



PokerStars Zoom Hand #253851267394:  Hold'em No Limit ($0.05/$0.10) - 2024/12/14 17:07:25 CET [2024/12/14 11:07:25 ET]
Table 'Aludra' 6-max Seat #1 is the button
Seat 1: Kretschmeister ($10.19 in chips) 
Seat 2: Mahu2021 ($6.07 in chips) 
Seat 3: vojtek1968 ($12.85 in chips) 
Seat 4: bartez29 ($10 in chips) 
Seat 5: Cubansk ($29.99 in chips) 
Seat 6: Windows 21xp ($10.35 in chips) 
Mahu2021: posts small blind $0.05
vojtek1968: posts big blind $0.10
*** HOLE CARDS ***
Dealt to Mahu2021 [6h 2c]
bartez29: folds 
Cubansk: folds 
Windows 21xp: raises $0.15 to $0.25
Kretschmeister: folds 
Mahu2021: folds 
vojtek1968: folds 
Uncalled bet ($0.15) returned to Windows 21xp
Windows 21xp collected $0.25 from pot
Windows 21xp: doesn't show hand 
*** SUMMARY ***
Total pot $0.25 | Rake $0 
Seat 1: Kretschmeister (button) folded before Flop (didn't bet)
Seat 2: Mahu2021 (small blind) folded before Flop
Seat 3: vojtek1968 (big blind) folded before Flop
Seat 4: bartez29 folded before Flop (didn't bet)
Seat 5: Cubansk folded before Flop (didn't bet)
Seat 6: Windows 21xp collected ($0.25)



PokerStars Zoom Hand #253851267961:  Hold'em No Limit ($0.05/$0.10) - 2024/12/14 17:07:28 CET [2024/12/14 11:07:28 ET]
Table 'Aludra' 6-max Seat #1 is the button
Seat 1: Mahu2021 ($6.02 in chips) 
Seat 2: Photogra308 ($10 in chips) 
Seat 3: cybik945 ($10 in chips) 
Seat 4: Flange9 ($12.29 in chips) 
Seat 5: AwaysBluff666 ($3.26 in chips) 
Seat 6: P1ntail ($19.48 in chips) 
Photogra308: posts small blind $0.05
cybik945: posts big blind $0.10
*** HOLE CARDS ***
Dealt to Mahu2021 [4d 3c]
Flange9: folds 
AwaysBluff666: folds 
P1ntail: folds 
Mahu2021: folds 
Photogra308: folds 
Uncalled bet ($0.05) returned to cybik945
cybik945 collected $0.10 from pot
cybik945: doesn't show hand 
*** SUMMARY ***
Total pot $0.10 | Rake $0 
Seat 1: Mahu2021 (button) folded before Flop (didn't bet)
Seat 2: Photogra308 (small blind) folded before Flop
Seat 3: cybik945 (big blind) collected ($0.10)
Seat 4: Flange9 folded before Flop (didn't bet)
Seat 5: AwaysBluff666 folded before Flop (didn't bet)
Seat 6: P1ntail folded before Flop (didn't bet)



PokerStars Zoom Hand #253851268786:  Hold'em No Limit ($0.05/$0.10) - 2024/12/14 17:07:32 CET [2024/12/14 11:07:32 ET]
Table 'Aludra' 6-max Seat #1 is the button
Seat 1: Andrey458 ($11.16 in chips) 
Seat 2: noisiAAAA ($11.91 in chips) 
Seat 3: begaigazimIT ($6.86 in chips) 
Seat 4: DrPuertoRico ($11.39 in chips) 
Seat 5: Mahu2021 ($6.02 in chips) 
Seat 6: Photogra308 ($10 in chips) 
noisiAAAA: posts small blind $0.05
begaigazimIT: posts big blind $0.10
*** HOLE CARDS ***
Dealt to Mahu2021 [Js Kh]
DrPuertoRico: folds 
Mahu2021: raises $0.20 to $0.30
Photogra308: calls $0.30
Andrey458: folds 
noisiAAAA: folds 
begaigazimIT: folds 
*** FLOP *** [Jh 3c Td]
Mahu2021: bets $0.72
Photogra308: calls $0.72
*** TURN *** [Jh 3c Td] [5d]
Mahu2021: bets $2.09
Photogra308: calls $2.09
*** RIVER *** [Jh 3c Td 5d] [2d]
Mahu2021: bets $2.91 and is all-in
Photogra308: calls $2.91
*** SHOW DOWN ***
Mahu2021: shows [Js Kh] (a pair of Jacks)
Photogra308: shows [Ks Jd] (a pair of Jacks)
Mahu2021 collected $5.82 from pot
Photogra308 collected $5.82 from pot
*** SUMMARY ***
Total pot $12.19 | Rake $0.55 
Board [Jh 3c Td 5d 2d]
Seat 1: Andrey458 (button) folded before Flop (didn't bet)
Seat 2: noisiAAAA (small blind) folded before Flop
Seat 3: begaigazimIT (big blind) folded before Flop
Seat 4: DrPuertoRico folded before Flop (didn't bet)
Seat 5: Mahu2021 showed [Js Kh] and won ($5.82) with a pair of Jacks
Seat 6: Photogra308 showed [Ks Jd] and won ($5.82) with a pair of Jacks



PokerStars Zoom Hand #253851264556:  Hold'em No Limit ($0.05/$0.10) - 2024/12/14 17:07:12 CET [2024/12/14 11:07:12 ET]
Table 'Aludra' 6-max Seat #1 is the button
Seat 1: osakei1024 ($6.05 in chips) 
Seat 2: SuperAlex23 ($8.66 in chips) 
Seat 3: letaj ($10.83 in chips) 
Seat 4: michaltoja ($10.80 in chips) 
Seat 5: mura442 ($11.79 in chips) 
Seat 6: Mahu2021 ($6.17 in chips) 
SuperAlex23: posts small blind $0.05
letaj: posts big blind $0.10
*** HOLE CARDS ***
Dealt to Mahu2021 [7c 2h]
michaltoja: folds 
mura442: folds 
Mahu2021: folds 
osakei1024: raises $0.10 to $0.20
SuperAlex23: calls $0.15
letaj: folds 
*** FLOP *** [6h Tc Kc]
SuperAlex23: checks 
osakei1024: checks 
*** TURN *** [6h Tc Kc] [4c]
SuperAlex23: bets $0.30
osakei1024: folds 
Uncalled bet ($0.30) returned to SuperAlex23
SuperAlex23 collected $0.48 from pot
SuperAlex23: doesn't show hand 
*** SUMMARY ***
Total pot $0.50 | Rake $0.02 
Board [6h Tc Kc 4c]
Seat 1: osakei1024 (button) folded on the Turn
Seat 2: SuperAlex23 (small blind) collected ($0.48)
Seat 3: letaj (big blind) folded before Flop
Seat 4: michaltoja folded before Flop (didn't bet)
Seat 5: mura442 folded before Flop (didn't bet)
Seat 6: Mahu2021 folded before Flop (didn't bet)



PokerStars Zoom Hand #253851275940:  Hold'em No Limit ($0.05/$0.10) - 2024/12/14 17:08:05 CET [2024/12/14 11:08:05 ET]
Table 'Aludra' 6-max Seat #1 is the button
Seat 1: dingdongitsme ($10.45 in chips) 
Seat 2: eAh_BlackDevil ($49.50 in chips) 
Seat 3: noisiAAAA ($11.86 in chips) 
Seat 4: mirorbit ($8.84 in chips) 
Seat 5: Photogra308 ($10 in chips) 
Seat 6: Mahu2021 ($5.82 in chips) 
eAh_BlackDevil: posts small blind $0.05
noisiAAAA: posts big blind $0.10
*** HOLE CARDS ***
Dealt to Mahu2021 [6h 5s]
mirorbit: folds 
Photogra308: folds 
Mahu2021: folds 
dingdongitsme: raises $0.15 to $0.25
eAh_BlackDevil: folds 
noisiAAAA: folds 
Uncalled bet ($0.15) returned to dingdongitsme
dingdongitsme collected $0.25 from pot
dingdongitsme: doesn't show hand 
*** SUMMARY ***
Total pot $0.25 | Rake $0 
Seat 1: dingdongitsme (button) collected ($0.25)
Seat 2: eAh_BlackDevil (small blind) folded before Flop
Seat 3: noisiAAAA (big blind) folded before Flop
Seat 4: mirorbit folded before Flop (didn't bet)
Seat 5: Photogra308 folded before Flop (didn't bet)
Seat 6: Mahu2021 folded before Flop (didn't bet)



PokerStars Zoom Hand #253851276958:  Hold'em No Limit ($0.05/$0.10) - 2024/12/14 17:08:09 CET [2024/12/14 11:08:09 ET]
Table 'Aludra' 6-max Seat #1 is the button
Seat 1: SuperAlex23 ($8.94 in chips) 
Seat 2: Mahu2021 ($5.82 in chips) 
Seat 3: based-stylo ($12.63 in chips) 
Seat 4: DrPuertoRico ($11.29 in chips) 
Seat 5: Photogra308 ($10 in chips) 
Seat 6: COVEIROANCAP ($10 in chips) 
Mahu2021: posts small blind $0.05
based-stylo: posts big blind $0.10
*** HOLE CARDS ***
Dealt to Mahu2021 [4h 5h]
DrPuertoRico: folds 
Photogra308: folds 
COVEIROANCAP: raises $0.15 to $0.25
SuperAlex23 has timed out
SuperAlex23: folds 
Mahu2021: calls $0.20
based-stylo: folds 
*** FLOP *** [6h 3c 8c]
Mahu2021: checks 
COVEIROANCAP: checks 
*** TURN *** [6h 3c 8c] [6d]
Mahu2021: checks 
COVEIROANCAP: checks 
*** RIVER *** [6h 3c 8c 6d] [Td]
Mahu2021: checks 
COVEIROANCAP: checks 
*** SHOW DOWN ***
Mahu2021: shows [4h 5h] (a pair of Sixes)
COVEIROANCAP: shows [Jc Ad] (a pair of Sixes - Ace kicker)
COVEIROANCAP collected $0.57 from pot
*** SUMMARY ***
Total pot $0.60 | Rake $0.03 
Board [6h 3c 8c 6d Td]
Seat 1: SuperAlex23 (button) folded before Flop (didn't bet)
Seat 2: Mahu2021 (small blind) showed [4h 5h] and lost with a pair of Sixes
Seat 3: based-stylo (big blind) folded before Flop
Seat 4: DrPuertoRico folded before Flop (didn't bet)
Seat 5: Photogra308 folded before Flop (didn't bet)
Seat 6: COVEIROANCAP showed [Jc Ad] and won ($0.57) with a pair of Sixes



PokerStars Zoom Hand #253851292888:  Hold'em No Limit ($0.05/$0.10) - 2024/12/14 17:09:22 CET [2024/12/14 11:09:22 ET]
Table 'Aludra' 6-max Seat #1 is the button
Seat 1: cybik945 ($10.40 in chips) 
Seat 2: noisiAAAA ($12.08 in chips) 
Seat 3: Cubansk ($19.50 in chips) 
Seat 4: Mahu2021 ($5.47 in chips) 
Seat 5: eAh_BlackDevil ($23.64 in chips) 
Seat 6: nord1k5 ($13.41 in chips) 
noisiAAAA: posts small blind $0.05
Cubansk: posts big blind $0.10
*** HOLE CARDS ***
Dealt to Mahu2021 [5d 8h]
Mahu2021: folds 
eAh_BlackDevil: folds 
nord1k5: folds 
cybik945: raises $0.15 to $0.25
noisiAAAA: folds 
Cubansk: folds 
Uncalled bet ($0.15) returned to cybik945
cybik945 collected $0.25 from pot
cybik945: doesn't show hand 
*** SUMMARY ***
Total pot $0.25 | Rake $0 
Seat 1: cybik945 (button) collected ($0.25)
Seat 2: noisiAAAA (small blind) folded before Flop
Seat 3: Cubansk (big blind) folded before Flop
Seat 4: Mahu2021 folded before Flop (didn't bet)
Seat 5: eAh_BlackDevil folded before Flop (didn't bet)
Seat 6: nord1k5 folded before Flop (didn't bet)



PokerStars Zoom Hand #253851293561:  Hold'em No Limit ($0.05/$0.10) - 2024/12/14 17:09:25 CET [2024/12/14 11:09:25 ET]
Table 'Aludra' 6-max Seat #1 is the button
Seat 1: Mahu2021 ($5.47 in chips) 
Seat 2: noisiAAAA ($10.03 in chips) 
Seat 3: eAh_BlackDevil ($49.45 in chips) 
Seat 4: fumiy0923 ($8.85 in chips) 
Seat 5: ErnieBel ($17.93 in chips) 
Seat 6: MartinBurnsy ($10.26 in chips) 
noisiAAAA: posts small blind $0.05
eAh_BlackDevil: posts big blind $0.10
*** HOLE CARDS ***
Dealt to Mahu2021 [6s 2s]
fumiy0923: raises $0.10 to $0.20
ErnieBel: folds 
MartinBurnsy: calls $0.20
Mahu2021: folds 
noisiAAAA: folds 
eAh_BlackDevil: folds 
*** FLOP *** [8c Ad 7h]
fumiy0923: checks 
MartinBurnsy: checks 
*** TURN *** [8c Ad 7h] [Tc]
fumiy0923: bets $0.27
MartinBurnsy: raises $0.57 to $0.84
fumiy0923: folds 
Uncalled bet ($0.57) returned to MartinBurnsy
MartinBurnsy collected $1.04 from pot
MartinBurnsy: doesn't show hand 
*** SUMMARY ***
Total pot $1.09 | Rake $0.05 
Board [8c Ad 7h Tc]
Seat 1: Mahu2021 (button) folded before Flop (didn't bet)
Seat 2: noisiAAAA (small blind) folded before Flop
Seat 3: eAh_BlackDevil (big blind) folded before Flop
Seat 4: fumiy0923 folded on the Turn
Seat 5: ErnieBel folded before Flop (didn't bet)
Seat 6: MartinBurnsy collected ($1.04)



PokerStars Zoom Hand #253851294413:  Hold'em No Limit ($0.05/$0.10) - 2024/12/14 17:09:29 CET [2024/12/14 11:09:29 ET]
Table 'Aludra' 6-max Seat #1 is the button
Seat 1: DrPuertoRico ($10.39 in chips) 
Seat 2: osakei1024 ($5.96 in chips) 
Seat 3: Mahu2021 ($5.47 in chips) 
Seat 4: Photogra308 ($10 in chips) 
Seat 5: SuperAlex23 ($22.35 in chips) 
Seat 6: michaltoja ($12.21 in chips) 
osakei1024: posts small blind $0.05
Mahu2021: posts big blind $0.10
*** HOLE CARDS ***
Dealt to Mahu2021 [2s Ac]
Photogra308: folds 
SuperAlex23: folds 
michaltoja: raises $0.15 to $0.25
DrPuertoRico: folds 
osakei1024: folds 
Mahu2021: calls $0.15
*** FLOP *** [8h 9h 9d]
Mahu2021: checks 
michaltoja: bets $0.15
Mahu2021: calls $0.15
*** TURN *** [8h 9h 9d] [Ad]
Mahu2021: checks 
michaltoja: checks 
*** RIVER *** [8h 9h 9d Ad] [Th]
Mahu2021: bets $0.20
michaltoja: folds 
Uncalled bet ($0.20) returned to Mahu2021
Mahu2021 collected $0.81 from pot
Mahu2021: doesn't show hand 
*** SUMMARY ***
Total pot $0.85 | Rake $0.04 
Board [8h 9h 9d Ad Th]
Seat 1: DrPuertoRico (button) folded before Flop (didn't bet)
Seat 2: osakei1024 (small blind) folded before Flop
Seat 3: Mahu2021 (big blind) collected ($0.81)
Seat 4: Photogra308 folded before Flop (didn't bet)
Seat 5: SuperAlex23 folded before Flop (didn't bet)
Seat 6: michaltoja folded on the River



PokerStars Zoom Hand #253851306170:  Hold'em No Limit ($0.05/$0.10) - 2024/12/14 17:10:23 CET [2024/12/14 11:10:23 ET]
Table 'Aludra' 6-max Seat #1 is the button
Seat 1: JacDs ($11.39 in chips) 
Seat 2: osakei1024 ($5.96 in chips) 
Seat 3: michaltoja ($11.42 in chips) 
Seat 4: cybik945 ($10.25 in chips) 
Seat 5: fastboss358 ($17.68 in chips) 
Seat 6: Mahu2021 ($5.83 in chips) 
osakei1024: posts small blind $0.05
michaltoja: posts big blind $0.10
*** HOLE CARDS ***
Dealt to Mahu2021 [Th Ks]
cybik945: folds 
fastboss358: folds 
Mahu2021: raises $0.20 to $0.30
JacDs: folds 
osakei1024: folds 
michaltoja: folds 
Uncalled bet ($0.20) returned to Mahu2021
Mahu2021 collected $0.25 from pot
Mahu2021: doesn't show hand 
*** SUMMARY ***
Total pot $0.25 | Rake $0 
Seat 1: JacDs (button) folded before Flop (didn't bet)
Seat 2: osakei1024 (small blind) folded before Flop
Seat 3: michaltoja (big blind) folded before Flop
Seat 4: cybik945 folded before Flop (didn't bet)
Seat 5: fastboss358 folded before Flop (didn't bet)
Seat 6: Mahu2021 collected ($0.25)



PokerStars Zoom Hand #253851289546:  Hold'em No Limit ($0.05/$0.10) - 2024/12/14 17:09:07 CET [2024/12/14 11:09:07 ET]
Table 'Aludra' 6-max Seat #1 is the button
Seat 1: Cheeeeerrss1 ($32.39 in chips) 
Seat 2: GoatMM ($3.94 in chips) 
Seat 3: Mahu2021 ($5.57 in chips) 
Seat 4: Schnuffler ($12.67 in chips) 
Seat 5: COVEIROANCAP ($10.10 in chips) 
Seat 6: michaltoja ($10.50 in chips) 
GoatMM: posts small blind $0.05
Mahu2021: posts big blind $0.10
*** HOLE CARDS ***
Dealt to Mahu2021 [Ah 9h]
Schnuffler: folds 
COVEIROANCAP: raises $0.15 to $0.25
michaltoja: folds 
Cheeeeerrss1: raises $0.50 to $0.75
GoatMM: folds 
Mahu2021: folds 
COVEIROANCAP: calls $0.50
*** FLOP *** [Kh 3h Jh]
COVEIROANCAP: checks 
Cheeeeerrss1: checks 
*** TURN *** [Kh 3h Jh] [2d]
COVEIROANCAP: bets $0.79
Cheeeeerrss1: calls $0.79
*** RIVER *** [Kh 3h Jh 2d] [8s]
COVEIROANCAP: bets $2.50
Cheeeeerrss1: folds 
Uncalled bet ($2.50) returned to COVEIROANCAP
COVEIROANCAP collected $3.08 from pot
COVEIROANCAP: doesn't show hand 
*** SUMMARY ***
Total pot $3.23 | Rake $0.15 
Board [Kh 3h Jh 2d 8s]
Seat 1: Cheeeeerrss1 (button) folded on the River
Seat 2: GoatMM (small blind) folded before Flop
Seat 3: Mahu2021 (big blind) folded before Flop
Seat 4: Schnuffler folded before Flop (didn't bet)
Seat 5: COVEIROANCAP collected ($3.08)
Seat 6: michaltoja folded before Flop (didn't bet)



PokerStars Zoom Hand #253851305107:  Hold'em No Limit ($0.05/$0.10) - 2024/12/14 17:10:18 CET [2024/12/14 11:10:18 ET]
Table 'Aludra' 6-max Seat #1 is the button
Seat 1: tamikado ($14.72 in chips) 
Seat 2: Andrey458 ($11.52 in chips) 
Seat 3: toddot661 ($5.95 in chips) 
Seat 4: antimol75 ($10.50 in chips) 
Seat 5: Mahu2021 ($5.83 in chips) 
Seat 6: mura442 ($10.52 in chips) 
Andrey458: posts small blind $0.05
toddot661: posts big blind $0.10
*** HOLE CARDS ***
Dealt to Mahu2021 [5s Js]
antimol75: folds 
Mahu2021: folds 
mura442: raises $0.15 to $0.25
tamikado: folds 
Andrey458: folds 
toddot661: calls $0.15
*** FLOP *** [6d 8c 3h]
toddot661: checks 
mura442: checks 
*** TURN *** [6d 8c 3h] [Kc]
toddot661: checks 
mura442: bets $0.30
toddot661: calls $0.30
*** RIVER *** [6d 8c 3h Kc] [4h]
toddot661: checks 
mura442: checks 
*** SHOW DOWN ***
toddot661: shows [7h 6c] (a pair of Sixes)
mura442: mucks hand 
toddot661 collected $1.10 from pot
*** SUMMARY ***
Total pot $1.15 | Rake $0.05 
Board [6d 8c 3h Kc 4h]
Seat 1: tamikado (button) folded before Flop (didn't bet)
Seat 2: Andrey458 (small blind) folded before Flop
Seat 3: toddot661 (big blind) showed [7h 6c] and won ($1.10) with a pair of Sixes
Seat 4: antimol75 folded before Flop (didn't bet)
Seat 5: Mahu2021 folded before Flop (didn't bet)
Seat 6: mura442 mucked [Jh Th]



PokerStars Zoom Hand #253851310810:  Hold'em No Limit ($0.05/$0.10) - 2024/12/14 17:10:44 CET [2024/12/14 11:10:44 ET]
Table 'Aludra' 6-max Seat #1 is the button
Seat 1: physics1090 ($16.96 in chips) 
Seat 2: COVEIROANCAP ($14.06 in chips) 
Seat 3: Photogra308 ($10.08 in chips) 
Seat 4: GoatMM ($7.63 in chips) 
Seat 5: Mahu2021 ($5.98 in chips) 
Seat 6: AwaysBluff666 ($2.81 in chips) 
COVEIROANCAP: posts small blind $0.05
Photogra308: posts big blind $0.10
*** HOLE CARDS ***
Dealt to Mahu2021 [6s 4h]
GoatMM: folds 
Mahu2021: folds 
AwaysBluff666: folds 
physics1090: raises $0.15 to $0.25
COVEIROANCAP: folds 
Photogra308: folds 
Uncalled bet ($0.15) returned to physics1090
physics1090 collected $0.25 from pot
physics1090: doesn't show hand 
*** SUMMARY ***
Total pot $0.25 | Rake $0 
Seat 1: physics1090 (button) collected ($0.25)
Seat 2: COVEIROANCAP (small blind) folded before Flop
Seat 3: Photogra308 (big blind) folded before Flop
Seat 4: GoatMM folded before Flop (didn't bet)
Seat 5: Mahu2021 folded before Flop (didn't bet)
Seat 6: AwaysBluff666 folded before Flop (didn't bet)



PokerStars Zoom Hand #253851303994:  Hold'em No Limit ($0.05/$0.10) - 2024/12/14 17:10:13 CET [2024/12/14 11:10:13 ET]
Table 'Aludra' 6-max Seat #1 is the button
Seat 1: cybik945 ($10.40 in chips) 
Seat 2: Mahu2021 ($5.88 in chips) 
Seat 3: fumiy0923 ($8.33 in chips) 
Seat 4: pougia777 ($10 in chips) 
Seat 5: noisiAAAA ($12.60 in chips) 
Seat 6: Mr Jim 77 ($19.62 in chips) 
Mahu2021: posts small blind $0.05
fumiy0923: posts big blind $0.10
*** HOLE CARDS ***
Dealt to Mahu2021 [Th 8s]
pougia777: folds 
noisiAAAA: folds 
Mr Jim 77: folds 
cybik945: raises $0.15 to $0.25
Mahu2021: folds 
fumiy0923: calls $0.15
*** FLOP *** [9h Qh 5s]
fumiy0923: checks 
cybik945: bets $0.20
fumiy0923: calls $0.20
*** TURN *** [9h Qh 5s] [3h]
fumiy0923: checks 
cybik945: checks 
*** RIVER *** [9h Qh 5s 3h] [Kc]
fumiy0923: checks 
cybik945: bets $0.68
fumiy0923: calls $0.68
*** SHOW DOWN ***
cybik945: shows [Tc Kd] (a pair of Kings)
fumiy0923: mucks hand 
cybik945 collected $2.21 from pot
*** SUMMARY ***
Total pot $2.31 | Rake $0.10 
Board [9h Qh 5s 3h Kc]
Seat 1: cybik945 (button) showed [Tc Kd] and won ($2.21) with a pair of Kings
Seat 2: Mahu2021 (small blind) folded before Flop
Seat 3: fumiy0923 (big blind) mucked [Qc As]
Seat 4: pougia777 folded before Flop (didn't bet)
Seat 5: noisiAAAA folded before Flop (didn't bet)
Seat 6: Mr Jim 77 folded before Flop (didn't bet)



PokerStars Zoom Hand #253851311760:  Hold'em No Limit ($0.05/$0.10) - 2024/12/14 17:10:48 CET [2024/12/14 11:10:48 ET]
Table 'Aludra' 6-max Seat #1 is the button
Seat 1: Mahu2021 ($5.98 in chips) 
Seat 2: AwaysBluff666 ($2.81 in chips) 
Seat 3: based-stylo ($23.64 in chips) 
Seat 4: cghap ($13.96 in chips) 
Seat 5: East_Zoo ($14.79 in chips) 
Seat 6: Andrey458 ($10 in chips) 
AwaysBluff666: posts small blind $0.05
based-stylo: posts big blind $0.10
*** HOLE CARDS ***
Dealt to Mahu2021 [Ah 4s]
cghap: raises $0.15 to $0.25
East_Zoo: folds 
Andrey458: folds 
Mahu2021: calls $0.25
AwaysBluff666: folds 
based-stylo: folds 
*** FLOP *** [Th 7c 6c]
cghap: bets $0.31
Mahu2021: folds 
Uncalled bet ($0.31) returned to cghap
cghap collected $0.62 from pot
cghap: doesn't show hand 
*** SUMMARY ***
Total pot $0.65 | Rake $0.03 
Board [Th 7c 6c]
Seat 1: Mahu2021 (button) folded on the Flop
Seat 2: AwaysBluff666 (small blind) folded before Flop
Seat 3: based-stylo (big blind) folded before Flop
Seat 4: cghap collected ($0.62)
Seat 5: East_Zoo folded before Flop (didn't bet)
Seat 6: Andrey458 folded before Flop (didn't bet)



PokerStars Zoom Hand #253851314786:  Hold'em No Limit ($0.05/$0.10) - 2024/12/14 17:11:02 CET [2024/12/14 11:11:02 ET]
Table 'Aludra' 6-max Seat #1 is the button
Seat 1: Schnuffler ($11.12 in chips) 
Seat 2: 00agy00 ($9.93 in chips) 
Seat 3: Andrey458 ($10.15 in chips) 
Seat 4: Mahu2021 ($5.73 in chips) 
Seat 5: thorindorf ($5.73 in chips) 
Seat 6: cghap ($10.37 in chips) 
00agy00: posts small blind $0.05
Andrey458: posts big blind $0.10
*** HOLE CARDS ***
Dealt to Mahu2021 [4c Js]
Mahu2021: folds 
thorindorf: folds 
cghap: folds 
Schnuffler: folds 
00agy00: calls $0.05
Andrey458: checks 
*** FLOP *** [9h Ts 4s]
00agy00: checks 
Andrey458: checks 
*** TURN *** [9h Ts 4s] [6d]
00agy00: checks 
Andrey458: bets $0.10
00agy00: folds 
Uncalled bet ($0.10) returned to Andrey458
Andrey458 collected $0.19 from pot
Andrey458: doesn't show hand 
*** SUMMARY ***
Total pot $0.20 | Rake $0.01 
Board [9h Ts 4s 6d]
Seat 1: Schnuffler (button) folded before Flop (didn't bet)
Seat 2: 00agy00 (small blind) folded on the Turn
Seat 3: Andrey458 (big blind) collected ($0.19)
Seat 4: Mahu2021 folded before Flop (didn't bet)
Seat 5: thorindorf folded before Flop (didn't bet)
Seat 6: cghap folded before Flop (didn't bet)



PokerStars Zoom Hand #253851315861:  Hold'em No Limit ($0.05/$0.10) - 2024/12/14 17:11:07 CET [2024/12/14 11:11:07 ET]
Table 'Aludra' 6-max Seat #1 is the button
Seat 1: based-stylo ($13.45 in chips) 
Seat 2: tamikado ($17.30 in chips) 
Seat 3: JacDs ($11.04 in chips) 
Seat 4: Mahu2021 ($5.73 in chips) 
Seat 5: osakei1024 ($4.68 in chips) 
Seat 6: thorindorf ($5.73 in chips) 
tamikado: posts small blind $0.05
JacDs: posts big blind $0.10
*** HOLE CARDS ***
Dealt to Mahu2021 [Tc 7c]
Mahu2021: folds 
osakei1024: raises $0.10 to $0.20
thorindorf: folds 
based-stylo: folds 
tamikado: folds 
JacDs: raises $0.60 to $0.80
osakei1024: folds 
Uncalled bet ($0.60) returned to JacDs
JacDs collected $0.45 from pot
JacDs: doesn't show hand 
*** SUMMARY ***
Total pot $0.45 | Rake $0 
Seat 1: based-stylo (button) folded before Flop (didn't bet)
Seat 2: tamikado (small blind) folded before Flop
Seat 3: JacDs (big blind) collected ($0.45)
Seat 4: Mahu2021 folded before Flop (didn't bet)
Seat 5: osakei1024 folded before Flop
Seat 6: thorindorf folded before Flop (didn't bet)



PokerStars Zoom Hand #253851318496:  Hold'em No Limit ($0.05/$0.10) - 2024/12/14 17:11:19 CET [2024/12/14 11:11:19 ET]
Table 'Aludra' 6-max Seat #1 is the button
Seat 1: ErnieBel ($17.83 in chips) 
Seat 2: cockney82 ($8.15 in chips) 
Seat 3: pokking876 ($9.91 in chips) 
Seat 4: vojtek1968 ($7.74 in chips) 
Seat 5: T.D.L.D.K ($25.54 in chips) 
Seat 6: Mahu2021 ($5.63 in chips) 
cockney82: posts small blind $0.05
pokking876: posts big blind $0.10
*** HOLE CARDS ***
Dealt to Mahu2021 [Kh 3h]
vojtek1968: raises $0.10 to $0.20
T.D.L.D.K: folds 
Mahu2021: folds 
ErnieBel: folds 
cockney82: raises $0.30 to $0.50
pokking876: folds 
vojtek1968: folds 
Uncalled bet ($0.30) returned to cockney82
cockney82 collected $0.50 from pot
cockney82: doesn't show hand 
*** SUMMARY ***
Total pot $0.50 | Rake $0 
Seat 1: ErnieBel (button) folded before Flop (didn't bet)
Seat 2: cockney82 (small blind) collected ($0.50)
Seat 3: pokking876 (big blind) folded before Flop
Seat 4: vojtek1968 folded before Flop
Seat 5: T.D.L.D.K folded before Flop (didn't bet)
Seat 6: Mahu2021 folded before Flop (didn't bet)



PokerStars Zoom Hand #253851320179:  Hold'em No Limit ($0.05/$0.10) - 2024/12/14 17:11:27 CET [2024/12/14 11:11:27 ET]
Table 'Aludra' 6-max Seat #1 is the button
Seat 1: Andrey458 ($10.24 in chips) 
Seat 2: Mahu2021 ($5.63 in chips) 
Seat 3: Cheeeeerrss1 ($37.93 in chips) 
Seat 4: michaltoja ($11.27 in chips) 
Seat 5: nord1k5 ($23.51 in chips) 
Seat 6: COVEIROANCAP ($10 in chips) 
Mahu2021: posts small blind $0.05
Cheeeeerrss1: posts big blind $0.10
*** HOLE CARDS ***
Dealt to Mahu2021 [9d 6d]
michaltoja: folds 
nord1k5: folds 
COVEIROANCAP: raises $0.15 to $0.25
Andrey458: folds 
Mahu2021: folds 
Cheeeeerrss1: folds 
Uncalled bet ($0.15) returned to COVEIROANCAP
COVEIROANCAP collected $0.25 from pot
COVEIROANCAP: doesn't show hand 
*** SUMMARY ***
Total pot $0.25 | Rake $0 
Seat 1: Andrey458 (button) folded before Flop (didn't bet)
Seat 2: Mahu2021 (small blind) folded before Flop
Seat 3: Cheeeeerrss1 (big blind) folded before Flop
Seat 4: michaltoja folded before Flop (didn't bet)
Seat 5: nord1k5 folded before Flop (didn't bet)
Seat 6: COVEIROANCAP collected ($0.25)



PokerStars Zoom Hand #253851316672:  Hold'em No Limit ($0.05/$0.10) - 2024/12/14 17:11:11 CET [2024/12/14 11:11:11 ET]
Table 'Aludra' 6-max Seat #1 is the button
Seat 1: JacDs ($11.39 in chips) 
Seat 2: pokking876 ($9.23 in chips) 
Seat 3: Mahu2021 ($5.73 in chips) 
Seat 4: noisiAAAA ($12.60 in chips) 
Seat 5: Photogra308 ($10 in chips) 
Seat 6: nord1k5 ($10 in chips) 
pokking876: posts small blind $0.05
Mahu2021: posts big blind $0.10
*** HOLE CARDS ***
Dealt to Mahu2021 [5c 6d]
noisiAAAA: raises $0.10 to $0.20
Photogra308: folds 
nord1k5: raises $0.55 to $0.75
JacDs: folds 
pokking876: folds 
Mahu2021: folds 
noisiAAAA: calls $0.55
*** FLOP *** [Jd 7c 9d]
noisiAAAA: checks 
nord1k5: checks 
*** TURN *** [Jd 7c 9d] [Qc]
noisiAAAA: checks 
nord1k5: bets $0.75
noisiAAAA: calls $0.75
*** RIVER *** [Jd 7c 9d Qc] [4c]
noisiAAAA: checks 
nord1k5: checks 
*** SHOW DOWN ***
noisiAAAA: shows [Ad As] (a pair of Aces)
nord1k5: mucks hand 
noisiAAAA collected $3.01 from pot
*** SUMMARY ***
Total pot $3.15 | Rake $0.14 
Board [Jd 7c 9d Qc 4c]
Seat 1: JacDs (button) folded before Flop (didn't bet)
Seat 2: pokking876 (small blind) folded before Flop
Seat 3: Mahu2021 (big blind) folded before Flop
Seat 4: noisiAAAA showed [Ad As] and won ($3.01) with a pair of Aces
Seat 5: Photogra308 folded before Flop (didn't bet)
Seat 6: nord1k5 mucked [Ac Qh]



PokerStars Zoom Hand #253851321032:  Hold'em No Limit ($0.05/$0.10) - 2024/12/14 17:11:31 CET [2024/12/14 11:11:31 ET]
Table 'Aludra' 6-max Seat #1 is the button
Seat 1: Mahu2021 ($5.58 in chips) 
Seat 2: Andrey458 ($10.24 in chips) 
Seat 3: Kretschmeister ($12.50 in chips) 
Seat 4: NaritaSenpai ($15.02 in chips) 
Seat 5: cybik945 ($11.38 in chips) 
Seat 6: osakei1024 ($4.85 in chips) 
Andrey458: posts small blind $0.05
Kretschmeister: posts big blind $0.10
*** HOLE CARDS ***
Dealt to Mahu2021 [Ad 6c]
NaritaSenpai: raises $0.10 to $0.20
cybik945: folds 
osakei1024: folds 
Mahu2021: calls $0.20
Andrey458: folds 
Kretschmeister: calls $0.10
*** FLOP *** [Jh 4h 2h]
Kretschmeister: checks 
NaritaSenpai: checks 
Mahu2021: checks 
*** TURN *** [Jh 4h 2h] [8h]
Kretschmeister: checks 
NaritaSenpai: checks 
Mahu2021: bets $0.20
Kretschmeister: folds 
NaritaSenpai: folds 
Uncalled bet ($0.20) returned to Mahu2021
Mahu2021 collected $0.62 from pot
Mahu2021: doesn't show hand 
*** SUMMARY ***
Total pot $0.65 | Rake $0.03 
Board [Jh 4h 2h 8h]
Seat 1: Mahu2021 (button) collected ($0.62)
Seat 2: Andrey458 (small blind) folded before Flop
Seat 3: Kretschmeister (big blind) folded on the Turn
Seat 4: NaritaSenpai folded on the Turn
Seat 5: cybik945 folded before Flop (didn't bet)
Seat 6: osakei1024 folded before Flop (didn't bet)



PokerStars Zoom Hand #253851329942:  Hold'em No Limit ($0.05/$0.10) - 2024/12/14 17:12:11 CET [2024/12/14 11:12:11 ET]
Table 'Aludra' 6-max Seat #1 is the button
Seat 1: bartez29 ($10.77 in chips) 
Seat 2: eAh_BlackDevil ($53.88 in chips) 
Seat 3: osakei1024 ($6.24 in chips) 
Seat 4: noisiAAAA ($14.11 in chips) 
Seat 5: Mahu2021 ($6 in chips) 
Seat 6: based-stylo ($13.15 in chips) 
eAh_BlackDevil: posts small blind $0.05
osakei1024: posts big blind $0.10
*** HOLE CARDS ***
Dealt to Mahu2021 [6d 3c]
noisiAAAA: folds 
Mahu2021: folds 
based-stylo: folds 
bartez29: folds 
eAh_BlackDevil: folds 
Uncalled bet ($0.05) returned to osakei1024
osakei1024 collected $0.10 from pot
osakei1024: doesn't show hand 
*** SUMMARY ***
Total pot $0.10 | Rake $0 
Seat 1: bartez29 (button) folded before Flop (didn't bet)
Seat 2: eAh_BlackDevil (small blind) folded before Flop
Seat 3: osakei1024 (big blind) collected ($0.10)
Seat 4: noisiAAAA folded before Flop (didn't bet)
Seat 5: Mahu2021 folded before Flop (didn't bet)
Seat 6: based-stylo folded before Flop (didn't bet)



PokerStars Zoom Hand #253851330831:  Hold'em No Limit ($0.05/$0.10) - 2024/12/14 17:12:15 CET [2024/12/14 11:12:15 ET]
Table 'Aludra' 6-max Seat #1 is the button
Seat 1: bartez29 ($10.77 in chips) 
Seat 2: NaritaSenpai ($11.53 in chips) 
Seat 3: Hito999 ($15.31 in chips) 
Seat 4: Mahu2021 ($6 in chips) 
Seat 5: based-stylo ($23.52 in chips) 
Seat 6: royacht ($7.65 in chips) 
NaritaSenpai: posts small blind $0.05
Hito999: posts big blind $0.10
*** HOLE CARDS ***
Dealt to Mahu2021 [Qs Td]
Mahu2021: folds 
based-stylo: folds 
royacht: folds 
bartez29: folds 
NaritaSenpai: folds 
Uncalled bet ($0.05) returned to Hito999
Hito999 collected $0.10 from pot
Hito999: doesn't show hand 
*** SUMMARY ***
Total pot $0.10 | Rake $0 
Seat 1: bartez29 (button) folded before Flop (didn't bet)
Seat 2: NaritaSenpai (small blind) folded before Flop
Seat 3: Hito999 (big blind) collected ($0.10)
Seat 4: Mahu2021 folded before Flop (didn't bet)
Seat 5: based-stylo folded before Flop (didn't bet)
Seat 6: royacht folded before Flop (didn't bet)



PokerStars Zoom Hand #253851335338:  Hold'em No Limit ($0.05/$0.10) - 2024/12/14 17:12:35 CET [2024/12/14 11:12:35 ET]
Table 'Aludra' 6-max Seat #1 is the button
Seat 1: jul_dec ($9.73 in chips) 
Seat 2: nord1k5 ($10 in chips) 
Seat 3: physics1090 ($19.03 in chips) 
Seat 4: Mahu2021 ($5.90 in chips) 
Seat 5: looser00091 ($10 in chips) 
Seat 6: Lentwood ($9.55 in chips) 
nord1k5: posts small blind $0.05
physics1090: posts big blind $0.10
*** HOLE CARDS ***
Dealt to Mahu2021 [5c Ac]
Mahu2021: folds 
looser00091: raises $0.12 to $0.22
Lentwood: folds 
jul_dec: folds 
nord1k5: folds 
physics1090: folds 
Uncalled bet ($0.12) returned to looser00091
looser00091 collected $0.25 from pot
looser00091: doesn't show hand 
*** SUMMARY ***
Total pot $0.25 | Rake $0 
Seat 1: jul_dec (button) folded before Flop (didn't bet)
Seat 2: nord1k5 (small blind) folded before Flop
Seat 3: physics1090 (big blind) folded before Flop
Seat 4: Mahu2021 folded before Flop (didn't bet)
Seat 5: looser00091 collected ($0.25)
Seat 6: Lentwood folded before Flop (didn't bet)



PokerStars Zoom Hand #253851331736:  Hold'em No Limit ($0.05/$0.10) - 2024/12/14 17:12:19 CET [2024/12/14 11:12:19 ET]
Table 'Aludra' 6-max Seat #1 is the button
Seat 1: COVEIROANCAP ($13.71 in chips) 
Seat 2: Lentwood ($9.60 in chips) 
Seat 3: Mahu2021 ($6 in chips) 
Seat 4: Andrey458 ($10.04 in chips) 
Seat 5: JacDs ($10.80 in chips) 
Seat 6: Toshi999777 ($7.60 in chips) 
Lentwood: posts small blind $0.05
Mahu2021: posts big blind $0.10
*** HOLE CARDS ***
Dealt to Mahu2021 [4d 9s]
Andrey458: folds 
JacDs: raises $0.15 to $0.25
Toshi999777: folds 
COVEIROANCAP: folds 
Lentwood: folds 
Mahu2021: folds 
Uncalled bet ($0.15) returned to JacDs
JacDs collected $0.25 from pot
JacDs: doesn't show hand 
*** SUMMARY ***
Total pot $0.25 | Rake $0 
Seat 1: COVEIROANCAP (button) folded before Flop (didn't bet)
Seat 2: Lentwood (small blind) folded before Flop
Seat 3: Mahu2021 (big blind) folded before Flop
Seat 4: Andrey458 folded before Flop (didn't bet)
Seat 5: JacDs collected ($0.25)
Seat 6: Toshi999777 folded before Flop (didn't bet)



PokerStars Zoom Hand #253851334482:  Hold'em No Limit ($0.05/$0.10) - 2024/12/14 17:12:31 CET [2024/12/14 11:12:31 ET]
Table 'Aludra' 6-max Seat #1 is the button
Seat 1: osakei1024 ($6.29 in chips) 
Seat 2: Hito999 ($15.36 in chips) 
Seat 3: Kretschmeister ($12.45 in chips) 
Seat 4: eAh_BlackDevil ($24.18 in chips) 
Seat 5: bartez29 ($10.72 in chips) 
Seat 6: Mahu2021 ($5.90 in chips) 
Hito999: posts small blind $0.05
Kretschmeister: posts big blind $0.10
*** HOLE CARDS ***
Dealt to Mahu2021 [Kd 3c]
eAh_BlackDevil: folds 
bartez29: folds 
Mahu2021: folds 
osakei1024: folds 
Hito999: raises $0.20 to $0.30
Kretschmeister: folds 
Uncalled bet ($0.20) returned to Hito999
Hito999 collected $0.20 from pot
Hito999: doesn't show hand 
*** SUMMARY ***
Total pot $0.20 | Rake $0 
Seat 1: osakei1024 (button) folded before Flop (didn't bet)
Seat 2: Hito999 (small blind) collected ($0.20)
Seat 3: Kretschmeister (big blind) folded before Flop
Seat 4: eAh_BlackDevil folded before Flop (didn't bet)
Seat 5: bartez29 folded before Flop (didn't bet)
Seat 6: Mahu2021 folded before Flop (didn't bet)



PokerStars Zoom Hand #253851336297:  Hold'em No Limit ($0.05/$0.10) - 2024/12/14 17:12:39 CET [2024/12/14 11:12:39 ET]
Table 'Aludra' 6-max Seat #1 is the button
Seat 1: Windows 21xp ($10 in chips) 
Seat 2: Mahu2021 ($5.90 in chips) 
Seat 3: cybik945 ($10 in chips) 
Seat 4: noisiAAAA ($14.11 in chips) 
Seat 5: Schnuffler ($11.06 in chips) 
Seat 6: NaritaSenpai ($11.07 in chips) 
Mahu2021: posts small blind $0.05
cybik945: posts big blind $0.10
*** HOLE CARDS ***
Dealt to Mahu2021 [5c 6h]
noisiAAAA: folds 
Schnuffler: folds 
NaritaSenpai: folds 
Windows 21xp: raises $0.15 to $0.25
Mahu2021: folds 
cybik945: folds 
Uncalled bet ($0.15) returned to Windows 21xp
Windows 21xp collected $0.25 from pot
Windows 21xp: doesn't show hand 
*** SUMMARY ***
Total pot $0.25 | Rake $0 
Seat 1: Windows 21xp (button) collected ($0.25)
Seat 2: Mahu2021 (small blind) folded before Flop
Seat 3: cybik945 (big blind) folded before Flop
Seat 4: noisiAAAA folded before Flop (didn't bet)
Seat 5: Schnuffler folded before Flop (didn't bet)
Seat 6: NaritaSenpai folded before Flop (didn't bet)



PokerStars Zoom Hand #253851337078:  Hold'em No Limit ($0.05/$0.10) - 2024/12/14 17:12:43 CET [2024/12/14 11:12:43 ET]
Table 'Aludra' 6-max Seat #1 is the button
Seat 1: bartez29 ($12.43 in chips) 
Seat 2: nord1k5 ($23.51 in chips) 
Seat 3: jul_dec ($9.73 in chips) 
Seat 4: based-stylo ($23.42 in chips) 
Seat 5: Mahu2021 ($5.85 in chips) 
Seat 6: ErnieBel ($17.48 in chips) 
nord1k5: posts small blind $0.05
jul_dec: posts big blind $0.10
*** HOLE CARDS ***
Dealt to Mahu2021 [Ts 3s]
based-stylo: folds 
Mahu2021: folds 
ErnieBel: folds 
bartez29: raises $0.15 to $0.25
nord1k5: folds 
jul_dec: raises $0.55 to $0.80
bartez29: folds 
Uncalled bet ($0.55) returned to jul_dec
jul_dec collected $0.55 from pot
jul_dec: doesn't show hand 
*** SUMMARY ***
Total pot $0.55 | Rake $0 
Seat 1: bartez29 (button) folded before Flop
Seat 2: nord1k5 (small blind) folded before Flop
Seat 3: jul_dec (big blind) collected ($0.55)
Seat 4: based-stylo folded before Flop (didn't bet)
Seat 5: Mahu2021 folded before Flop (didn't bet)
Seat 6: ErnieBel folded before Flop (didn't bet)



PokerStars Zoom Hand #253851337858:  Hold'em No Limit ($0.05/$0.10) - 2024/12/14 17:12:47 CET [2024/12/14 11:12:47 ET]
Table 'Aludra' 6-max Seat #1 is the button
Seat 1: mura442 ($19.30 in chips) 
Seat 2: COVEIROANCAP ($10 in chips) 
Seat 3: looser00091 ($10.15 in chips) 
Seat 4: Andrey458 ($10 in chips) 
Seat 5: Meyiooo ($6.84 in chips) 
Seat 6: Mahu2021 ($5.85 in chips) 
COVEIROANCAP: posts small blind $0.05
looser00091: posts big blind $0.10
*** HOLE CARDS ***
Dealt to Mahu2021 [Js Jd]
Andrey458: raises $0.15 to $0.25
Meyiooo: folds 
Mahu2021: raises $5.60 to $5.85 and is all-in
mura442: folds 
COVEIROANCAP: folds 
looser00091: folds 
Andrey458: calls $5.60
*** FLOP *** [9d 5c 2c]
*** TURN *** [9d 5c 2c] [3c]
*** RIVER *** [9d 5c 2c 3c] [9h]
*** SHOW DOWN ***
Andrey458: shows [Kd Ac] (a pair of Nines)
Mahu2021: shows [Js Jd] (two pair, Jacks and Nines)
Mahu2021 cashed out the hand for $6.30 | Cash Out Fee $0.13
*** SUMMARY ***
Total pot $11.85 | Rake $0.53 
Board [9d 5c 2c 3c 9h]
Seat 1: mura442 (button) folded before Flop (didn't bet)
Seat 2: COVEIROANCAP (small blind) folded before Flop
Seat 3: looser00091 (big blind) folded before Flop
Seat 4: Andrey458 showed [Kd Ac] and lost with a pair of Nines
Seat 5: Meyiooo folded before Flop (didn't bet)
Seat 6: Mahu2021 showed [Js Jd] and won ($11.32) with two pair, Jacks and Nines (pot not awarded as player cashed out)



PokerStars Zoom Hand #253851344161:  Hold'em No Limit ($0.05/$0.10) - 2024/12/14 17:13:15 CET [2024/12/14 11:13:15 ET]
Table 'Aludra' 6-max Seat #1 is the button
Seat 1: Mahu2021 ($6.30 in chips) 
Seat 2: tamikado ($17.40 in chips) 
Seat 3: bartez29 ($10.40 in chips) 
Seat 4: GoatMM ($6.47 in chips) 
Seat 5: Kretschmeister ($12.40 in chips) 
Seat 6: cghap ($14.08 in chips) 
tamikado: posts small blind $0.05
bartez29: posts big blind $0.10
*** HOLE CARDS ***
Dealt to Mahu2021 [6h 5h]
GoatMM: raises $0.10 to $0.20
Kretschmeister: calls $0.20
cghap: folds 
Mahu2021: calls $0.20
tamikado: raises $0.90 to $1.10
bartez29: folds 
GoatMM: folds 
Kretschmeister: calls $0.90
Mahu2021: folds 
*** FLOP *** [2c 9c 2d]
tamikado: bets $2.58
Kretschmeister: folds 
Uncalled bet ($2.58) returned to tamikado
tamikado collected $2.55 from pot
tamikado: doesn't show hand 
*** SUMMARY ***
Total pot $2.70 | Rake $0.15 
Board [2c 9c 2d]
Seat 1: Mahu2021 (button) folded before Flop
Seat 2: tamikado (small blind) collected ($2.55)
Seat 3: bartez29 (big blind) folded before Flop
Seat 4: GoatMM folded before Flop
Seat 5: Kretschmeister folded on the Flop
Seat 6: cghap folded before Flop (didn't bet)



PokerStars Zoom Hand #253851346949:  Hold'em No Limit ($0.05/$0.10) - 2024/12/14 17:13:28 CET [2024/12/14 11:13:28 ET]
Table 'Aludra' 6-max Seat #1 is the button
Seat 1: jul_dec ($9.98 in chips) 
Seat 2: looser00091 ($10.05 in chips) 
Seat 3: Mahu2021 ($6.10 in chips) 
Seat 4: Windows 21xp ($10.30 in chips) 
Seat 5: Lhon ($12.22 in chips) 
Seat 6: pokking876 ($9.39 in chips) 
looser00091: posts small blind $0.05
Mahu2021: posts big blind $0.10
*** HOLE CARDS ***
Dealt to Mahu2021 [7h 2s]
Windows 21xp: folds 
Lhon: folds 
pokking876: folds 
jul_dec: raises $0.10 to $0.20
looser00091: folds 
Mahu2021: folds 
Uncalled bet ($0.10) returned to jul_dec
jul_dec collected $0.25 from pot
jul_dec: doesn't show hand 
*** SUMMARY ***
Total pot $0.25 | Rake $0 
Seat 1: jul_dec (button) collected ($0.25)
Seat 2: looser00091 (small blind) folded before Flop
Seat 3: Mahu2021 (big blind) folded before Flop
Seat 4: Windows 21xp folded before Flop (didn't bet)
Seat 5: Lhon folded before Flop (didn't bet)
Seat 6: pokking876 folded before Flop (didn't bet)



PokerStars Zoom Hand #253851354529:  Hold'em No Limit ($0.05/$0.10) - 2024/12/14 17:14:02 CET [2024/12/14 11:14:02 ET]
Table 'Aludra' 6-max Seat #1 is the button
Seat 1: OoJohnStevensoO ($16.14 in chips) 
Seat 2: Mahu2021 ($5.70 in chips) 
Seat 3: COVEIROANCAP ($10.15 in chips) 
Seat 4: Andrey458 ($31.79 in chips) 
Seat 5: cybik945 ($10 in chips) 
Seat 6: Kretschmeister ($11.05 in chips) 
Mahu2021: posts small blind $0.05
COVEIROANCAP: posts big blind $0.10
*** HOLE CARDS ***
Dealt to Mahu2021 [Tc Js]
Andrey458: folds 
cybik945: folds 
Kretschmeister: folds 
OoJohnStevensoO: folds 
Mahu2021: raises $0.20 to $0.30
COVEIROANCAP: folds 
Uncalled bet ($0.20) returned to Mahu2021
Mahu2021 collected $0.20 from pot
Mahu2021: doesn't show hand 
*** SUMMARY ***
Total pot $0.20 | Rake $0 
Seat 1: OoJohnStevensoO (button) folded before Flop (didn't bet)
Seat 2: Mahu2021 (small blind) collected ($0.20)
Seat 3: COVEIROANCAP (big blind) folded before Flop
Seat 4: Andrey458 folded before Flop (didn't bet)
Seat 5: cybik945 folded before Flop (didn't bet)
Seat 6: Kretschmeister folded before Flop (didn't bet)



PokerStars Zoom Hand #253851358405:  Hold'em No Limit ($0.05/$0.10) - 2024/12/14 17:14:19 CET [2024/12/14 11:14:19 ET]
Table 'Aludra' 6-max Seat #1 is the button
Seat 1: pokking876 ($12.22 in chips) 
Seat 2: cybik945 ($10.59 in chips) 
Seat 3: eAh_BlackDevil ($22.19 in chips) 
Seat 4: Mahu2021 ($5.80 in chips) 
Seat 5: physics1090 ($18.63 in chips) 
Seat 6: Andrey458 ($17.52 in chips) 
cybik945: posts small blind $0.05
eAh_BlackDevil: posts big blind $0.10
*** HOLE CARDS ***
Dealt to Mahu2021 [7c Td]
Mahu2021: folds 
physics1090: raises $0.12 to $0.22
Andrey458: folds 
pokking876: folds 
cybik945: folds 
eAh_BlackDevil: folds 
Uncalled bet ($0.12) returned to physics1090
physics1090 collected $0.25 from pot
physics1090: doesn't show hand 
*** SUMMARY ***
Total pot $0.25 | Rake $0 
Seat 1: pokking876 (button) folded before Flop (didn't bet)
Seat 2: cybik945 (small blind) folded before Flop
Seat 3: eAh_BlackDevil (big blind) folded before Flop
Seat 4: Mahu2021 folded before Flop (didn't bet)
Seat 5: physics1090 collected ($0.25)
Seat 6: Andrey458 folded before Flop (didn't bet)



PokerStars Zoom Hand #253851350238:  Hold'em No Limit ($0.05/$0.10) - 2024/12/14 17:13:43 CET [2024/12/14 11:13:43 ET]
Table 'Aludra' 6-max Seat #1 is the button
Seat 1: eAh_BlackDevil ($55.56 in chips) 
Seat 2: physics1090 ($18.93 in chips) 
Seat 3: Cubansk ($27.03 in chips) 
Seat 4: Mr Jim 77 ($19.49 in chips) 
Seat 5: Mahu2021 ($6 in chips) 
Seat 6: vojtek1968 ($14.90 in chips) 
physics1090: posts small blind $0.05
Cubansk: posts big blind $0.10
*** HOLE CARDS ***
Dealt to Mahu2021 [Qh Ac]
Mr Jim 77: raises $0.20 to $0.30
Mahu2021: calls $0.30
vojtek1968: folds 
eAh_BlackDevil: calls $0.30
physics1090: folds 
Cubansk: calls $0.20
*** FLOP *** [3c 7d Kc]
Cubansk: checks 
Mr Jim 77: bets $1.69
Mahu2021: folds 
eAh_BlackDevil: calls $1.69
Cubansk: calls $1.69
*** TURN *** [3c 7d Kc] [9d]
Cubansk: checks 
Mr Jim 77: bets $17.50 and is all-in
eAh_BlackDevil: folds 
Cubansk: folds 
Uncalled bet ($17.50) returned to Mr Jim 77
Mr Jim 77 collected $6.04 from pot
Mr Jim 77: doesn't show hand 
*** SUMMARY ***
Total pot $6.32 | Rake $0.28 
Board [3c 7d Kc 9d]
Seat 1: eAh_BlackDevil (button) folded on the Turn
Seat 2: physics1090 (small blind) folded before Flop
Seat 3: Cubansk (big blind) folded on the Turn
Seat 4: Mr Jim 77 collected ($6.04)
Seat 5: Mahu2021 folded on the Flop
Seat 6: vojtek1968 folded before Flop (didn't bet)



PokerStars Zoom Hand #253851359305:  Hold'em No Limit ($0.05/$0.10) - 2024/12/14 17:14:23 CET [2024/12/14 11:14:23 ET]
Table 'Aludra' 6-max Seat #1 is the button
Seat 1: dingdongitsme ($10 in chips) 
Seat 2: Mahu2021 ($5.80 in chips) 
Seat 3: OoJohnStevensoO ($16.09 in chips) 
Seat 4: COVEIROANCAP ($10 in chips) 
Seat 5: 00agy00 ($9.96 in chips) 
Seat 6: 01WorldMoney ($11.04 in chips) 
Mahu2021: posts small blind $0.05
OoJohnStevensoO: posts big blind $0.10
*** HOLE CARDS ***
Dealt to Mahu2021 [4h 7c]
COVEIROANCAP: folds 
00agy00: raises $0.10 to $0.20
01WorldMoney: folds 
dingdongitsme: folds 
Mahu2021: folds 
OoJohnStevensoO: folds 
Uncalled bet ($0.10) returned to 00agy00
00agy00 collected $0.25 from pot
00agy00: doesn't show hand 
*** SUMMARY ***
Total pot $0.25 | Rake $0 
Seat 1: dingdongitsme (button) folded before Flop (didn't bet)
Seat 2: Mahu2021 (small blind) folded before Flop
Seat 3: OoJohnStevensoO (big blind) folded before Flop
Seat 4: COVEIROANCAP folded before Flop (didn't bet)
Seat 5: 00agy00 collected ($0.25)
Seat 6: 01WorldMoney folded before Flop (didn't bet)



PokerStars Zoom Hand #253851361113:  Hold'em No Limit ($0.05/$0.10) - 2024/12/14 17:14:31 CET [2024/12/14 11:14:31 ET]
Table 'Aludra' 6-max Seat #1 is the button
Seat 1: PitPromillo1979 ($4.90 in chips) 
Seat 2: McLovin060381 ($25.47 in chips) 
Seat 3: cockney82 ($9.44 in chips) 
Seat 4: Cheeeeerrss1 ($38.55 in chips) 
Seat 5: AwaysBluff666 ($3.88 in chips) 
Seat 6: Mahu2021 ($5.75 in chips) 
McLovin060381: posts small blind $0.05
cockney82: posts big blind $0.10
*** HOLE CARDS ***
Dealt to Mahu2021 [8s Js]
Cheeeeerrss1: folds 
AwaysBluff666: calls $0.10
Mahu2021: calls $0.10
PitPromillo1979: folds 
McLovin060381: folds 
cockney82: raises $0.20 to $0.30
AwaysBluff666: calls $0.20
Mahu2021: calls $0.20
*** FLOP *** [Kh Ks Kc]
cockney82: checks 
AwaysBluff666: checks 
Mahu2021: checks 
*** TURN *** [Kh Ks Kc] [4d]
cockney82: bets $0.46
AwaysBluff666: folds 
Mahu2021: folds 
Uncalled bet ($0.46) returned to cockney82
cockney82 collected $0.91 from pot
cockney82: doesn't show hand 
*** SUMMARY ***
Total pot $0.95 | Rake $0.04 
Board [Kh Ks Kc 4d]
Seat 1: PitPromillo1979 (button) folded before Flop (didn't bet)
Seat 2: McLovin060381 (small blind) folded before Flop
Seat 3: cockney82 (big blind) collected ($0.91)
Seat 4: Cheeeeerrss1 folded before Flop (didn't bet)
Seat 5: AwaysBluff666 folded on the Turn
Seat 6: Mahu2021 folded on the Turn



PokerStars Zoom Hand #253851368027:  Hold'em No Limit ($0.05/$0.10) - 2024/12/14 17:15:01 CET [2024/12/14 11:15:01 ET]
Table 'Aludra' 6-max Seat #1 is the button
Seat 1: begaigazimIT ($4.34 in chips) 
Seat 2: Windows 21xp ($10 in chips) 
Seat 3: Mahu2021 ($5.45 in chips) 
Seat 4: cybik945 ($10.49 in chips) 
Seat 5: ErnieBel ($10 in chips) 
Seat 6: michaltoja ($10.91 in chips) 
Windows 21xp: posts small blind $0.05
Mahu2021: posts big blind $0.10
*** HOLE CARDS ***
Dealt to Mahu2021 [Td 6h]
cybik945: folds 
ErnieBel: folds 
michaltoja: raises $0.15 to $0.25
begaigazimIT: folds 
Windows 21xp: folds 
Mahu2021: folds 
Uncalled bet ($0.15) returned to michaltoja
michaltoja collected $0.25 from pot
michaltoja: doesn't show hand 
*** SUMMARY ***
Total pot $0.25 | Rake $0 
Seat 1: begaigazimIT (button) folded before Flop (didn't bet)
Seat 2: Windows 21xp (small blind) folded before Flop
Seat 3: Mahu2021 (big blind) folded before Flop
Seat 4: cybik945 folded before Flop (didn't bet)
Seat 5: ErnieBel folded before Flop (didn't bet)
Seat 6: michaltoja collected ($0.25)



PokerStars Zoom Hand #253851360158:  Hold'em No Limit ($0.05/$0.10) - 2024/12/14 17:14:27 CET [2024/12/14 11:14:27 ET]
Table 'Aludra' 6-max Seat #1 is the button
Seat 1: Mahu2021 ($5.75 in chips) 
Seat 2: Manolo2812 ($10.04 in chips) 
Seat 3: Windows 21xp ($10.15 in chips) 
Seat 4: Andrey458 ($17.52 in chips) 
Seat 5: pokking876 ($6.90 in chips) 
Seat 6: AwaysBluff666 ($3.88 in chips) 
Manolo2812: posts small blind $0.05
Windows 21xp: posts big blind $0.10
*** HOLE CARDS ***
Dealt to Mahu2021 [6s Qd]
Andrey458: raises $0.15 to $0.25
pokking876: folds 
AwaysBluff666: folds 
Mahu2021: folds 
Manolo2812: calls $0.20
Windows 21xp: folds 
*** FLOP *** [8h 6h 7s]
Manolo2812: checks 
Andrey458: bets $0.43
Manolo2812: calls $0.43
*** TURN *** [8h 6h 7s] [Ah]
Manolo2812: checks 
Andrey458: checks 
*** RIVER *** [8h 6h 7s Ah] [4s]
Manolo2812: bets $1
Andrey458: folds 
Uncalled bet ($1) returned to Manolo2812
Manolo2812 collected $1.37 from pot
Manolo2812: doesn't show hand 
*** SUMMARY ***
Total pot $1.46 | Rake $0.09 
Board [8h 6h 7s Ah 4s]
Seat 1: Mahu2021 (button) folded before Flop (didn't bet)
Seat 2: Manolo2812 (small blind) collected ($1.37)
Seat 3: Windows 21xp (big blind) folded before Flop
Seat 4: Andrey458 folded on the River
Seat 5: pokking876 folded before Flop (didn't bet)
Seat 6: AwaysBluff666 folded before Flop (didn't bet)



PokerStars Zoom Hand #253851371344:  Hold'em No Limit ($0.05/$0.10) - 2024/12/14 17:15:16 CET [2024/12/14 11:15:16 ET]
Table 'Aludra' 6-max Seat #1 is the button
Seat 1: Mahu2021 ($5.35 in chips) 
Seat 2: eAh_BlackDevil ($22.24 in chips) 
Seat 3: Cheeeeerrss1 ($29.44 in chips) 
Seat 4: fastboss358 ($15.33 in chips) 
Seat 5: nord1k5 ($24.24 in chips) 
Seat 6: cybik945 ($11.80 in chips) 
eAh_BlackDevil: posts small blind $0.05
Cheeeeerrss1: posts big blind $0.10
*** HOLE CARDS ***
Dealt to Mahu2021 [4s Th]
fastboss358: folds 
nord1k5: folds 
cybik945: raises $0.15 to $0.25
Mahu2021: folds 
eAh_BlackDevil: raises $0.85 to $1.10
Cheeeeerrss1: folds 
cybik945: raises $1.20 to $2.30
eAh_BlackDevil: folds 
Uncalled bet ($1.20) returned to cybik945
cybik945 collected $2.30 from pot
cybik945: doesn't show hand 
*** SUMMARY ***
Total pot $2.30 | Rake $0 
Seat 1: Mahu2021 (button) folded before Flop (didn't bet)
Seat 2: eAh_BlackDevil (small blind) folded before Flop
Seat 3: Cheeeeerrss1 (big blind) folded before Flop
Seat 4: fastboss358 folded before Flop (didn't bet)
Seat 5: nord1k5 folded before Flop (didn't bet)
Seat 6: cybik945 collected ($2.30)



PokerStars Zoom Hand #253851370290:  Hold'em No Limit ($0.05/$0.10) - 2024/12/14 17:15:11 CET [2024/12/14 11:15:11 ET]
Table 'Aludra' 6-max Seat #1 is the button
Seat 1: pokking876 ($9.29 in chips) 
Seat 2: oldmoony ($16.13 in chips) 
Seat 3: bartez29 ($10 in chips) 
Seat 4: JacDs ($10.79 in chips) 
Seat 5: fastboss358 ($15.33 in chips) 
Seat 6: Mahu2021 ($5.35 in chips) 
oldmoony: posts small blind $0.05
bartez29: posts big blind $0.10
*** HOLE CARDS ***
Dealt to Mahu2021 [2s 9s]
JacDs: folds 
fastboss358: folds 
Mahu2021: folds 
pokking876: folds 
oldmoony: raises $0.20 to $0.30
bartez29: calls $0.20
*** FLOP *** [7d 4d Ac]
oldmoony: bets $0.17
bartez29: calls $0.17
*** TURN *** [7d 4d Ac] [Qc]
oldmoony: checks 
bartez29: checks 
*** RIVER *** [7d 4d Ac Qc] [3d]
oldmoony: checks 
bartez29: checks 
*** SHOW DOWN ***
oldmoony: shows [Ts Td] (a pair of Tens)
bartez29: mucks hand 
oldmoony collected $0.90 from pot
*** SUMMARY ***
Total pot $0.94 | Rake $0.04 
Board [7d 4d Ac Qc 3d]
Seat 1: pokking876 (button) folded before Flop (didn't bet)
Seat 2: oldmoony (small blind) showed [Ts Td] and won ($0.90) with a pair of Tens
Seat 3: bartez29 (big blind) mucked [Jh 3h]
Seat 4: JacDs folded before Flop (didn't bet)
Seat 5: fastboss358 folded before Flop (didn't bet)
Seat 6: Mahu2021 folded before Flop (didn't bet)



PokerStars Zoom Hand #253851367096:  Hold'em No Limit ($0.05/$0.10) - 2024/12/14 17:14:57 CET [2024/12/14 11:14:57 ET]
Table 'Aludra' 6-max Seat #1 is the button
Seat 1: cybik945 ($10.49 in chips) 
Seat 2: vojtek1968 ($15.44 in chips) 
Seat 3: 01WorldMoney ($10 in chips) 
Seat 4: jul_dec ($11.41 in chips) 
Seat 5: Mahu2021 ($5.45 in chips) 
Seat 6: OoJohnStevensoO ($15.94 in chips) 
vojtek1968: posts small blind $0.05
01WorldMoney: posts big blind $0.10
*** HOLE CARDS ***
Dealt to Mahu2021 [4c 9c]
jul_dec: raises $0.10 to $0.20
Mahu2021: folds 
OoJohnStevensoO: folds 
cybik945: folds 
vojtek1968: calls $0.15
01WorldMoney: folds 
*** FLOP *** [2d 3d 3h]
vojtek1968: checks 
jul_dec: checks 
*** TURN *** [2d 3d 3h] [Jc]
vojtek1968: checks 
jul_dec: bets $0.48
vojtek1968: calls $0.48
*** RIVER *** [2d 3d 3h Jc] [Qh]
vojtek1968: checks 
jul_dec: checks 
*** SHOW DOWN ***
vojtek1968: shows [8d 6d] (a pair of Threes)
jul_dec: shows [Jd 9h] (two pair, Jacks and Threes)
jul_dec collected $1.39 from pot
*** SUMMARY ***
Total pot $1.46 | Rake $0.07 
Board [2d 3d 3h Jc Qh]
Seat 1: cybik945 (button) folded before Flop (didn't bet)
Seat 2: vojtek1968 (small blind) showed [8d 6d] and lost with a pair of Threes
Seat 3: 01WorldMoney (big blind) folded before Flop
Seat 4: jul_dec showed [Jd 9h] and won ($1.39) with two pair, Jacks and Threes
Seat 5: Mahu2021 folded before Flop (didn't bet)
Seat 6: OoJohnStevensoO folded before Flop (didn't bet)



PokerStars Zoom Hand #253851383470:  Hold'em No Limit ($0.05/$0.10) - 2024/12/14 17:16:09 CET [2024/12/14 11:16:09 ET]
Table 'Aludra' 6-max Seat #1 is the button
Seat 1: NaritaSenpai ($10 in chips) 
Seat 2: reynman00 ($9.90 in chips) 
Seat 3: eAh_BlackDevil ($21.14 in chips) 
Seat 4: Mahu2021 ($5.15 in chips) 
Seat 5: Meyiooo ($7.58 in chips) 
Seat 6: noisiAAAA ($13.14 in chips) 
reynman00: posts small blind $0.05
eAh_BlackDevil: posts big blind $0.10
*** HOLE CARDS ***
Dealt to Mahu2021 [4h 8d]
Mahu2021: folds 
Meyiooo: folds 
noisiAAAA: folds 
NaritaSenpai: folds 
reynman00: raises $0.20 to $0.30
eAh_BlackDevil: raises $0.60 to $0.90
reynman00: folds 
Uncalled bet ($0.60) returned to eAh_BlackDevil
eAh_BlackDevil collected $0.60 from pot
eAh_BlackDevil: doesn't show hand 
*** SUMMARY ***
Total pot $0.60 | Rake $0 
Seat 1: NaritaSenpai (button) folded before Flop (didn't bet)
Seat 2: reynman00 (small blind) folded before Flop
Seat 3: eAh_BlackDevil (big blind) collected ($0.60)
Seat 4: Mahu2021 folded before Flop (didn't bet)
Seat 5: Meyiooo folded before Flop (didn't bet)
Seat 6: noisiAAAA folded before Flop (didn't bet)



PokerStars Zoom Hand #253851372323:  Hold'em No Limit ($0.05/$0.10) - 2024/12/14 17:15:20 CET [2024/12/14 11:15:20 ET]
Table 'Aludra' 6-max Seat #1 is the button
Seat 1: MACNIC007 ($11.63 in chips) 
Seat 2: michaltoja ($11.75 in chips) 
Seat 3: Toshi999777 ($7.65 in chips) 
Seat 4: begaigazimIT ($4.49 in chips) 
Seat 5: Mahu2021 ($5.35 in chips) 
Seat 6: Schnuffler ($14.73 in chips) 
michaltoja: posts small blind $0.05
Toshi999777: posts big blind $0.10
*** HOLE CARDS ***
Dealt to Mahu2021 [5h 5d]
begaigazimIT: folds 
Mahu2021: raises $0.10 to $0.20
Schnuffler: folds 
MACNIC007: calls $0.20
michaltoja: calls $0.15
Toshi999777: calls $0.10
*** FLOP *** [Ts Ah 4s]
michaltoja: checks 
Toshi999777: checks 
Mahu2021: checks 
MACNIC007: checks 
*** TURN *** [Ts Ah 4s] [3s]
michaltoja: checks 
Toshi999777: bets $0.57
Mahu2021: folds 
MACNIC007: calls $0.57
michaltoja: folds 
*** RIVER *** [Ts Ah 4s 3s] [4c]
Toshi999777: bets $1.39
MACNIC007: folds 
Uncalled bet ($1.39) returned to Toshi999777
Toshi999777 collected $1.85 from pot
Toshi999777: doesn't show hand 
*** SUMMARY ***
Total pot $1.94 | Rake $0.09 
Board [Ts Ah 4s 3s 4c]
Seat 1: MACNIC007 (button) folded on the River
Seat 2: michaltoja (small blind) folded on the Turn
Seat 3: Toshi999777 (big blind) collected ($1.85)
Seat 4: begaigazimIT folded before Flop (didn't bet)
Seat 5: Mahu2021 folded on the Turn
Seat 6: Schnuffler folded before Flop (didn't bet)



PokerStars Zoom Hand #253851386342:  Hold'em No Limit ($0.05/$0.10) - 2024/12/14 17:16:22 CET [2024/12/14 11:16:22 ET]
Table 'Aludra' 6-max Seat #1 is the button
Seat 1: michaltoja ($11.55 in chips) 
Seat 2: Mahu2021 ($5.05 in chips) 
Seat 3: Cheeeeerrss1 ($29.04 in chips) 
Seat 4: COVEIROANCAP ($14.40 in chips) 
Seat 5: mrfreaky1989 ($10.15 in chips) 
Seat 6: Insesejado ($21.78 in chips) 
Mahu2021: posts small blind $0.05
Cheeeeerrss1: posts big blind $0.10
*** HOLE CARDS ***
Dealt to Mahu2021 [Kd 7d]
COVEIROANCAP: folds 
mrfreaky1989: folds 
Insesejado: folds 
michaltoja: folds 
Mahu2021: raises $0.20 to $0.30
Cheeeeerrss1: folds 
Uncalled bet ($0.20) returned to Mahu2021
Mahu2021 collected $0.20 from pot
Mahu2021: doesn't show hand 
*** SUMMARY ***
Total pot $0.20 | Rake $0 
Seat 1: michaltoja (button) folded before Flop (didn't bet)
Seat 2: Mahu2021 (small blind) collected ($0.20)
Seat 3: Cheeeeerrss1 (big blind) folded before Flop
Seat 4: COVEIROANCAP folded before Flop (didn't bet)
Seat 5: mrfreaky1989 folded before Flop (didn't bet)
Seat 6: Insesejado folded before Flop (didn't bet)



PokerStars Zoom Hand #253851391772:  Hold'em No Limit ($0.05/$0.10) - 2024/12/14 17:16:46 CET [2024/12/14 11:16:46 ET]
Table 'Aludra' 6-max Seat #1 is the button
Seat 1: nord1k5 ($10 in chips) 
Seat 2: Insesejado ($21.93 in chips) 
Seat 3: Mahu2021 ($5.15 in chips) 
Seat 4: Andrey458 ($10.79 in chips) 
Seat 5: Cheeeeerrss1 ($38.15 in chips) 
Seat 6: pougia777 ($10 in chips) 
Insesejado: posts small blind $0.05
Mahu2021: posts big blind $0.10
*** HOLE CARDS ***
Dealt to Mahu2021 [Th 3s]
Andrey458: folds 
Cheeeeerrss1: folds 
pougia777: folds 
nord1k5: raises $0.15 to $0.25
Insesejado: folds 
Mahu2021: folds 
Uncalled bet ($0.15) returned to nord1k5
nord1k5 collected $0.25 from pot
nord1k5: doesn't show hand 
*** SUMMARY ***
Total pot $0.25 | Rake $0 
Seat 1: nord1k5 (button) collected ($0.25)
Seat 2: Insesejado (small blind) folded before Flop
Seat 3: Mahu2021 (big blind) folded before Flop
Seat 4: Andrey458 folded before Flop (didn't bet)
Seat 5: Cheeeeerrss1 folded before Flop (didn't bet)
Seat 6: pougia777 folded before Flop (didn't bet)



PokerStars Zoom Hand #253851384130:  Hold'em No Limit ($0.05/$0.10) - 2024/12/14 17:16:12 CET [2024/12/14 11:16:12 ET]
Table 'Aludra' 6-max Seat #1 is the button
Seat 1: P1ntail ($17.51 in chips) 
Seat 2: nord1k5 ($21.86 in chips) 
Seat 3: Mahu2021 ($5.15 in chips) 
Seat 4: noisiAAAA ($10 in chips) 
Seat 5: bartez29 ($12.85 in chips) 
Seat 6: Photogra308 ($10.10 in chips) 
nord1k5: posts small blind $0.05
Mahu2021: posts big blind $0.10
*** HOLE CARDS ***
Dealt to Mahu2021 [4s 7c]
noisiAAAA: folds 
bartez29: raises $0.15 to $0.25
Photogra308: folds 
P1ntail: calls $0.25
nord1k5: folds 
Mahu2021: folds 
*** FLOP *** [Jc 3c Js]
bartez29: bets $0.30
P1ntail: raises $0.69 to $0.99
bartez29: calls $0.69
*** TURN *** [Jc 3c Js] [Qd]
bartez29: checks 
P1ntail: bets $1.96
bartez29: folds 
Uncalled bet ($1.96) returned to P1ntail
P1ntail collected $2.51 from pot
P1ntail: doesn't show hand 
*** SUMMARY ***
Total pot $2.63 | Rake $0.12 
Board [Jc 3c Js Qd]
Seat 1: P1ntail (button) collected ($2.51)
Seat 2: nord1k5 (small blind) folded before Flop
Seat 3: Mahu2021 (big blind) folded before Flop
Seat 4: noisiAAAA folded before Flop (didn't bet)
Seat 5: bartez29 folded on the Turn
Seat 6: Photogra308 folded before Flop (didn't bet)



PokerStars Zoom Hand #253851394709:  Hold'em No Limit ($0.05/$0.10) - 2024/12/14 17:16:59 CET [2024/12/14 11:16:59 ET]
Table 'Aludra' 6-max Seat #1 is the button
Seat 1: Andrey458 ($10.74 in chips) 
Seat 2: Lentwood ($9.95 in chips) 
Seat 3: papakas9 ($9.33 in chips) 
Seat 4: based-stylo ($10 in chips) 
Seat 5: osakei1024 ($5.71 in chips) 
Seat 6: Mahu2021 ($5 in chips) 
Lentwood: posts small blind $0.05
papakas9: posts big blind $0.10
*** HOLE CARDS ***
Dealt to Mahu2021 [3c Ad]
based-stylo: folds 
osakei1024: folds 
Mahu2021: folds 
Andrey458: folds 
Lentwood: folds 
Uncalled bet ($0.05) returned to papakas9
papakas9 collected $0.10 from pot
papakas9: doesn't show hand 
*** SUMMARY ***
Total pot $0.10 | Rake $0 
Seat 1: Andrey458 (button) folded before Flop (didn't bet)
Seat 2: Lentwood (small blind) folded before Flop
Seat 3: papakas9 (big blind) collected ($0.10)
Seat 4: based-stylo folded before Flop (didn't bet)
Seat 5: osakei1024 folded before Flop (didn't bet)
Seat 6: Mahu2021 folded before Flop (didn't bet)



PokerStars Zoom Hand #253851390910:  Hold'em No Limit ($0.05/$0.10) - 2024/12/14 17:16:42 CET [2024/12/14 11:16:42 ET]
Table 'Aludra' 6-max Seat #1 is the button
Seat 1: Mahu2021 ($5.15 in chips) 
Seat 2: AwaysBluff666 ($4.15 in chips) 
Seat 3: noisiAAAA ($13.09 in chips) 
Seat 4: Cheeeeerrss1 ($38.15 in chips) 
Seat 5: 00agy00 ($9.61 in chips) 
Seat 6: East_Zoo ($14.32 in chips) 
AwaysBluff666: posts small blind $0.05
noisiAAAA: posts big blind $0.10
*** HOLE CARDS ***
Dealt to Mahu2021 [7h 8s]
Cheeeeerrss1: folds 
00agy00: raises $0.20 to $0.30
East_Zoo: folds 
Mahu2021: folds 
AwaysBluff666: calls $0.25
noisiAAAA: folds 
*** FLOP *** [2c 7s 5d]
AwaysBluff666: checks 
00agy00: bets $0.34
AwaysBluff666: calls $0.34
*** TURN *** [2c 7s 5d] [6d]
AwaysBluff666: checks 
00agy00: checks 
*** RIVER *** [2c 7s 5d 6d] [Kd]
AwaysBluff666: checks 
00agy00: checks 
*** SHOW DOWN ***
AwaysBluff666: shows [3s 3c] (a pair of Threes)
00agy00: shows [6h Ac] (a pair of Sixes)
00agy00 collected $1.32 from pot
*** SUMMARY ***
Total pot $1.38 | Rake $0.06 
Board [2c 7s 5d 6d Kd]
Seat 1: Mahu2021 (button) folded before Flop (didn't bet)
Seat 2: AwaysBluff666 (small blind) showed [3s 3c] and lost with a pair of Threes
Seat 3: noisiAAAA (big blind) folded before Flop
Seat 4: Cheeeeerrss1 folded before Flop (didn't bet)
Seat 5: 00agy00 showed [6h Ac] and won ($1.32) with a pair of Sixes
Seat 6: East_Zoo folded before Flop (didn't bet)



PokerStars Zoom Hand #253851389669:  Hold'em No Limit ($0.05/$0.10) - 2024/12/14 17:16:37 CET [2024/12/14 11:16:37 ET]
Table 'Aludra' 6-max Seat #1 is the button
Seat 1: reynman00 ($10 in chips) 
Seat 2: DrPuertoRico ($14.53 in chips) 
Seat 3: McLovin060381 ($26.15 in chips) 
Seat 4: Kretschmeister ($13.49 in chips) 
Seat 5: Ser Gregory ($25.58 in chips) 
Seat 6: Mahu2021 ($5.15 in chips) 
DrPuertoRico: posts small blind $0.05
McLovin060381: posts big blind $0.10
*** HOLE CARDS ***
Dealt to Mahu2021 [Ts 8c]
Kretschmeister: raises $0.15 to $0.25
Ser Gregory: calls $0.25
Mahu2021: folds 
reynman00: raises $0.70 to $0.95
DrPuertoRico: folds 
McLovin060381: folds 
Kretschmeister: folds 
Ser Gregory: folds 
Uncalled bet ($0.70) returned to reynman00
reynman00 collected $0.90 from pot
reynman00: doesn't show hand 
*** SUMMARY ***
Total pot $0.90 | Rake $0 
Seat 1: reynman00 (button) collected ($0.90)
Seat 2: DrPuertoRico (small blind) folded before Flop
Seat 3: McLovin060381 (big blind) folded before Flop
Seat 4: Kretschmeister folded before Flop
Seat 5: Ser Gregory folded before Flop
Seat 6: Mahu2021 folded before Flop (didn't bet)



PokerStars Zoom Hand #253851395552:  Hold'em No Limit ($0.05/$0.10) - 2024/12/14 17:17:03 CET [2024/12/14 11:17:03 ET]
Table 'Aludra' 6-max Seat #1 is the button
Seat 1: COVEIROANCAP ($10.28 in chips) 
Seat 2: rofos2023 ($10.05 in chips) 
Seat 3: Meyiooo ($7.11 in chips) 
Seat 4: based-stylo ($10 in chips) 
Seat 5: Mahu2021 ($5 in chips) 
Seat 6: nord1k5 ($21.86 in chips) 
rofos2023: posts small blind $0.05
Meyiooo: posts big blind $0.10
*** HOLE CARDS ***
Dealt to Mahu2021 [7c 6s]
based-stylo: folds 
Mahu2021: folds 
nord1k5: folds 
COVEIROANCAP: raises $0.15 to $0.25
rofos2023: folds 
Meyiooo: folds 
Uncalled bet ($0.15) returned to COVEIROANCAP
COVEIROANCAP collected $0.25 from pot
COVEIROANCAP: doesn't show hand 
*** SUMMARY ***
Total pot $0.25 | Rake $0 
Seat 1: COVEIROANCAP (button) collected ($0.25)
Seat 2: rofos2023 (small blind) folded before Flop
Seat 3: Meyiooo (big blind) folded before Flop
Seat 4: based-stylo folded before Flop (didn't bet)
Seat 5: Mahu2021 folded before Flop (didn't bet)
Seat 6: nord1k5 folded before Flop (didn't bet)



PokerStars Zoom Hand #253851393601:  Hold'em No Limit ($0.05/$0.10) - 2024/12/14 17:16:54 CET [2024/12/14 11:16:54 ET]
Table 'Aludra' 6-max Seat #1 is the button
Seat 1: McLovin060381 ($26 in chips) 
Seat 2: Mahu2021 ($5.05 in chips) 
Seat 3: East_Zoo ($14.32 in chips) 
Seat 4: GoatMM ($5.72 in chips) 
Seat 5: michaltoja ($15.76 in chips) 
Seat 6: SuperAlex23 ($9.55 in chips) 
Mahu2021: posts small blind $0.05
East_Zoo: posts big blind $0.10
*** HOLE CARDS ***
Dealt to Mahu2021 [8c 7d]
GoatMM: folds 
michaltoja: folds 
SuperAlex23: folds 
McLovin060381: raises $0.10 to $0.20
Mahu2021: folds 
East_Zoo: raises $0.80 to $1
McLovin060381: folds 
Uncalled bet ($0.80) returned to East_Zoo
East_Zoo collected $0.45 from pot
East_Zoo: doesn't show hand 
*** SUMMARY ***
Total pot $0.45 | Rake $0 
Seat 1: McLovin060381 (button) folded before Flop
Seat 2: Mahu2021 (small blind) folded before Flop
Seat 3: East_Zoo (big blind) collected ($0.45)
Seat 4: GoatMM folded before Flop (didn't bet)
Seat 5: michaltoja folded before Flop (didn't bet)
Seat 6: SuperAlex23 folded before Flop (didn't bet)



PokerStars Zoom Hand #253851396473:  Hold'em No Limit ($0.05/$0.10) - 2024/12/14 17:17:07 CET [2024/12/14 11:17:07 ET]
Table 'Aludra' 6-max Seat #1 is the button
Seat 1: Hito999 ($14.25 in chips) 
Seat 2: dingdongitsme ($10 in chips) 
Seat 3: Lentwood ($9.90 in chips) 
Seat 4: Mahu2021 ($5 in chips) 
Seat 5: osakei1024 ($4.45 in chips) 
Seat 6: nord1k5 ($11.14 in chips) 
dingdongitsme: posts small blind $0.05
Lentwood: posts big blind $0.10
*** HOLE CARDS ***
Dealt to Mahu2021 [Qs Qd]
Mahu2021: raises $0.20 to $0.30
osakei1024: folds 
nord1k5: folds 
Hito999: calls $0.30
dingdongitsme: folds 
Lentwood: folds 
*** FLOP *** [5h 2d Js]
Mahu2021: bets $0.72
Hito999: folds 
Uncalled bet ($0.72) returned to Mahu2021
Mahu2021 collected $0.72 from pot
Mahu2021: doesn't show hand 
*** SUMMARY ***
Total pot $0.75 | Rake $0.03 
Board [5h 2d Js]
Seat 1: Hito999 (button) folded on the Flop
Seat 2: dingdongitsme (small blind) folded before Flop
Seat 3: Lentwood (big blind) folded before Flop
Seat 4: Mahu2021 collected ($0.72)
Seat 5: osakei1024 folded before Flop (didn't bet)
Seat 6: nord1k5 folded before Flop (didn't bet)



PokerStars Zoom Hand #253851402036:  Hold'em No Limit ($0.05/$0.10) - 2024/12/14 17:17:32 CET [2024/12/14 11:17:32 ET]
Table 'Aludra' 6-max Seat #1 is the button
Seat 1: Mahu2021 ($5.42 in chips) 
Seat 2: COVEIROANCAP ($12.79 in chips) 
Seat 3: P1ntail ($18.48 in chips) 
Seat 4: DrPuertoRico ($14.48 in chips) 
Seat 5: 01WorldMoney ($13.09 in chips) 
Seat 6: Meyiooo ($6.86 in chips) 
COVEIROANCAP: posts small blind $0.05
P1ntail: posts big blind $0.10
*** HOLE CARDS ***
Dealt to Mahu2021 [Tc 9c]
DrPuertoRico: folds 
01WorldMoney: folds 
Meyiooo: folds 
Mahu2021: raises $0.20 to $0.30
COVEIROANCAP: folds 
P1ntail: calls $0.20
*** FLOP *** [Qc Qd 5s]
P1ntail: checks 
Mahu2021: checks 
*** TURN *** [Qc Qd 5s] [As]
P1ntail: checks 
Mahu2021: bets $0.30
P1ntail: raises $0.69 to $0.99
Mahu2021: folds 
Uncalled bet ($0.69) returned to P1ntail
P1ntail collected $1.19 from pot
P1ntail: doesn't show hand 
*** SUMMARY ***
Total pot $1.25 | Rake $0.06 
Board [Qc Qd 5s As]
Seat 1: Mahu2021 (button) folded on the Turn
Seat 2: COVEIROANCAP (small blind) folded before Flop
Seat 3: P1ntail (big blind) collected ($1.19)
Seat 4: DrPuertoRico folded before Flop (didn't bet)
Seat 5: 01WorldMoney folded before Flop (didn't bet)
Seat 6: Meyiooo folded before Flop (didn't bet)



PokerStars Zoom Hand #253851407849:  Hold'em No Limit ($0.05/$0.10) - 2024/12/14 17:17:57 CET [2024/12/14 11:17:57 ET]
Table 'Aludra' 6-max Seat #1 is the button
Seat 1: cockney82 ($9.56 in chips) 
Seat 2: Mahu2021 ($4.82 in chips) 
Seat 3: dingdongitsme ($10.15 in chips) 
Seat 4: GoatMM ($5.32 in chips) 
Seat 5: noisiAAAA ($13.12 in chips) 
Seat 6: nord1k5 ($24.62 in chips) 
Mahu2021: posts small blind $0.05
dingdongitsme: posts big blind $0.10
*** HOLE CARDS ***
Dealt to Mahu2021 [Ts Kh]
GoatMM: folds 
noisiAAAA: folds 
nord1k5: folds 
cockney82: folds 
Mahu2021: raises $0.20 to $0.30
dingdongitsme: folds 
Uncalled bet ($0.20) returned to Mahu2021
Mahu2021 collected $0.20 from pot
Mahu2021: doesn't show hand 
*** SUMMARY ***
Total pot $0.20 | Rake $0 
Seat 1: cockney82 (button) folded before Flop (didn't bet)
Seat 2: Mahu2021 (small blind) collected ($0.20)
Seat 3: dingdongitsme (big blind) folded before Flop
Seat 4: GoatMM folded before Flop (didn't bet)
Seat 5: noisiAAAA folded before Flop (didn't bet)
Seat 6: nord1k5 folded before Flop (didn't bet)



PokerStars Zoom Hand #253851412117:  Hold'em No Limit ($0.05/$0.10) - 2024/12/14 17:18:16 CET [2024/12/14 11:18:16 ET]
Table 'Aludra' 6-max Seat #1 is the button
Seat 1: McLovin060381 ($26.26 in chips) 
Seat 2: Hito999 ($14.33 in chips) 
Seat 3: Mahu2021 ($4.92 in chips) 
Seat 4: Ser Gregory ($25.18 in chips) 
Seat 5: cybik945 ($12.35 in chips) 
Seat 6: eAh_BlackDevil ($48.22 in chips) 
Hito999: posts small blind $0.05
Mahu2021: posts big blind $0.10
*** HOLE CARDS ***
Dealt to Mahu2021 [As Qs]
Ser Gregory: folds 
cybik945: folds 
eAh_BlackDevil: raises $0.15 to $0.25
McLovin060381: folds 
Hito999: folds 
Mahu2021: raises $0.45 to $0.70
eAh_BlackDevil: calls $0.45
*** FLOP *** [8s 5d 6s]
Mahu2021: bets $4.22 and is all-in
eAh_BlackDevil: calls $4.22
*** TURN *** [8s 5d 6s] [4c]
*** RIVER *** [8s 5d 6s 4c] [Qc]
*** SHOW DOWN ***
Mahu2021: shows [As Qs] (a pair of Queens)
eAh_BlackDevil: shows [9d 7d] (a straight, Five to Nine)
eAh_BlackDevil collected $9.44 from pot
*** SUMMARY ***
Total pot $9.89 | Rake $0.45 
Board [8s 5d 6s 4c Qc]
Seat 1: McLovin060381 (button) folded before Flop (didn't bet)
Seat 2: Hito999 (small blind) folded before Flop
Seat 3: Mahu2021 (big blind) showed [As Qs] and lost with a pair of Queens
Seat 4: Ser Gregory folded before Flop (didn't bet)
Seat 5: cybik945 folded before Flop (didn't bet)
Seat 6: eAh_BlackDevil showed [9d 7d] and won ($9.44) with a straight, Five to Nine



