PokerStars Zoom Hand #255446874513:  Hold'em No Limit ($0.10/$0.25) - 2025/03/25 17:05:01 CET [2025/03/25 12:05:01 ET]
Table 'Hydra' 6-max Seat #1 is the button
Seat 1: dzacharas ($25.56 in chips) 
Seat 2: ciceron86 ($25 in chips) 
Seat 3: Mahu2021 ($25 in chips) 
Seat 4: YouBetterFold11 ($26.19 in chips) 
Seat 5: Delly1256 ($28.52 in chips) 
Seat 6: DannyLennon ($27.27 in chips) 
ciceron86: posts small blind $0.10
Mahu2021: posts big blind $0.25
*** HOLE CARDS ***
Dealt to Mahu2021 [Ks Jd]
YouBetterFold11: folds 
Delly1256: folds 
DannyLennon: folds 
dzacharas: folds 
ciceron86: raises $0.50 to $0.75
Mahu2021: calls $0.50
*** FLOP *** [Ah 4c 4d]
ciceron86: checks 
Mahu2021: bets $1.43
ciceron86: folds 
Uncalled bet ($1.43) returned to Mahu2021
Mahu2021 collected $1.43 from pot
Mahu2021: doesn't show hand 
*** SUMMARY ***
Total pot $1.50 | Rake $0.07 
Board [Ah 4c 4d]
Seat 1: dzacharas (button) folded before Flop (didn't bet)
Seat 2: ciceron86 (small blind) folded on the Flop
Seat 3: Mahu2021 (big blind) collected ($1.43)
Seat 4: YouBetterFold11 folded before Flop (didn't bet)
Seat 5: Delly1256 folded before Flop (didn't bet)
Seat 6: DannyLennon folded before Flop (didn't bet)



PokerStars Zoom Hand #255446880283:  Hold'em No Limit ($0.10/$0.25) - 2025/03/25 17:05:32 CET [2025/03/25 12:05:32 ET]
Table 'Hydra' 6-max Seat #1 is the button
Seat 1: McShovin88 ($39.33 in chips) 
Seat 2: Mahu2021 ($25.68 in chips) 
Seat 3: remid13 ($54.11 in chips) 
Seat 4: Hu55Ling ($30.98 in chips) 
Seat 5: dzacharas ($26.49 in chips) 
Seat 6: Inc-Zra ($28.96 in chips) 
Mahu2021: posts small blind $0.10
remid13: posts big blind $0.25
*** HOLE CARDS ***
Dealt to Mahu2021 [Qh Kd]
Hu55Ling: folds 
dzacharas: folds 
Inc-Zra: raises $0.32 to $0.57
McShovin88: folds 
Mahu2021: calls $0.47
remid13: calls $0.32
*** FLOP *** [6c Ah Qc]
Mahu2021: bets $0.75
remid13: calls $0.75
Inc-Zra: folds 
*** TURN *** [6c Ah Qc] [Ac]
Mahu2021: bets $3.07
remid13: folds 
Uncalled bet ($3.07) returned to Mahu2021
Mahu2021 collected $3.07 from pot
Mahu2021: doesn't show hand 
*** SUMMARY ***
Total pot $3.21 | Rake $0.14 
Board [6c Ah Qc Ac]
Seat 1: McShovin88 (button) folded before Flop (didn't bet)
Seat 2: Mahu2021 (small blind) collected ($3.07)
Seat 3: remid13 (big blind) folded on the Turn
Seat 4: Hu55Ling folded before Flop (didn't bet)
Seat 5: dzacharas folded before Flop (didn't bet)
Seat 6: Inc-Zra folded on the Flop



PokerStars Zoom Hand #255446887215:  Hold'em No Limit ($0.10/$0.25) - 2025/03/25 17:06:08 CET [2025/03/25 12:06:08 ET]
Table 'Hydra' 6-max Seat #1 is the button
Seat 1: ALEKC6 ($84.38 in chips) 
Seat 2: COVEIROANCAP ($31.03 in chips) 
Seat 3: Rafael lig ($12.50 in chips) 
Seat 4: moto635 ($25.46 in chips) 
Seat 5: tarno1989 ($21.25 in chips) 
Seat 6: Mahu2021 ($27.43 in chips) 
COVEIROANCAP: posts small blind $0.10
Rafael lig: posts big blind $0.25
*** HOLE CARDS ***
Dealt to Mahu2021 [6c Qs]
moto635: folds 
tarno1989: folds 
Mahu2021: folds 
ALEKC6: folds 
COVEIROANCAP: folds 
Uncalled bet ($0.15) returned to Rafael lig
Rafael lig collected $0.20 from pot
Rafael lig: doesn't show hand 
*** SUMMARY ***
Total pot $0.20 | Rake $0 
Seat 1: ALEKC6 (button) folded before Flop (didn't bet)
Seat 2: COVEIROANCAP (small blind) folded before Flop
Seat 3: Rafael lig (big blind) collected ($0.20)
Seat 4: moto635 folded before Flop (didn't bet)
Seat 5: tarno1989 folded before Flop (didn't bet)
Seat 6: Mahu2021 folded before Flop (didn't bet)



PokerStars Zoom Hand #255446886220:  Hold'em No Limit ($0.10/$0.25) - 2025/03/25 17:06:03 CET [2025/03/25 12:06:03 ET]
Table 'Hydra' 6-max Seat #1 is the button
Seat 1: Mahu2021 ($27.43 in chips) 
Seat 2: DannyLennon ($31.68 in chips) 
Seat 3: remid13 ($65.93 in chips) 
Seat 4: ALEKC6 ($98.05 in chips) 
Seat 5: Delly1256 ($38.61 in chips) 
Seat 6: COVEIROANCAP ($31.03 in chips) 
DannyLennon: posts small blind $0.10
remid13: posts big blind $0.25
*** HOLE CARDS ***
Dealt to Mahu2021 [Kh 4s]
ALEKC6: folds 
Delly1256: folds 
COVEIROANCAP: folds 
Mahu2021: folds 
DannyLennon: folds 
Uncalled bet ($0.15) returned to remid13
remid13 collected $0.20 from pot
remid13: doesn't show hand 
*** SUMMARY ***
Total pot $0.20 | Rake $0 
Seat 1: Mahu2021 (button) folded before Flop (didn't bet)
Seat 2: DannyLennon (small blind) folded before Flop
Seat 3: remid13 (big blind) collected ($0.20)
Seat 4: ALEKC6 folded before Flop (didn't bet)
Seat 5: Delly1256 folded before Flop (didn't bet)
Seat 6: COVEIROANCAP folded before Flop (didn't bet)



PokerStars Zoom Hand #255446890644:  Hold'em No Limit ($0.10/$0.25) - 2025/03/25 17:06:26 CET [2025/03/25 12:06:26 ET]
Table 'Hydra' 6-max Seat #1 is the button
Seat 1: Renan06felix ($22.04 in chips) 
Seat 2: Mahu2021 ($27.18 in chips) 
Seat 3: moto635 ($25 in chips) 
Seat 4: McShovin88 ($39.58 in chips) 
Seat 5: dzacharas ($26.47 in chips) 
Seat 6: Magz190 ($25.02 in chips) 
Mahu2021: posts small blind $0.10
moto635: posts big blind $0.25
*** HOLE CARDS ***
Dealt to Mahu2021 [2c 9c]
McShovin88: raises $0.27 to $0.52
dzacharas: folds 
Magz190: folds 
Renan06felix: folds 
Mahu2021: folds 
moto635: folds 
Uncalled bet ($0.27) returned to McShovin88
McShovin88 collected $0.60 from pot
McShovin88: doesn't show hand 
*** SUMMARY ***
Total pot $0.60 | Rake $0 
Seat 1: Renan06felix (button) folded before Flop (didn't bet)
Seat 2: Mahu2021 (small blind) folded before Flop
Seat 3: moto635 (big blind) folded before Flop
Seat 4: McShovin88 collected ($0.60)
Seat 5: dzacharas folded before Flop (didn't bet)
Seat 6: Magz190 folded before Flop (didn't bet)



PokerStars Zoom Hand #255446889900:  Hold'em No Limit ($0.10/$0.25) - 2025/03/25 17:06:22 CET [2025/03/25 12:06:22 ET]
Table 'Hydra' 6-max Seat #1 is the button
Seat 1: Inc-Zra ($31.39 in chips) 
Seat 2: ChangHoon Lee ($42.30 in chips) 
Seat 3: zarras86 ($16.06 in chips) 
Seat 4: totway ($25 in chips) 
Seat 5: rezscott ($13.36 in chips) 
Seat 6: Mahu2021 ($27.18 in chips) 
ChangHoon Lee: posts small blind $0.10
zarras86: posts big blind $0.25
*** HOLE CARDS ***
Dealt to Mahu2021 [3s Jc]
totway has timed out
totway: folds 
rezscott: raises $0.50 to $0.75
Mahu2021: folds 
Inc-Zra: folds 
ChangHoon Lee: folds 
zarras86: folds 
Uncalled bet ($0.50) returned to rezscott
rezscott collected $0.60 from pot
rezscott: doesn't show hand 
*** SUMMARY ***
Total pot $0.60 | Rake $0 
Seat 1: Inc-Zra (button) folded before Flop (didn't bet)
Seat 2: ChangHoon Lee (small blind) folded before Flop
Seat 3: zarras86 (big blind) folded before Flop
Seat 4: totway folded before Flop (didn't bet)
Seat 5: rezscott collected ($0.60)
Seat 6: Mahu2021 folded before Flop (didn't bet)



PokerStars Zoom Hand #255446887998:  Hold'em No Limit ($0.10/$0.25) - 2025/03/25 17:06:12 CET [2025/03/25 12:06:12 ET]
Table 'Hydra' 6-max Seat #1 is the button
Seat 1: extinction51 ($28.34 in chips) 
Seat 2: l'm Sound ($25 in chips) 
Seat 3: Mahu2021 ($27.43 in chips) 
Seat 4: BluesUK ($60.98 in chips) 
Seat 5: Delly1256 ($39.55 in chips) 
Seat 6: Petorius ($6.06 in chips) 
l'm Sound: posts small blind $0.10
Mahu2021: posts big blind $0.25
*** HOLE CARDS ***
Dealt to Mahu2021 [Qc 2s]
BluesUK: raises $0.50 to $0.75
Delly1256: raises $1.50 to $2.25
Petorius: calls $2.25
extinction51: folds 
l'm Sound: folds 
Mahu2021: folds 
BluesUK: folds 
*** FLOP *** [6c 2d 8c]
Delly1256: bets $1.77
Petorius: raises $2.04 to $3.81 and is all-in
Delly1256: calls $2.04
*** TURN *** [6c 2d 8c] [Ah]
*** RIVER *** [6c 2d 8c Ah] [Td]
*** SHOW DOWN ***
Delly1256: shows [As Ac] (three of a kind, Aces)
Petorius: shows [6s 6h] (three of a kind, Sixes)
Delly1256 collected $12.63 from pot
*** SUMMARY ***
Total pot $13.22 | Rake $0.59 
Board [6c 2d 8c Ah Td]
Seat 1: extinction51 (button) folded before Flop (didn't bet)
Seat 2: l'm Sound (small blind) folded before Flop
Seat 3: Mahu2021 (big blind) folded before Flop
Seat 4: BluesUK folded before Flop
Seat 5: Delly1256 showed [As Ac] and won ($12.63) with three of a kind, Aces
Seat 6: Petorius showed [6s 6h] and lost with three of a kind, Sixes



PokerStars Zoom Hand #255446892190:  Hold'em No Limit ($0.10/$0.25) - 2025/03/25 17:06:34 CET [2025/03/25 12:06:34 ET]
Table 'Hydra' 6-max Seat #1 is the button
Seat 1: Mahu2021 ($27.08 in chips) 
Seat 2: ALEKC6 ($84.48 in chips) 
Seat 3: oldmoony ($77.77 in chips) 
Seat 4: VonHolte ($60.14 in chips) 
Seat 5: yoopek ($25.35 in chips) 
Seat 6: Inc-Zra ($31.39 in chips) 
ALEKC6: posts small blind $0.10
oldmoony: posts big blind $0.25
*** HOLE CARDS ***
Dealt to Mahu2021 [8h 8d]
VonHolte: folds 
yoopek: raises $0.25 to $0.50
Inc-Zra: folds 
Mahu2021: calls $0.50
ALEKC6: folds 
oldmoony: calls $0.25
*** FLOP *** [9c 5d 4d]
oldmoony: checks 
yoopek: checks 
Mahu2021: bets $1
oldmoony: raises $1 to $2
yoopek: folds 
Mahu2021: calls $1
*** TURN *** [9c 5d 4d] [Ks]
oldmoony: bets $3.75
Mahu2021: folds 
Uncalled bet ($3.75) returned to oldmoony
oldmoony collected $5.35 from pot
oldmoony: doesn't show hand 
*** SUMMARY ***
Total pot $5.60 | Rake $0.25 
Board [9c 5d 4d Ks]
Seat 1: Mahu2021 (button) folded on the Turn
Seat 2: ALEKC6 (small blind) folded before Flop
Seat 3: oldmoony (big blind) collected ($5.35)
Seat 4: VonHolte folded before Flop (didn't bet)
Seat 5: yoopek folded on the Flop
Seat 6: Inc-Zra folded before Flop (didn't bet)



PokerStars Zoom Hand #255446900115:  Hold'em No Limit ($0.10/$0.25) - 2025/03/25 17:07:16 CET [2025/03/25 12:07:16 ET]
Table 'Hydra' 6-max Seat #1 is the button
Seat 1: ciceron86 ($25.65 in chips) 
Seat 2: tarno1989 ($22.24 in chips) 
Seat 3: Inc-Zra ($28.22 in chips) 
Seat 4: remid13 ($31.97 in chips) 
Seat 5: Mahu2021 ($24.58 in chips) 
Seat 6: l'm Sound ($26.19 in chips) 
tarno1989: posts small blind $0.10
Inc-Zra: posts big blind $0.25
*** HOLE CARDS ***
Dealt to Mahu2021 [4c 7h]
remid13: folds 
Mahu2021: folds 
l'm Sound: folds 
ciceron86: folds 
tarno1989: folds 
Uncalled bet ($0.15) returned to Inc-Zra
Inc-Zra collected $0.20 from pot
Inc-Zra: doesn't show hand 
*** SUMMARY ***
Total pot $0.20 | Rake $0 
Seat 1: ciceron86 (button) folded before Flop (didn't bet)
Seat 2: tarno1989 (small blind) folded before Flop
Seat 3: Inc-Zra (big blind) collected ($0.20)
Seat 4: remid13 folded before Flop (didn't bet)
Seat 5: Mahu2021 folded before Flop (didn't bet)
Seat 6: l'm Sound folded before Flop (didn't bet)



PokerStars Zoom Hand #255446901054:  Hold'em No Limit ($0.10/$0.25) - 2025/03/25 17:07:21 CET [2025/03/25 12:07:21 ET]
Table 'Hydra' 6-max Seat #1 is the button
Seat 1: Tripple6soul ($24.30 in chips) 
Seat 2: DannyLennon ($30.22 in chips) 
Seat 3: yoopek ($29.89 in chips) 
Seat 4: oldmoony ($80.62 in chips) 
Seat 5: tarno1989 ($22.14 in chips) 
Seat 6: Mahu2021 ($24.58 in chips) 
DannyLennon: posts small blind $0.10
yoopek: posts big blind $0.25
*** HOLE CARDS ***
Dealt to Mahu2021 [5s 3h]
oldmoony: folds 
tarno1989: folds 
Mahu2021: folds 
Tripple6soul: folds 
DannyLennon: folds 
Uncalled bet ($0.15) returned to yoopek
yoopek collected $0.20 from pot
yoopek: doesn't show hand 
*** SUMMARY ***
Total pot $0.20 | Rake $0 
Seat 1: Tripple6soul (button) folded before Flop (didn't bet)
Seat 2: DannyLennon (small blind) folded before Flop
Seat 3: yoopek (big blind) collected ($0.20)
Seat 4: oldmoony folded before Flop (didn't bet)
Seat 5: tarno1989 folded before Flop (didn't bet)
Seat 6: Mahu2021 folded before Flop (didn't bet)



PokerStars Zoom Hand #255446901874:  Hold'em No Limit ($0.10/$0.25) - 2025/03/25 17:07:25 CET [2025/03/25 12:07:25 ET]
Table 'Hydra' 6-max Seat #1 is the button
Seat 1: srpskaajkula ($51.17 in chips) 
Seat 2: extinction51 ($25 in chips) 
Seat 3: Mahu2021 ($24.58 in chips) 
Seat 4: YouBetterFold11 ($26.28 in chips) 
Seat 5: Delly1256 ($45.87 in chips) 
Seat 6: Inc-Zra ($28.32 in chips) 
extinction51: posts small blind $0.10
Mahu2021: posts big blind $0.25
*** HOLE CARDS ***
Dealt to Mahu2021 [5d As]
YouBetterFold11: folds 
Delly1256: folds 
Inc-Zra: raises $0.32 to $0.57
srpskaajkula: folds 
extinction51: raises $2.05 to $2.62
Mahu2021: folds 
Inc-Zra: folds 
Uncalled bet ($2.05) returned to extinction51
extinction51 collected $1.39 from pot
extinction51: doesn't show hand 
*** SUMMARY ***
Total pot $1.39 | Rake $0 
Seat 1: srpskaajkula (button) folded before Flop (didn't bet)
Seat 2: extinction51 (small blind) collected ($1.39)
Seat 3: Mahu2021 (big blind) folded before Flop
Seat 4: YouBetterFold11 folded before Flop (didn't bet)
Seat 5: Delly1256 folded before Flop (didn't bet)
Seat 6: Inc-Zra folded before Flop



PokerStars Zoom Hand #255446906377:  Hold'em No Limit ($0.10/$0.25) - 2025/03/25 17:07:48 CET [2025/03/25 12:07:48 ET]
Table 'Hydra' 6-max Seat #1 is the button
Seat 1: rungnapha169 ($28.05 in chips) 
Seat 2: Mahu2021 ($24.33 in chips) 
Seat 3: extinction51 ($31.28 in chips) 
Seat 4: Inc-Zra ($27.75 in chips) 
Seat 5: l'm Sound ($26.19 in chips) 
Seat 6: Bladum ($38.66 in chips) 
Mahu2021: posts small blind $0.10
extinction51: posts big blind $0.25
*** HOLE CARDS ***
Dealt to Mahu2021 [6s 5h]
Inc-Zra: folds 
l'm Sound: folds 
Bladum: folds 
rungnapha169: folds 
Mahu2021: folds 
Uncalled bet ($0.15) returned to extinction51
extinction51 collected $0.20 from pot
extinction51: doesn't show hand 
*** SUMMARY ***
Total pot $0.20 | Rake $0 
Seat 1: rungnapha169 (button) folded before Flop (didn't bet)
Seat 2: Mahu2021 (small blind) folded before Flop
Seat 3: extinction51 (big blind) collected ($0.20)
Seat 4: Inc-Zra folded before Flop (didn't bet)
Seat 5: l'm Sound folded before Flop (didn't bet)
Seat 6: Bladum folded before Flop (didn't bet)



PokerStars Zoom Hand #255446904001:  Hold'em No Limit ($0.10/$0.25) - 2025/03/25 17:07:36 CET [2025/03/25 12:07:36 ET]
Table 'Hydra' 6-max Seat #1 is the button
Seat 1: Renan06felix ($22.04 in chips) 
Seat 2: ChangHoon Lee ($26.19 in chips) 
Seat 3: ALEKC6 ($97.70 in chips) 
Seat 4: KOLE1221 ($87.76 in chips) 
Seat 5: Mahu2021 ($24.33 in chips) 
Seat 6: Muybien_030 ($28 in chips) 
ChangHoon Lee: posts small blind $0.10
ALEKC6: posts big blind $0.25
*** HOLE CARDS ***
Dealt to Mahu2021 [9h Ad]
KOLE1221: calls $0.25
Mahu2021: folds 
Muybien_030: folds 
Renan06felix: folds 
ChangHoon Lee: folds 
ALEKC6: checks 
*** FLOP *** [6c 3h Qs]
ALEKC6: checks 
KOLE1221: checks 
*** TURN *** [6c 3h Qs] [Td]
ALEKC6: bets $0.29
KOLE1221: calls $0.29
*** RIVER *** [6c 3h Qs Td] [5d]
ALEKC6: checks 
KOLE1221: bets $0.57
ALEKC6: folds 
Uncalled bet ($0.57) returned to KOLE1221
KOLE1221 collected $1.13 from pot
KOLE1221: doesn't show hand 
*** SUMMARY ***
Total pot $1.18 | Rake $0.05 
Board [6c 3h Qs Td 5d]
Seat 1: Renan06felix (button) folded before Flop (didn't bet)
Seat 2: ChangHoon Lee (small blind) folded before Flop
Seat 3: ALEKC6 (big blind) folded on the River
Seat 4: KOLE1221 collected ($1.13)
Seat 5: Mahu2021 folded before Flop (didn't bet)
Seat 6: Muybien_030 folded before Flop (didn't bet)



PokerStars Zoom Hand #255446909430:  Hold'em No Limit ($0.10/$0.25) - 2025/03/25 17:08:04 CET [2025/03/25 12:08:04 ET]
Table 'Hydra' 6-max Seat #1 is the button
Seat 1: kcyxa ($24.65 in chips) 
Seat 2: dzacharas ($25.89 in chips) 
Seat 3: Mahu2021 ($24.23 in chips) 
Seat 4: DannyLennon ($33.03 in chips) 
Seat 5: extinction51 ($25.82 in chips) 
Seat 6: tarno1989 ($22.24 in chips) 
dzacharas: posts small blind $0.10
Mahu2021: posts big blind $0.25
*** HOLE CARDS ***
Dealt to Mahu2021 [4s 6s]
DannyLennon: folds 
extinction51: folds 
tarno1989: folds 
kcyxa: folds 
dzacharas: raises $0.37 to $0.62
Mahu2021: folds 
Uncalled bet ($0.37) returned to dzacharas
dzacharas collected $0.50 from pot
dzacharas: doesn't show hand 
*** SUMMARY ***
Total pot $0.50 | Rake $0 
Seat 1: kcyxa (button) folded before Flop (didn't bet)
Seat 2: dzacharas (small blind) collected ($0.50)
Seat 3: Mahu2021 (big blind) folded before Flop
Seat 4: DannyLennon folded before Flop (didn't bet)
Seat 5: extinction51 folded before Flop (didn't bet)
Seat 6: tarno1989 folded before Flop (didn't bet)



PokerStars Zoom Hand #255446907887:  Hold'em No Limit ($0.10/$0.25) - 2025/03/25 17:07:56 CET [2025/03/25 12:07:56 ET]
Table 'Hydra' 6-max Seat #1 is the button
Seat 1: moto635 ($25 in chips) 
Seat 2: l'm Sound ($25.10 in chips) 
Seat 3: smixx casHs ($25 in chips) 
Seat 4: Bladum ($38.66 in chips) 
Seat 5: Mahu2021 ($24.23 in chips) 
Seat 6: Inc-Zra ($27.75 in chips) 
l'm Sound: posts small blind $0.10
smixx casHs: posts big blind $0.25
*** HOLE CARDS ***
Dealt to Mahu2021 [Ah 5c]
Bladum: folds 
Mahu2021: folds 
Inc-Zra: folds 
moto635: raises $0.37 to $0.62
l'm Sound: raises $2.13 to $2.75
smixx casHs: folds 
moto635: folds 
Uncalled bet ($2.13) returned to l'm Sound
l'm Sound collected $1.49 from pot
l'm Sound: doesn't show hand 
*** SUMMARY ***
Total pot $1.49 | Rake $0 
Seat 1: moto635 (button) folded before Flop
Seat 2: l'm Sound (small blind) collected ($1.49)
Seat 3: smixx casHs (big blind) folded before Flop
Seat 4: Bladum folded before Flop (didn't bet)
Seat 5: Mahu2021 folded before Flop (didn't bet)
Seat 6: Inc-Zra folded before Flop (didn't bet)



PokerStars Zoom Hand #255446908674:  Hold'em No Limit ($0.10/$0.25) - 2025/03/25 17:08:00 CET [2025/03/25 12:08:00 ET]
Table 'Hydra' 6-max Seat #1 is the button
Seat 1: Hu55Ling ($30.82 in chips) 
Seat 2: VonHolte ($62.07 in chips) 
Seat 3: Ollie218 ($23.65 in chips) 
Seat 4: Mahu2021 ($24.23 in chips) 
Seat 5: totway ($33.87 in chips) 
Seat 6: srpskaajkula ($50.92 in chips) 
VonHolte: posts small blind $0.10
Ollie218: posts big blind $0.25
*** HOLE CARDS ***
Dealt to Mahu2021 [5s Js]
Mahu2021: folds 
totway has timed out
totway: folds 
srpskaajkula: raises $0.37 to $0.62
Hu55Ling: folds 
VonHolte: folds 
Ollie218: folds 
Uncalled bet ($0.37) returned to srpskaajkula
srpskaajkula collected $0.60 from pot
srpskaajkula: doesn't show hand 
*** SUMMARY ***
Total pot $0.60 | Rake $0 
Seat 1: Hu55Ling (button) folded before Flop (didn't bet)
Seat 2: VonHolte (small blind) folded before Flop
Seat 3: Ollie218 (big blind) folded before Flop
Seat 4: Mahu2021 folded before Flop (didn't bet)
Seat 5: totway folded before Flop (didn't bet)
Seat 6: srpskaajkula collected ($0.60)



PokerStars Zoom Hand #255446907148:  Hold'em No Limit ($0.10/$0.25) - 2025/03/25 17:07:52 CET [2025/03/25 12:07:52 ET]
Table 'Hydra' 6-max Seat #1 is the button
Seat 1: tusderrentner ($26.98 in chips) 
Seat 2: ChangHoon Lee ($39.55 in chips) 
Seat 3: ciceron86 ($26.75 in chips) 
Seat 4: Bladum ($48.03 in chips) 
Seat 5: dzacharas ($25 in chips) 
Seat 6: Mahu2021 ($24.23 in chips) 
ChangHoon Lee: posts small blind $0.10
ciceron86: posts big blind $0.25
*** HOLE CARDS ***
Dealt to Mahu2021 [5d Kc]
Bladum: folds 
dzacharas: folds 
Mahu2021: folds 
tusderrentner: raises $0.30 to $0.55
ChangHoon Lee: raises $2.20 to $2.75
ciceron86: folds 
tusderrentner: calls $2.20
*** FLOP *** [4c 4h As]
ChangHoon Lee: bets $1.37
tusderrentner: calls $1.37
*** TURN *** [4c 4h As] [5c]
ChangHoon Lee: bets $2.68
tusderrentner: folds 
Uncalled bet ($2.68) returned to ChangHoon Lee
ChangHoon Lee collected $8.11 from pot
ChangHoon Lee: doesn't show hand 
*** SUMMARY ***
Total pot $8.49 | Rake $0.38 
Board [4c 4h As 5c]
Seat 1: tusderrentner (button) folded on the Turn
Seat 2: ChangHoon Lee (small blind) collected ($8.11)
Seat 3: ciceron86 (big blind) folded before Flop
Seat 4: Bladum folded before Flop (didn't bet)
Seat 5: dzacharas folded before Flop (didn't bet)
Seat 6: Mahu2021 folded before Flop (didn't bet)



PokerStars Zoom Hand #255446904825:  Hold'em No Limit ($0.10/$0.25) - 2025/03/25 17:07:40 CET [2025/03/25 12:07:40 ET]
Table 'Hydra' 6-max Seat #1 is the button
Seat 1: Mahu2021 ($24.33 in chips) 
Seat 2: Muybien_030 ($28 in chips) 
Seat 3: sohan585 ($31.70 in chips) 
Seat 4: dzacharas ($25.77 in chips) 
Seat 5: moto635 ($25 in chips) 
Seat 6: smixx casHs ($37.05 in chips) 
Muybien_030: posts small blind $0.10
sohan585: posts big blind $0.25
*** HOLE CARDS ***
Dealt to Mahu2021 [As 2c]
dzacharas: folds 
moto635: folds 
smixx casHs: raises $0.37 to $0.62
Mahu2021: folds 
Muybien_030: folds 
sohan585: calls $0.37
*** FLOP *** [Th Jh 2s]
sohan585: checks 
smixx casHs: bets $0.44
sohan585: calls $0.44
*** TURN *** [Th Jh 2s] [3d]
sohan585: checks 
smixx casHs: bets $1.63
sohan585: calls $1.63
*** RIVER *** [Th Jh 2s 3d] [4s]
sohan585: checks 
smixx casHs: checks 
*** SHOW DOWN ***
sohan585: shows [Qh Jc] (a pair of Jacks)
smixx casHs: mucks hand 
sohan585 collected $5.23 from pot
*** SUMMARY ***
Total pot $5.48 | Rake $0.25 
Board [Th Jh 2s 3d 4s]
Seat 1: Mahu2021 (button) folded before Flop (didn't bet)
Seat 2: Muybien_030 (small blind) folded before Flop
Seat 3: sohan585 (big blind) showed [Qh Jc] and won ($5.23) with a pair of Jacks
Seat 4: dzacharas folded before Flop (didn't bet)
Seat 5: moto635 folded before Flop (didn't bet)
Seat 6: smixx casHs mucked [9c Kc]



PokerStars Zoom Hand #255446911962:  Hold'em No Limit ($0.10/$0.25) - 2025/03/25 17:08:17 CET [2025/03/25 12:08:17 ET]
Table 'Hydra' 6-max Seat #1 is the button
Seat 1: Mahu2021 ($23.98 in chips) 
Seat 2: Ollie218 ($23.40 in chips) 
Seat 3: YouBetterFold11 ($37.73 in chips) 
Seat 4: totway ($33.87 in chips) 
Seat 5: COVEIROANCAP ($30.57 in chips) 
Seat 6: ciceron86 ($34.25 in chips) 
Ollie218: posts small blind $0.10
YouBetterFold11: posts big blind $0.25
*** HOLE CARDS ***
Dealt to Mahu2021 [Ac 2c]
totway: folds 
COVEIROANCAP: raises $0.37 to $0.62
ciceron86: folds 
Mahu2021: calls $0.62
Ollie218: folds 
YouBetterFold11: calls $0.37
*** FLOP *** [Ks 6c 2d]
YouBetterFold11: checks 
COVEIROANCAP: checks 
Mahu2021: checks 
*** TURN *** [Ks 6c 2d] [7c]
YouBetterFold11: bets $0.61
COVEIROANCAP: folds 
Mahu2021: calls $0.61
*** RIVER *** [Ks 6c 2d 7c] [Jc]
YouBetterFold11: checks 
Mahu2021: bets $1.25
YouBetterFold11: folds 
Uncalled bet ($1.25) returned to Mahu2021
Mahu2021 collected $3.04 from pot
Mahu2021: doesn't show hand 
*** SUMMARY ***
Total pot $3.18 | Rake $0.14 
Board [Ks 6c 2d 7c Jc]
Seat 1: Mahu2021 (button) collected ($3.04)
Seat 2: Ollie218 (small blind) folded before Flop
Seat 3: YouBetterFold11 (big blind) folded on the River
Seat 4: totway folded before Flop (didn't bet)
Seat 5: COVEIROANCAP folded on the Turn
Seat 6: ciceron86 folded before Flop (didn't bet)



PokerStars Zoom Hand #255446920428:  Hold'em No Limit ($0.10/$0.25) - 2025/03/25 17:09:01 CET [2025/03/25 12:09:01 ET]
Table 'Hydra' 6-max Seat #1 is the button
Seat 1: remid13 ($64.33 in chips) 
Seat 2: Bladum ($27.91 in chips) 
Seat 3: Inc-Zra ($25 in chips) 
Seat 4: l'm Sound ($25 in chips) 
Seat 5: Mahu2021 ($25.79 in chips) 
Seat 6: rungnapha169 ($30.50 in chips) 
Bladum: posts small blind $0.10
Inc-Zra: posts big blind $0.25
*** HOLE CARDS ***
Dealt to Mahu2021 [9c 7h]
l'm Sound: raises $0.25 to $0.50
Mahu2021: folds 
rungnapha169: folds 
remid13: folds 
Bladum: folds 
Inc-Zra: folds 
Uncalled bet ($0.25) returned to l'm Sound
l'm Sound collected $0.60 from pot
l'm Sound: doesn't show hand 
*** SUMMARY ***
Total pot $0.60 | Rake $0 
Seat 1: remid13 (button) folded before Flop (didn't bet)
Seat 2: Bladum (small blind) folded before Flop
Seat 3: Inc-Zra (big blind) folded before Flop
Seat 4: l'm Sound collected ($0.60)
Seat 5: Mahu2021 folded before Flop (didn't bet)
Seat 6: rungnapha169 folded before Flop (didn't bet)



PokerStars Zoom Hand #255446921172:  Hold'em No Limit ($0.10/$0.25) - 2025/03/25 17:09:05 CET [2025/03/25 12:09:05 ET]
Table 'Hydra' 6-max Seat #1 is the button
Seat 1: kcyxa ($25.30 in chips) 
Seat 2: Mahu2021 ($25.79 in chips) 
Seat 3: Rafael lig ($12.72 in chips) 
Seat 4: ciceron86 ($57.45 in chips) 
Seat 5: rungnapha169 ($30.50 in chips) 
Seat 6: COVEIROANCAP ($29.70 in chips) 
Mahu2021: posts small blind $0.10
Rafael lig: posts big blind $0.25
*** HOLE CARDS ***
Dealt to Mahu2021 [2h 8s]
ciceron86: folds 
rungnapha169: folds 
COVEIROANCAP: folds 
kcyxa: folds 
Mahu2021: folds 
Uncalled bet ($0.15) returned to Rafael lig
Rafael lig collected $0.20 from pot
Rafael lig: doesn't show hand 
*** SUMMARY ***
Total pot $0.20 | Rake $0 
Seat 1: kcyxa (button) folded before Flop (didn't bet)
Seat 2: Mahu2021 (small blind) folded before Flop
Seat 3: Rafael lig (big blind) collected ($0.20)
Seat 4: ciceron86 folded before Flop (didn't bet)
Seat 5: rungnapha169 folded before Flop (didn't bet)
Seat 6: COVEIROANCAP folded before Flop (didn't bet)



PokerStars Zoom Hand #255446922872:  Hold'em No Limit ($0.10/$0.25) - 2025/03/25 17:09:14 CET [2025/03/25 12:09:14 ET]
Table 'Hydra' 6-max Seat #1 is the button
Seat 1: geo3pokerr ($19.33 in chips) 
Seat 2: DrDr Linse ($13.19 in chips) 
Seat 3: Mahu2021 ($25.69 in chips) 
Seat 4: yoopek ($54.25 in chips) 
Seat 5: ALEKC6 ($81.82 in chips) 
Seat 6: ChangHoon Lee ($25 in chips) 
DrDr Linse: posts small blind $0.10
Mahu2021: posts big blind $0.25
*** HOLE CARDS ***
Dealt to Mahu2021 [Qs 8s]
yoopek: folds 
ALEKC6: folds 
ChangHoon Lee: folds 
geo3pokerr: folds 
DrDr Linse: folds 
Uncalled bet ($0.15) returned to Mahu2021
Mahu2021 collected $0.20 from pot
Mahu2021: doesn't show hand 
*** SUMMARY ***
Total pot $0.20 | Rake $0 
Seat 1: geo3pokerr (button) folded before Flop (didn't bet)
Seat 2: DrDr Linse (small blind) folded before Flop
Seat 3: Mahu2021 (big blind) collected ($0.20)
Seat 4: yoopek folded before Flop (didn't bet)
Seat 5: ALEKC6 folded before Flop (didn't bet)
Seat 6: ChangHoon Lee folded before Flop (didn't bet)



PokerStars Zoom Hand #255446922084:  Hold'em No Limit ($0.10/$0.25) - 2025/03/25 17:09:10 CET [2025/03/25 12:09:10 ET]
Table 'Hydra' 6-max Seat #1 is the button
Seat 1: geo3pokerr ($31.76 in chips) 
Seat 2: totway ($33.27 in chips) 
Seat 3: Bladum ($64.25 in chips) 
Seat 4: Mahu2021 ($25.69 in chips) 
Seat 5: ChangHoon Lee ($25 in chips) 
Seat 6: ciceron86 ($57.45 in chips) 
totway: posts small blind $0.10
Bladum: posts big blind $0.25
*** HOLE CARDS ***
Dealt to Mahu2021 [7c 2s]
Mahu2021: folds 
ChangHoon Lee: folds 
ciceron86: folds 
geo3pokerr: folds 
totway: raises $0.50 to $0.75
Bladum: folds 
Uncalled bet ($0.50) returned to totway
totway collected $0.50 from pot
totway: doesn't show hand 
*** SUMMARY ***
Total pot $0.50 | Rake $0 
Seat 1: geo3pokerr (button) folded before Flop (didn't bet)
Seat 2: totway (small blind) collected ($0.50)
Seat 3: Bladum (big blind) folded before Flop
Seat 4: Mahu2021 folded before Flop (didn't bet)
Seat 5: ChangHoon Lee folded before Flop (didn't bet)
Seat 6: ciceron86 folded before Flop (didn't bet)



PokerStars Zoom Hand #255446924219:  Hold'em No Limit ($0.10/$0.25) - 2025/03/25 17:09:21 CET [2025/03/25 12:09:21 ET]
Table 'Hydra' 6-max Seat #1 is the button
Seat 1: ChangHoon Lee ($25 in chips) 
Seat 2: extinction51 ($32.43 in chips) 
Seat 3: Bladum ($27.81 in chips) 
Seat 4: YouBetterFold11 ($36.75 in chips) 
Seat 5: titibxl ($65.43 in chips) 
Seat 6: Mahu2021 ($25.79 in chips) 
extinction51: posts small blind $0.10
Bladum: posts big blind $0.25
*** HOLE CARDS ***
Dealt to Mahu2021 [2s Ts]
YouBetterFold11: folds 
titibxl: folds 
Mahu2021: folds 
ChangHoon Lee: folds 
extinction51: folds 
Uncalled bet ($0.15) returned to Bladum
Bladum collected $0.20 from pot
Bladum: doesn't show hand 
*** SUMMARY ***
Total pot $0.20 | Rake $0 
Seat 1: ChangHoon Lee (button) folded before Flop (didn't bet)
Seat 2: extinction51 (small blind) folded before Flop
Seat 3: Bladum (big blind) collected ($0.20)
Seat 4: YouBetterFold11 folded before Flop (didn't bet)
Seat 5: titibxl folded before Flop (didn't bet)
Seat 6: Mahu2021 folded before Flop (didn't bet)



PokerStars Zoom Hand #255446928252:  Hold'em No Limit ($0.10/$0.25) - 2025/03/25 17:09:42 CET [2025/03/25 12:09:42 ET]
Table 'Hydra' 6-max Seat #1 is the button
Seat 1: COVEIROANCAP ($29.70 in chips) 
Seat 2: extinction51 ($25 in chips) 
Seat 3: Wag1Wasteman ($11 in chips) 
Seat 4: Mahu2021 ($25.22 in chips) 
Seat 5: Bladum ($35.99 in chips) 
Seat 6: Baratrum777 ($27.82 in chips) 
extinction51: posts small blind $0.10
Wag1Wasteman: posts big blind $0.25
*** HOLE CARDS ***
Dealt to Mahu2021 [Ac 5h]
Mahu2021: folds 
Bladum: folds 
Baratrum777: folds 
COVEIROANCAP: folds 
extinction51: folds 
Uncalled bet ($0.15) returned to Wag1Wasteman
Wag1Wasteman collected $0.20 from pot
Wag1Wasteman: doesn't show hand 
*** SUMMARY ***
Total pot $0.20 | Rake $0 
Seat 1: COVEIROANCAP (button) folded before Flop (didn't bet)
Seat 2: extinction51 (small blind) folded before Flop
Seat 3: Wag1Wasteman (big blind) collected ($0.20)
Seat 4: Mahu2021 folded before Flop (didn't bet)
Seat 5: Bladum folded before Flop (didn't bet)
Seat 6: Baratrum777 folded before Flop (didn't bet)



PokerStars Zoom Hand #255446929401:  Hold'em No Limit ($0.10/$0.25) - 2025/03/25 17:09:48 CET [2025/03/25 12:09:48 ET]
Table 'Hydra' 6-max Seat #1 is the button
Seat 1: Bladum ($28.26 in chips) 
Seat 2: Mahu2021 ($25.22 in chips) 
Seat 3: zarras86 ($12.76 in chips) 
Seat 4: Muybien_030 ($45.86 in chips) 
Seat 5: rungnapha169 ($29.90 in chips) 
Seat 6: Inc-Zra ($25 in chips) 
Mahu2021: posts small blind $0.10
zarras86: posts big blind $0.25
*** HOLE CARDS ***
Dealt to Mahu2021 [Qs Jd]
Muybien_030: folds 
rungnapha169: raises $0.25 to $0.50
Inc-Zra: folds 
Bladum: folds 
Mahu2021: calls $0.40
zarras86: folds 
*** FLOP *** [4h 6c 5d]
Mahu2021: checks 
rungnapha169: checks 
*** TURN *** [4h 6c 5d] [Ks]
Mahu2021: checks 
rungnapha169: checks 
*** RIVER *** [4h 6c 5d Ks] [6h]
Mahu2021: checks 
rungnapha169: checks 
*** SHOW DOWN ***
Mahu2021: shows [Qs Jd] (a pair of Sixes)
rungnapha169: shows [As 8d] (a pair of Sixes - Ace kicker)
rungnapha169 collected $1.19 from pot
*** SUMMARY ***
Total pot $1.25 | Rake $0.06 
Board [4h 6c 5d Ks 6h]
Seat 1: Bladum (button) folded before Flop (didn't bet)
Seat 2: Mahu2021 (small blind) showed [Qs Jd] and lost with a pair of Sixes
Seat 3: zarras86 (big blind) folded before Flop
Seat 4: Muybien_030 folded before Flop (didn't bet)
Seat 5: rungnapha169 showed [As 8d] and won ($1.19) with a pair of Sixes
Seat 6: Inc-Zra folded before Flop (didn't bet)



PokerStars Zoom Hand #255446925325:  Hold'em No Limit ($0.10/$0.25) - 2025/03/25 17:09:27 CET [2025/03/25 12:09:27 ET]
Table 'Hydra' 6-max Seat #1 is the button
Seat 1: Mahu2021 ($25.79 in chips) 
Seat 2: dzacharas ($25 in chips) 
Seat 3: Tripple6soul ($28.70 in chips) 
Seat 4: remid13 ($64.08 in chips) 
Seat 5: u.sauer ($9.54 in chips) 
Seat 6: l'm Sound ($25 in chips) 
dzacharas: posts small blind $0.10
Tripple6soul: posts big blind $0.25
*** HOLE CARDS ***
Dealt to Mahu2021 [Ts Ad]
remid13: folds 
u.sauer: folds 
l'm Sound: raises $0.32 to $0.57
Mahu2021: calls $0.57
dzacharas: folds 
Tripple6soul: raises $1.81 to $2.38
l'm Sound: calls $1.81
Mahu2021: folds 
*** FLOP *** [8h Tc 3h]
Tripple6soul: checks 
l'm Sound: bets $1.56
Tripple6soul: calls $1.56
*** TURN *** [8h Tc 3h] [6c]
Tripple6soul: checks 
l'm Sound: bets $4.17
Tripple6soul: folds 
Uncalled bet ($4.17) returned to l'm Sound
l'm Sound collected $8.17 from pot
l'm Sound: doesn't show hand 
*** SUMMARY ***
Total pot $8.55 | Rake $0.38 
Board [8h Tc 3h 6c]
Seat 1: Mahu2021 (button) folded before Flop
Seat 2: dzacharas (small blind) folded before Flop
Seat 3: Tripple6soul (big blind) folded on the Turn
Seat 4: remid13 folded before Flop (didn't bet)
Seat 5: u.sauer folded before Flop (didn't bet)
Seat 6: l'm Sound collected ($8.17)



PokerStars Zoom Hand #255446940138:  Hold'em No Limit ($0.10/$0.25) - 2025/03/25 17:10:43 CET [2025/03/25 12:10:43 ET]
Table 'Hydra' 6-max Seat #1 is the button
Seat 1: Mahu2021 ($24.72 in chips) 
Seat 2: kcyxa ($25.30 in chips) 
Seat 3: smixx casHs ($51.30 in chips) 
Seat 4: VonHolte ($54.88 in chips) 
Seat 5: bloodedesert ($72.91 in chips) 
Seat 6: Muybien_030 ($29.19 in chips) 
kcyxa: posts small blind $0.10
smixx casHs: posts big blind $0.25
*** HOLE CARDS ***
Dealt to Mahu2021 [Tc Ts]
VonHolte: raises $0.37 to $0.62
bloodedesert: folds 
Muybien_030: folds 
Mahu2021: raises $2.13 to $2.75
kcyxa: folds 
smixx casHs: folds 
VonHolte: raises $52.13 to $54.88 and is all-in
Mahu2021: folds 
Uncalled bet ($52.13) returned to VonHolte
VonHolte collected $5.85 from pot
VonHolte: doesn't show hand 
*** SUMMARY ***
Total pot $5.85 | Rake $0 
Seat 1: Mahu2021 (button) folded before Flop
Seat 2: kcyxa (small blind) folded before Flop
Seat 3: smixx casHs (big blind) folded before Flop
Seat 4: VonHolte collected ($5.85)
Seat 5: bloodedesert folded before Flop (didn't bet)
Seat 6: Muybien_030 folded before Flop (didn't bet)



PokerStars Zoom Hand #255446945319:  Hold'em No Limit ($0.10/$0.25) - 2025/03/25 17:11:09 CET [2025/03/25 12:11:09 ET]
Table 'Hydra' 6-max Seat #1 is the button
Seat 1: Rafael lig ($12.15 in chips) 
Seat 2: rokk10 ($22.60 in chips) 
Seat 3: Mahu2021 ($21.97 in chips) 
Seat 4: ciceron86 ($25.95 in chips) 
Seat 5: VonHolte ($64.16 in chips) 
Seat 6: masterjo60 ($12.72 in chips) 
rokk10: posts small blind $0.10
Mahu2021: posts big blind $0.25
*** HOLE CARDS ***
Dealt to Mahu2021 [2c Qd]
ciceron86: folds 
VonHolte: folds 
masterjo60: raises $0.25 to $0.50
Rafael lig: folds 
rokk10: folds 
Mahu2021: folds 
Uncalled bet ($0.25) returned to masterjo60
masterjo60 collected $0.60 from pot
masterjo60: doesn't show hand 
*** SUMMARY ***
Total pot $0.60 | Rake $0 
Seat 1: Rafael lig (button) folded before Flop (didn't bet)
Seat 2: rokk10 (small blind) folded before Flop
Seat 3: Mahu2021 (big blind) folded before Flop
Seat 4: ciceron86 folded before Flop (didn't bet)
Seat 5: VonHolte folded before Flop (didn't bet)
Seat 6: masterjo60 collected ($0.60)



PokerStars Zoom Hand #255446944547:  Hold'em No Limit ($0.10/$0.25) - 2025/03/25 17:11:05 CET [2025/03/25 12:11:05 ET]
Table 'Hydra' 6-max Seat #1 is the button
Seat 1: Delly1256 ($25 in chips) 
Seat 2: Rafael lig ($12.25 in chips) 
Seat 3: srpskaajkula ($52.12 in chips) 
Seat 4: l'm Sound ($25 in chips) 
Seat 5: Muybien_030 ($45.76 in chips) 
Seat 6: Mahu2021 ($21.97 in chips) 
Rafael lig: posts small blind $0.10
srpskaajkula: posts big blind $0.25
*** HOLE CARDS ***
Dealt to Mahu2021 [Ts 4c]
l'm Sound: folds 
Muybien_030: folds 
Mahu2021: folds 
Delly1256: raises $0.25 to $0.50
Rafael lig: folds 
srpskaajkula: calls $0.25
*** FLOP *** [8d Ah 9s]
srpskaajkula: bets $0.53
Delly1256: folds 
Uncalled bet ($0.53) returned to srpskaajkula
srpskaajkula collected $1.05 from pot
srpskaajkula: doesn't show hand 
*** SUMMARY ***
Total pot $1.10 | Rake $0.05 
Board [8d Ah 9s]
Seat 1: Delly1256 (button) folded on the Flop
Seat 2: Rafael lig (small blind) folded before Flop
Seat 3: srpskaajkula (big blind) collected ($1.05)
Seat 4: l'm Sound folded before Flop (didn't bet)
Seat 5: Muybien_030 folded before Flop (didn't bet)
Seat 6: Mahu2021 folded before Flop (didn't bet)



PokerStars Zoom Hand #255446946547:  Hold'em No Limit ($0.10/$0.25) - 2025/03/25 17:11:15 CET [2025/03/25 12:11:15 ET]
Table 'Hydra' 6-max Seat #1 is the button
Seat 1: extinction51 ($25 in chips) 
Seat 2: khz71 ($49.05 in chips) 
Seat 3: dzacharas ($25.35 in chips) 
Seat 4: Muybien_030 ($28.84 in chips) 
Seat 5: Mahu2021 ($21.72 in chips) 
Seat 6: DannyLennon ($25 in chips) 
khz71: posts small blind $0.10
dzacharas: posts big blind $0.25
*** HOLE CARDS ***
Dealt to Mahu2021 [Ad 5c]
Muybien_030: folds 
Mahu2021: folds 
DannyLennon: folds 
extinction51: folds 
khz71: raises $0.50 to $0.75
dzacharas: folds 
Uncalled bet ($0.50) returned to khz71
khz71 collected $0.50 from pot
khz71: doesn't show hand 
*** SUMMARY ***
Total pot $0.50 | Rake $0 
Seat 1: extinction51 (button) folded before Flop (didn't bet)
Seat 2: khz71 (small blind) collected ($0.50)
Seat 3: dzacharas (big blind) folded before Flop
Seat 4: Muybien_030 folded before Flop (didn't bet)
Seat 5: Mahu2021 folded before Flop (didn't bet)
Seat 6: DannyLennon folded before Flop (didn't bet)



PokerStars Zoom Hand #255446947211:  Hold'em No Limit ($0.10/$0.25) - 2025/03/25 17:11:18 CET [2025/03/25 12:11:18 ET]
Table 'Hydra' 6-max Seat #1 is the button
Seat 1: geo3pokerr ($30.34 in chips) 
Seat 2: Bladum ($55.53 in chips) 
Seat 3: abcolandsv ($27.45 in chips) 
Seat 4: Mahu2021 ($21.72 in chips) 
Seat 5: dzacharas ($25.10 in chips) 
Seat 6: rokk10 ($22.50 in chips) 
Bladum: posts small blind $0.10
abcolandsv: posts big blind $0.25
*** HOLE CARDS ***
Dealt to Mahu2021 [Qd 5d]
Mahu2021: folds 
dzacharas: folds 
rokk10: raises $0.50 to $0.75
geo3pokerr: folds 
Bladum: folds 
abcolandsv: calls $0.50
*** FLOP *** [2d 2c As]
abcolandsv: checks 
rokk10: bets $1.03
abcolandsv: folds 
Uncalled bet ($1.03) returned to rokk10
rokk10 collected $1.53 from pot
rokk10: doesn't show hand 
*** SUMMARY ***
Total pot $1.60 | Rake $0.07 
Board [2d 2c As]
Seat 1: geo3pokerr (button) folded before Flop (didn't bet)
Seat 2: Bladum (small blind) folded before Flop
Seat 3: abcolandsv (big blind) folded on the Flop
Seat 4: Mahu2021 folded before Flop (didn't bet)
Seat 5: dzacharas folded before Flop (didn't bet)
Seat 6: rokk10 collected ($1.53)



PokerStars Zoom Hand #255446948180:  Hold'em No Limit ($0.10/$0.25) - 2025/03/25 17:11:23 CET [2025/03/25 12:11:23 ET]
Table 'Hydra' 6-max Seat #1 is the button
Seat 1: ALEKC6 ($91.38 in chips) 
Seat 2: Inc-Zra ($33.75 in chips) 
Seat 3: NePoPeN ($25 in chips) 
Seat 4: geo3pokerr ($30.34 in chips) 
Seat 5: Mahu2021 ($21.72 in chips) 
Seat 6: Muybien_030 ($28.84 in chips) 
Inc-Zra: posts small blind $0.10
NePoPeN: posts big blind $0.25
*** HOLE CARDS ***
Dealt to Mahu2021 [9c Ac]
geo3pokerr: folds 
Mahu2021: raises $0.35 to $0.60
Muybien_030: folds 
ALEKC6: folds 
Inc-Zra: folds 
NePoPeN: calls $0.35
*** FLOP *** [9d 2d 4h]
NePoPeN: checks 
Mahu2021: bets $1.24
NePoPeN: folds 
Uncalled bet ($1.24) returned to Mahu2021
Mahu2021 collected $1.24 from pot
Mahu2021: doesn't show hand 
*** SUMMARY ***
Total pot $1.30 | Rake $0.06 
Board [9d 2d 4h]
Seat 1: ALEKC6 (button) folded before Flop (didn't bet)
Seat 2: Inc-Zra (small blind) folded before Flop
Seat 3: NePoPeN (big blind) folded on the Flop
Seat 4: geo3pokerr folded before Flop (didn't bet)
Seat 5: Mahu2021 collected ($1.24)
Seat 6: Muybien_030 folded before Flop (didn't bet)



PokerStars Zoom Hand #255446953925:  Hold'em No Limit ($0.10/$0.25) - 2025/03/25 17:11:52 CET [2025/03/25 12:11:52 ET]
Table 'Hydra' 6-max Seat #1 is the button
Seat 1: dzacharas ($25.35 in chips) 
Seat 2: Mahu2021 ($22.36 in chips) 
Seat 3: sohan585 ($28.56 in chips) 
Seat 4: COVEIROANCAP ($25.35 in chips) 
Seat 5: KOLE1221 ($93.16 in chips) 
Seat 6: l'm Sound ($27.88 in chips) 
Mahu2021: posts small blind $0.10
sohan585: posts big blind $0.25
*** HOLE CARDS ***
Dealt to Mahu2021 [5h 4h]
COVEIROANCAP: folds 
KOLE1221: calls $0.25
l'm Sound: folds 
dzacharas: folds 
Mahu2021: raises $0.50 to $0.75
sohan585: folds 
KOLE1221: calls $0.50
*** FLOP *** [3s 5s 9c]
Mahu2021: bets $0.75
KOLE1221: calls $0.75
*** TURN *** [3s 5s 9c] [Qh]
Mahu2021: bets $0.75
KOLE1221: folds 
Uncalled bet ($0.75) returned to Mahu2021
Mahu2021 collected $3.10 from pot
Mahu2021: doesn't show hand 
*** SUMMARY ***
Total pot $3.25 | Rake $0.15 
Board [3s 5s 9c Qh]
Seat 1: dzacharas (button) folded before Flop (didn't bet)
Seat 2: Mahu2021 (small blind) collected ($3.10)
Seat 3: sohan585 (big blind) folded before Flop
Seat 4: COVEIROANCAP folded before Flop (didn't bet)
Seat 5: KOLE1221 folded on the Turn
Seat 6: l'm Sound folded before Flop (didn't bet)



PokerStars Zoom Hand #255446961685:  Hold'em No Limit ($0.10/$0.25) - 2025/03/25 17:12:31 CET [2025/03/25 12:12:31 ET]
Table 'Hydra' 6-max Seat #1 is the button
Seat 1: aisle333 ($27.30 in chips) 
Seat 2: Bladum ($36.99 in chips) 
Seat 3: Mahu2021 ($23.96 in chips) 
Seat 4: extinction51 ($25.70 in chips) 
Seat 5: l'm Sound ($29.41 in chips) 
Seat 6: ciceron86 ($25.65 in chips) 
Bladum: posts small blind $0.10
Mahu2021: posts big blind $0.25
*** HOLE CARDS ***
Dealt to Mahu2021 [7s 4d]
extinction51: raises $0.31 to $0.56
l'm Sound: folds 
ciceron86: folds 
aisle333: folds 
Bladum: folds 
Mahu2021: folds 
Uncalled bet ($0.31) returned to extinction51
extinction51 collected $0.60 from pot
extinction51: doesn't show hand 
*** SUMMARY ***
Total pot $0.60 | Rake $0 
Seat 1: aisle333 (button) folded before Flop (didn't bet)
Seat 2: Bladum (small blind) folded before Flop
Seat 3: Mahu2021 (big blind) folded before Flop
Seat 4: extinction51 collected ($0.60)
Seat 5: l'm Sound folded before Flop (didn't bet)
Seat 6: ciceron86 folded before Flop (didn't bet)



PokerStars Zoom Hand #255446960862:  Hold'em No Limit ($0.10/$0.25) - 2025/03/25 17:12:26 CET [2025/03/25 12:12:26 ET]
Table 'Hydra' 6-max Seat #1 is the button
Seat 1: ciceron86 ($25 in chips) 
Seat 2: rokk10 ($24.97 in chips) 
Seat 3: Renan06felix ($22.95 in chips) 
Seat 4: Bladum ($61.55 in chips) 
Seat 5: avatar1108 ($45.86 in chips) 
Seat 6: Mahu2021 ($23.96 in chips) 
rokk10: posts small blind $0.10
Renan06felix: posts big blind $0.25
*** HOLE CARDS ***
Dealt to Mahu2021 [8s 5d]
Bladum: folds 
avatar1108: calls $0.25
Mahu2021: folds 
ciceron86: folds 
rokk10: calls $0.15
Renan06felix: checks 
*** FLOP *** [6s 3c 4c]
rokk10: checks 
Renan06felix: bets $0.30
avatar1108: folds 
rokk10: folds 
Uncalled bet ($0.30) returned to Renan06felix
Renan06felix collected $0.72 from pot
Renan06felix: doesn't show hand 
*** SUMMARY ***
Total pot $0.75 | Rake $0.03 
Board [6s 3c 4c]
Seat 1: ciceron86 (button) folded before Flop (didn't bet)
Seat 2: rokk10 (small blind) folded on the Flop
Seat 3: Renan06felix (big blind) collected ($0.72)
Seat 4: Bladum folded before Flop (didn't bet)
Seat 5: avatar1108 folded on the Flop
Seat 6: Mahu2021 folded before Flop (didn't bet)



PokerStars Zoom Hand #255446962857:  Hold'em No Limit ($0.10/$0.25) - 2025/03/25 17:12:36 CET [2025/03/25 12:12:36 ET]
Table 'Hydra' 6-max Seat #1 is the button
Seat 1: Mahu2021 ($23.71 in chips) 
Seat 2: M.Tikhonov ($29.55 in chips) 
Seat 3: ciceron86 ($25.65 in chips) 
Seat 4: xlpokerdonlx ($31.86 in chips) 
Seat 5: Delly1256 ($25.28 in chips) 
Seat 6: aisle333 ($27.30 in chips) 
M.Tikhonov: posts small blind $0.10
ciceron86: posts big blind $0.25
*** HOLE CARDS ***
Dealt to Mahu2021 [Ah As]
xlpokerdonlx: folds 
Delly1256: folds 
aisle333: raises $0.32 to $0.57
Mahu2021: raises $2.43 to $3
M.Tikhonov: folds 
ciceron86: folds 
aisle333: folds 
Uncalled bet ($2.43) returned to Mahu2021
Mahu2021 collected $1.49 from pot
Mahu2021: doesn't show hand 
*** SUMMARY ***
Total pot $1.49 | Rake $0 
Seat 1: Mahu2021 (button) collected ($1.49)
Seat 2: M.Tikhonov (small blind) folded before Flop
Seat 3: ciceron86 (big blind) folded before Flop
Seat 4: xlpokerdonlx folded before Flop (didn't bet)
Seat 5: Delly1256 folded before Flop (didn't bet)
Seat 6: aisle333 folded before Flop



PokerStars Zoom Hand #255446969691:  Hold'em No Limit ($0.10/$0.25) - 2025/03/25 17:13:11 CET [2025/03/25 12:13:11 ET]
Table 'Hydra' 6-max Seat #1 is the button
Seat 1: Inc-Zra ($25 in chips) 
Seat 2: Muybien_030 ($50.22 in chips) 
Seat 3: rezscott ($6.60 in chips) 
Seat 4: Mahu2021 ($24.63 in chips) 
Seat 5: l'm Sound ($25 in chips) 
Seat 6: KOLE1221 ($91.04 in chips) 
Muybien_030: posts small blind $0.10
rezscott: posts big blind $0.25
*** HOLE CARDS ***
Dealt to Mahu2021 [Qc 7h]
Mahu2021: folds 
l'm Sound: folds 
KOLE1221: calls $0.25
Inc-Zra: folds 
Muybien_030: folds 
rezscott: checks 
*** FLOP *** [8s 8h 7s]
rezscott: checks 
KOLE1221: checks 
*** TURN *** [8s 8h 7s] [5h]
rezscott: checks 
KOLE1221: bets $0.25
rezscott: folds 
Uncalled bet ($0.25) returned to KOLE1221
KOLE1221 collected $0.57 from pot
KOLE1221: doesn't show hand 
*** SUMMARY ***
Total pot $0.60 | Rake $0.03 
Board [8s 8h 7s 5h]
Seat 1: Inc-Zra (button) folded before Flop (didn't bet)
Seat 2: Muybien_030 (small blind) folded before Flop
Seat 3: rezscott (big blind) folded on the Turn
Seat 4: Mahu2021 folded before Flop (didn't bet)
Seat 5: l'm Sound folded before Flop (didn't bet)
Seat 6: KOLE1221 collected ($0.57)



PokerStars Zoom Hand #255446973442:  Hold'em No Limit ($0.10/$0.25) - 2025/03/25 17:13:30 CET [2025/03/25 12:13:30 ET]
Table 'Hydra' 6-max Seat #1 is the button
Seat 1: rezscott ($6.35 in chips) 
Seat 2: Inc-Zra ($25 in chips) 
Seat 3: Mahu2021 ($24.53 in chips) 
Seat 4: Delly1256 ($25.15 in chips) 
Seat 5: Renan06felix ($23.42 in chips) 
Seat 6: Bladum ($63.36 in chips) 
Inc-Zra: posts small blind $0.10
Mahu2021: posts big blind $0.25
*** HOLE CARDS ***
Dealt to Mahu2021 [5h 4d]
Delly1256: folds 
Renan06felix: folds 
Bladum: folds 
rezscott: folds 
Inc-Zra: raises $0.50 to $0.75
Mahu2021: folds 
Uncalled bet ($0.50) returned to Inc-Zra
Inc-Zra collected $0.50 from pot
Inc-Zra: doesn't show hand 
*** SUMMARY ***
Total pot $0.50 | Rake $0 
Seat 1: rezscott (button) folded before Flop (didn't bet)
Seat 2: Inc-Zra (small blind) collected ($0.50)
Seat 3: Mahu2021 (big blind) folded before Flop
Seat 4: Delly1256 folded before Flop (didn't bet)
Seat 5: Renan06felix folded before Flop (didn't bet)
Seat 6: Bladum folded before Flop (didn't bet)



PokerStars Zoom Hand #255446971819:  Hold'em No Limit ($0.10/$0.25) - 2025/03/25 17:13:21 CET [2025/03/25 12:13:21 ET]
Table 'Hydra' 6-max Seat #1 is the button
Seat 1: Delly1256 ($25.15 in chips) 
Seat 2: Mahu2021 ($24.63 in chips) 
Seat 3: remid13 ($57.56 in chips) 
Seat 4: ciceron86 ($25 in chips) 
Seat 5: Socratespo29 ($63.12 in chips) 
Seat 6: Inc-Zra ($25 in chips) 
Mahu2021: posts small blind $0.10
remid13: posts big blind $0.25
*** HOLE CARDS ***
Dealt to Mahu2021 [Ah 3d]
ciceron86: folds 
Socratespo29: calls $0.25
Inc-Zra: folds 
Delly1256: folds 
Mahu2021: folds 
remid13: checks 
*** FLOP *** [Jd 4h 8h]
remid13: checks 
Socratespo29: bets $0.57
remid13: folds 
Uncalled bet ($0.57) returned to Socratespo29
Socratespo29 collected $0.57 from pot
Socratespo29: doesn't show hand 
*** SUMMARY ***
Total pot $0.60 | Rake $0.03 
Board [Jd 4h 8h]
Seat 1: Delly1256 (button) folded before Flop (didn't bet)
Seat 2: Mahu2021 (small blind) folded before Flop
Seat 3: remid13 (big blind) folded on the Flop
Seat 4: ciceron86 folded before Flop (didn't bet)
Seat 5: Socratespo29 collected ($0.57)
Seat 6: Inc-Zra folded before Flop (didn't bet)



PokerStars Zoom Hand #255446970716:  Hold'em No Limit ($0.10/$0.25) - 2025/03/25 17:13:16 CET [2025/03/25 12:13:16 ET]
Table 'Hydra' 6-max Seat #1 is the button
Seat 1: dzacharas ($25 in chips) 
Seat 2: Delly1256 ($25.88 in chips) 
Seat 3: M.Tikhonov ($27.51 in chips) 
Seat 4: Mahu2021 ($24.63 in chips) 
Seat 5: aisle333 ($26.83 in chips) 
Seat 6: foxesjukebox ($28.97 in chips) 
Delly1256: posts small blind $0.10
M.Tikhonov: posts big blind $0.25
*** HOLE CARDS ***
Dealt to Mahu2021 [6c 7s]
Mahu2021: folds 
aisle333: folds 
foxesjukebox: raises $0.25 to $0.50
dzacharas: calls $0.50
Delly1256: folds 
M.Tikhonov: folds 
*** FLOP *** [6s 5s Ad]
foxesjukebox: checks 
dzacharas: bets $0.72
foxesjukebox: folds 
Uncalled bet ($0.72) returned to dzacharas
dzacharas collected $1.29 from pot
dzacharas: doesn't show hand 
*** SUMMARY ***
Total pot $1.35 | Rake $0.06 
Board [6s 5s Ad]
Seat 1: dzacharas (button) collected ($1.29)
Seat 2: Delly1256 (small blind) folded before Flop
Seat 3: M.Tikhonov (big blind) folded before Flop
Seat 4: Mahu2021 folded before Flop (didn't bet)
Seat 5: aisle333 folded before Flop (didn't bet)
Seat 6: foxesjukebox folded on the Flop



PokerStars Zoom Hand #255446992430:  Hold'em No Limit ($0.10/$0.25) - 2025/03/25 17:15:03 CET [2025/03/25 12:15:03 ET]
Table 'Hydra' 6-max Seat #1 is the button
Seat 1: Mahu2021 ($24.28 in chips) 
Seat 2: avatar1108 ($45.13 in chips) 
Seat 3: M.Tikhonov ($27.13 in chips) 
Seat 4: foxesjukebox ($29.63 in chips) 
Seat 5: tusderrentner ($25.57 in chips) 
Seat 6: extinction51 ($25 in chips) 
avatar1108: posts small blind $0.10
M.Tikhonov: posts big blind $0.25
*** HOLE CARDS ***
Dealt to Mahu2021 [9d 4h]
foxesjukebox: raises $0.25 to $0.50
tusderrentner: folds 
extinction51: folds 
Mahu2021: folds 
avatar1108: calls $0.40
M.Tikhonov: folds 
*** FLOP *** [7h Qh Kc]
avatar1108: checks 
foxesjukebox: checks 
*** TURN *** [7h Qh Kc] [7d]
avatar1108: checks 
foxesjukebox: checks 
*** RIVER *** [7h Qh Kc 7d] [Js]
avatar1108: checks 
foxesjukebox: bets $1.19
avatar1108: folds 
Uncalled bet ($1.19) returned to foxesjukebox
foxesjukebox collected $1.19 from pot
foxesjukebox: doesn't show hand 
*** SUMMARY ***
Total pot $1.25 | Rake $0.06 
Board [7h Qh Kc 7d Js]
Seat 1: Mahu2021 (button) folded before Flop (didn't bet)
Seat 2: avatar1108 (small blind) folded on the River
Seat 3: M.Tikhonov (big blind) folded before Flop
Seat 4: foxesjukebox collected ($1.19)
Seat 5: tusderrentner folded before Flop (didn't bet)
Seat 6: extinction51 folded before Flop (didn't bet)



PokerStars Zoom Hand #255446994715:  Hold'em No Limit ($0.10/$0.25) - 2025/03/25 17:15:14 CET [2025/03/25 12:15:14 ET]
Table 'Hydra' 6-max Seat #1 is the button
Seat 1: moto635 ($25 in chips) 
Seat 2: Mahu2021 ($24.28 in chips) 
Seat 3: GuigaMan ($25.35 in chips) 
Seat 4: l'm Sound ($25 in chips) 
Seat 5: qj444 ($26.37 in chips) 
Seat 6: ciceron86 ($25.50 in chips) 
Mahu2021: posts small blind $0.10
GuigaMan: posts big blind $0.25
*** HOLE CARDS ***
Dealt to Mahu2021 [Kd 2d]
l'm Sound: folds 
qj444: folds 
ciceron86: folds 
moto635: folds 
Mahu2021: raises $0.50 to $0.75
GuigaMan: calls $0.50
*** FLOP *** [4c Jc Jd]
Mahu2021: checks 
GuigaMan: bets $0.43
Mahu2021: folds 
Uncalled bet ($0.43) returned to GuigaMan
GuigaMan collected $1.43 from pot
GuigaMan: doesn't show hand 
*** SUMMARY ***
Total pot $1.50 | Rake $0.07 
Board [4c Jc Jd]
Seat 1: moto635 (button) folded before Flop (didn't bet)
Seat 2: Mahu2021 (small blind) folded on the Flop
Seat 3: GuigaMan (big blind) collected ($1.43)
Seat 4: l'm Sound folded before Flop (didn't bet)
Seat 5: qj444 folded before Flop (didn't bet)
Seat 6: ciceron86 folded before Flop (didn't bet)



PokerStars Zoom Hand #255446999566:  Hold'em No Limit ($0.10/$0.25) - 2025/03/25 17:15:38 CET [2025/03/25 12:15:38 ET]
Table 'Hydra' 6-max Seat #1 is the button
Seat 1: sohan585 ($34.53 in chips) 
Seat 2: ALEKC6 ($94.53 in chips) 
Seat 3: l'm Sound ($25 in chips) 
Seat 4: M.Tikhonov ($26.24 in chips) 
Seat 5: COVEIROANCAP ($32.36 in chips) 
Seat 6: Mahu2021 ($23.53 in chips) 
ALEKC6: posts small blind $0.10
l'm Sound: posts big blind $0.25
*** HOLE CARDS ***
Dealt to Mahu2021 [9d Jc]
M.Tikhonov: folds 
COVEIROANCAP: raises $0.37 to $0.62
Mahu2021: folds 
sohan585: folds 
ALEKC6: folds 
l'm Sound: folds 
Uncalled bet ($0.37) returned to COVEIROANCAP
COVEIROANCAP collected $0.60 from pot
COVEIROANCAP: doesn't show hand 
*** SUMMARY ***
Total pot $0.60 | Rake $0 
Seat 1: sohan585 (button) folded before Flop (didn't bet)
Seat 2: ALEKC6 (small blind) folded before Flop
Seat 3: l'm Sound (big blind) folded before Flop
Seat 4: M.Tikhonov folded before Flop (didn't bet)
Seat 5: COVEIROANCAP collected ($0.60)
Seat 6: Mahu2021 folded before Flop (didn't bet)



PokerStars Zoom Hand #255447000384:  Hold'em No Limit ($0.10/$0.25) - 2025/03/25 17:15:42 CET [2025/03/25 12:15:42 ET]
Table 'Hydra' 6-max Seat #1 is the button
Seat 1: ciceron86 ($25.25 in chips) 
Seat 2: ppbbrat ($12.25 in chips) 
Seat 3: Mahu2021 ($23.53 in chips) 
Seat 4: remid13 ($67.69 in chips) 
Seat 5: smixx casHs ($28.99 in chips) 
Seat 6: Delly1256 ($25.93 in chips) 
ppbbrat: posts small blind $0.10
Mahu2021: posts big blind $0.25
*** HOLE CARDS ***
Dealt to Mahu2021 [8d Js]
remid13: raises $0.37 to $0.62
smixx casHs: folds 
Delly1256: folds 
ciceron86: folds 
ppbbrat: folds 
Mahu2021: folds 
Uncalled bet ($0.37) returned to remid13
remid13 collected $0.60 from pot
remid13: doesn't show hand 
*** SUMMARY ***
Total pot $0.60 | Rake $0 
Seat 1: ciceron86 (button) folded before Flop (didn't bet)
Seat 2: ppbbrat (small blind) folded before Flop
Seat 3: Mahu2021 (big blind) folded before Flop
Seat 4: remid13 collected ($0.60)
Seat 5: smixx casHs folded before Flop (didn't bet)
Seat 6: Delly1256 folded before Flop (didn't bet)



PokerStars Zoom Hand #255447001968:  Hold'em No Limit ($0.10/$0.25) - 2025/03/25 17:15:50 CET [2025/03/25 12:15:50 ET]
Table 'Hydra' 6-max Seat #1 is the button
Seat 1: extinction51 ($31.28 in chips) 
Seat 2: qj444 ($25.10 in chips) 
Seat 3: dzacharas ($25 in chips) 
Seat 4: yoopek ($60.70 in chips) 
Seat 5: Mahu2021 ($23.28 in chips) 
Seat 6: ALEKC6 ($94.43 in chips) 
qj444: posts small blind $0.10
dzacharas: posts big blind $0.25
*** HOLE CARDS ***
Dealt to Mahu2021 [Ts 7d]
yoopek: folds 
Mahu2021: folds 
ALEKC6: folds 
extinction51: folds 
qj444: folds 
Uncalled bet ($0.15) returned to dzacharas
dzacharas collected $0.20 from pot
dzacharas: doesn't show hand 
*** SUMMARY ***
Total pot $0.20 | Rake $0 
Seat 1: extinction51 (button) folded before Flop (didn't bet)
Seat 2: qj444 (small blind) folded before Flop
Seat 3: dzacharas (big blind) collected ($0.20)
Seat 4: yoopek folded before Flop (didn't bet)
Seat 5: Mahu2021 folded before Flop (didn't bet)
Seat 6: ALEKC6 folded before Flop (didn't bet)



PokerStars Zoom Hand #255447002758:  Hold'em No Limit ($0.10/$0.25) - 2025/03/25 17:15:54 CET [2025/03/25 12:15:54 ET]
Table 'Hydra' 6-max Seat #1 is the button
Seat 1: zarras86 ($10.07 in chips) 
Seat 2: Hu55Ling ($32.62 in chips) 
Seat 3: tarno1989 ($33.74 in chips) 
Seat 4: NePoPeN ($29.71 in chips) 
Seat 5: Mahu2021 ($23.28 in chips) 
Seat 6: qj444 ($25 in chips) 
Hu55Ling: posts small blind $0.10
tarno1989: posts big blind $0.25
*** HOLE CARDS ***
Dealt to Mahu2021 [Tc 5s]
NePoPeN: raises $0.25 to $0.50
Mahu2021: folds 
qj444: folds 
zarras86: folds 
Hu55Ling: folds 
tarno1989: folds 
Uncalled bet ($0.25) returned to NePoPeN
NePoPeN collected $0.60 from pot
NePoPeN: doesn't show hand 
*** SUMMARY ***
Total pot $0.60 | Rake $0 
Seat 1: zarras86 (button) folded before Flop (didn't bet)
Seat 2: Hu55Ling (small blind) folded before Flop
Seat 3: tarno1989 (big blind) folded before Flop
Seat 4: NePoPeN collected ($0.60)
Seat 5: Mahu2021 folded before Flop (didn't bet)
Seat 6: qj444 folded before Flop (didn't bet)



PokerStars Zoom Hand #255447003372:  Hold'em No Limit ($0.10/$0.25) - 2025/03/25 17:15:57 CET [2025/03/25 12:15:57 ET]
Table 'Hydra' 6-max Seat #1 is the button
Seat 1: extinction51 ($25.10 in chips) 
Seat 2: ALEKC6 ($29.62 in chips) 
Seat 3: oldmoony ($101.40 in chips) 
Seat 4: Mahu2021 ($23.28 in chips) 
Seat 5: GuigaMan ($25.93 in chips) 
Seat 6: remid13 ($40.78 in chips) 
ALEKC6: posts small blind $0.10
oldmoony: posts big blind $0.25
*** HOLE CARDS ***
Dealt to Mahu2021 [5c Ts]
Mahu2021: folds 
GuigaMan: folds 
remid13: folds 
extinction51: folds 
ALEKC6: raises $0.50 to $0.75
oldmoony: folds 
Uncalled bet ($0.50) returned to ALEKC6
ALEKC6 collected $0.50 from pot
ALEKC6: doesn't show hand 
*** SUMMARY ***
Total pot $0.50 | Rake $0 
Seat 1: extinction51 (button) folded before Flop (didn't bet)
Seat 2: ALEKC6 (small blind) collected ($0.50)
Seat 3: oldmoony (big blind) folded before Flop
Seat 4: Mahu2021 folded before Flop (didn't bet)
Seat 5: GuigaMan folded before Flop (didn't bet)
Seat 6: remid13 folded before Flop (didn't bet)



PokerStars Zoom Hand #255447004138:  Hold'em No Limit ($0.10/$0.25) - 2025/03/25 17:16:01 CET [2025/03/25 12:16:01 ET]
Table 'Hydra' 6-max Seat #1 is the button
Seat 1: tusderrentner ($29.77 in chips) 
Seat 2: dzacharas ($25.10 in chips) 
Seat 3: ciceron86 ($25.15 in chips) 
Seat 4: remid13 ($67.94 in chips) 
Seat 5: Inc-Zra ($25.92 in chips) 
Seat 6: Mahu2021 ($23.28 in chips) 
dzacharas: posts small blind $0.10
ciceron86: posts big blind $0.25
*** HOLE CARDS ***
Dealt to Mahu2021 [5s Th]
remid13: folds 
Inc-Zra: raises $0.25 to $0.50
Mahu2021: folds 
tusderrentner: folds 
dzacharas: folds 
ciceron86: calls $0.25
*** FLOP *** [Tc 6d 3s]
ciceron86: checks 
Inc-Zra: bets $0.26
ciceron86: folds 
Uncalled bet ($0.26) returned to Inc-Zra
Inc-Zra collected $1.05 from pot
Inc-Zra: doesn't show hand 
*** SUMMARY ***
Total pot $1.10 | Rake $0.05 
Board [Tc 6d 3s]
Seat 1: tusderrentner (button) folded before Flop (didn't bet)
Seat 2: dzacharas (small blind) folded before Flop
Seat 3: ciceron86 (big blind) folded on the Flop
Seat 4: remid13 folded before Flop (didn't bet)
Seat 5: Inc-Zra collected ($1.05)
Seat 6: Mahu2021 folded before Flop (didn't bet)



PokerStars Zoom Hand #255447005439:  Hold'em No Limit ($0.10/$0.25) - 2025/03/25 17:16:07 CET [2025/03/25 12:16:07 ET]
Table 'Hydra' 6-max Seat #1 is the button
Seat 1: Mahu2021 ($23.28 in chips) 
Seat 2: dzacharas ($25 in chips) 
Seat 3: qj444 ($25.87 in chips) 
Seat 4: NePoPeN ($30.06 in chips) 
Seat 5: M.Tikhonov ($25.74 in chips) 
Seat 6: rungnapha169 ($30.80 in chips) 
dzacharas: posts small blind $0.10
qj444: posts big blind $0.25
*** HOLE CARDS ***
Dealt to Mahu2021 [Qs Qc]
NePoPeN: folds 
M.Tikhonov: folds 
rungnapha169 has timed out
rungnapha169: folds 
Mahu2021: raises $0.50 to $0.75
dzacharas: folds 
qj444: folds 
Uncalled bet ($0.50) returned to Mahu2021
Mahu2021 collected $0.60 from pot
Mahu2021: doesn't show hand 
*** SUMMARY ***
Total pot $0.60 | Rake $0 
Seat 1: Mahu2021 (button) collected ($0.60)
Seat 2: dzacharas (small blind) folded before Flop
Seat 3: qj444 (big blind) folded before Flop
Seat 4: NePoPeN folded before Flop (didn't bet)
Seat 5: M.Tikhonov folded before Flop (didn't bet)
Seat 6: rungnapha169 folded before Flop (didn't bet)



PokerStars Zoom Hand #255447012982:  Hold'em No Limit ($0.10/$0.25) - 2025/03/25 17:16:45 CET [2025/03/25 12:16:45 ET]
Table 'Hydra' 6-max Seat #1 is the button
Seat 1: remid13 ($56.24 in chips) 
Seat 2: dzacharas ($25 in chips) 
Seat 3: egohenry ($25 in chips) 
Seat 4: zarras86 ($15.37 in chips) 
Seat 5: Mahu2021 ($23.53 in chips) 
Seat 6: ciceron86 ($26.70 in chips) 
dzacharas: posts small blind $0.10
egohenry: posts big blind $0.25
*** HOLE CARDS ***
Dealt to Mahu2021 [Js 8d]
zarras86: folds 
Mahu2021: folds 
ciceron86: folds 
remid13: folds 
dzacharas: folds 
Uncalled bet ($0.15) returned to egohenry
egohenry collected $0.20 from pot
egohenry: doesn't show hand 
*** SUMMARY ***
Total pot $0.20 | Rake $0 
Seat 1: remid13 (button) folded before Flop (didn't bet)
Seat 2: dzacharas (small blind) folded before Flop
Seat 3: egohenry (big blind) collected ($0.20)
Seat 4: zarras86 folded before Flop (didn't bet)
Seat 5: Mahu2021 folded before Flop (didn't bet)
Seat 6: ciceron86 folded before Flop (didn't bet)



PokerStars Zoom Hand #255447012187:  Hold'em No Limit ($0.10/$0.25) - 2025/03/25 17:16:41 CET [2025/03/25 12:16:41 ET]
Table 'Hydra' 6-max Seat #1 is the button
Seat 1: GuigaMan ($26.46 in chips) 
Seat 2: Mahu2021 ($23.63 in chips) 
Seat 3: McShovin88 ($34.17 in chips) 
Seat 4: zarras86 ($15.37 in chips) 
Seat 5: Inc-Zra ($26.22 in chips) 
Seat 6: Tripple6soul ($24.54 in chips) 
Mahu2021: posts small blind $0.10
McShovin88: posts big blind $0.25
*** HOLE CARDS ***
Dealt to Mahu2021 [3h Qs]
zarras86: folds 
Inc-Zra: folds 
Tripple6soul: folds 
GuigaMan: raises $0.31 to $0.56
Mahu2021: folds 
McShovin88: folds 
Uncalled bet ($0.31) returned to GuigaMan
GuigaMan collected $0.60 from pot
GuigaMan: doesn't show hand 
*** SUMMARY ***
Total pot $0.60 | Rake $0 
Seat 1: GuigaMan (button) collected ($0.60)
Seat 2: Mahu2021 (small blind) folded before Flop
Seat 3: McShovin88 (big blind) folded before Flop
Seat 4: zarras86 folded before Flop (didn't bet)
Seat 5: Inc-Zra folded before Flop (didn't bet)
Seat 6: Tripple6soul folded before Flop (didn't bet)



PokerStars Zoom Hand #255447013658:  Hold'em No Limit ($0.10/$0.25) - 2025/03/25 17:16:49 CET [2025/03/25 12:16:49 ET]
Table 'Hydra' 6-max Seat #1 is the button
Seat 1: ciceron86 ($26.70 in chips) 
Seat 2: Inc-Zra ($26.22 in chips) 
Seat 3: Mahu2021 ($23.53 in chips) 
Seat 4: oldmoony ($101.05 in chips) 
Seat 5: macker81 ($25.47 in chips) 
Seat 6: remid13 ($41.28 in chips) 
Inc-Zra: posts small blind $0.10
Mahu2021: posts big blind $0.25
*** HOLE CARDS ***
Dealt to Mahu2021 [Td Ah]
oldmoony: folds 
macker81: calls $0.25
remid13: folds 
ciceron86: folds 
Inc-Zra: folds 
Mahu2021: checks 
*** FLOP *** [7d Kd Kh]
Mahu2021: checks 
macker81: checks 
*** TURN *** [7d Kd Kh] [Kc]
Mahu2021: checks 
macker81: bets $0.57
Mahu2021: calls $0.57
*** RIVER *** [7d Kd Kh Kc] [8s]
Mahu2021: checks 
macker81: bets $1.66
Mahu2021: folds 
Uncalled bet ($1.66) returned to macker81
macker81 collected $1.66 from pot
macker81: doesn't show hand 
*** SUMMARY ***
Total pot $1.74 | Rake $0.08 
Board [7d Kd Kh Kc 8s]
Seat 1: ciceron86 (button) folded before Flop (didn't bet)
Seat 2: Inc-Zra (small blind) folded before Flop
Seat 3: Mahu2021 (big blind) folded on the River
Seat 4: oldmoony folded before Flop (didn't bet)
Seat 5: macker81 collected ($1.66)
Seat 6: remid13 folded before Flop (didn't bet)



PokerStars Zoom Hand #255447020227:  Hold'em No Limit ($0.10/$0.25) - 2025/03/25 17:17:21 CET [2025/03/25 12:17:21 ET]
Table 'Hydra' 6-max Seat #1 is the button
Seat 1: aisle333 ($32.45 in chips) 
Seat 2: khz71 ($26.98 in chips) 
Seat 3: yoopek ($25 in chips) 
Seat 4: l'm Sound ($27.05 in chips) 
Seat 5: Renan06felix ($23.06 in chips) 
Seat 6: Mahu2021 ($22.71 in chips) 
khz71: posts small blind $0.10
yoopek: posts big blind $0.25
*** HOLE CARDS ***
Dealt to Mahu2021 [4c 5c]
l'm Sound: folds 
Renan06felix: folds 
Mahu2021: raises $0.32 to $0.57
aisle333: folds 
khz71: folds 
yoopek: folds 
Uncalled bet ($0.32) returned to Mahu2021
Mahu2021 collected $0.60 from pot
Mahu2021: doesn't show hand 
*** SUMMARY ***
Total pot $0.60 | Rake $0 
Seat 1: aisle333 (button) folded before Flop (didn't bet)
Seat 2: khz71 (small blind) folded before Flop
Seat 3: yoopek (big blind) folded before Flop
Seat 4: l'm Sound folded before Flop (didn't bet)
Seat 5: Renan06felix folded before Flop (didn't bet)
Seat 6: Mahu2021 collected ($0.60)



PokerStars Zoom Hand #255447027431:  Hold'em No Limit ($0.10/$0.25) - 2025/03/25 17:17:57 CET [2025/03/25 12:17:57 ET]
Table 'Hydra' 6-max Seat #1 is the button
Seat 1: Mahu2021 ($23.06 in chips) 
Seat 2: newbyz ($25 in chips) 
Seat 3: sohan585 ($25.60 in chips) 
Seat 4: ALEKC6 ($30.31 in chips) 
Seat 5: bigS01 ($30.22 in chips) 
Seat 6: GuigaMan ($25.81 in chips) 
newbyz: posts small blind $0.10
sohan585: posts big blind $0.25
*** HOLE CARDS ***
Dealt to Mahu2021 [9s Kc]
ALEKC6: folds 
bigS01: folds 
GuigaMan: folds 
Mahu2021: folds 
newbyz: folds 
Uncalled bet ($0.15) returned to sohan585
sohan585 collected $0.20 from pot
sohan585: doesn't show hand 
*** SUMMARY ***
Total pot $0.20 | Rake $0 
Seat 1: Mahu2021 (button) folded before Flop (didn't bet)
Seat 2: newbyz (small blind) folded before Flop
Seat 3: sohan585 (big blind) collected ($0.20)
Seat 4: ALEKC6 folded before Flop (didn't bet)
Seat 5: bigS01 folded before Flop (didn't bet)
Seat 6: GuigaMan folded before Flop (didn't bet)



PokerStars Zoom Hand #255447028231:  Hold'em No Limit ($0.10/$0.25) - 2025/03/25 17:18:01 CET [2025/03/25 12:18:01 ET]
Table 'Hydra' 6-max Seat #1 is the button
Seat 1: newbyz ($25 in chips) 
Seat 2: Bladum ($38.38 in chips) 
Seat 3: GuigaMan ($25.81 in chips) 
Seat 4: BlackWaterKO ($28.67 in chips) 
Seat 5: qj444 ($25.35 in chips) 
Seat 6: Mahu2021 ($23.06 in chips) 
Bladum: posts small blind $0.10
GuigaMan: posts big blind $0.25
*** HOLE CARDS ***
Dealt to Mahu2021 [3s 5d]
BlackWaterKO: folds 
qj444: folds 
Mahu2021: folds 
newbyz: raises $0.37 to $0.62
Bladum: folds 
GuigaMan: calls $0.37
*** FLOP *** [6c 3c Kh]
GuigaMan: checks 
newbyz: bets $0.42
GuigaMan: folds 
Uncalled bet ($0.42) returned to newbyz
newbyz collected $1.26 from pot
newbyz: doesn't show hand 
*** SUMMARY ***
Total pot $1.34 | Rake $0.08 
Board [6c 3c Kh]
Seat 1: newbyz (button) collected ($1.26)
Seat 2: Bladum (small blind) folded before Flop
Seat 3: GuigaMan (big blind) folded on the Flop
Seat 4: BlackWaterKO folded before Flop (didn't bet)
Seat 5: qj444 folded before Flop (didn't bet)
Seat 6: Mahu2021 folded before Flop (didn't bet)



PokerStars Zoom Hand #255447025417:  Hold'em No Limit ($0.10/$0.25) - 2025/03/25 17:17:47 CET [2025/03/25 12:17:47 ET]
Table 'Hydra' 6-max Seat #1 is the button
Seat 1: ciceron86 ($26.70 in chips) 
Seat 2: oldmoony ($103.39 in chips) 
Seat 3: COVEIROANCAP ($29.63 in chips) 
Seat 4: Mahu2021 ($23.06 in chips) 
Seat 5: foxesjukebox ($6.89 in chips) 
Seat 6: ChangHoon Lee ($28.67 in chips) 
oldmoony: posts small blind $0.10
COVEIROANCAP: posts big blind $0.25
*** HOLE CARDS ***
Dealt to Mahu2021 [4d Js]
Mahu2021: folds 
foxesjukebox: calls $0.25
ChangHoon Lee: raises $0.95 to $1.20
ciceron86: folds 
oldmoony: calls $1.10
COVEIROANCAP: folds 
foxesjukebox: calls $0.95
*** FLOP *** [6s 5s 8c]
oldmoony: checks 
foxesjukebox: bets $5.69 and is all-in
ChangHoon Lee: folds 
oldmoony: calls $5.69
*** TURN *** [6s 5s 8c] [3h]
*** RIVER *** [6s 5s 8c 3h] [Kd]
*** SHOW DOWN ***
oldmoony: shows [9h 9d] (a pair of Nines)
foxesjukebox: shows [Qc 6c] (a pair of Sixes)
oldmoony collected $14.54 from pot
*** SUMMARY ***
Total pot $15.23 | Rake $0.69 
Board [6s 5s 8c 3h Kd]
Seat 1: ciceron86 (button) folded before Flop (didn't bet)
Seat 2: oldmoony (small blind) showed [9h 9d] and won ($14.54) with a pair of Nines
Seat 3: COVEIROANCAP (big blind) folded before Flop
Seat 4: Mahu2021 folded before Flop (didn't bet)
Seat 5: foxesjukebox showed [Qc 6c] and lost with a pair of Sixes
Seat 6: ChangHoon Lee folded on the Flop



PokerStars Zoom Hand #255447029032:  Hold'em No Limit ($0.10/$0.25) - 2025/03/25 17:18:05 CET [2025/03/25 12:18:05 ET]
Table 'Hydra' 6-max Seat #1 is the button
Seat 1: Delly1256 ($25.88 in chips) 
Seat 2: BlackWaterKO ($28.67 in chips) 
Seat 3: Mahu2021 ($23.06 in chips) 
Seat 4: COVEIROANCAP ($29.38 in chips) 
Seat 5: ciceron86 ($28.72 in chips) 
Seat 6: Bladum ($58.22 in chips) 
BlackWaterKO: posts small blind $0.10
Mahu2021: posts big blind $0.25
*** HOLE CARDS ***
Dealt to Mahu2021 [Kd Tc]
COVEIROANCAP: folds 
ciceron86: folds 
Bladum: folds 
Delly1256: raises $0.25 to $0.50
BlackWaterKO: calls $0.40
Mahu2021: calls $0.25
*** FLOP *** [Ac 3s Qs]
BlackWaterKO: checks 
Mahu2021: checks 
Delly1256: checks 
*** TURN *** [Ac 3s Qs] [7d]
BlackWaterKO: bets $0.72
Mahu2021: calls $0.72
Delly1256: folds 
*** RIVER *** [Ac 3s Qs 7d] [Qd]
BlackWaterKO: bets $1.41
Mahu2021: folds 
Uncalled bet ($1.41) returned to BlackWaterKO
BlackWaterKO collected $2.81 from pot
BlackWaterKO: doesn't show hand 
*** SUMMARY ***
Total pot $2.94 | Rake $0.13 
Board [Ac 3s Qs 7d Qd]
Seat 1: Delly1256 (button) folded on the Turn
Seat 2: BlackWaterKO (small blind) collected ($2.81)
Seat 3: Mahu2021 (big blind) folded on the River
Seat 4: COVEIROANCAP folded before Flop (didn't bet)
Seat 5: ciceron86 folded before Flop (didn't bet)
Seat 6: Bladum folded before Flop (didn't bet)



PokerStars Zoom Hand #255447035543:  Hold'em No Limit ($0.10/$0.25) - 2025/03/25 17:18:37 CET [2025/03/25 12:18:37 ET]
Table 'Hydra' 6-max Seat #1 is the button
Seat 1: qj444 ($25 in chips) 
Seat 2: Mahu2021 ($21.84 in chips) 
Seat 3: sohan585 ($25.60 in chips) 
Seat 4: ciceron86 ($25 in chips) 
Seat 5: Delly1256 ($25.38 in chips) 
Seat 6: dzacharas ($25.96 in chips) 
Mahu2021: posts small blind $0.10
sohan585: posts big blind $0.25
*** HOLE CARDS ***
Dealt to Mahu2021 [Ts Kc]
ciceron86: raises $0.35 to $0.60
Delly1256: folds 
dzacharas: folds 
qj444: folds 
Mahu2021: folds 
sohan585: folds 
Uncalled bet ($0.35) returned to ciceron86
ciceron86 collected $0.60 from pot
ciceron86: doesn't show hand 
*** SUMMARY ***
Total pot $0.60 | Rake $0 
Seat 1: qj444 (button) folded before Flop (didn't bet)
Seat 2: Mahu2021 (small blind) folded before Flop
Seat 3: sohan585 (big blind) folded before Flop
Seat 4: ciceron86 collected ($0.60)
Seat 5: Delly1256 folded before Flop (didn't bet)
Seat 6: dzacharas folded before Flop (didn't bet)



PokerStars Zoom Hand #255447036965:  Hold'em No Limit ($0.10/$0.25) - 2025/03/25 17:18:44 CET [2025/03/25 12:18:44 ET]
Table 'Hydra' 6-max Seat #1 is the button
Seat 1: egohenry ($27.10 in chips) 
Seat 2: Bladum ($32.82 in chips) 
Seat 3: ALEKC6 ($85.92 in chips) 
Seat 4: l'm Sound ($48.93 in chips) 
Seat 5: Mahu2021 ($21.74 in chips) 
Seat 6: smixx casHs ($28.72 in chips) 
Bladum: posts small blind $0.10
ALEKC6: posts big blind $0.25
*** HOLE CARDS ***
Dealt to Mahu2021 [2h Qd]
l'm Sound: folds 
Mahu2021: folds 
smixx casHs: raises $0.30 to $0.55
egohenry: folds 
Bladum: folds 
ALEKC6: folds 
Uncalled bet ($0.30) returned to smixx casHs
smixx casHs collected $0.60 from pot
smixx casHs: doesn't show hand 
*** SUMMARY ***
Total pot $0.60 | Rake $0 
Seat 1: egohenry (button) folded before Flop (didn't bet)
Seat 2: Bladum (small blind) folded before Flop
Seat 3: ALEKC6 (big blind) folded before Flop
Seat 4: l'm Sound folded before Flop (didn't bet)
Seat 5: Mahu2021 folded before Flop (didn't bet)
Seat 6: smixx casHs collected ($0.60)



PokerStars Zoom Hand #255447038905:  Hold'em No Limit ($0.10/$0.25) - 2025/03/25 17:18:53 CET [2025/03/25 12:18:53 ET]
Table 'Hydra' 6-max Seat #1 is the button
Seat 1: Mahu2021 ($21.74 in chips) 
Seat 2: YouBetterFold11 ($26.06 in chips) 
Seat 3: aisle333 ($32.10 in chips) 
Seat 4: Inc-Zra ($25 in chips) 
Seat 5: egohenry ($27.10 in chips) 
Seat 6: Bladum ($38.58 in chips) 
YouBetterFold11: posts small blind $0.10
aisle333: posts big blind $0.25
*** HOLE CARDS ***
Dealt to Mahu2021 [Kh 9s]
Inc-Zra: folds 
egohenry: folds 
Bladum: folds 
Mahu2021: folds 
YouBetterFold11: folds 
Uncalled bet ($0.15) returned to aisle333
aisle333 collected $0.20 from pot
aisle333: doesn't show hand 
*** SUMMARY ***
Total pot $0.20 | Rake $0 
Seat 1: Mahu2021 (button) folded before Flop (didn't bet)
Seat 2: YouBetterFold11 (small blind) folded before Flop
Seat 3: aisle333 (big blind) collected ($0.20)
Seat 4: Inc-Zra folded before Flop (didn't bet)
Seat 5: egohenry folded before Flop (didn't bet)
Seat 6: Bladum folded before Flop (didn't bet)



PokerStars Zoom Hand #255447037977:  Hold'em No Limit ($0.10/$0.25) - 2025/03/25 17:18:49 CET [2025/03/25 12:18:49 ET]
Table 'Hydra' 6-max Seat #1 is the button
Seat 1: masterjo60 ($23.62 in chips) 
Seat 2: Magz190 ($42.07 in chips) 
Seat 3: jensensc330 ($26.01 in chips) 
Seat 4: Mahu2021 ($21.74 in chips) 
Seat 5: egohenry ($25 in chips) 
Seat 6: Bladum ($37.93 in chips) 
Magz190: posts small blind $0.10
jensensc330: posts big blind $0.25
*** HOLE CARDS ***
Dealt to Mahu2021 [Ac 9d]
Mahu2021: folds 
egohenry: folds 
Bladum: folds 
masterjo60: folds 
Magz190: calls $0.15
jensensc330: checks 
*** FLOP *** [Jh 2h 2s]
Magz190: checks 
jensensc330: checks 
*** TURN *** [Jh 2h 2s] [Jc]
Magz190: checks 
jensensc330: checks 
*** RIVER *** [Jh 2h 2s Jc] [Ah]
Magz190: checks 
jensensc330: checks 
*** SHOW DOWN ***
Magz190: shows [8c 7c] (two pair, Jacks and Deuces)
jensensc330: shows [Qc 6s] (two pair, Jacks and Deuces)
Magz190 collected $0.24 from pot
jensensc330 collected $0.24 from pot
*** SUMMARY ***
Total pot $0.50 | Rake $0.02 
Board [Jh 2h 2s Jc Ah]
Seat 1: masterjo60 (button) folded before Flop (didn't bet)
Seat 2: Magz190 (small blind) showed [8c 7c] and won ($0.24) with two pair, Jacks and Deuces
Seat 3: jensensc330 (big blind) showed [Qc 6s] and won ($0.24) with two pair, Jacks and Deuces
Seat 4: Mahu2021 folded before Flop (didn't bet)
Seat 5: egohenry folded before Flop (didn't bet)
Seat 6: Bladum folded before Flop (didn't bet)



PokerStars Zoom Hand #255447039948:  Hold'em No Limit ($0.10/$0.25) - 2025/03/25 17:18:58 CET [2025/03/25 12:18:58 ET]
Table 'Hydra' 6-max Seat #1 is the button
Seat 1: GuigaMan ($25 in chips) 
Seat 2: Inc-Zra ($25 in chips) 
Seat 3: Mahu2021 ($21.74 in chips) 
Seat 4: ciceron86 ($26.35 in chips) 
Seat 5: extinction51 ($25 in chips) 
Seat 6: YouBetterFold11 ($25.96 in chips) 
Inc-Zra: posts small blind $0.10
Mahu2021: posts big blind $0.25
*** HOLE CARDS ***
Dealt to Mahu2021 [Ad 3s]
ciceron86: folds 
extinction51: folds 
YouBetterFold11: folds 
GuigaMan: folds 
Inc-Zra: folds 
Uncalled bet ($0.15) returned to Mahu2021
Mahu2021 collected $0.20 from pot
Mahu2021: doesn't show hand 
*** SUMMARY ***
Total pot $0.20 | Rake $0 
Seat 1: GuigaMan (button) folded before Flop (didn't bet)
Seat 2: Inc-Zra (small blind) folded before Flop
Seat 3: Mahu2021 (big blind) collected ($0.20)
Seat 4: ciceron86 folded before Flop (didn't bet)
Seat 5: extinction51 folded before Flop (didn't bet)
Seat 6: YouBetterFold11 folded before Flop (didn't bet)



PokerStars Zoom Hand #255447042562:  Hold'em No Limit ($0.10/$0.25) - 2025/03/25 17:19:11 CET [2025/03/25 12:19:11 ET]
Table 'Hydra' 6-max Seat #1 is the button
Seat 1: oldmoony ($109.54 in chips) 
Seat 2: Inc-Zra ($31.95 in chips) 
Seat 3: moto635 ($26.68 in chips) 
Seat 4: Bladum ($33.07 in chips) 
Seat 5: Mahu2021 ($21.84 in chips) 
Seat 6: ciceron86 ($26.25 in chips) 
Inc-Zra: posts small blind $0.10
moto635: posts big blind $0.25
*** HOLE CARDS ***
Dealt to Mahu2021 [8s 8d]
Bladum: folds 
Mahu2021: raises $0.35 to $0.60
ciceron86: folds 
oldmoony: folds 
Inc-Zra: folds 
moto635: folds 
Uncalled bet ($0.35) returned to Mahu2021
Mahu2021 collected $0.60 from pot
Mahu2021: doesn't show hand 
*** SUMMARY ***
Total pot $0.60 | Rake $0 
Seat 1: oldmoony (button) folded before Flop (didn't bet)
Seat 2: Inc-Zra (small blind) folded before Flop
Seat 3: moto635 (big blind) folded before Flop
Seat 4: Bladum folded before Flop (didn't bet)
Seat 5: Mahu2021 collected ($0.60)
Seat 6: ciceron86 folded before Flop (didn't bet)



PokerStars Zoom Hand #255447045842:  Hold'em No Limit ($0.10/$0.25) - 2025/03/25 17:19:27 CET [2025/03/25 12:19:27 ET]
Table 'Hydra' 6-max Seat #1 is the button
Seat 1: YouBetterFold11 ($38.85 in chips) 
Seat 2: Mahu2021 ($22.19 in chips) 
Seat 3: egohenry ($27.85 in chips) 
Seat 4: sohan585 ($31.82 in chips) 
Seat 5: aisle333 ($28.67 in chips) 
Seat 6: Inc-Zra ($25 in chips) 
Mahu2021: posts small blind $0.10
egohenry: posts big blind $0.25
*** HOLE CARDS ***
Dealt to Mahu2021 [9h 5d]
sohan585: raises $0.37 to $0.62
aisle333: folds 
Inc-Zra: folds 
YouBetterFold11: raises $1.25 to $1.87
Mahu2021: folds 
egohenry: folds 
sohan585: folds 
Uncalled bet ($1.25) returned to YouBetterFold11
YouBetterFold11 collected $1.59 from pot
YouBetterFold11: doesn't show hand 
*** SUMMARY ***
Total pot $1.59 | Rake $0 
Seat 1: YouBetterFold11 (button) collected ($1.59)
Seat 2: Mahu2021 (small blind) folded before Flop
Seat 3: egohenry (big blind) folded before Flop
Seat 4: sohan585 folded before Flop
Seat 5: aisle333 folded before Flop (didn't bet)
Seat 6: Inc-Zra folded before Flop (didn't bet)



PokerStars Zoom Hand #255447051874:  Hold'em No Limit ($0.10/$0.25) - 2025/03/25 17:19:56 CET [2025/03/25 12:19:56 ET]
Table 'Hydra' 6-max Seat #1 is the button
Seat 1: yoopek ($25 in chips) 
Seat 2: moto635 ($31.97 in chips) 
Seat 3: ChangHoon Lee ($25 in chips) 
Seat 4: Mahu2021 ($22.09 in chips) 
Seat 5: kkon14 ($21.43 in chips) 
Seat 6: Bladum ($37.21 in chips) 
moto635: posts small blind $0.10
ChangHoon Lee: posts big blind $0.25
*** HOLE CARDS ***
Dealt to Mahu2021 [Th Td]
Mahu2021: raises $0.50 to $0.75
kkon14: folds 
Bladum: folds 
yoopek: folds 
moto635: folds 
ChangHoon Lee: folds 
Uncalled bet ($0.50) returned to Mahu2021
Mahu2021 collected $0.60 from pot
Mahu2021: doesn't show hand 
*** SUMMARY ***
Total pot $0.60 | Rake $0 
Seat 1: yoopek (button) folded before Flop (didn't bet)
Seat 2: moto635 (small blind) folded before Flop
Seat 3: ChangHoon Lee (big blind) folded before Flop
Seat 4: Mahu2021 collected ($0.60)
Seat 5: kkon14 folded before Flop (didn't bet)
Seat 6: Bladum folded before Flop (didn't bet)



PokerStars Zoom Hand #255447047711:  Hold'em No Limit ($0.10/$0.25) - 2025/03/25 17:19:36 CET [2025/03/25 12:19:36 ET]
Table 'Hydra' 6-max Seat #1 is the button
Seat 1: aisle333 ($28.67 in chips) 
Seat 2: ChangHoon Lee ($25 in chips) 
Seat 3: ciceron86 ($28.37 in chips) 
Seat 4: marco1595 ($23.50 in chips) 
Seat 5: Magz190 ($41.81 in chips) 
Seat 6: Mahu2021 ($22.09 in chips) 
ChangHoon Lee: posts small blind $0.10
ciceron86: posts big blind $0.25
*** HOLE CARDS ***
Dealt to Mahu2021 [Kd 5d]
marco1595: calls $0.25
Magz190: folds 
Mahu2021: folds 
aisle333: folds 
ChangHoon Lee: folds 
ciceron86: checks 
*** FLOP *** [3c Jh 2d]
ciceron86: checks 
marco1595: checks 
*** TURN *** [3c Jh 2d] [7h]
ciceron86: bets $1.71
marco1595: folds 
Uncalled bet ($1.71) returned to ciceron86
ciceron86 collected $0.57 from pot
ciceron86: doesn't show hand 
*** SUMMARY ***
Total pot $0.60 | Rake $0.03 
Board [3c Jh 2d 7h]
Seat 1: aisle333 (button) folded before Flop (didn't bet)
Seat 2: ChangHoon Lee (small blind) folded before Flop
Seat 3: ciceron86 (big blind) collected ($0.57)
Seat 4: marco1595 folded on the Turn
Seat 5: Magz190 folded before Flop (didn't bet)
Seat 6: Mahu2021 folded before Flop (didn't bet)



PokerStars Zoom Hand #255447050375:  Hold'em No Limit ($0.10/$0.25) - 2025/03/25 17:19:49 CET [2025/03/25 12:19:49 ET]
Table 'Hydra' 6-max Seat #1 is the button
Seat 1: Mahu2021 ($22.09 in chips) 
Seat 2: ciceron86 ($25.40 in chips) 
Seat 3: Inc-Zra ($25 in chips) 
Seat 4: yoopek ($25 in chips) 
Seat 5: macker81 ($24.88 in chips) 
Seat 6: Kofi-Annan83 ($7 in chips) 
ciceron86: posts small blind $0.10
Inc-Zra: posts big blind $0.25
*** HOLE CARDS ***
Dealt to Mahu2021 [2h 5c]
yoopek: folds 
macker81: calls $0.25
Kofi-Annan83: folds 
Mahu2021: folds 
ciceron86: raises $0.85 to $1.10
Inc-Zra: folds 
macker81: calls $0.85
*** FLOP *** [4s 9c Qc]
ciceron86: bets $0.70
macker81: calls $0.70
*** TURN *** [4s 9c Qc] [Jc]
ciceron86: checks 
macker81: bets $1.84
ciceron86: folds 
Uncalled bet ($1.84) returned to macker81
macker81 collected $3.68 from pot
macker81: doesn't show hand 
*** SUMMARY ***
Total pot $3.85 | Rake $0.17 
Board [4s 9c Qc Jc]
Seat 1: Mahu2021 (button) folded before Flop (didn't bet)
Seat 2: ciceron86 (small blind) folded on the Turn
Seat 3: Inc-Zra (big blind) folded before Flop
Seat 4: yoopek folded before Flop (didn't bet)
Seat 5: macker81 collected ($3.68)
Seat 6: Kofi-Annan83 folded before Flop (didn't bet)



PokerStars Zoom Hand #255447049413:  Hold'em No Limit ($0.10/$0.25) - 2025/03/25 17:19:44 CET [2025/03/25 12:19:44 ET]
Table 'Hydra' 6-max Seat #1 is the button
Seat 1: Inc-Zra ($25 in chips) 
Seat 2: GuigaMan ($25 in chips) 
Seat 3: ChangHoon Lee ($27.20 in chips) 
Seat 4: Mahu2021 ($22.09 in chips) 
Seat 5: Bladum ($37.21 in chips) 
Seat 6: ciceron86 ($25.35 in chips) 
GuigaMan: posts small blind $0.10
ChangHoon Lee: posts big blind $0.25
*** HOLE CARDS ***
Dealt to Mahu2021 [8h Ad]
Mahu2021: folds 
Bladum: folds 
ciceron86: folds 
Inc-Zra: folds 
GuigaMan: raises $0.50 to $0.75
ChangHoon Lee: calls $0.50
*** FLOP *** [4s Ks 2d]
GuigaMan: bets $0.43
ChangHoon Lee: folds 
Uncalled bet ($0.43) returned to GuigaMan
GuigaMan collected $1.43 from pot
GuigaMan: doesn't show hand 
*** SUMMARY ***
Total pot $1.50 | Rake $0.07 
Board [4s Ks 2d]
Seat 1: Inc-Zra (button) folded before Flop (didn't bet)
Seat 2: GuigaMan (small blind) collected ($1.43)
Seat 3: ChangHoon Lee (big blind) folded on the Flop
Seat 4: Mahu2021 folded before Flop (didn't bet)
Seat 5: Bladum folded before Flop (didn't bet)
Seat 6: ciceron86 folded before Flop (didn't bet)



PokerStars Zoom Hand #255447055389:  Hold'em No Limit ($0.10/$0.25) - 2025/03/25 17:20:13 CET [2025/03/25 12:20:13 ET]
Table 'Hydra' 6-max Seat #1 is the button
Seat 1: dyin ($24.65 in chips) 
Seat 2: Delly1256 ($25.68 in chips) 
Seat 3: Mahu2021 ($22.44 in chips) 
Seat 4: zarras86 ($17.53 in chips) 
Seat 5: ChangHoon Lee ($25.32 in chips) 
Seat 6: marco1595 ($23.25 in chips) 
Delly1256: posts small blind $0.10
Mahu2021: posts big blind $0.25
*** HOLE CARDS ***
Dealt to Mahu2021 [2s 9d]
zarras86: folds 
ChangHoon Lee: folds 
marco1595: calls $0.25
dyin: folds 
Delly1256: folds 
Mahu2021: checks 
*** FLOP *** [6h Qs 3d]
Mahu2021: checks 
marco1595: checks 
*** TURN *** [6h Qs 3d] [Td]
Mahu2021: checks 
marco1595: checks 
*** RIVER *** [6h Qs 3d Td] [4s]
Mahu2021: checks 
marco1595: bets $0.50
Mahu2021: folds 
Uncalled bet ($0.50) returned to marco1595
marco1595 collected $0.57 from pot
marco1595: doesn't show hand 
*** SUMMARY ***
Total pot $0.60 | Rake $0.03 
Board [6h Qs 3d Td 4s]
Seat 1: dyin (button) folded before Flop (didn't bet)
Seat 2: Delly1256 (small blind) folded before Flop
Seat 3: Mahu2021 (big blind) folded on the River
Seat 4: zarras86 folded before Flop (didn't bet)
Seat 5: ChangHoon Lee folded before Flop (didn't bet)
Seat 6: marco1595 collected ($0.57)



PokerStars Zoom Hand #255447059868:  Hold'em No Limit ($0.10/$0.25) - 2025/03/25 17:20:35 CET [2025/03/25 12:20:35 ET]
Table 'Hydra' 6-max Seat #1 is the button
Seat 1: dzacharas ($25 in chips) 
Seat 2: Mahu2021 ($22.19 in chips) 
Seat 3: GuigaMan ($25 in chips) 
Seat 4: macker81 ($26.51 in chips) 
Seat 5: ciceron86 ($25.35 in chips) 
Seat 6: yoopek ($58.55 in chips) 
Mahu2021: posts small blind $0.10
GuigaMan: posts big blind $0.25
*** HOLE CARDS ***
Dealt to Mahu2021 [5h 2s]
macker81: folds 
ciceron86: folds 
yoopek: folds 
dzacharas: folds 
Mahu2021: folds 
Uncalled bet ($0.15) returned to GuigaMan
GuigaMan collected $0.20 from pot
GuigaMan: doesn't show hand 
*** SUMMARY ***
Total pot $0.20 | Rake $0 
Seat 1: dzacharas (button) folded before Flop (didn't bet)
Seat 2: Mahu2021 (small blind) folded before Flop
Seat 3: GuigaMan (big blind) collected ($0.20)
Seat 4: macker81 folded before Flop (didn't bet)
Seat 5: ciceron86 folded before Flop (didn't bet)
Seat 6: yoopek folded before Flop (didn't bet)



PokerStars Zoom Hand #255447060682:  Hold'em No Limit ($0.10/$0.25) - 2025/03/25 17:20:39 CET [2025/03/25 12:20:39 ET]
Table 'Hydra' 6-max Seat #1 is the button
Seat 1: NePoPeN ($28.72 in chips) 
Seat 2: Inc-Zra ($51.54 in chips) 
Seat 3: jensensc330 ($21.70 in chips) 
Seat 4: Delly1256 ($25.93 in chips) 
Seat 5: newbyz ($25 in chips) 
Seat 6: Mahu2021 ($22.09 in chips) 
Inc-Zra: posts small blind $0.10
jensensc330: posts big blind $0.25
*** HOLE CARDS ***
Dealt to Mahu2021 [Kd Jd]
Delly1256: raises $0.25 to $0.50
newbyz: folds 
Mahu2021: calls $0.50
NePoPeN: folds 
Inc-Zra: folds 
jensensc330: folds 
*** FLOP *** [Qc Js 3c]
Delly1256: bets $0.90
Mahu2021: calls $0.90
*** TURN *** [Qc Js 3c] [Qh]
Delly1256: bets $4.42
Mahu2021: folds 
Uncalled bet ($4.42) returned to Delly1256
Delly1256 collected $3.01 from pot
Delly1256: doesn't show hand 
*** SUMMARY ***
Total pot $3.15 | Rake $0.14 
Board [Qc Js 3c Qh]
Seat 1: NePoPeN (button) folded before Flop (didn't bet)
Seat 2: Inc-Zra (small blind) folded before Flop
Seat 3: jensensc330 (big blind) folded before Flop
Seat 4: Delly1256 collected ($3.01)
Seat 5: newbyz folded before Flop (didn't bet)
Seat 6: Mahu2021 folded on the Turn



PokerStars Zoom Hand #255447026390:  Hold'em No Limit ($0.10/$0.25) - 2025/03/25 17:17:52 CET [2025/03/25 12:17:52 ET]
Table 'Hydra' 6-max Seat #1 is the button
Seat 1: dzacharas ($48.90 in chips) 
Seat 2: egohenry ($27.17 in chips) 
Seat 3: GuigaMan ($25 in chips) 
Seat 4: Mahu2021 ($23.06 in chips) 
Seat 5: Muybien_030 ($45.23 in chips) 
Seat 6: remid13 ($54.94 in chips) 
egohenry: posts small blind $0.10
GuigaMan: posts big blind $0.25
*** HOLE CARDS ***
Dealt to Mahu2021 [5h 3c]
Mahu2021: folds 
Muybien_030: raises $0.30 to $0.55
remid13: folds 
dzacharas: calls $0.55
egohenry: folds 
GuigaMan: folds 
*** FLOP *** [Qs 4h 2d]
Muybien_030: checks 
dzacharas: bets $0.77
Muybien_030: raises $1.21 to $1.98
dzacharas: calls $1.21
*** TURN *** [Qs 4h 2d] [5d]
Muybien_030: bets $3.34
dzacharas: calls $3.34
*** RIVER *** [Qs 4h 2d 5d] [7c]
Muybien_030: checks 
dzacharas: bets $5.78
Muybien_030 is disconnected 
Muybien_030 has timed out while disconnected
Muybien_030: folds 
Uncalled bet ($5.78) returned to dzacharas
dzacharas collected $11.55 from pot
dzacharas: doesn't show hand 
*** SUMMARY ***
Total pot $12.09 | Rake $0.54 
Board [Qs 4h 2d 5d 7c]
Seat 1: dzacharas (button) collected ($11.55)
Seat 2: egohenry (small blind) folded before Flop
Seat 3: GuigaMan (big blind) folded before Flop
Seat 4: Mahu2021 folded before Flop (didn't bet)
Seat 5: Muybien_030 folded on the River
Seat 6: remid13 folded before Flop (didn't bet)



PokerStars Zoom Hand #255447065575:  Hold'em No Limit ($0.10/$0.25) - 2025/03/25 17:21:03 CET [2025/03/25 12:21:03 ET]
Table 'Hydra' 6-max Seat #1 is the button
Seat 1: aisle333 ($30.51 in chips) 
Seat 2: egohenry ($25 in chips) 
Seat 3: BruceShee ($25 in chips) 
Seat 4: extinction51 ($25.81 in chips) 
Seat 5: Mahu2021 ($20.69 in chips) 
Seat 6: 23121992820 ($25 in chips) 
egohenry: posts small blind $0.10
BruceShee: posts big blind $0.25
*** HOLE CARDS ***
Dealt to Mahu2021 [Kd 6d]
extinction51: folds 
Mahu2021: folds 
23121992820: raises $0.30 to $0.55
aisle333: folds 
egohenry: folds 
BruceShee: folds 
Uncalled bet ($0.30) returned to 23121992820
23121992820 collected $0.60 from pot
23121992820: doesn't show hand 
*** SUMMARY ***
Total pot $0.60 | Rake $0 
Seat 1: aisle333 (button) folded before Flop (didn't bet)
Seat 2: egohenry (small blind) folded before Flop
Seat 3: BruceShee (big blind) folded before Flop
Seat 4: extinction51 folded before Flop (didn't bet)
Seat 5: Mahu2021 folded before Flop (didn't bet)
Seat 6: 23121992820 collected ($0.60)



PokerStars Zoom Hand #255447066642:  Hold'em No Limit ($0.10/$0.25) - 2025/03/25 17:21:08 CET [2025/03/25 12:21:08 ET]
Table 'Hydra' 6-max Seat #1 is the button
Seat 1: Mahu2021 ($20.69 in chips) 
Seat 2: Delly1256 ($29.70 in chips) 
Seat 3: GuigaMan ($25 in chips) 
Seat 4: ciceron86 ($28.24 in chips) 
Seat 5: sohan585 ($30.95 in chips) 
Seat 6: BruceShee ($26.22 in chips) 
Delly1256: posts small blind $0.10
GuigaMan: posts big blind $0.25
*** HOLE CARDS ***
Dealt to Mahu2021 [8s 2d]
ciceron86: folds 
sohan585: folds 
BruceShee: folds 
Mahu2021: folds 
Delly1256: raises $0.50 to $0.75
GuigaMan: raises $1.50 to $2.25
Delly1256: folds 
Uncalled bet ($1.50) returned to GuigaMan
GuigaMan collected $1.50 from pot
GuigaMan: doesn't show hand 
*** SUMMARY ***
Total pot $1.50 | Rake $0 
Seat 1: Mahu2021 (button) folded before Flop (didn't bet)
Seat 2: Delly1256 (small blind) folded before Flop
Seat 3: GuigaMan (big blind) collected ($1.50)
Seat 4: ciceron86 folded before Flop (didn't bet)
Seat 5: sohan585 folded before Flop (didn't bet)
Seat 6: BruceShee folded before Flop (didn't bet)



PokerStars Zoom Hand #255447067698:  Hold'em No Limit ($0.10/$0.25) - 2025/03/25 17:21:13 CET [2025/03/25 12:21:13 ET]
Table 'Hydra' 6-max Seat #1 is the button
Seat 1: remid13 ($46.14 in chips) 
Seat 2: DannyLennon ($25 in chips) 
Seat 3: extinction51 ($25.81 in chips) 
Seat 4: sohan585 ($30.95 in chips) 
Seat 5: Mahu2021 ($20.69 in chips) 
Seat 6: Kofi-Annan83 ($10.68 in chips) 
DannyLennon: posts small blind $0.10
extinction51: posts big blind $0.25
*** HOLE CARDS ***
Dealt to Mahu2021 [7c 9c]
sohan585: raises $0.37 to $0.62
Mahu2021: folds 
Kofi-Annan83: calls $0.62
remid13: folds 
DannyLennon: folds 
extinction51: folds 
*** FLOP *** [2s 4h Kc]
sohan585: bets $0.50
Kofi-Annan83: folds 
Uncalled bet ($0.50) returned to sohan585
sohan585 collected $1.52 from pot
sohan585: doesn't show hand 
*** SUMMARY ***
Total pot $1.59 | Rake $0.07 
Board [2s 4h Kc]
Seat 1: remid13 (button) folded before Flop (didn't bet)
Seat 2: DannyLennon (small blind) folded before Flop
Seat 3: extinction51 (big blind) folded before Flop
Seat 4: sohan585 collected ($1.52)
Seat 5: Mahu2021 folded before Flop (didn't bet)
Seat 6: Kofi-Annan83 folded on the Flop



PokerStars Zoom Hand #255447070667:  Hold'em No Limit ($0.10/$0.25) - 2025/03/25 17:21:27 CET [2025/03/25 12:21:27 ET]
Table 'Hydra' 6-max Seat #1 is the button
Seat 1: l'm Sound ($26.63 in chips) 
Seat 2: qj444 ($29.05 in chips) 
Seat 3: Mahu2021 ($20.69 in chips) 
Seat 4: Wag1Wasteman ($6.39 in chips) 
Seat 5: Inc-Zra ($25 in chips) 
Seat 6: ALEKC6 ($105.77 in chips) 
qj444: posts small blind $0.10
Mahu2021: posts big blind $0.25
*** HOLE CARDS ***
Dealt to Mahu2021 [4d 7s]
Wag1Wasteman: folds 
Inc-Zra: folds 
ALEKC6: folds 
l'm Sound: raises $0.34 to $0.59
qj444: raises $2.16 to $2.75
Mahu2021: folds 
l'm Sound: folds 
Uncalled bet ($2.16) returned to qj444
qj444 collected $1.43 from pot
qj444: doesn't show hand 
*** SUMMARY ***
Total pot $1.43 | Rake $0 
Seat 1: l'm Sound (button) folded before Flop
Seat 2: qj444 (small blind) collected ($1.43)
Seat 3: Mahu2021 (big blind) folded before Flop
Seat 4: Wag1Wasteman folded before Flop (didn't bet)
Seat 5: Inc-Zra folded before Flop (didn't bet)
Seat 6: ALEKC6 folded before Flop (didn't bet)



PokerStars Zoom Hand #255447069795:  Hold'em No Limit ($0.10/$0.25) - 2025/03/25 17:21:23 CET [2025/03/25 12:21:23 ET]
Table 'Hydra' 6-max Seat #1 is the button
Seat 1: YouBetterFold11 ($26.86 in chips) 
Seat 2: yoopek ($59.34 in chips) 
Seat 3: 23121992820 ($25.35 in chips) 
Seat 4: Mahu2021 ($20.69 in chips) 
Seat 5: egohenry ($25 in chips) 
Seat 6: Wag1Wasteman ($6.39 in chips) 
yoopek: posts small blind $0.10
23121992820: posts big blind $0.25
*** HOLE CARDS ***
Dealt to Mahu2021 [2c Qd]
Mahu2021: folds 
egohenry: folds 
Wag1Wasteman: folds 
YouBetterFold11: folds 
yoopek: raises $0.50 to $0.75
23121992820: calls $0.50
*** FLOP *** [Js 8c 2d]
yoopek: checks 
23121992820: checks 
*** TURN *** [Js 8c 2d] [8h]
yoopek: checks 
23121992820: bets $0.72
yoopek: folds 
Uncalled bet ($0.72) returned to 23121992820
23121992820 collected $1.43 from pot
23121992820: doesn't show hand 
*** SUMMARY ***
Total pot $1.50 | Rake $0.07 
Board [Js 8c 2d 8h]
Seat 1: YouBetterFold11 (button) folded before Flop (didn't bet)
Seat 2: yoopek (small blind) folded on the Turn
Seat 3: 23121992820 (big blind) collected ($1.43)
Seat 4: Mahu2021 folded before Flop (didn't bet)
Seat 5: egohenry folded before Flop (didn't bet)
Seat 6: Wag1Wasteman folded before Flop (didn't bet)



PokerStars Zoom Hand #255447074139:  Hold'em No Limit ($0.10/$0.25) - 2025/03/25 17:21:44 CET [2025/03/25 12:21:44 ET]
Table 'Hydra' 6-max Seat #1 is the button
Seat 1: remid13 ($30.73 in chips) 
Seat 2: newbyz ($25.39 in chips) 
Seat 3: DannyLennon ($42.22 in chips) 
Seat 4: GuigaMan ($28.51 in chips) 
Seat 5: kkon14 ($24.65 in chips) 
Seat 6: Mahu2021 ($20.34 in chips) 
newbyz: posts small blind $0.10
DannyLennon: posts big blind $0.25
*** HOLE CARDS ***
Dealt to Mahu2021 [5d 8c]
GuigaMan: folds 
kkon14: folds 
Mahu2021: folds 
remid13: raises $0.37 to $0.62
newbyz: folds 
DannyLennon: folds 
Uncalled bet ($0.37) returned to remid13
remid13 collected $0.60 from pot
remid13: doesn't show hand 
*** SUMMARY ***
Total pot $0.60 | Rake $0 
Seat 1: remid13 (button) collected ($0.60)
Seat 2: newbyz (small blind) folded before Flop
Seat 3: DannyLennon (big blind) folded before Flop
Seat 4: GuigaMan folded before Flop (didn't bet)
Seat 5: kkon14 folded before Flop (didn't bet)
Seat 6: Mahu2021 folded before Flop (didn't bet)



PokerStars Zoom Hand #255447074813:  Hold'em No Limit ($0.10/$0.25) - 2025/03/25 17:21:47 CET [2025/03/25 12:21:47 ET]
Table 'Hydra' 6-max Seat #1 is the button
Seat 1: dyin ($25 in chips) 
Seat 2: kkon14 ($24.65 in chips) 
Seat 3: extinction51 ($26.30 in chips) 
Seat 4: Mahu2021 ($20.34 in chips) 
Seat 5: qj444 ($29.89 in chips) 
Seat 6: avatar1108 ($41.36 in chips) 
kkon14: posts small blind $0.10
extinction51: posts big blind $0.25
*** HOLE CARDS ***
Dealt to Mahu2021 [Ts Ac]
Mahu2021: raises $0.35 to $0.60
qj444: folds 
avatar1108: calls $0.60
dyin: folds 
kkon14: folds 
extinction51: folds 
*** FLOP *** [6s Qh Tc]
Mahu2021: bets $0.75
avatar1108: calls $0.75
*** TURN *** [6s Qh Tc] [4s]
Mahu2021: bets $2.91
avatar1108: calls $2.91
*** RIVER *** [6s Qh Tc 4s] [3s]
Mahu2021: checks 
avatar1108: bets $4
Mahu2021: folds 
Uncalled bet ($4) returned to avatar1108
avatar1108 collected $8.37 from pot
avatar1108: doesn't show hand 
*** SUMMARY ***
Total pot $8.87 | Rake $0.50 
Board [6s Qh Tc 4s 3s]
Seat 1: dyin (button) folded before Flop (didn't bet)
Seat 2: kkon14 (small blind) folded before Flop
Seat 3: extinction51 (big blind) folded before Flop
Seat 4: Mahu2021 folded on the River
Seat 5: qj444 folded before Flop (didn't bet)
Seat 6: avatar1108 collected ($8.37)



PokerStars Zoom Hand #255447073135:  Hold'em No Limit ($0.10/$0.25) - 2025/03/25 17:21:39 CET [2025/03/25 12:21:39 ET]
Table 'Hydra' 6-max Seat #1 is the button
Seat 1: Delly1256 ($28.95 in chips) 
Seat 2: Mahu2021 ($20.44 in chips) 
Seat 3: Inc-Zra ($25 in chips) 
Seat 4: egohenry ($37.79 in chips) 
Seat 5: ciceron86 ($26.33 in chips) 
Seat 6: sohan585 ($31.85 in chips) 
Mahu2021: posts small blind $0.10
Inc-Zra: posts big blind $0.25
*** HOLE CARDS ***
Dealt to Mahu2021 [2c Ah]
egohenry: raises $0.25 to $0.50
ciceron86: folds 
sohan585: folds 
Delly1256: folds 
Mahu2021: folds 
Inc-Zra: calls $0.25
*** FLOP *** [Qc Qd 8h]
Inc-Zra: checks 
egohenry: bets $0.25
Inc-Zra: calls $0.25
*** TURN *** [Qc Qd 8h] [Jh]
Inc-Zra: checks 
egohenry: bets $0.90
Inc-Zra: calls $0.90
*** RIVER *** [Qc Qd 8h Jh] [Kd]
Inc-Zra: checks 
egohenry: bets $2.44
Inc-Zra: folds 
Uncalled bet ($2.44) returned to egohenry
egohenry collected $3.25 from pot
egohenry: doesn't show hand 
*** SUMMARY ***
Total pot $3.40 | Rake $0.15 
Board [Qc Qd 8h Jh Kd]
Seat 1: Delly1256 (button) folded before Flop (didn't bet)
Seat 2: Mahu2021 (small blind) folded before Flop
Seat 3: Inc-Zra (big blind) folded on the River
Seat 4: egohenry collected ($3.25)
Seat 5: ciceron86 folded before Flop (didn't bet)
Seat 6: sohan585 folded before Flop (didn't bet)



PokerStars Zoom Hand #255447082013:  Hold'em No Limit ($0.10/$0.25) - 2025/03/25 17:22:22 CET [2025/03/25 12:22:22 ET]
Table 'Hydra' 6-max Seat #1 is the button
Seat 1: Mahu2021 ($16.08 in chips) 
Seat 2: Magz190 ($38.61 in chips) 
Seat 3: McShovin88 ($33.47 in chips) 
Seat 4: remid13 ($47.68 in chips) 
Seat 5: ChangHoon Lee ($32.07 in chips) 
Seat 6: DannyLennon ($26.05 in chips) 
Magz190: posts small blind $0.10
McShovin88: posts big blind $0.25
*** HOLE CARDS ***
Dealt to Mahu2021 [Kc 9h]
remid13: raises $0.37 to $0.62
ChangHoon Lee: folds 
DannyLennon: folds 
Mahu2021: folds 
Magz190: folds 
McShovin88: calls $0.37
*** FLOP *** [6c Qc 8c]
McShovin88: checks 
remid13: bets $0.42
McShovin88: folds 
Uncalled bet ($0.42) returned to remid13
remid13 collected $1.28 from pot
remid13: doesn't show hand 
*** SUMMARY ***
Total pot $1.34 | Rake $0.06 
Board [6c Qc 8c]
Seat 1: Mahu2021 (button) folded before Flop (didn't bet)
Seat 2: Magz190 (small blind) folded before Flop
Seat 3: McShovin88 (big blind) folded on the Flop
Seat 4: remid13 collected ($1.28)
Seat 5: ChangHoon Lee folded before Flop (didn't bet)
Seat 6: DannyLennon folded before Flop (didn't bet)



PokerStars Zoom Hand #255447082823:  Hold'em No Limit ($0.10/$0.25) - 2025/03/25 17:22:26 CET [2025/03/25 12:22:26 ET]
Table 'Hydra' 6-max Seat #1 is the button
Seat 1: abcolandsv ($29.34 in chips) 
Seat 2: DannyLennon ($26.05 in chips) 
Seat 3: moto635 ($28 in chips) 
Seat 4: Mahu2021 ($16.08 in chips) 
Seat 5: Ollie218 ($36.15 in chips) 
Seat 6: extinction51 ($25.56 in chips) 
DannyLennon: posts small blind $0.10
moto635: posts big blind $0.25
*** HOLE CARDS ***
Dealt to Mahu2021 [4s Jc]
Mahu2021: folds 
Ollie218: calls $0.25
extinction51: folds 
abcolandsv: folds 
DannyLennon: calls $0.15
moto635: checks 
*** FLOP *** [3h Kc Jh]
DannyLennon: bets $0.36
moto635: folds 
Ollie218: folds 
Uncalled bet ($0.36) returned to DannyLennon
DannyLennon collected $0.72 from pot
DannyLennon: doesn't show hand 
*** SUMMARY ***
Total pot $0.75 | Rake $0.03 
Board [3h Kc Jh]
Seat 1: abcolandsv (button) folded before Flop (didn't bet)
Seat 2: DannyLennon (small blind) collected ($0.72)
Seat 3: moto635 (big blind) folded on the Flop
Seat 4: Mahu2021 folded before Flop (didn't bet)
Seat 5: Ollie218 folded on the Flop
Seat 6: extinction51 folded before Flop (didn't bet)



PokerStars Zoom Hand #255447083585:  Hold'em No Limit ($0.10/$0.25) - 2025/03/25 17:22:30 CET [2025/03/25 12:22:30 ET]
Table 'Hydra' 6-max Seat #1 is the button
Seat 1: GuigaMan ($26.69 in chips) 
Seat 2: COVEIROANCAP ($30.85 in chips) 
Seat 3: Mahu2021 ($16.08 in chips) 
Seat 4: abcolandsv ($29.34 in chips) 
Seat 5: ciceron86 ($34.50 in chips) 
Seat 6: Hu55Ling ($29.39 in chips) 
COVEIROANCAP: posts small blind $0.10
Mahu2021: posts big blind $0.25
*** HOLE CARDS ***
Dealt to Mahu2021 [Jh 5s]
abcolandsv: calls $0.25
ciceron86: folds 
Hu55Ling: folds 
GuigaMan: folds 
COVEIROANCAP: folds 
Mahu2021: checks 
*** FLOP *** [8d 8c 7s]
Mahu2021: checks 
abcolandsv: bets $1.25
Mahu2021: folds 
Uncalled bet ($1.25) returned to abcolandsv
abcolandsv collected $0.57 from pot
abcolandsv: doesn't show hand 
*** SUMMARY ***
Total pot $0.60 | Rake $0.03 
Board [8d 8c 7s]
Seat 1: GuigaMan (button) folded before Flop (didn't bet)
Seat 2: COVEIROANCAP (small blind) folded before Flop
Seat 3: Mahu2021 (big blind) folded on the Flop
Seat 4: abcolandsv collected ($0.57)
Seat 5: ciceron86 folded before Flop (didn't bet)
Seat 6: Hu55Ling folded before Flop (didn't bet)



PokerStars Zoom Hand #255447092061:  Hold'em No Limit ($0.10/$0.25) - 2025/03/25 17:23:12 CET [2025/03/25 12:23:12 ET]
Table 'Hydra' 6-max Seat #1 is the button
Seat 1: Mahu2021 ($15.73 in chips) 
Seat 2: M.Tikhonov ($42.38 in chips) 
Seat 3: GuigaMan ($26.69 in chips) 
Seat 4: 23121992820 ($34.80 in chips) 
Seat 5: Bladum ($81.38 in chips) 
Seat 6: McShovin88 ($32.50 in chips) 
M.Tikhonov: posts small blind $0.10
GuigaMan: posts big blind $0.25
*** HOLE CARDS ***
Dealt to Mahu2021 [Th Kd]
23121992820: folds 
Bladum: raises $0.25 to $0.50
McShovin88: folds 
Mahu2021: calls $0.50
M.Tikhonov: folds 
GuigaMan: folds 
*** FLOP *** [3s As 8d]
Bladum: bets $0.43
Mahu2021: folds 
Uncalled bet ($0.43) returned to Bladum
Bladum collected $1.29 from pot
Bladum: doesn't show hand 
*** SUMMARY ***
Total pot $1.35 | Rake $0.06 
Board [3s As 8d]
Seat 1: Mahu2021 (button) folded on the Flop
Seat 2: M.Tikhonov (small blind) folded before Flop
Seat 3: GuigaMan (big blind) folded before Flop
Seat 4: 23121992820 folded before Flop (didn't bet)
Seat 5: Bladum collected ($1.29)
Seat 6: McShovin88 folded before Flop (didn't bet)



PokerStars Zoom Hand #255447091051:  Hold'em No Limit ($0.10/$0.25) - 2025/03/25 17:23:07 CET [2025/03/25 12:23:07 ET]
Table 'Hydra' 6-max Seat #1 is the button
Seat 1: BruceShee ($25.81 in chips) 
Seat 2: Mahu2021 ($15.83 in chips) 
Seat 3: ciceron86 ($27.11 in chips) 
Seat 4: BluesUK ($60.54 in chips) 
Seat 5: YouBetterFold11 ($43.90 in chips) 
Seat 6: Delly1256 ($28.62 in chips) 
Mahu2021: posts small blind $0.10
ciceron86: posts big blind $0.25
*** HOLE CARDS ***
Dealt to Mahu2021 [2d 8d]
BluesUK: folds 
YouBetterFold11: folds 
Delly1256: folds 
BruceShee: raises $0.35 to $0.60
Mahu2021: folds 
ciceron86: folds 
Uncalled bet ($0.35) returned to BruceShee
BruceShee collected $0.60 from pot
BruceShee: doesn't show hand 
*** SUMMARY ***
Total pot $0.60 | Rake $0 
Seat 1: BruceShee (button) collected ($0.60)
Seat 2: Mahu2021 (small blind) folded before Flop
Seat 3: ciceron86 (big blind) folded before Flop
Seat 4: BluesUK folded before Flop (didn't bet)
Seat 5: YouBetterFold11 folded before Flop (didn't bet)
Seat 6: Delly1256 folded before Flop (didn't bet)



PokerStars Zoom Hand #255447096885:  Hold'em No Limit ($0.10/$0.25) - 2025/03/25 17:23:35 CET [2025/03/25 12:23:35 ET]
Table 'Hydra' 6-max Seat #1 is the button
Seat 1: yoopek ($25.20 in chips) 
Seat 2: dzacharas ($25.12 in chips) 
Seat 3: Delly1256 ($28.52 in chips) 
Seat 4: geo3pokerr ($9.16 in chips) 
Seat 5: Mahu2021 ($15.23 in chips) 
Seat 6: DannyLennon ($41.87 in chips) 
dzacharas: posts small blind $0.10
Delly1256: posts big blind $0.25
*** HOLE CARDS ***
Dealt to Mahu2021 [Qd As]
geo3pokerr: calls $0.25
Mahu2021: calls $0.25
DannyLennon: folds 
yoopek: folds 
dzacharas: folds 
Delly1256: checks 
*** FLOP *** [6s 5c 9d]
Delly1256: checks 
geo3pokerr: bets $0.85
Mahu2021: folds 
Delly1256: folds 
Uncalled bet ($0.85) returned to geo3pokerr
geo3pokerr collected $0.81 from pot
geo3pokerr: doesn't show hand 
*** SUMMARY ***
Total pot $0.85 | Rake $0.04 
Board [6s 5c 9d]
Seat 1: yoopek (button) folded before Flop (didn't bet)
Seat 2: dzacharas (small blind) folded before Flop
Seat 3: Delly1256 (big blind) folded on the Flop
Seat 4: geo3pokerr collected ($0.81)
Seat 5: Mahu2021 folded on the Flop
Seat 6: DannyLennon folded before Flop (didn't bet)



PokerStars Zoom Hand #255447102540:  Hold'em No Limit ($0.10/$0.25) - 2025/03/25 17:24:02 CET [2025/03/25 12:24:02 ET]
Table 'Hydra' 6-max Seat #1 is the button
Seat 1: BruceShee ($25.35 in chips) 
Seat 2: YouBetterFold11 ($43.65 in chips) 
Seat 3: BluesUK ($59.79 in chips) 
Seat 4: egohenry ($28.34 in chips) 
Seat 5: Mahu2021 ($14.98 in chips) 
Seat 6: Renan06felix ($21.37 in chips) 
YouBetterFold11: posts small blind $0.10
BluesUK: posts big blind $0.25
*** HOLE CARDS ***
Dealt to Mahu2021 [9d 9c]
egohenry: folds 
Mahu2021: raises $0.35 to $0.60
Renan06felix: folds 
BruceShee: folds 
YouBetterFold11: folds 
BluesUK: folds 
Uncalled bet ($0.35) returned to Mahu2021
Mahu2021 collected $0.60 from pot
Mahu2021: doesn't show hand 
*** SUMMARY ***
Total pot $0.60 | Rake $0 
Seat 1: BruceShee (button) folded before Flop (didn't bet)
Seat 2: YouBetterFold11 (small blind) folded before Flop
Seat 3: BluesUK (big blind) folded before Flop
Seat 4: egohenry folded before Flop (didn't bet)
Seat 5: Mahu2021 collected ($0.60)
Seat 6: Renan06felix folded before Flop (didn't bet)



PokerStars Zoom Hand #255447105413:  Hold'em No Limit ($0.10/$0.25) - 2025/03/25 17:24:15 CET [2025/03/25 12:24:15 ET]
Table 'Hydra' 6-max Seat #1 is the button
Seat 1: ciceron86 ($27.32 in chips) 
Seat 2: Inc-Zra ($53.54 in chips) 
Seat 3: 23121992820 ($25 in chips) 
Seat 4: Mahu2021 ($15.33 in chips) 
Seat 5: BruceShee ($25.35 in chips) 
Seat 6: ALEKC6 ($26.29 in chips) 
Inc-Zra: posts small blind $0.10
23121992820: posts big blind $0.25
*** HOLE CARDS ***
Dealt to Mahu2021 [9h 3h]
Mahu2021: folds 
BruceShee: folds 
ALEKC6: raises $0.40 to $0.65
ciceron86: folds 
Inc-Zra: folds 
23121992820: folds 
Uncalled bet ($0.40) returned to ALEKC6
ALEKC6 collected $0.60 from pot
ALEKC6: doesn't show hand 
*** SUMMARY ***
Total pot $0.60 | Rake $0 
Seat 1: ciceron86 (button) folded before Flop (didn't bet)
Seat 2: Inc-Zra (small blind) folded before Flop
Seat 3: 23121992820 (big blind) folded before Flop
Seat 4: Mahu2021 folded before Flop (didn't bet)
Seat 5: BruceShee folded before Flop (didn't bet)
Seat 6: ALEKC6 collected ($0.60)



PokerStars Zoom Hand #255447106162:  Hold'em No Limit ($0.10/$0.25) - 2025/03/25 17:24:19 CET [2025/03/25 12:24:19 ET]
Table 'Hydra' 6-max Seat #1 is the button
Seat 1: moto635 ($27.75 in chips) 
Seat 2: l'm Sound ($25 in chips) 
Seat 3: Mahu2021 ($15.33 in chips) 
Seat 4: Delly1256 ($38.15 in chips) 
Seat 5: YouBetterFold11 ($25 in chips) 
Seat 6: Bladum ($46.20 in chips) 
l'm Sound: posts small blind $0.10
Mahu2021: posts big blind $0.25
*** HOLE CARDS ***
Dealt to Mahu2021 [7h 7s]
Delly1256: folds 
YouBetterFold11: folds 
Bladum: raises $0.25 to $0.50
moto635: raises $1.25 to $1.75
l'm Sound: folds 
Mahu2021: folds 
Bladum: folds 
Uncalled bet ($1.25) returned to moto635
moto635 collected $1.35 from pot
moto635: doesn't show hand 
*** SUMMARY ***
Total pot $1.35 | Rake $0 
Seat 1: moto635 (button) collected ($1.35)
Seat 2: l'm Sound (small blind) folded before Flop
Seat 3: Mahu2021 (big blind) folded before Flop
Seat 4: Delly1256 folded before Flop (didn't bet)
Seat 5: YouBetterFold11 folded before Flop (didn't bet)
Seat 6: Bladum folded before Flop



PokerStars Zoom Hand #255447110475:  Hold'em No Limit ($0.10/$0.25) - 2025/03/25 17:24:40 CET [2025/03/25 12:24:40 ET]
Table 'Hydra' 6-max Seat #1 is the button
Seat 1: yoopek ($25.33 in chips) 
Seat 2: Mahu2021 ($15.08 in chips) 
Seat 3: YouBetterFold11 ($25 in chips) 
Seat 4: BruceShee ($28.96 in chips) 
Seat 5: extinction51 ($25.35 in chips) 
Seat 6: Inc-Zra ($35.06 in chips) 
Mahu2021: posts small blind $0.10
YouBetterFold11: posts big blind $0.25
*** HOLE CARDS ***
Dealt to Mahu2021 [9h 3c]
BruceShee: raises $0.25 to $0.50
extinction51: folds 
Inc-Zra: folds 
yoopek: folds 
Mahu2021: folds 
YouBetterFold11: folds 
Uncalled bet ($0.25) returned to BruceShee
BruceShee collected $0.60 from pot
BruceShee: doesn't show hand 
*** SUMMARY ***
Total pot $0.60 | Rake $0 
Seat 1: yoopek (button) folded before Flop (didn't bet)
Seat 2: Mahu2021 (small blind) folded before Flop
Seat 3: YouBetterFold11 (big blind) folded before Flop
Seat 4: BruceShee collected ($0.60)
Seat 5: extinction51 folded before Flop (didn't bet)
Seat 6: Inc-Zra folded before Flop (didn't bet)



PokerStars Zoom Hand #255447112969:  Hold'em No Limit ($0.10/$0.25) - 2025/03/25 17:24:52 CET [2025/03/25 12:24:52 ET]
Table 'Hydra' 6-max Seat #1 is the button
Seat 1: Wag1Wasteman ($8.55 in chips) 
Seat 2: Delly1256 ($25 in chips) 
Seat 3: BruceShee ($29.31 in chips) 
Seat 4: 23121992820 ($35.55 in chips) 
Seat 5: yoopek ($25.33 in chips) 
Seat 6: Mahu2021 ($14.98 in chips) 
Delly1256: posts small blind $0.10
BruceShee: posts big blind $0.25
*** HOLE CARDS ***
Dealt to Mahu2021 [3c 6c]
23121992820: folds 
yoopek: folds 
Mahu2021: folds 
Wag1Wasteman: raises $0.37 to $0.62
Delly1256: raises $1.88 to $2.50
BruceShee: folds 
Wag1Wasteman: folds 
Uncalled bet ($1.88) returned to Delly1256
Delly1256 collected $1.49 from pot
Delly1256: doesn't show hand 
*** SUMMARY ***
Total pot $1.49 | Rake $0 
Seat 1: Wag1Wasteman (button) folded before Flop
Seat 2: Delly1256 (small blind) collected ($1.49)
Seat 3: BruceShee (big blind) folded before Flop
Seat 4: 23121992820 folded before Flop (didn't bet)
Seat 5: yoopek folded before Flop (didn't bet)
Seat 6: Mahu2021 folded before Flop (didn't bet)



PokerStars Zoom Hand #255447111263:  Hold'em No Limit ($0.10/$0.25) - 2025/03/25 17:24:44 CET [2025/03/25 12:24:44 ET]
Table 'Hydra' 6-max Seat #1 is the button
Seat 1: Mahu2021 ($14.98 in chips) 
Seat 2: bloodedesert ($86.29 in chips) 
Seat 3: Bladum ($45.70 in chips) 
Seat 4: khz71 ($31.48 in chips) 
Seat 5: remid13 ($48.82 in chips) 
Seat 6: egohenry ($25.18 in chips) 
bloodedesert: posts small blind $0.10
Bladum: posts big blind $0.25
*** HOLE CARDS ***
Dealt to Mahu2021 [3d Kh]
khz71: folds 
remid13: folds 
egohenry: folds 
Mahu2021: folds 
bloodedesert: raises $0.50 to $0.75
Bladum: calls $0.50
*** FLOP *** [4c 2d 5h]
bloodedesert: checks 
Bladum: bets $0.47
bloodedesert: raises $1.03 to $1.50
Bladum: folds 
Uncalled bet ($1.03) returned to bloodedesert
bloodedesert collected $2.33 from pot
bloodedesert: doesn't show hand 
*** SUMMARY ***
Total pot $2.44 | Rake $0.11 
Board [4c 2d 5h]
Seat 1: Mahu2021 (button) folded before Flop (didn't bet)
Seat 2: bloodedesert (small blind) collected ($2.33)
Seat 3: Bladum (big blind) folded on the Flop
Seat 4: khz71 folded before Flop (didn't bet)
Seat 5: remid13 folded before Flop (didn't bet)
Seat 6: egohenry folded before Flop (didn't bet)



PokerStars Zoom Hand #255447114021:  Hold'em No Limit ($0.10/$0.25) - 2025/03/25 17:24:57 CET [2025/03/25 12:24:57 ET]
Table 'Hydra' 6-max Seat #1 is the button
Seat 1: Mahu2021 ($14.98 in chips) 
Seat 2: BruceShee ($25.83 in chips) 
Seat 3: yoopek ($25.33 in chips) 
Seat 4: moto635 ($28.95 in chips) 
Seat 5: YouBetterFold11 ($28.49 in chips) 
Seat 6: extinction51 ($25.35 in chips) 
BruceShee: posts small blind $0.10
yoopek: posts big blind $0.25
*** HOLE CARDS ***
Dealt to Mahu2021 [9d 7c]
moto635: raises $0.37 to $0.62
YouBetterFold11: folds 
extinction51: folds 
Mahu2021: folds 
BruceShee: folds 
yoopek: folds 
Uncalled bet ($0.37) returned to moto635
moto635 collected $0.60 from pot
moto635: doesn't show hand 
*** SUMMARY ***
Total pot $0.60 | Rake $0 
Seat 1: Mahu2021 (button) folded before Flop (didn't bet)
Seat 2: BruceShee (small blind) folded before Flop
Seat 3: yoopek (big blind) folded before Flop
Seat 4: moto635 collected ($0.60)
Seat 5: YouBetterFold11 folded before Flop (didn't bet)
Seat 6: extinction51 folded before Flop (didn't bet)



PokerStars Zoom Hand #255447115742:  Hold'em No Limit ($0.10/$0.25) - 2025/03/25 17:25:05 CET [2025/03/25 12:25:05 ET]
Table 'Hydra' 6-max Seat #1 is the button
Seat 1: DannyLennon ($27.24 in chips) 
Seat 2: aisle333 ($44.13 in chips) 
Seat 3: Mahu2021 ($14.98 in chips) 
Seat 4: YouBetterFold11 ($43.55 in chips) 
Seat 5: Delly1256 ($28.27 in chips) 
Seat 6: remid13 ($67.38 in chips) 
aisle333: posts small blind $0.10
Mahu2021: posts big blind $0.25
*** HOLE CARDS ***
Dealt to Mahu2021 [Js 8d]
YouBetterFold11: folds 
Delly1256: raises $0.25 to $0.50
remid13: folds 
DannyLennon: folds 
aisle333: folds 
Mahu2021: folds 
Uncalled bet ($0.25) returned to Delly1256
Delly1256 collected $0.60 from pot
Delly1256: doesn't show hand 
*** SUMMARY ***
Total pot $0.60 | Rake $0 
Seat 1: DannyLennon (button) folded before Flop (didn't bet)
Seat 2: aisle333 (small blind) folded before Flop
Seat 3: Mahu2021 (big blind) folded before Flop
Seat 4: YouBetterFold11 folded before Flop (didn't bet)
Seat 5: Delly1256 collected ($0.60)
Seat 6: remid13 folded before Flop (didn't bet)



PokerStars Zoom Hand #255447118412:  Hold'em No Limit ($0.10/$0.25) - 2025/03/25 17:25:18 CET [2025/03/25 12:25:18 ET]
Table 'Hydra' 6-max Seat #1 is the button
Seat 1: DannyLennon ($40.90 in chips) 
Seat 2: Mahu2021 ($14.73 in chips) 
Seat 3: moto635 ($25.59 in chips) 
Seat 4: yoopek ($49.89 in chips) 
Seat 5: avatar1108 ($45.56 in chips) 
Seat 6: ChangHoon Lee ($26.24 in chips) 
Mahu2021: posts small blind $0.10
moto635: posts big blind $0.25
*** HOLE CARDS ***
Dealt to Mahu2021 [8d 3h]
yoopek: folds 
avatar1108: folds 
ChangHoon Lee: folds 
DannyLennon: raises $0.35 to $0.60
Mahu2021: folds 
moto635: folds 
Uncalled bet ($0.35) returned to DannyLennon
DannyLennon collected $0.60 from pot
DannyLennon: doesn't show hand 
*** SUMMARY ***
Total pot $0.60 | Rake $0 
Seat 1: DannyLennon (button) collected ($0.60)
Seat 2: Mahu2021 (small blind) folded before Flop
Seat 3: moto635 (big blind) folded before Flop
Seat 4: yoopek folded before Flop (didn't bet)
Seat 5: avatar1108 folded before Flop (didn't bet)
Seat 6: ChangHoon Lee folded before Flop (didn't bet)



PokerStars Zoom Hand #255447119895:  Hold'em No Limit ($0.10/$0.25) - 2025/03/25 17:25:25 CET [2025/03/25 12:25:25 ET]
Table 'Hydra' 6-max Seat #1 is the button
Seat 1: StefanGhinea ($25 in chips) 
Seat 2: COVEIROANCAP ($37.90 in chips) 
Seat 3: ChangHoon Lee ($26.24 in chips) 
Seat 4: McShovin88 ($32.73 in chips) 
Seat 5: Mahu2021 ($14.63 in chips) 
Seat 6: GuigaMan ($25.64 in chips) 
COVEIROANCAP: posts small blind $0.10
ChangHoon Lee: posts big blind $0.25
*** HOLE CARDS ***
Dealt to Mahu2021 [7h Qc]
McShovin88: raises $0.27 to $0.52
Mahu2021: folds 
GuigaMan: folds 
StefanGhinea: folds 
COVEIROANCAP: folds 
ChangHoon Lee: folds 
Uncalled bet ($0.27) returned to McShovin88
McShovin88 collected $0.60 from pot
McShovin88: doesn't show hand 
*** SUMMARY ***
Total pot $0.60 | Rake $0 
Seat 1: StefanGhinea (button) folded before Flop (didn't bet)
Seat 2: COVEIROANCAP (small blind) folded before Flop
Seat 3: ChangHoon Lee (big blind) folded before Flop
Seat 4: McShovin88 collected ($0.60)
Seat 5: Mahu2021 folded before Flop (didn't bet)
Seat 6: GuigaMan folded before Flop (didn't bet)



PokerStars Zoom Hand #255447119126:  Hold'em No Limit ($0.10/$0.25) - 2025/03/25 17:25:22 CET [2025/03/25 12:25:22 ET]
Table 'Hydra' 6-max Seat #1 is the button
Seat 1: avatar1108 ($45.56 in chips) 
Seat 2: egohenry ($28.44 in chips) 
Seat 3: yoopek ($49.89 in chips) 
Seat 4: smixx casHs ($30.34 in chips) 
Seat 5: gravitacia13 ($13.76 in chips) 
Seat 6: Mahu2021 ($14.63 in chips) 
egohenry: posts small blind $0.10
yoopek: posts big blind $0.25
*** HOLE CARDS ***
Dealt to Mahu2021 [Qd 3s]
smixx casHs: raises $0.37 to $0.62
gravitacia13: folds 
Mahu2021: folds 
avatar1108: folds 
egohenry: folds 
yoopek: folds 
Uncalled bet ($0.37) returned to smixx casHs
smixx casHs collected $0.60 from pot
smixx casHs: doesn't show hand 
*** SUMMARY ***
Total pot $0.60 | Rake $0 
Seat 1: avatar1108 (button) folded before Flop (didn't bet)
Seat 2: egohenry (small blind) folded before Flop
Seat 3: yoopek (big blind) folded before Flop
Seat 4: smixx casHs collected ($0.60)
Seat 5: gravitacia13 folded before Flop (didn't bet)
Seat 6: Mahu2021 folded before Flop (didn't bet)



PokerStars Zoom Hand #255447096232:  Hold'em No Limit ($0.10/$0.25) - 2025/03/25 17:23:32 CET [2025/03/25 12:23:32 ET]
Table 'Hydra' 6-max Seat #1 is the button
Seat 1: ALEKC6 ($27.76 in chips) 
Seat 2: newbyz ($26.08 in chips) 
Seat 3: smixx casHs ($59.25 in chips) 
Seat 4: sohan585 ($25.86 in chips) 
Seat 5: 23121992820 ($25.25 in chips) 
Seat 6: Mahu2021 ($15.23 in chips) 
newbyz: posts small blind $0.10
smixx casHs: posts big blind $0.25
*** HOLE CARDS ***
Dealt to Mahu2021 [6d 3s]
sohan585: raises $0.37 to $0.62
23121992820: folds 
Mahu2021: folds 
ALEKC6: folds 
newbyz: folds 
smixx casHs: calls $0.37
*** FLOP *** [4h 9c 7s]
smixx casHs: checks 
sohan585: bets $0.64
smixx casHs: raises $1.97 to $2.61
sohan585: calls $1.97
*** TURN *** [4h 9c 7s] [Kh]
smixx casHs: bets $4.82
sohan585: calls $4.82
*** RIVER *** [4h 9c 7s Kh] [6h]
smixx casHs: checks 
sohan585: checks 
*** SHOW DOWN ***
smixx casHs: shows [6s 5s] (a pair of Sixes)
sohan585: shows [Td Th] (a pair of Tens)
sohan585 collected $15.47 from pot
*** SUMMARY ***
Total pot $16.20 | Rake $0.73 
Board [4h 9c 7s Kh 6h]
Seat 1: ALEKC6 (button) folded before Flop (didn't bet)
Seat 2: newbyz (small blind) folded before Flop
Seat 3: smixx casHs (big blind) showed [6s 5s] and lost with a pair of Sixes
Seat 4: sohan585 showed [Td Th] and won ($15.47) with a pair of Tens
Seat 5: 23121992820 folded before Flop (didn't bet)
Seat 6: Mahu2021 folded before Flop (didn't bet)



PokerStars Zoom Hand #255447123619:  Hold'em No Limit ($0.10/$0.25) - 2025/03/25 17:25:43 CET [2025/03/25 12:25:43 ET]
Table 'Hydra' 6-max Seat #1 is the button
Seat 1: aisle333 ($43.78 in chips) 
Seat 2: BruceShee ($29.31 in chips) 
Seat 3: Mahu2021 ($14.63 in chips) 
Seat 4: remid13 ($62.09 in chips) 
Seat 5: moto635 ($26.61 in chips) 
Seat 6: gfp24 ($36.24 in chips) 
BruceShee: posts small blind $0.10
Mahu2021: posts big blind $0.25
*** HOLE CARDS ***
Dealt to Mahu2021 [Ad 9s]
remid13: folds 
moto635: folds 
gfp24: folds 
aisle333: raises $0.37 to $0.62
BruceShee: folds 
Mahu2021: calls $0.37
*** FLOP *** [Kd 6s 2s]
Mahu2021: checks 
aisle333: bets $0.64
Mahu2021: folds 
Uncalled bet ($0.64) returned to aisle333
aisle333 collected $1.28 from pot
aisle333: doesn't show hand 
*** SUMMARY ***
Total pot $1.34 | Rake $0.06 
Board [Kd 6s 2s]
Seat 1: aisle333 (button) collected ($1.28)
Seat 2: BruceShee (small blind) folded before Flop
Seat 3: Mahu2021 (big blind) folded on the Flop
Seat 4: remid13 folded before Flop (didn't bet)
Seat 5: moto635 folded before Flop (didn't bet)
Seat 6: gfp24 folded before Flop (didn't bet)



PokerStars Zoom Hand #255447128554:  Hold'em No Limit ($0.10/$0.25) - 2025/03/25 17:26:07 CET [2025/03/25 12:26:07 ET]
Table 'Hydra' 6-max Seat #1 is the button
Seat 1: newbyz ($26.60 in chips) 
Seat 2: ChangHoon Lee ($26.34 in chips) 
Seat 3: Inc-Zra ($25.47 in chips) 
Seat 4: Mahu2021 ($14.01 in chips) 
Seat 5: extinction51 ($25.70 in chips) 
Seat 6: dzacharas ($25 in chips) 
ChangHoon Lee: posts small blind $0.10
Inc-Zra: posts big blind $0.25
*** HOLE CARDS ***
Dealt to Mahu2021 [4c 8h]
Mahu2021: folds 
extinction51: raises $0.31 to $0.56
dzacharas: raises $1.44 to $2
newbyz: folds 
ChangHoon Lee: folds 
Inc-Zra: folds 
extinction51: folds 
Uncalled bet ($1.44) returned to dzacharas
dzacharas collected $1.47 from pot
dzacharas: doesn't show hand 
*** SUMMARY ***
Total pot $1.47 | Rake $0 
Seat 1: newbyz (button) folded before Flop (didn't bet)
Seat 2: ChangHoon Lee (small blind) folded before Flop
Seat 3: Inc-Zra (big blind) folded before Flop
Seat 4: Mahu2021 folded before Flop (didn't bet)
Seat 5: extinction51 folded before Flop
Seat 6: dzacharas collected ($1.47)



PokerStars Zoom Hand #255447129374:  Hold'em No Limit ($0.10/$0.25) - 2025/03/25 17:26:11 CET [2025/03/25 12:26:11 ET]
Table 'Hydra' 6-max Seat #1 is the button
Seat 1: l'm Sound ($25.19 in chips) 
Seat 2: Mahu2021 ($14.01 in chips) 
Seat 3: bloodedesert ($87.05 in chips) 
Seat 4: YouBetterFold11 ($29.46 in chips) 
Seat 5: extinction51 ($28.13 in chips) 
Seat 6: remid13 ($49.86 in chips) 
Mahu2021: posts small blind $0.10
bloodedesert: posts big blind $0.25
*** HOLE CARDS ***
Dealt to Mahu2021 [5d 4d]
YouBetterFold11: folds 
extinction51: raises $0.31 to $0.56
remid13: raises $1.69 to $2.25
l'm Sound: folds 
Mahu2021: folds 
bloodedesert: folds 
extinction51: folds 
Uncalled bet ($1.69) returned to remid13
remid13 collected $1.47 from pot
remid13: doesn't show hand 
*** SUMMARY ***
Total pot $1.47 | Rake $0 
Seat 1: l'm Sound (button) folded before Flop (didn't bet)
Seat 2: Mahu2021 (small blind) folded before Flop
Seat 3: bloodedesert (big blind) folded before Flop
Seat 4: YouBetterFold11 folded before Flop (didn't bet)
Seat 5: extinction51 folded before Flop
Seat 6: remid13 collected ($1.47)



PokerStars Zoom Hand #255447120932:  Hold'em No Limit ($0.10/$0.25) - 2025/03/25 17:25:30 CET [2025/03/25 12:25:30 ET]
Table 'Hydra' 6-max Seat #1 is the button
Seat 1: smixx casHs ($35.60 in chips) 
Seat 2: ChangHoon Lee ($28.22 in chips) 
Seat 3: BruceShee ($26.26 in chips) 
Seat 4: Mahu2021 ($14.63 in chips) 
Seat 5: gfp24 ($21.50 in chips) 
Seat 6: gravitacia13 ($13.76 in chips) 
ChangHoon Lee: posts small blind $0.10
BruceShee: posts big blind $0.25
*** HOLE CARDS ***
Dealt to Mahu2021 [8s Ks]
Mahu2021: folds 
gfp24: raises $0.25 to $0.50
gravitacia13: folds 
smixx casHs: folds 
ChangHoon Lee: folds 
BruceShee: calls $0.25
*** FLOP *** [4c Kh Ad]
BruceShee: checks 
gfp24: bets $0.53
BruceShee: raises $1.06 to $1.59
gfp24: calls $1.06
*** TURN *** [4c Kh Ad] [5s]
BruceShee: checks 
gfp24: checks 
*** RIVER *** [4c Kh Ad 5s] [8c]
BruceShee: checks 
gfp24: checks 
*** SHOW DOWN ***
BruceShee: shows [Qh Td] (high card Ace)
gfp24: shows [3d 4d] (a pair of Fours)
gfp24 collected $4.09 from pot
*** SUMMARY ***
Total pot $4.28 | Rake $0.19 
Board [4c Kh Ad 5s 8c]
Seat 1: smixx casHs (button) folded before Flop (didn't bet)
Seat 2: ChangHoon Lee (small blind) folded before Flop
Seat 3: BruceShee (big blind) showed [Qh Td] and lost with high card Ace
Seat 4: Mahu2021 folded before Flop (didn't bet)
Seat 5: gfp24 showed [3d 4d] and won ($4.09) with a pair of Fours
Seat 6: gravitacia13 folded before Flop (didn't bet)



PokerStars Zoom Hand #255447121604:  Hold'em No Limit ($0.10/$0.25) - 2025/03/25 17:25:34 CET [2025/03/25 12:25:34 ET]
Table 'Hydra' 6-max Seat #1 is the button
Seat 1: ALEKC6 ($95.64 in chips) 
Seat 2: egohenry ($40.72 in chips) 
Seat 3: srpskaajkula ($63.79 in chips) 
Seat 4: newbyz ($26.25 in chips) 
Seat 5: Mahu2021 ($14.63 in chips) 
Seat 6: ciceron86 ($25 in chips) 
egohenry: posts small blind $0.10
srpskaajkula: posts big blind $0.25
*** HOLE CARDS ***
Dealt to Mahu2021 [Tc Kd]
newbyz: folds 
Mahu2021: folds 
ciceron86: folds 
ALEKC6: folds 
egohenry: raises $0.50 to $0.75
srpskaajkula: calls $0.50
*** FLOP *** [Qs 7s 8d]
egohenry: checks 
srpskaajkula: bets $0.47
egohenry: calls $0.47
*** TURN *** [Qs 7s 8d] [4h]
egohenry: checks 
srpskaajkula: bets $1.17
egohenry: calls $1.17
*** RIVER *** [Qs 7s 8d 4h] [Qc]
egohenry: checks 
srpskaajkula: bets $5
egohenry: folds 
Uncalled bet ($5) returned to srpskaajkula
srpskaajkula collected $4.56 from pot
srpskaajkula: doesn't show hand 
*** SUMMARY ***
Total pot $4.78 | Rake $0.22 
Board [Qs 7s 8d 4h Qc]
Seat 1: ALEKC6 (button) folded before Flop (didn't bet)
Seat 2: egohenry (small blind) folded on the River
Seat 3: srpskaajkula (big blind) collected ($4.56)
Seat 4: newbyz folded before Flop (didn't bet)
Seat 5: Mahu2021 folded before Flop (didn't bet)
Seat 6: ciceron86 folded before Flop (didn't bet)



PokerStars Zoom Hand #255447133120:  Hold'em No Limit ($0.10/$0.25) - 2025/03/25 17:26:29 CET [2025/03/25 12:26:29 ET]
Table 'Hydra' 6-max Seat #1 is the button
Seat 1: Mahu2021 ($13.91 in chips) 
Seat 2: extinction51 ($25 in chips) 
Seat 3: aisle333 ($44.44 in chips) 
Seat 4: Inc-Zra ($25.22 in chips) 
Seat 5: dzacharas ($25.91 in chips) 
Seat 6: LuKaKuLaKuL ($21.77 in chips) 
extinction51: posts small blind $0.10
aisle333: posts big blind $0.25
*** HOLE CARDS ***
Dealt to Mahu2021 [Ks 3s]
Inc-Zra: folds 
dzacharas: folds 
LuKaKuLaKuL: folds 
Mahu2021: folds 
extinction51: folds 
Uncalled bet ($0.15) returned to aisle333
aisle333 collected $0.20 from pot
aisle333: doesn't show hand 
*** SUMMARY ***
Total pot $0.20 | Rake $0 
Seat 1: Mahu2021 (button) folded before Flop (didn't bet)
Seat 2: extinction51 (small blind) folded before Flop
Seat 3: aisle333 (big blind) collected ($0.20)
Seat 4: Inc-Zra folded before Flop (didn't bet)
Seat 5: dzacharas folded before Flop (didn't bet)
Seat 6: LuKaKuLaKuL folded before Flop (didn't bet)



PokerStars Zoom Hand #255447137049:  Hold'em No Limit ($0.10/$0.25) - 2025/03/25 17:26:48 CET [2025/03/25 12:26:48 ET]
Table 'Hydra' 6-max Seat #1 is the button
Seat 1: yoopek ($25 in chips) 
Seat 2: Delly1256 ($26.13 in chips) 
Seat 3: gmansilva ($25 in chips) 
Seat 4: COVEIROANCAP ($29.84 in chips) 
Seat 5: Mahu2021 ($13.91 in chips) 
Seat 6: gfp24 ($25 in chips) 
Delly1256: posts small blind $0.10
gmansilva: posts big blind $0.25
*** HOLE CARDS ***
Dealt to Mahu2021 [9h Qs]
COVEIROANCAP: folds 
Mahu2021: folds 
gfp24: folds 
yoopek: raises $0.37 to $0.62
Delly1256: raises $1.88 to $2.50
gmansilva: folds 
yoopek: folds 
Uncalled bet ($1.88) returned to Delly1256
Delly1256 collected $1.49 from pot
Delly1256: doesn't show hand 
*** SUMMARY ***
Total pot $1.49 | Rake $0 
Seat 1: yoopek (button) folded before Flop
Seat 2: Delly1256 (small blind) collected ($1.49)
Seat 3: gmansilva (big blind) folded before Flop
Seat 4: COVEIROANCAP folded before Flop (didn't bet)
Seat 5: Mahu2021 folded before Flop (didn't bet)
Seat 6: gfp24 folded before Flop (didn't bet)



PokerStars Zoom Hand #255447138065:  Hold'em No Limit ($0.10/$0.25) - 2025/03/25 17:26:53 CET [2025/03/25 12:26:53 ET]
Table 'Hydra' 6-max Seat #1 is the button
Seat 1: qj444 ($26.14 in chips) 
Seat 2: Bladum ($40.01 in chips) 
Seat 3: macker81 ($19.31 in chips) 
Seat 4: l'm Sound ($25.19 in chips) 
Seat 5: gfp24 ($25 in chips) 
Seat 6: Mahu2021 ($13.91 in chips) 
Bladum: posts small blind $0.10
macker81: posts big blind $0.25
*** HOLE CARDS ***
Dealt to Mahu2021 [Ad Th]
l'm Sound: folds 
gfp24: folds 
Mahu2021: raises $0.50 to $0.75
qj444: folds 
Bladum: folds 
macker81: calls $0.50
*** FLOP *** [4d Qh 3d]
macker81: checks 
Mahu2021: bets $0.75
macker81: calls $0.75
*** TURN *** [4d Qh 3d] [Ts]
macker81: checks 
Mahu2021: bets $2.96
macker81: calls $2.96
*** RIVER *** [4d Qh 3d Ts] [Td]
macker81: bets $14.85 and is all-in
Mahu2021: calls $9.45 and is all-in
Uncalled bet ($5.40) returned to macker81
*** SHOW DOWN ***
macker81: shows [As 2h] (a pair of Tens)
Mahu2021: shows [Ad Th] (three of a kind, Tens)
Mahu2021 collected $26.66 from pot
*** SUMMARY ***
Total pot $27.92 | Rake $1.26 
Board [4d Qh 3d Ts Td]
Seat 1: qj444 (button) folded before Flop (didn't bet)
Seat 2: Bladum (small blind) folded before Flop
Seat 3: macker81 (big blind) showed [As 2h] and lost with a pair of Tens
Seat 4: l'm Sound folded before Flop (didn't bet)
Seat 5: gfp24 folded before Flop (didn't bet)
Seat 6: Mahu2021 showed [Ad Th] and won ($26.66) with three of a kind, Tens



PokerStars Zoom Hand #255447135754:  Hold'em No Limit ($0.10/$0.25) - 2025/03/25 17:26:42 CET [2025/03/25 12:26:42 ET]
Table 'Hydra' 6-max Seat #1 is the button
Seat 1: Ollie218 ($59.82 in chips) 
Seat 2: dzacharas ($25.66 in chips) 
Seat 3: BruceShee ($31.38 in chips) 
Seat 4: Hu55Ling ($32 in chips) 
Seat 5: GuigaMan ($25 in chips) 
Seat 6: Mahu2021 ($13.91 in chips) 
dzacharas: posts small blind $0.10
BruceShee: posts big blind $0.25
*** HOLE CARDS ***
Dealt to Mahu2021 [Jh 7d]
Hu55Ling: raises $0.25 to $0.50
GuigaMan: folds 
Mahu2021: folds 
Ollie218: folds 
dzacharas: folds 
BruceShee: calls $0.25
*** FLOP *** [Ad 6s Ks]
BruceShee: checks 
Hu55Ling: bets $0.75
BruceShee: calls $0.75
*** TURN *** [Ad 6s Ks] [8s]
BruceShee: checks 
Hu55Ling: checks 
*** RIVER *** [Ad 6s Ks 8s] [9d]
BruceShee: bets $0.62
Hu55Ling: folds 
Uncalled bet ($0.62) returned to BruceShee
BruceShee collected $2.48 from pot
BruceShee: doesn't show hand 
*** SUMMARY ***
Total pot $2.60 | Rake $0.12 
Board [Ad 6s Ks 8s 9d]
Seat 1: Ollie218 (button) folded before Flop (didn't bet)
Seat 2: dzacharas (small blind) folded before Flop
Seat 3: BruceShee (big blind) collected ($2.48)
Seat 4: Hu55Ling folded on the River
Seat 5: GuigaMan folded before Flop (didn't bet)
Seat 6: Mahu2021 folded before Flop (didn't bet)



PokerStars Zoom Hand #255447145428:  Hold'em No Limit ($0.10/$0.25) - 2025/03/25 17:27:29 CET [2025/03/25 12:27:29 ET]
Table 'Hydra' 6-max Seat #1 is the button
Seat 1: qj444 ($26.75 in chips) 
Seat 2: BruceShee ($25.10 in chips) 
Seat 3: Mahu2021 ($26.66 in chips) 
Seat 4: macker81 ($5.30 in chips) 
Seat 5: geo3pokerr ($4.58 in chips) 
Seat 6: moto635 ($25.35 in chips) 
BruceShee: posts small blind $0.10
Mahu2021: posts big blind $0.25
*** HOLE CARDS ***
Dealt to Mahu2021 [7c 3s]
macker81: folds 
geo3pokerr: folds 
moto635: folds 
qj444: folds 
BruceShee: folds 
Uncalled bet ($0.15) returned to Mahu2021
Mahu2021 collected $0.20 from pot
Mahu2021: doesn't show hand 
*** SUMMARY ***
Total pot $0.20 | Rake $0 
Seat 1: qj444 (button) folded before Flop (didn't bet)
Seat 2: BruceShee (small blind) folded before Flop
Seat 3: Mahu2021 (big blind) collected ($0.20)
Seat 4: macker81 folded before Flop (didn't bet)
Seat 5: geo3pokerr folded before Flop (didn't bet)
Seat 6: moto635 folded before Flop (didn't bet)



PokerStars Zoom Hand #255447144389:  Hold'em No Limit ($0.10/$0.25) - 2025/03/25 17:27:25 CET [2025/03/25 12:27:25 ET]
Table 'Hydra' 6-max Seat #1 is the button
Seat 1: StefanGhinea ($25 in chips) 
Seat 2: macker81 ($5.40 in chips) 
Seat 3: ChangHoon Lee ($35.22 in chips) 
Seat 4: Mahu2021 ($26.66 in chips) 
Seat 5: GuigaMan ($25 in chips) 
Seat 6: Magz190 ($43.29 in chips) 
macker81: posts small blind $0.10
ChangHoon Lee: posts big blind $0.25
*** HOLE CARDS ***
Dealt to Mahu2021 [2s Qh]
Mahu2021: folds 
GuigaMan: folds 
Magz190: folds 
StefanGhinea: folds 
macker81: folds 
Uncalled bet ($0.15) returned to ChangHoon Lee
ChangHoon Lee collected $0.20 from pot
ChangHoon Lee: doesn't show hand 
*** SUMMARY ***
Total pot $0.20 | Rake $0 
Seat 1: StefanGhinea (button) folded before Flop (didn't bet)
Seat 2: macker81 (small blind) folded before Flop
Seat 3: ChangHoon Lee (big blind) collected ($0.20)
Seat 4: Mahu2021 folded before Flop (didn't bet)
Seat 5: GuigaMan folded before Flop (didn't bet)
Seat 6: Magz190 folded before Flop (didn't bet)



PokerStars Zoom Hand #255447148103:  Hold'em No Limit ($0.10/$0.25) - 2025/03/25 17:27:42 CET [2025/03/25 12:27:42 ET]
Table 'Hydra' 6-max Seat #1 is the button
Seat 1: Mahu2021 ($26.66 in chips) 
Seat 2: qj444 ($26.75 in chips) 
Seat 3: moto635 ($25.35 in chips) 
Seat 4: Inc-Zra ($25.22 in chips) 
Seat 5: StefanGhinea ($25 in chips) 
Seat 6: Bladum ($73.03 in chips) 
qj444: posts small blind $0.10
moto635: posts big blind $0.25
*** HOLE CARDS ***
Dealt to Mahu2021 [9c Jh]
Inc-Zra: folds 
StefanGhinea: folds 
Bladum: folds 
Mahu2021: folds 
qj444: raises $0.50 to $0.75
moto635: folds 
Uncalled bet ($0.50) returned to qj444
qj444 collected $0.50 from pot
qj444: doesn't show hand 
*** SUMMARY ***
Total pot $0.50 | Rake $0 
Seat 1: Mahu2021 (button) folded before Flop (didn't bet)
Seat 2: qj444 (small blind) collected ($0.50)
Seat 3: moto635 (big blind) folded before Flop
Seat 4: Inc-Zra folded before Flop (didn't bet)
Seat 5: StefanGhinea folded before Flop (didn't bet)
Seat 6: Bladum folded before Flop (didn't bet)



PokerStars Zoom Hand #255447148803:  Hold'em No Limit ($0.10/$0.25) - 2025/03/25 17:27:46 CET [2025/03/25 12:27:46 ET]
Table 'Hydra' 6-max Seat #1 is the button
Seat 1: Hu55Ling ($30.50 in chips) 
Seat 2: ciceron86 ($30.04 in chips) 
Seat 3: McShovin88 ($30.39 in chips) 
Seat 4: StefanGhinea ($25 in chips) 
Seat 5: Mahu2021 ($26.66 in chips) 
Seat 6: zarras86 ($16.70 in chips) 
ciceron86: posts small blind $0.10
McShovin88: posts big blind $0.25
*** HOLE CARDS ***
Dealt to Mahu2021 [7s 2c]
StefanGhinea: folds 
Mahu2021: folds 
zarras86: folds 
Hu55Ling: folds 
ciceron86: raises $0.50 to $0.75
McShovin88: folds 
Uncalled bet ($0.50) returned to ciceron86
ciceron86 collected $0.50 from pot
ciceron86: doesn't show hand 
*** SUMMARY ***
Total pot $0.50 | Rake $0 
Seat 1: Hu55Ling (button) folded before Flop (didn't bet)
Seat 2: ciceron86 (small blind) collected ($0.50)
Seat 3: McShovin88 (big blind) folded before Flop
Seat 4: StefanGhinea folded before Flop (didn't bet)
Seat 5: Mahu2021 folded before Flop (didn't bet)
Seat 6: zarras86 folded before Flop (didn't bet)



PokerStars Zoom Hand #255447151629:  Hold'em No Limit ($0.10/$0.25) - 2025/03/25 17:27:59 CET [2025/03/25 12:27:59 ET]
Table 'Hydra' 6-max Seat #1 is the button
Seat 1: Bladum ($37.94 in chips) 
Seat 2: zarras86 ($16.70 in chips) 
Seat 3: ciceron86 ($30.93 in chips) 
Seat 4: DannyLennon ($52.24 in chips) 
Seat 5: ChangHoon Lee ($25.34 in chips) 
Seat 6: Mahu2021 ($26.41 in chips) 
zarras86: posts small blind $0.10
ciceron86: posts big blind $0.25
*** HOLE CARDS ***
Dealt to Mahu2021 [2s 2h]
DannyLennon: folds 
ChangHoon Lee: folds 
Mahu2021: folds 
Bladum: folds 
zarras86: folds 
Uncalled bet ($0.15) returned to ciceron86
ciceron86 collected $0.20 from pot
ciceron86: doesn't show hand 
*** SUMMARY ***
Total pot $0.20 | Rake $0 
Seat 1: Bladum (button) folded before Flop (didn't bet)
Seat 2: zarras86 (small blind) folded before Flop
Seat 3: ciceron86 (big blind) collected ($0.20)
Seat 4: DannyLennon folded before Flop (didn't bet)
Seat 5: ChangHoon Lee folded before Flop (didn't bet)
Seat 6: Mahu2021 folded before Flop (didn't bet)



PokerStars Zoom Hand #255447147312:  Hold'em No Limit ($0.10/$0.25) - 2025/03/25 17:27:38 CET [2025/03/25 12:27:38 ET]
Table 'Hydra' 6-max Seat #1 is the button
Seat 1: LuKaKuLaKuL ($22.22 in chips) 
Seat 2: Mahu2021 ($26.76 in chips) 
Seat 3: DannyLennon ($25.35 in chips) 
Seat 4: aisle333 ($44.34 in chips) 
Seat 5: qj444 ($26.75 in chips) 
Seat 6: Magz190 ($43.19 in chips) 
Mahu2021: posts small blind $0.10
DannyLennon: posts big blind $0.25
*** HOLE CARDS ***
Dealt to Mahu2021 [Ah 9d]
aisle333: folds 
qj444: folds 
Magz190: calls $0.25
LuKaKuLaKuL: raises $1.25 to $1.50
Mahu2021: folds 
DannyLennon: folds 
Magz190: calls $1.25
*** FLOP *** [4d Ac 3s]
Magz190: checks 
LuKaKuLaKuL: bets $1.06
Magz190: folds 
Uncalled bet ($1.06) returned to LuKaKuLaKuL
LuKaKuLaKuL collected $3.20 from pot
LuKaKuLaKuL: doesn't show hand 
*** SUMMARY ***
Total pot $3.35 | Rake $0.15 
Board [4d Ac 3s]
Seat 1: LuKaKuLaKuL (button) collected ($3.20)
Seat 2: Mahu2021 (small blind) folded before Flop
Seat 3: DannyLennon (big blind) folded before Flop
Seat 4: aisle333 folded before Flop (didn't bet)
Seat 5: qj444 folded before Flop (didn't bet)
Seat 6: Magz190 folded on the Flop



PokerStars Zoom Hand #255447154296:  Hold'em No Limit ($0.10/$0.25) - 2025/03/25 17:28:12 CET [2025/03/25 12:28:12 ET]
Table 'Hydra' 6-max Seat #1 is the button
Seat 1: zarras86 ($16.35 in chips) 
Seat 2: Mahu2021 ($26.41 in chips) 
Seat 3: extinction51 ($27.35 in chips) 
Seat 4: StefanGhinea ($25 in chips) 
Seat 5: yoopek ($25.91 in chips) 
Seat 6: moto635 ($30.64 in chips) 
Mahu2021: posts small blind $0.10
extinction51: posts big blind $0.25
*** HOLE CARDS ***
Dealt to Mahu2021 [8c 5s]
StefanGhinea: folds 
yoopek: folds 
moto635: folds 
zarras86: folds 
Mahu2021: folds 
Uncalled bet ($0.15) returned to extinction51
extinction51 collected $0.20 from pot
extinction51: doesn't show hand 
*** SUMMARY ***
Total pot $0.20 | Rake $0 
Seat 1: zarras86 (button) folded before Flop (didn't bet)
Seat 2: Mahu2021 (small blind) folded before Flop
Seat 3: extinction51 (big blind) collected ($0.20)
Seat 4: StefanGhinea folded before Flop (didn't bet)
Seat 5: yoopek folded before Flop (didn't bet)
Seat 6: moto635 folded before Flop (didn't bet)



PokerStars Zoom Hand #255447153053:  Hold'em No Limit ($0.10/$0.25) - 2025/03/25 17:28:06 CET [2025/03/25 12:28:06 ET]
Table 'Hydra' 6-max Seat #1 is the button
Seat 1: aisle333 ($44.44 in chips) 
Seat 2: srpskaajkula ($81 in chips) 
Seat 3: extinction51 ($27.06 in chips) 
Seat 4: Mahu2021 ($26.41 in chips) 
Seat 5: ChangHoon Lee ($35.32 in chips) 
Seat 6: YouBetterFold11 ($43.58 in chips) 
srpskaajkula: posts small blind $0.10
extinction51: posts big blind $0.25
*** HOLE CARDS ***
Dealt to Mahu2021 [6h 2s]
Mahu2021: folds 
ChangHoon Lee: folds 
YouBetterFold11: raises $0.35 to $0.60
aisle333: folds 
srpskaajkula: folds 
extinction51: calls $0.35
*** FLOP *** [2h 8c Qd]
extinction51: checks 
YouBetterFold11: bets $0.62
extinction51: folds 
Uncalled bet ($0.62) returned to YouBetterFold11
YouBetterFold11 collected $1.24 from pot
YouBetterFold11: doesn't show hand 
*** SUMMARY ***
Total pot $1.30 | Rake $0.06 
Board [2h 8c Qd]
Seat 1: aisle333 (button) folded before Flop (didn't bet)
Seat 2: srpskaajkula (small blind) folded before Flop
Seat 3: extinction51 (big blind) folded on the Flop
Seat 4: Mahu2021 folded before Flop (didn't bet)
Seat 5: ChangHoon Lee folded before Flop (didn't bet)
Seat 6: YouBetterFold11 collected ($1.24)



PokerStars Zoom Hand #255447155501:  Hold'em No Limit ($0.10/$0.25) - 2025/03/25 17:28:18 CET [2025/03/25 12:28:18 ET]
Table 'Hydra' 6-max Seat #1 is the button
Seat 1: Mahu2021 ($26.31 in chips) 
Seat 2: l'm Sound ($26.27 in chips) 
Seat 3: COVEIROANCAP ($36.80 in chips) 
Seat 4: gravitacia13 ($13.38 in chips) 
Seat 5: Bladum ($37.94 in chips) 
Seat 6: zarras86 ($16.35 in chips) 
l'm Sound: posts small blind $0.10
COVEIROANCAP: posts big blind $0.25
*** HOLE CARDS ***
Dealt to Mahu2021 [8d Ad]
gravitacia13: folds 
Bladum: folds 
zarras86: folds 
Mahu2021: raises $0.50 to $0.75
l'm Sound: folds 
COVEIROANCAP: calls $0.50
*** FLOP *** [9s 3h 9h]
COVEIROANCAP: checks 
Mahu2021: bets $0.75
COVEIROANCAP: calls $0.75
*** TURN *** [9s 3h 9h] [6h]
COVEIROANCAP: checks 
Mahu2021: checks 
*** RIVER *** [9s 3h 9h 6h] [Qs]
COVEIROANCAP: checks 
Mahu2021: checks 
*** SHOW DOWN ***
COVEIROANCAP: shows [2s 2h] (two pair, Nines and Deuces)
Mahu2021: mucks hand 
COVEIROANCAP collected $2.96 from pot
*** SUMMARY ***
Total pot $3.10 | Rake $0.14 
Board [9s 3h 9h 6h Qs]
Seat 1: Mahu2021 (button) mucked [8d Ad]
Seat 2: l'm Sound (small blind) folded before Flop
Seat 3: COVEIROANCAP (big blind) showed [2s 2h] and won ($2.96) with two pair, Nines and Deuces
Seat 4: gravitacia13 folded before Flop (didn't bet)
Seat 5: Bladum folded before Flop (didn't bet)
Seat 6: zarras86 folded before Flop (didn't bet)



PokerStars Zoom Hand #255447149555:  Hold'em No Limit ($0.10/$0.25) - 2025/03/25 17:27:49 CET [2025/03/25 12:27:49 ET]
Table 'Hydra' 6-max Seat #1 is the button
Seat 1: dyin ($14.99 in chips) 
Seat 2: ChangHoon Lee ($25.44 in chips) 
Seat 3: Mahu2021 ($26.66 in chips) 
Seat 4: smixx casHs ($35.50 in chips) 
Seat 5: tarno1989 ($29.53 in chips) 
Seat 6: Delly1256 ($29.18 in chips) 
ChangHoon Lee: posts small blind $0.10
Mahu2021: posts big blind $0.25
*** HOLE CARDS ***
Dealt to Mahu2021 [Qd 6c]
smixx casHs: raises $0.30 to $0.55
tarno1989: folds 
Delly1256: calls $0.55
dyin: folds 
ChangHoon Lee: folds 
Mahu2021: folds 
*** FLOP *** [7h 8s Jc]
smixx casHs: checks 
Delly1256: bets $0.69
smixx casHs: calls $0.69
*** TURN *** [7h 8s Jc] [9h]
smixx casHs: checks 
Delly1256: bets $1.89
smixx casHs: calls $1.89
*** RIVER *** [7h 8s Jc 9h] [6d]
smixx casHs: checks 
Delly1256: checks 
*** SHOW DOWN ***
smixx casHs: shows [As 9s] (a pair of Nines)
Delly1256: shows [7c 7d] (three of a kind, Sevens)
Delly1256 collected $6.31 from pot
*** SUMMARY ***
Total pot $6.61 | Rake $0.30 
Board [7h 8s Jc 9h 6d]
Seat 1: dyin (button) folded before Flop (didn't bet)
Seat 2: ChangHoon Lee (small blind) folded before Flop
Seat 3: Mahu2021 (big blind) folded before Flop
Seat 4: smixx casHs showed [As 9s] and lost with a pair of Nines
Seat 5: tarno1989 folded before Flop (didn't bet)
Seat 6: Delly1256 showed [7c 7d] and won ($6.31) with three of a kind, Sevens



PokerStars Zoom Hand #255447162348:  Hold'em No Limit ($0.10/$0.25) - 2025/03/25 17:28:52 CET [2025/03/25 12:28:52 ET]
Table 'Hydra' 6-max Seat #1 is the button
Seat 1: extinction51 ($26.46 in chips) 
Seat 2: GuigaMan ($31.09 in chips) 
Seat 3: Mahu2021 ($24.81 in chips) 
Seat 4: Thomake3434 ($24.59 in chips) 
Seat 5: ChangHoon Lee ($25.34 in chips) 
Seat 6: Inc-Zra ($25.22 in chips) 
GuigaMan: posts small blind $0.10
Mahu2021: posts big blind $0.25
*** HOLE CARDS ***
Dealt to Mahu2021 [Qs 6c]
Thomake3434: folds 
ChangHoon Lee: folds 
Inc-Zra: folds 
extinction51: folds 
GuigaMan: folds 
Uncalled bet ($0.15) returned to Mahu2021
Mahu2021 collected $0.20 from pot
Mahu2021: doesn't show hand 
*** SUMMARY ***
Total pot $0.20 | Rake $0 
Seat 1: extinction51 (button) folded before Flop (didn't bet)
Seat 2: GuigaMan (small blind) folded before Flop
Seat 3: Mahu2021 (big blind) collected ($0.20)
Seat 4: Thomake3434 folded before Flop (didn't bet)
Seat 5: ChangHoon Lee folded before Flop (didn't bet)
Seat 6: Inc-Zra folded before Flop (didn't bet)



PokerStars Zoom Hand #255447161273:  Hold'em No Limit ($0.10/$0.25) - 2025/03/25 17:28:47 CET [2025/03/25 12:28:47 ET]
Table 'Hydra' 6-max Seat #1 is the button
Seat 1: moto635 ($25 in chips) 
Seat 2: ChangHoon Lee ($34.62 in chips) 
Seat 3: smixx casHs ($51.10 in chips) 
Seat 4: Inc-Zra ($25.22 in chips) 
Seat 5: Mahu2021 ($24.81 in chips) 
Seat 6: l'm Sound ($25.10 in chips) 
ChangHoon Lee: posts small blind $0.10
smixx casHs: posts big blind $0.25
*** HOLE CARDS ***
Dealt to Mahu2021 [6h Ad]
Inc-Zra: folds 
Mahu2021: folds 
l'm Sound: folds 
moto635: folds 
ChangHoon Lee: raises $0.50 to $0.75
smixx casHs: calls $0.50
*** FLOP *** [7c 3s Ks]
ChangHoon Lee: bets $0.36
smixx casHs: folds 
Uncalled bet ($0.36) returned to ChangHoon Lee
ChangHoon Lee collected $1.43 from pot
ChangHoon Lee: doesn't show hand 
*** SUMMARY ***
Total pot $1.50 | Rake $0.07 
Board [7c 3s Ks]
Seat 1: moto635 (button) folded before Flop (didn't bet)
Seat 2: ChangHoon Lee (small blind) collected ($1.43)
Seat 3: smixx casHs (big blind) folded on the Flop
Seat 4: Inc-Zra folded before Flop (didn't bet)
Seat 5: Mahu2021 folded before Flop (didn't bet)
Seat 6: l'm Sound folded before Flop (didn't bet)



PokerStars Zoom Hand #255447166142:  Hold'em No Limit ($0.10/$0.25) - 2025/03/25 17:29:10 CET [2025/03/25 12:29:10 ET]
Table 'Hydra' 6-max Seat #1 is the button
Seat 1: gmansilva ($25.35 in chips) 
Seat 2: DannyLennon ($52.81 in chips) 
Seat 3: Delly1256 ($30.50 in chips) 
Seat 4: Mahu2021 ($24.81 in chips) 
Seat 5: GuigaMan ($31.34 in chips) 
Seat 6: BruceShee ($27.96 in chips) 
DannyLennon: posts small blind $0.10
Delly1256: posts big blind $0.25
*** HOLE CARDS ***
Dealt to Mahu2021 [2s 2h]
Mahu2021: folds 
GuigaMan: folds 
BruceShee: folds 
gmansilva: folds 
DannyLennon: raises $0.55 to $0.80
Delly1256: calls $0.55
*** FLOP *** [Ac 9d 4s]
DannyLennon: bets $0.38
Delly1256: folds 
Uncalled bet ($0.38) returned to DannyLennon
DannyLennon collected $1.53 from pot
DannyLennon: doesn't show hand 
*** SUMMARY ***
Total pot $1.60 | Rake $0.07 
Board [Ac 9d 4s]
Seat 1: gmansilva (button) folded before Flop (didn't bet)
Seat 2: DannyLennon (small blind) collected ($1.53)
Seat 3: Delly1256 (big blind) folded on the Flop
Seat 4: Mahu2021 folded before Flop (didn't bet)
Seat 5: GuigaMan folded before Flop (didn't bet)
Seat 6: BruceShee folded before Flop (didn't bet)



PokerStars Zoom Hand #255447170069:  Hold'em No Limit ($0.10/$0.25) - 2025/03/25 17:29:29 CET [2025/03/25 12:29:29 ET]
Table 'Hydra' 6-max Seat #1 is the button
Seat 1: YouBetterFold11 ($30.22 in chips) 
Seat 2: ciceron86 ($28.89 in chips) 
Seat 3: LuKaKuLaKuL ($25.83 in chips) 
Seat 4: GuigaMan ($25 in chips) 
Seat 5: Delly1256 ($29.70 in chips) 
Seat 6: Mahu2021 ($24.81 in chips) 
ciceron86: posts small blind $0.10
LuKaKuLaKuL: posts big blind $0.25
*** HOLE CARDS ***
Dealt to Mahu2021 [8d 3s]
GuigaMan: folds 
Delly1256: folds 
Mahu2021: folds 
YouBetterFold11: folds 
ciceron86: folds 
Uncalled bet ($0.15) returned to LuKaKuLaKuL
LuKaKuLaKuL collected $0.20 from pot
LuKaKuLaKuL: doesn't show hand 
*** SUMMARY ***
Total pot $0.20 | Rake $0 
Seat 1: YouBetterFold11 (button) folded before Flop (didn't bet)
Seat 2: ciceron86 (small blind) folded before Flop
Seat 3: LuKaKuLaKuL (big blind) collected ($0.20)
Seat 4: GuigaMan folded before Flop (didn't bet)
Seat 5: Delly1256 folded before Flop (didn't bet)
Seat 6: Mahu2021 folded before Flop (didn't bet)



PokerStars Zoom Hand #255447164569:  Hold'em No Limit ($0.10/$0.25) - 2025/03/25 17:29:03 CET [2025/03/25 12:29:03 ET]
Table 'Hydra' 6-max Seat #1 is the button
Seat 1: GuigaMan ($25 in chips) 
Seat 2: ALEKC6 ($98.09 in chips) 
Seat 3: sohan585 ($28.97 in chips) 
Seat 4: egohenry ($53.07 in chips) 
Seat 5: StefanGhinea ($25.60 in chips) 
Seat 6: Mahu2021 ($24.91 in chips) 
ALEKC6: posts small blind $0.10
sohan585: posts big blind $0.25
*** HOLE CARDS ***
Dealt to Mahu2021 [9d Qc]
egohenry: folds 
StefanGhinea: folds 
Mahu2021: folds 
GuigaMan: folds 
ALEKC6: raises $0.50 to $0.75
sohan585: calls $0.50
*** FLOP *** [7d Jc Th]
ALEKC6: bets $0.72
sohan585: calls $0.72
*** TURN *** [7d Jc Th] [4d]
ALEKC6: checks 
sohan585: bets $1.41
ALEKC6: folds 
Uncalled bet ($1.41) returned to sohan585
sohan585 collected $2.81 from pot
sohan585: doesn't show hand 
*** SUMMARY ***
Total pot $2.94 | Rake $0.13 
Board [7d Jc Th 4d]
Seat 1: GuigaMan (button) folded before Flop (didn't bet)
Seat 2: ALEKC6 (small blind) folded on the Turn
Seat 3: sohan585 (big blind) collected ($2.81)
Seat 4: egohenry folded before Flop (didn't bet)
Seat 5: StefanGhinea folded before Flop (didn't bet)
Seat 6: Mahu2021 folded before Flop (didn't bet)



PokerStars Zoom Hand #255447172924:  Hold'em No Limit ($0.10/$0.25) - 2025/03/25 17:29:44 CET [2025/03/25 12:29:44 ET]
Table 'Hydra' 6-max Seat #1 is the button
Seat 1: kkon14 ($24.70 in chips) 
Seat 2: qj444 ($25.37 in chips) 
Seat 3: ChangHoon Lee ($25 in chips) 
Seat 4: Mahu2021 ($24.46 in chips) 
Seat 5: newbyz ($26.22 in chips) 
Seat 6: abcolandsv ($8.31 in chips) 
qj444: posts small blind $0.10
ChangHoon Lee: posts big blind $0.25
*** HOLE CARDS ***
Dealt to Mahu2021 [7c Jd]
Mahu2021: folds 
newbyz: folds 
abcolandsv: folds 
kkon14: folds 
qj444: folds 
Uncalled bet ($0.15) returned to ChangHoon Lee
ChangHoon Lee collected $0.20 from pot
ChangHoon Lee: doesn't show hand 
*** SUMMARY ***
Total pot $0.20 | Rake $0 
Seat 1: kkon14 (button) folded before Flop (didn't bet)
Seat 2: qj444 (small blind) folded before Flop
Seat 3: ChangHoon Lee (big blind) collected ($0.20)
Seat 4: Mahu2021 folded before Flop (didn't bet)
Seat 5: newbyz folded before Flop (didn't bet)
Seat 6: abcolandsv folded before Flop (didn't bet)



PokerStars Zoom Hand #255447165373:  Hold'em No Limit ($0.10/$0.25) - 2025/03/25 17:29:07 CET [2025/03/25 12:29:07 ET]
Table 'Hydra' 6-max Seat #1 is the button
Seat 1: Bladum ($64.61 in chips) 
Seat 2: Mahu2021 ($24.91 in chips) 
Seat 3: bigS01 ($32.93 in chips) 
Seat 4: gmansilva ($25.35 in chips) 
Seat 5: gfp24 ($38 in chips) 
Seat 6: qj444 ($25.62 in chips) 
Mahu2021: posts small blind $0.10
bigS01: posts big blind $0.25
*** HOLE CARDS ***
Dealt to Mahu2021 [3d 8h]
gmansilva: folds 
gfp24: folds 
qj444: folds 
Bladum: raises $0.37 to $0.62
Mahu2021: folds 
bigS01: calls $0.37
*** FLOP *** [7c 9s Qc]
bigS01: checks 
Bladum: bets $0.42
bigS01: calls $0.42
*** TURN *** [7c 9s Qc] [Ks]
bigS01: checks 
Bladum: bets $0.69
bigS01: calls $0.69
*** RIVER *** [7c 9s Qc Ks] [3c]
bigS01: checks 
Bladum: checks 
*** SHOW DOWN ***
bigS01: shows [Jh 9d] (a pair of Nines)
Bladum: shows [Kh Js] (a pair of Kings)
Bladum collected $3.40 from pot
*** SUMMARY ***
Total pot $3.56 | Rake $0.16 
Board [7c 9s Qc Ks 3c]
Seat 1: Bladum (button) showed [Kh Js] and won ($3.40) with a pair of Kings
Seat 2: Mahu2021 (small blind) folded before Flop
Seat 3: bigS01 (big blind) showed [Jh 9d] and lost with a pair of Nines
Seat 4: gmansilva folded before Flop (didn't bet)
Seat 5: gfp24 folded before Flop (didn't bet)
Seat 6: qj444 folded before Flop (didn't bet)



PokerStars Zoom Hand #255447168040:  Hold'em No Limit ($0.10/$0.25) - 2025/03/25 17:29:20 CET [2025/03/25 12:29:20 ET]
Table 'Hydra' 6-max Seat #1 is the button
Seat 1: NePoPeN ($56.83 in chips) 
Seat 2: gmansilva ($25.10 in chips) 
Seat 3: Inc-Zra ($29.16 in chips) 
Seat 4: Thomake3434 ($24.91 in chips) 
Seat 5: Mahu2021 ($24.81 in chips) 
Seat 6: ChangHoon Lee ($25 in chips) 
gmansilva: posts small blind $0.10
Inc-Zra: posts big blind $0.25
*** HOLE CARDS ***
Dealt to Mahu2021 [4c Ad]
Thomake3434: folds 
Mahu2021: folds 
ChangHoon Lee: folds 
NePoPeN: raises $0.50 to $0.75
gmansilva: calls $0.65
Inc-Zra: folds 
*** FLOP *** [5h 5c Tc]
gmansilva: checks 
NePoPeN: checks 
*** TURN *** [5h 5c Tc] [Kc]
gmansilva: checks 
NePoPeN: checks 
*** RIVER *** [5h 5c Tc Kc] [6d]
gmansilva: checks 
NePoPeN: checks 
*** SHOW DOWN ***
gmansilva: shows [7h 7d] (two pair, Sevens and Fives)
NePoPeN: mucks hand 
gmansilva collected $1.67 from pot
*** SUMMARY ***
Total pot $1.75 | Rake $0.08 
Board [5h 5c Tc Kc 6d]
Seat 1: NePoPeN (button) mucked [Jc Qs]
Seat 2: gmansilva (small blind) showed [7h 7d] and won ($1.67) with two pair, Sevens and Fives
Seat 3: Inc-Zra (big blind) folded before Flop
Seat 4: Thomake3434 folded before Flop (didn't bet)
Seat 5: Mahu2021 folded before Flop (didn't bet)
Seat 6: ChangHoon Lee folded before Flop (didn't bet)



PokerStars Zoom Hand #255447169282:  Hold'em No Limit ($0.10/$0.25) - 2025/03/25 17:29:26 CET [2025/03/25 12:29:26 ET]
Table 'Hydra' 6-max Seat #1 is the button
Seat 1: ciceron86 ($35.09 in chips) 
Seat 2: BruceShee ($25 in chips) 
Seat 3: GuigaMan ($25 in chips) 
Seat 4: Mahu2021 ($24.81 in chips) 
Seat 5: ChangHoon Lee ($25 in chips) 
Seat 6: avatar1108 ($45.39 in chips) 
BruceShee: posts small blind $0.10
GuigaMan: posts big blind $0.25
*** HOLE CARDS ***
Dealt to Mahu2021 [6h Th]
Mahu2021: folds 
ChangHoon Lee: folds 
avatar1108: folds 
ciceron86: raises $0.35 to $0.60
BruceShee: raises $1.90 to $2.50
GuigaMan: folds 
ciceron86: raises $3.25 to $5.75
BruceShee: folds 
Uncalled bet ($3.25) returned to ciceron86
ciceron86 collected $5.25 from pot
ciceron86: doesn't show hand 
*** SUMMARY ***
Total pot $5.25 | Rake $0 
Seat 1: ciceron86 (button) collected ($5.25)
Seat 2: BruceShee (small blind) folded before Flop
Seat 3: GuigaMan (big blind) folded before Flop
Seat 4: Mahu2021 folded before Flop (didn't bet)
Seat 5: ChangHoon Lee folded before Flop (didn't bet)
Seat 6: avatar1108 folded before Flop (didn't bet)



PokerStars Zoom Hand #255447173751:  Hold'em No Limit ($0.10/$0.25) - 2025/03/25 17:29:48 CET [2025/03/25 12:29:48 ET]
Table 'Hydra' 6-max Seat #1 is the button
Seat 1: Mahu2021 ($24.46 in chips) 
Seat 2: Thomake3434 ($24.66 in chips) 
Seat 3: l'm Sound ($25 in chips) 
Seat 4: geo3pokerr ($4.50 in chips) 
Seat 5: StefanGhinea ($27.84 in chips) 
Seat 6: ciceron86 ($25 in chips) 
Thomake3434: posts small blind $0.10
l'm Sound: posts big blind $0.25
*** HOLE CARDS ***
Dealt to Mahu2021 [Ts 6h]
geo3pokerr: folds 
StefanGhinea: folds 
ciceron86: folds 
Mahu2021: folds 
Thomake3434: folds 
Uncalled bet ($0.15) returned to l'm Sound
l'm Sound collected $0.20 from pot
l'm Sound: doesn't show hand 
*** SUMMARY ***
Total pot $0.20 | Rake $0 
Seat 1: Mahu2021 (button) folded before Flop (didn't bet)
Seat 2: Thomake3434 (small blind) folded before Flop
Seat 3: l'm Sound (big blind) collected ($0.20)
Seat 4: geo3pokerr folded before Flop (didn't bet)
Seat 5: StefanGhinea folded before Flop (didn't bet)
Seat 6: ciceron86 folded before Flop (didn't bet)



PokerStars Zoom Hand #255447171876:  Hold'em No Limit ($0.10/$0.25) - 2025/03/25 17:29:38 CET [2025/03/25 12:29:38 ET]
Table 'Hydra' 6-max Seat #1 is the button
Seat 1: ciceron86 ($28.79 in chips) 
Seat 2: Mahu2021 ($24.56 in chips) 
Seat 3: YouBetterFold11 ($30.22 in chips) 
Seat 4: StefanGhinea ($25 in chips) 
Seat 5: marco1595 ($26.06 in chips) 
Seat 6: newbyz ($26.22 in chips) 
Mahu2021: posts small blind $0.10
YouBetterFold11: posts big blind $0.25
*** HOLE CARDS ***
Dealt to Mahu2021 [3d As]
StefanGhinea: folds 
marco1595 has timed out
marco1595: folds 
newbyz: folds 
ciceron86: folds 
Mahu2021: folds 
Uncalled bet ($0.15) returned to YouBetterFold11
YouBetterFold11 collected $0.20 from pot
YouBetterFold11: doesn't show hand 
*** SUMMARY ***
Total pot $0.20 | Rake $0 
Seat 1: ciceron86 (button) folded before Flop (didn't bet)
Seat 2: Mahu2021 (small blind) folded before Flop
Seat 3: YouBetterFold11 (big blind) collected ($0.20)
Seat 4: StefanGhinea folded before Flop (didn't bet)
Seat 5: marco1595 folded before Flop (didn't bet)
Seat 6: newbyz folded before Flop (didn't bet)



PokerStars Zoom Hand #255447167233:  Hold'em No Limit ($0.10/$0.25) - 2025/03/25 17:29:16 CET [2025/03/25 12:29:16 ET]
Table 'Hydra' 6-max Seat #1 is the button
Seat 1: Mahu2021 ($24.81 in chips) 
Seat 2: Delly1256 ($29.39 in chips) 
Seat 3: gfp24 ($38 in chips) 
Seat 4: moto635 ($25 in chips) 
Seat 5: GuigaMan ($25.58 in chips) 
Seat 6: qj444 ($26.23 in chips) 
Delly1256: posts small blind $0.10
gfp24: posts big blind $0.25
*** HOLE CARDS ***
Dealt to Mahu2021 [8s 4c]
moto635: folds 
GuigaMan: raises $0.31 to $0.56
qj444: folds 
Mahu2021: folds 
Delly1256: folds 
gfp24: raises $1.97 to $2.53
GuigaMan: raises $2.72 to $5.25
gfp24: raises $4.74 to $9.99
GuigaMan: raises $15.59 to $25.58 and is all-in
gfp24: calls $15.59
*** FLOP *** [Qh 5d Kd]
*** TURN *** [Qh 5d Kd] [9s]
*** RIVER *** [Qh 5d Kd 9s] [8d]
*** SHOW DOWN ***
gfp24: shows [Ad Ks] (a pair of Kings)
GuigaMan: shows [Qd Qc] (three of a kind, Queens)
GuigaMan collected $49.26 from pot
*** SUMMARY ***
Total pot $51.26 | Rake $2 
Board [Qh 5d Kd 9s 8d]
Seat 1: Mahu2021 (button) folded before Flop (didn't bet)
Seat 2: Delly1256 (small blind) folded before Flop
Seat 3: gfp24 (big blind) showed [Ad Ks] and lost with a pair of Kings
Seat 4: moto635 folded before Flop (didn't bet)
Seat 5: GuigaMan showed [Qd Qc] and won ($49.26) with three of a kind, Queens
Seat 6: qj444 folded before Flop (didn't bet)



PokerStars Zoom Hand #255447170905:  Hold'em No Limit ($0.10/$0.25) - 2025/03/25 17:29:34 CET [2025/03/25 12:29:34 ET]
Table 'Hydra' 6-max Seat #1 is the button
Seat 1: COVEIROANCAP ($32.90 in chips) 
Seat 2: avatar1108 ($45.39 in chips) 
Seat 3: Mahu2021 ($24.81 in chips) 
Seat 4: smixx casHs ($31.31 in chips) 
Seat 5: Wag1Wasteman ($12.19 in chips) 
Seat 6: dingdongitsme ($25 in chips) 
avatar1108: posts small blind $0.10
Mahu2021: posts big blind $0.25
*** HOLE CARDS ***
Dealt to Mahu2021 [4h Ks]
smixx casHs: raises $0.30 to $0.55
Wag1Wasteman: calls $0.55
dingdongitsme: folds 
COVEIROANCAP: folds 
avatar1108: folds 
Mahu2021: folds 
*** FLOP *** [9d 2d 5c]
smixx casHs: checks 
Wag1Wasteman: bets $0.75
smixx casHs: calls $0.75
*** TURN *** [9d 2d 5c] [7d]
smixx casHs: checks 
Wag1Wasteman: checks 
*** RIVER *** [9d 2d 5c 7d] [Qh]
smixx casHs: bets $2.17
Wag1Wasteman: calls $2.17
*** SHOW DOWN ***
smixx casHs: shows [Ad Th] (high card Ace)
Wag1Wasteman: shows [9c Qs] (two pair, Queens and Nines)
Wag1Wasteman collected $6.96 from pot
*** SUMMARY ***
Total pot $7.29 | Rake $0.33 
Board [9d 2d 5c 7d Qh]
Seat 1: COVEIROANCAP (button) folded before Flop (didn't bet)
Seat 2: avatar1108 (small blind) folded before Flop
Seat 3: Mahu2021 (big blind) folded before Flop
Seat 4: smixx casHs showed [Ad Th] and lost with high card Ace
Seat 5: Wag1Wasteman showed [9c Qs] and won ($6.96) with two pair, Queens and Nines
Seat 6: dingdongitsme folded before Flop (didn't bet)



PokerStars Zoom Hand #255447174877:  Hold'em No Limit ($0.10/$0.25) - 2025/03/25 17:29:53 CET [2025/03/25 12:29:53 ET]
Table 'Hydra' 6-max Seat #1 is the button
Seat 1: kkon14 ($24.60 in chips) 
Seat 2: ChangHoon Lee ($34.68 in chips) 
Seat 3: BlackWaterKO ($28.92 in chips) 
Seat 4: l'm Sound ($28.89 in chips) 
Seat 5: Mahu2021 ($24.46 in chips) 
Seat 6: Bladum ($66.28 in chips) 
ChangHoon Lee: posts small blind $0.10
BlackWaterKO: posts big blind $0.25
*** HOLE CARDS ***
Dealt to Mahu2021 [8s 5s]
l'm Sound: raises $0.25 to $0.50
Mahu2021: folds 
Bladum: raises $1.12 to $1.62
kkon14: folds 
ChangHoon Lee: folds 
BlackWaterKO: calls $1.37
l'm Sound: folds 
*** FLOP *** [Tc Td 5d]
BlackWaterKO: checks 
Bladum: bets $1.21
BlackWaterKO: calls $1.21
*** TURN *** [Tc Td 5d] [7s]
BlackWaterKO: checks 
Bladum: bets $1.97
BlackWaterKO: folds 
Uncalled bet ($1.97) returned to Bladum
Bladum collected $5.98 from pot
Bladum: doesn't show hand 
*** SUMMARY ***
Total pot $6.26 | Rake $0.28 
Board [Tc Td 5d 7s]
Seat 1: kkon14 (button) folded before Flop (didn't bet)
Seat 2: ChangHoon Lee (small blind) folded before Flop
Seat 3: BlackWaterKO (big blind) folded on the Turn
Seat 4: l'm Sound folded before Flop
Seat 5: Mahu2021 folded before Flop (didn't bet)
Seat 6: Bladum collected ($5.98)



PokerStars Zoom Hand #255447176307:  Hold'em No Limit ($0.10/$0.25) - 2025/03/25 17:29:59 CET [2025/03/25 12:29:59 ET]
Table 'Hydra' 6-max Seat #1 is the button
Seat 1: ChangHoon Lee ($25 in chips) 
Seat 2: geo3pokerr ($21.78 in chips) 
Seat 3: Mahu2021 ($24.46 in chips) 
Seat 4: moto635 ($27.08 in chips) 
Seat 5: gmansilva ($26.02 in chips) 
Seat 6: qj444 ($25.27 in chips) 
geo3pokerr: posts small blind $0.10
Mahu2021: posts big blind $0.25
*** HOLE CARDS ***
Dealt to Mahu2021 [Qd Jh]
moto635: raises $0.37 to $0.62
gmansilva: folds 
qj444: folds 
ChangHoon Lee: folds 
geo3pokerr: folds 
Mahu2021: calls $0.37
*** FLOP *** [Td 7d 6h]
Mahu2021: checks 
moto635: checks 
*** TURN *** [Td 7d 6h] [Tc]
Mahu2021: checks 
moto635: bets $0.96
Mahu2021: folds 
Uncalled bet ($0.96) returned to moto635
moto635 collected $1.28 from pot
moto635: doesn't show hand 
*** SUMMARY ***
Total pot $1.34 | Rake $0.06 
Board [Td 7d 6h Tc]
Seat 1: ChangHoon Lee (button) folded before Flop (didn't bet)
Seat 2: geo3pokerr (small blind) folded before Flop
Seat 3: Mahu2021 (big blind) folded on the Turn
Seat 4: moto635 collected ($1.28)
Seat 5: gmansilva folded before Flop (didn't bet)
Seat 6: qj444 folded before Flop (didn't bet)



PokerStars Zoom Hand #255447181864:  Hold'em No Limit ($0.10/$0.25) - 2025/03/25 17:30:26 CET [2025/03/25 12:30:26 ET]
Table 'Hydra' 6-max Seat #1 is the button
Seat 1: bigS01 ($31.10 in chips) 
Seat 2: Mahu2021 ($23.84 in chips) 
Seat 3: moto635 ($27.74 in chips) 
Seat 4: BruceShee ($25.35 in chips) 
Seat 5: aisle333 ($31.12 in chips) 
Seat 6: StefanGhinea ($26.66 in chips) 
Mahu2021: posts small blind $0.10
moto635: posts big blind $0.25
*** HOLE CARDS ***
Dealt to Mahu2021 [7d 5h]
BruceShee: folds 
aisle333: folds 
StefanGhinea: folds 
bigS01: folds 
Mahu2021: folds 
Uncalled bet ($0.15) returned to moto635
moto635 collected $0.20 from pot
moto635: doesn't show hand 
*** SUMMARY ***
Total pot $0.20 | Rake $0 
Seat 1: bigS01 (button) folded before Flop (didn't bet)
Seat 2: Mahu2021 (small blind) folded before Flop
Seat 3: moto635 (big blind) collected ($0.20)
Seat 4: BruceShee folded before Flop (didn't bet)
Seat 5: aisle333 folded before Flop (didn't bet)
Seat 6: StefanGhinea folded before Flop (didn't bet)



PokerStars Zoom Hand #255447182652:  Hold'em No Limit ($0.10/$0.25) - 2025/03/25 17:30:30 CET [2025/03/25 12:30:30 ET]
Table 'Hydra' 6-max Seat #1 is the button
Seat 1: ciceron86 ($30.19 in chips) 
Seat 2: uwwfan ($25 in chips) 
Seat 3: egohenry ($27.34 in chips) 
Seat 4: BruceShee ($25.35 in chips) 
Seat 5: extinction51 ($25.10 in chips) 
Seat 6: Mahu2021 ($23.74 in chips) 
uwwfan: posts small blind $0.10
egohenry: posts big blind $0.25
*** HOLE CARDS ***
Dealt to Mahu2021 [Ks 2h]
BruceShee: folds 
extinction51: folds 
Mahu2021: folds 
ciceron86: raises $0.35 to $0.60
uwwfan: folds 
egohenry: folds 
Uncalled bet ($0.35) returned to ciceron86
ciceron86 collected $0.60 from pot
ciceron86: doesn't show hand 
*** SUMMARY ***
Total pot $0.60 | Rake $0 
Seat 1: ciceron86 (button) collected ($0.60)
Seat 2: uwwfan (small blind) folded before Flop
Seat 3: egohenry (big blind) folded before Flop
Seat 4: BruceShee folded before Flop (didn't bet)
Seat 5: extinction51 folded before Flop (didn't bet)
Seat 6: Mahu2021 folded before Flop (didn't bet)



PokerStars Zoom Hand #255447183544:  Hold'em No Limit ($0.10/$0.25) - 2025/03/25 17:30:34 CET [2025/03/25 12:30:34 ET]
Table 'Hydra' 6-max Seat #1 is the button
Seat 1: Mahu2021 ($23.74 in chips) 
Seat 2: Wag1Wasteman ($15.78 in chips) 
Seat 3: aisle333 ($44.34 in chips) 
Seat 4: NePoPeN ($56.77 in chips) 
Seat 5: DannyLennon ($53.29 in chips) 
Seat 6: uwwfan ($25 in chips) 
Wag1Wasteman: posts small blind $0.10
aisle333: posts big blind $0.25
*** HOLE CARDS ***
Dealt to Mahu2021 [7h Qc]
NePoPeN: raises $0.50 to $0.75
DannyLennon: folds 
uwwfan: folds 
Mahu2021: folds 
Wag1Wasteman: folds 
aisle333: raises $2.25 to $3
NePoPeN: folds 
Uncalled bet ($2.25) returned to aisle333
aisle333 collected $1.60 from pot
aisle333: doesn't show hand 
*** SUMMARY ***
Total pot $1.60 | Rake $0 
Seat 1: Mahu2021 (button) folded before Flop (didn't bet)
Seat 2: Wag1Wasteman (small blind) folded before Flop
Seat 3: aisle333 (big blind) collected ($1.60)
Seat 4: NePoPeN folded before Flop
Seat 5: DannyLennon folded before Flop (didn't bet)
Seat 6: uwwfan folded before Flop (didn't bet)



PokerStars Zoom Hand #255447180825:  Hold'em No Limit ($0.10/$0.25) - 2025/03/25 17:30:21 CET [2025/03/25 12:30:21 ET]
Table 'Hydra' 6-max Seat #1 is the button
Seat 1: smixx casHs ($27.84 in chips) 
Seat 2: sohan585 ($34.48 in chips) 
Seat 3: rusty2w ($44.42 in chips) 
Seat 4: Mahu2021 ($23.84 in chips) 
Seat 5: COVEIROANCAP ($38.57 in chips) 
Seat 6: dzacharas ($34.38 in chips) 
sohan585: posts small blind $0.10
rusty2w: posts big blind $0.25
*** HOLE CARDS ***
Dealt to Mahu2021 [Td 7s]
Mahu2021: folds 
COVEIROANCAP: folds 
dzacharas: folds 
smixx casHs: folds 
sohan585: raises $0.37 to $0.62
rusty2w: calls $0.37
*** FLOP *** [8h Kd 6s]
sohan585: checks 
rusty2w: bets $0.59
sohan585: calls $0.59
*** TURN *** [8h Kd 6s] [Qc]
sohan585: checks 
rusty2w: checks 
*** RIVER *** [8h Kd 6s Qc] [Kc]
sohan585: bets $1.41
rusty2w: folds 
Uncalled bet ($1.41) returned to sohan585
sohan585 collected $2.31 from pot
sohan585: doesn't show hand 
*** SUMMARY ***
Total pot $2.42 | Rake $0.11 
Board [8h Kd 6s Qc Kc]
Seat 1: smixx casHs (button) folded before Flop (didn't bet)
Seat 2: sohan585 (small blind) collected ($2.31)
Seat 3: rusty2w (big blind) folded on the River
Seat 4: Mahu2021 folded before Flop (didn't bet)
Seat 5: COVEIROANCAP folded before Flop (didn't bet)
Seat 6: dzacharas folded before Flop (didn't bet)



PokerStars Zoom Hand #255447184762:  Hold'em No Limit ($0.10/$0.25) - 2025/03/25 17:30:40 CET [2025/03/25 12:30:40 ET]
Table 'Hydra' 6-max Seat #1 is the button
Seat 1: GuigaMan ($30.74 in chips) 
Seat 2: DannyLennon ($53.29 in chips) 
Seat 3: Mahu2021 ($23.74 in chips) 
Seat 4: dzacharas ($25.35 in chips) 
Seat 5: Ollie218 ($54.54 in chips) 
Seat 6: BruceShee ($27.36 in chips) 
DannyLennon: posts small blind $0.10
Mahu2021: posts big blind $0.25
*** HOLE CARDS ***
Dealt to Mahu2021 [Ad Td]
dzacharas: folds 
Ollie218: folds 
BruceShee: raises $0.30 to $0.55
GuigaMan: folds 
DannyLennon: folds 
Mahu2021: calls $0.30
*** FLOP *** [3s 8c 5h]
Mahu2021: checks 
BruceShee: bets $0.58
Mahu2021: calls $0.58
*** TURN *** [3s 8c 5h] [6s]
Mahu2021: checks 
BruceShee: bets $1.69
Mahu2021: folds 
Uncalled bet ($1.69) returned to BruceShee
BruceShee collected $2.25 from pot
BruceShee: doesn't show hand 
*** SUMMARY ***
Total pot $2.36 | Rake $0.11 
Board [3s 8c 5h 6s]
Seat 1: GuigaMan (button) folded before Flop (didn't bet)
Seat 2: DannyLennon (small blind) folded before Flop
Seat 3: Mahu2021 (big blind) folded on the Turn
Seat 4: dzacharas folded before Flop (didn't bet)
Seat 5: Ollie218 folded before Flop (didn't bet)
Seat 6: BruceShee collected ($2.25)



PokerStars Zoom Hand #255447193951:  Hold'em No Limit ($0.10/$0.25) - 2025/03/25 17:31:24 CET [2025/03/25 12:31:24 ET]
Table 'Hydra' 6-max Seat #1 is the button
Seat 1: dzacharas ($25 in chips) 
Seat 2: l'm Sound ($25.16 in chips) 
Seat 3: M.Tikhonov ($55.22 in chips) 
Seat 4: Vagor123 ($19.65 in chips) 
Seat 5: Mahu2021 ($22.61 in chips) 
Seat 6: BruceShee ($25 in chips) 
l'm Sound: posts small blind $0.10
M.Tikhonov: posts big blind $0.25
*** HOLE CARDS ***
Dealt to Mahu2021 [Ad Qs]
Vagor123: calls $0.25
Mahu2021: raises $1.25 to $1.50
BruceShee: folds 
dzacharas: folds 
l'm Sound: folds 
M.Tikhonov: calls $1.25
Vagor123: calls $1.25
*** FLOP *** [4s 9d 8c]
M.Tikhonov: checks 
Vagor123: checks 
Mahu2021: bets $4.39
M.Tikhonov: folds 
Vagor123: folds 
Uncalled bet ($4.39) returned to Mahu2021
Mahu2021 collected $4.39 from pot
Mahu2021: doesn't show hand 
*** SUMMARY ***
Total pot $4.60 | Rake $0.21 
Board [4s 9d 8c]
Seat 1: dzacharas (button) folded before Flop (didn't bet)
Seat 2: l'm Sound (small blind) folded before Flop
Seat 3: M.Tikhonov (big blind) folded on the Flop
Seat 4: Vagor123 folded on the Flop
Seat 5: Mahu2021 collected ($4.39)
Seat 6: BruceShee folded before Flop (didn't bet)



PokerStars Zoom Hand #255447201552:  Hold'em No Limit ($0.10/$0.25) - 2025/03/25 17:32:00 CET [2025/03/25 12:32:00 ET]
Table 'Hydra' 6-max Seat #1 is the button
Seat 1: DannyLennon ($25 in chips) 
Seat 2: Mahu2021 ($25.50 in chips) 
Seat 3: Inc-Zra ($57.47 in chips) 
Seat 4: brpoker_pr0 ($25.25 in chips) 
Seat 5: gmansilva ($25 in chips) 
Seat 6: M.Tikhonov ($53.72 in chips) 
Mahu2021: posts small blind $0.10
Inc-Zra: posts big blind $0.25
*** HOLE CARDS ***
Dealt to Mahu2021 [Jc Js]
brpoker_pr0 has timed out
brpoker_pr0: folds 
gmansilva: folds 
M.Tikhonov: folds 
DannyLennon: raises $0.35 to $0.60
Mahu2021: raises $2.15 to $2.75
Inc-Zra: folds 
DannyLennon: raises $2.50 to $5.25
Mahu2021: calls $2.50
*** FLOP *** [2d 9s 6h]
Mahu2021: bets $3
DannyLennon: calls $3
*** TURN *** [2d 9s 6h] [7c]
Mahu2021: bets $4.50
DannyLennon: folds 
Uncalled bet ($4.50) returned to Mahu2021
Mahu2021 collected $16 from pot
Mahu2021: doesn't show hand 
*** SUMMARY ***
Total pot $16.75 | Rake $0.75 
Board [2d 9s 6h 7c]
Seat 1: DannyLennon (button) folded on the Turn
Seat 2: Mahu2021 (small blind) collected ($16)
Seat 3: Inc-Zra (big blind) folded before Flop
Seat 4: brpoker_pr0 folded before Flop (didn't bet)
Seat 5: gmansilva folded before Flop (didn't bet)
Seat 6: M.Tikhonov folded before Flop (didn't bet)



PokerStars Zoom Hand #255447214723:  Hold'em No Limit ($0.10/$0.25) - 2025/03/25 17:33:02 CET [2025/03/25 12:33:02 ET]
Table 'Hydra' 6-max Seat #1 is the button
Seat 1: sohan585 ($35.58 in chips) 
Seat 2: dzacharas ($25 in chips) 
Seat 3: gravitacia13 ($17.96 in chips) 
Seat 4: egohenry ($29.78 in chips) 
Seat 5: moto635 ($35.56 in chips) 
Seat 6: Mahu2021 ($33.25 in chips) 
dzacharas: posts small blind $0.10
gravitacia13: posts big blind $0.25
*** HOLE CARDS ***
Dealt to Mahu2021 [Jh 2s]
egohenry: folds 
moto635: folds 
Mahu2021: folds 
sohan585: raises $0.37 to $0.62
dzacharas: folds 
gravitacia13: calls $0.37
*** FLOP *** [9c Th Tc]
gravitacia13: checks 
sohan585: bets $0.42
gravitacia13: folds 
Uncalled bet ($0.42) returned to sohan585
sohan585 collected $1.28 from pot
sohan585: doesn't show hand 
*** SUMMARY ***
Total pot $1.34 | Rake $0.06 
Board [9c Th Tc]
Seat 1: sohan585 (button) collected ($1.28)
Seat 2: dzacharas (small blind) folded before Flop
Seat 3: gravitacia13 (big blind) folded on the Flop
Seat 4: egohenry folded before Flop (didn't bet)
Seat 5: moto635 folded before Flop (didn't bet)
Seat 6: Mahu2021 folded before Flop (didn't bet)



