PokerStars Zoom Hand #254066477314:  Hold'em No Limit ($0.05/$0.10) - 2024/12/28 12:23:44 CET [2024/12/28 6:23:44 ET]
Table 'Aludra' 6-max Seat #1 is the button
Seat 1: szabarna ($10.42 in chips) 
Seat 2: TomasHn ($10.37 in chips) 
Seat 3: Mahu2021 ($10 in chips) 
Seat 4: ouestcountry ($18.08 in chips) 
Seat 5: suikaa ($10 in chips) 
Seat 6: J_Gopen7 ($68.64 in chips) 
TomasHn: posts small blind $0.05
Mahu2021: posts big blind $0.10
*** HOLE CARDS ***
Dealt to Mahu2021 [2h Kd]
ouestcountry: folds 
suikaa: raises $0.15 to $0.25
J_Gopen7: folds 
szabarna: folds 
TomasHn: folds 
Mahu2021: folds 
Uncalled bet ($0.15) returned to suikaa
suikaa collected $0.25 from pot
suikaa: doesn't show hand 
*** SUMMARY ***
Total pot $0.25 | Rake $0 
Seat 1: szabarna (button) folded before Flop (didn't bet)
Seat 2: TomasHn (small blind) folded before Flop
Seat 3: Mahu2021 (big blind) folded before Flop
Seat 4: ouestcountry folded before Flop (didn't bet)
Seat 5: suikaa collected ($0.25)
Seat 6: J_Gopen7 folded before Flop (didn't bet)



PokerStars Zoom Hand #254066478217:  Hold'em No Limit ($0.05/$0.10) - 2024/12/28 12:23:50 CET [2024/12/28 6:23:50 ET]
Table 'Aludra' 6-max Seat #1 is the button
Seat 1: TomasHn ($10.32 in chips) 
Seat 2: Mahu2021 ($9.90 in chips) 
Seat 3: xrisaris ($12.09 in chips) 
Seat 4: rzeszow17 ($28.81 in chips) 
Seat 5: J_Gopen7 ($68.64 in chips) 
Seat 6: Dimon_55_77 ($16.34 in chips) 
Mahu2021: posts small blind $0.05
xrisaris: posts big blind $0.10
*** HOLE CARDS ***
Dealt to Mahu2021 [7h Th]
rzeszow17: folds 
J_Gopen7: folds 
Dimon_55_77: raises $0.15 to $0.25
TomasHn: folds 
Mahu2021: calls $0.20
xrisaris: folds 
*** FLOP *** [Jh Ad Qh]
Mahu2021: checks 
Dimon_55_77: bets $0.18
Mahu2021: calls $0.18
*** TURN *** [Jh Ad Qh] [Td]
Mahu2021: checks 
Dimon_55_77: bets $0.69
Mahu2021: calls $0.69
*** RIVER *** [Jh Ad Qh Td] [4c]
Mahu2021: checks 
Dimon_55_77: checks 
*** SHOW DOWN ***
Mahu2021: shows [7h Th] (a pair of Tens)
Dimon_55_77: mucks hand 
Mahu2021 collected $2.23 from pot
*** SUMMARY ***
Total pot $2.34 | Rake $0.11 
Board [Jh Ad Qh Td 4c]
Seat 1: TomasHn (button) folded before Flop (didn't bet)
Seat 2: Mahu2021 (small blind) showed [7h Th] and won ($2.23) with a pair of Tens
Seat 3: xrisaris (big blind) folded before Flop
Seat 4: rzeszow17 folded before Flop (didn't bet)
Seat 5: J_Gopen7 folded before Flop (didn't bet)
Seat 6: Dimon_55_77 mucked [5s 5c]



PokerStars Zoom Hand #254066485667:  Hold'em No Limit ($0.05/$0.10) - 2024/12/28 12:24:46 CET [2024/12/28 6:24:46 ET]
Table 'Aludra' 6-max Seat #1 is the button
Seat 1: Mahu2021 ($11.01 in chips) 
Seat 2: MIKESTEL77 ($2.49 in chips) 
Seat 3: Murci809 ($4.70 in chips) 
Seat 4: TeoMT7 ($3.08 in chips) 
Seat 5: bkis ($3.53 in chips) 
Seat 6: OscarLorr ($9.11 in chips) 
MIKESTEL77: posts small blind $0.05
Murci809: posts big blind $0.10
*** HOLE CARDS ***
Dealt to Mahu2021 [2h 2s]
TeoMT7: calls $0.10
bkis: folds 
OscarLorr: folds 
Mahu2021: folds 
MIKESTEL77: folds 
Murci809: checks 
*** FLOP *** [Ks Ad 6c]
Murci809: checks 
TeoMT7: checks 
*** TURN *** [Ks Ad 6c] [2d]
Murci809: checks 
TeoMT7: checks 
*** RIVER *** [Ks Ad 6c 2d] [Qc]
Murci809: checks 
TeoMT7: bets $0.10
Murci809: folds 
Uncalled bet ($0.10) returned to TeoMT7
TeoMT7 collected $0.24 from pot
TeoMT7: doesn't show hand 
*** SUMMARY ***
Total pot $0.25 | Rake $0.01 
Board [Ks Ad 6c 2d Qc]
Seat 1: Mahu2021 (button) folded before Flop (didn't bet)
Seat 2: MIKESTEL77 (small blind) folded before Flop
Seat 3: Murci809 (big blind) folded on the River
Seat 4: TeoMT7 collected ($0.24)
Seat 5: bkis folded before Flop (didn't bet)
Seat 6: OscarLorr folded before Flop (didn't bet)



PokerStars Zoom Hand #254066486582:  Hold'em No Limit ($0.05/$0.10) - 2024/12/28 12:24:53 CET [2024/12/28 6:24:53 ET]
Table 'Aludra' 6-max Seat #1 is the button
Seat 1: High Calonic ($10.07 in chips) 
Seat 2: Skomoroh ($19.77 in chips) 
Seat 3: TomasHn ($10.25 in chips) 
Seat 4: HakuBD ($20.92 in chips) 
Seat 5: Danny Yar ($11.69 in chips) 
Seat 6: Mahu2021 ($11.01 in chips) 
Skomoroh: posts small blind $0.05
TomasHn: posts big blind $0.10
*** HOLE CARDS ***
Dealt to Mahu2021 [As 3h]
HakuBD: folds 
Danny Yar: folds 
Mahu2021: folds 
High Calonic: raises $0.15 to $0.25
Skomoroh: folds 
TomasHn: folds 
Uncalled bet ($0.15) returned to High Calonic
High Calonic collected $0.25 from pot
High Calonic: doesn't show hand 
*** SUMMARY ***
Total pot $0.25 | Rake $0 
Seat 1: High Calonic (button) collected ($0.25)
Seat 2: Skomoroh (small blind) folded before Flop
Seat 3: TomasHn (big blind) folded before Flop
Seat 4: HakuBD folded before Flop (didn't bet)
Seat 5: Danny Yar folded before Flop (didn't bet)
Seat 6: Mahu2021 folded before Flop (didn't bet)



PokerStars Zoom Hand #254066487378:  Hold'em No Limit ($0.05/$0.10) - 2024/12/28 12:24:59 CET [2024/12/28 6:24:59 ET]
Table 'Aludra' 6-max Seat #1 is the button
Seat 1: ZAIZZA ($10.06 in chips) 
Seat 2: blessyou2837 ($10.79 in chips) 
Seat 3: szabarna ($10.69 in chips) 
Seat 4: Yoshi_HAL ($10.10 in chips) 
Seat 5: Mahu2021 ($11.01 in chips) 
Seat 6: Geocon1987 ($9.27 in chips) 
blessyou2837: posts small blind $0.05
szabarna: posts big blind $0.10
*** HOLE CARDS ***
Dealt to Mahu2021 [Td 5s]
Yoshi_HAL: folds 
Mahu2021: folds 
Geocon1987: folds 
ZAIZZA: folds 
blessyou2837: folds 
Uncalled bet ($0.05) returned to szabarna
szabarna collected $0.10 from pot
szabarna: doesn't show hand 
*** SUMMARY ***
Total pot $0.10 | Rake $0 
Seat 1: ZAIZZA (button) folded before Flop (didn't bet)
Seat 2: blessyou2837 (small blind) folded before Flop
Seat 3: szabarna (big blind) collected ($0.10)
Seat 4: Yoshi_HAL folded before Flop (didn't bet)
Seat 5: Mahu2021 folded before Flop (didn't bet)
Seat 6: Geocon1987 folded before Flop (didn't bet)



PokerStars Zoom Hand #254066489507:  Hold'em No Limit ($0.05/$0.10) - 2024/12/28 12:25:14 CET [2024/12/28 6:25:14 ET]
Table 'Aludra' 6-max Seat #1 is the button
Seat 1: TomasHn ($11.42 in chips) 
Seat 2: Mahu2021 ($11.01 in chips) 
Seat 3: TAr1927 ($10.11 in chips) 
Seat 4: Geedz ($10.35 in chips) 
Seat 5: dodgydan68 ($11.95 in chips) 
Seat 6: J_Gopen7 ($68.54 in chips) 
Mahu2021: posts small blind $0.05
TAr1927: posts big blind $0.10
*** HOLE CARDS ***
Dealt to Mahu2021 [9s Qh]
Geedz: folds 
dodgydan68: folds 
J_Gopen7: folds 
TomasHn: raises $0.12 to $0.22
Mahu2021: folds 
TAr1927: folds 
Uncalled bet ($0.12) returned to TomasHn
TomasHn collected $0.25 from pot
TomasHn: doesn't show hand 
*** SUMMARY ***
Total pot $0.25 | Rake $0 
Seat 1: TomasHn (button) collected ($0.25)
Seat 2: Mahu2021 (small blind) folded before Flop
Seat 3: TAr1927 (big blind) folded before Flop
Seat 4: Geedz folded before Flop (didn't bet)
Seat 5: dodgydan68 folded before Flop (didn't bet)
Seat 6: J_Gopen7 folded before Flop (didn't bet)



PokerStars Zoom Hand #254066488590:  Hold'em No Limit ($0.05/$0.10) - 2024/12/28 12:25:08 CET [2024/12/28 6:25:08 ET]
Table 'Aludra' 6-max Seat #1 is the button
Seat 1: samana1313 ($16.15 in chips) 
Seat 2: TAr1927 ($10.16 in chips) 
Seat 3: Skomoroh ($19.72 in chips) 
Seat 4: Mahu2021 ($11.01 in chips) 
Seat 5: briggsyy17 ($19.82 in chips) 
Seat 6: babiloniaxxx ($29.08 in chips) 
TAr1927: posts small blind $0.05
Skomoroh: posts big blind $0.10
*** HOLE CARDS ***
Dealt to Mahu2021 [3s 3c]
Mahu2021: folds 
briggsyy17: calls $0.10
babiloniaxxx: raises $0.30 to $0.40
samana1313: folds 
TAr1927: folds 
Skomoroh: folds 
briggsyy17: calls $0.30
*** FLOP *** [5d Kh 6s]
briggsyy17: bets $0.10
babiloniaxxx: raises $0.73 to $0.83
briggsyy17: calls $0.73
*** TURN *** [5d Kh 6s] [9s]
briggsyy17: checks 
babiloniaxxx: bets $2.12
briggsyy17: folds 
Uncalled bet ($2.12) returned to babiloniaxxx
babiloniaxxx collected $2.49 from pot
babiloniaxxx: doesn't show hand 
*** SUMMARY ***
Total pot $2.61 | Rake $0.12 
Board [5d Kh 6s 9s]
Seat 1: samana1313 (button) folded before Flop (didn't bet)
Seat 2: TAr1927 (small blind) folded before Flop
Seat 3: Skomoroh (big blind) folded before Flop
Seat 4: Mahu2021 folded before Flop (didn't bet)
Seat 5: briggsyy17 folded on the Turn
Seat 6: babiloniaxxx collected ($2.49)



PokerStars Zoom Hand #254066488059:  Hold'em No Limit ($0.05/$0.10) - 2024/12/28 12:25:04 CET [2024/12/28 6:25:04 ET]
Table 'Aludra' 6-max Seat #1 is the button
Seat 1: joorup ($10.58 in chips) 
Seat 2: Geocon1987 ($9.27 in chips) 
Seat 3: Meat Eater Mr E ($10 in chips) 
Seat 4: kotaraka1312 ($31.55 in chips) 
Seat 5: Mahu2021 ($11.01 in chips) 
Seat 6: Kaiwall ($21.14 in chips) 
Geocon1987: posts small blind $0.05
Meat Eater Mr E: posts big blind $0.10
*** HOLE CARDS ***
Dealt to Mahu2021 [8s 7d]
kotaraka1312: raises $0.10 to $0.20
Mahu2021: folds 
Kaiwall: raises $0.30 to $0.50
joorup: folds 
Geocon1987: folds 
Meat Eater Mr E: folds 
kotaraka1312: calls $0.30
*** FLOP *** [9h 8h Ts]
kotaraka1312: bets $0.55
Kaiwall: folds 
Uncalled bet ($0.55) returned to kotaraka1312
kotaraka1312 collected $1.10 from pot
kotaraka1312: doesn't show hand 
*** SUMMARY ***
Total pot $1.15 | Rake $0.05 
Board [9h 8h Ts]
Seat 1: joorup (button) folded before Flop (didn't bet)
Seat 2: Geocon1987 (small blind) folded before Flop
Seat 3: Meat Eater Mr E (big blind) folded before Flop
Seat 4: kotaraka1312 collected ($1.10)
Seat 5: Mahu2021 folded before Flop (didn't bet)
Seat 6: Kaiwall folded on the Flop



PokerStars Zoom Hand #254066490248:  Hold'em No Limit ($0.05/$0.10) - 2024/12/28 12:25:20 CET [2024/12/28 6:25:20 ET]
Table 'Aludra' 6-max Seat #1 is the button
Seat 1: kotaraka1312 ($10 in chips) 
Seat 2: xavi66 ($10.91 in chips) 
Seat 3: Mahu2021 ($10.96 in chips) 
Seat 4: blessyou2837 ($10 in chips) 
Seat 5: KRSofM ($8.97 in chips) 
Seat 6: Murci809 ($4.60 in chips) 
xavi66: posts small blind $0.05
Mahu2021: posts big blind $0.10
*** HOLE CARDS ***
Dealt to Mahu2021 [Tc Jd]
blessyou2837: folds 
KRSofM: folds 
Murci809: folds 
kotaraka1312: raises $0.10 to $0.20
xavi66: folds 
Mahu2021: calls $0.10
*** FLOP *** [Kh 7s 6s]
Mahu2021: checks 
kotaraka1312: bets $0.22
Mahu2021: folds 
Uncalled bet ($0.22) returned to kotaraka1312
kotaraka1312 collected $0.43 from pot
kotaraka1312: doesn't show hand 
*** SUMMARY ***
Total pot $0.45 | Rake $0.02 
Board [Kh 7s 6s]
Seat 1: kotaraka1312 (button) collected ($0.43)
Seat 2: xavi66 (small blind) folded before Flop
Seat 3: Mahu2021 (big blind) folded on the Flop
Seat 4: blessyou2837 folded before Flop (didn't bet)
Seat 5: KRSofM folded before Flop (didn't bet)
Seat 6: Murci809 folded before Flop (didn't bet)



PokerStars Zoom Hand #254066496260:  Hold'em No Limit ($0.05/$0.10) - 2024/12/28 12:26:04 CET [2024/12/28 6:26:04 ET]
Table 'Aludra' 6-max Seat #1 is the button
Seat 1: TomasHn ($10 in chips) 
Seat 2: High Calonic ($10 in chips) 
Seat 3: camilo13186 ($5.83 in chips) 
Seat 4: danyboy6969 ($37.55 in chips) 
Seat 5: blessyou2837 ($12.25 in chips) 
Seat 6: Mahu2021 ($10.76 in chips) 
High Calonic: posts small blind $0.05
camilo13186: posts big blind $0.10
*** HOLE CARDS ***
Dealt to Mahu2021 [6h 9c]
danyboy6969: folds 
blessyou2837: raises $0.15 to $0.25
Mahu2021: folds 
TomasHn: folds 
High Calonic: raises $0.85 to $1.10
camilo13186: folds 
blessyou2837: folds 
Uncalled bet ($0.85) returned to High Calonic
High Calonic collected $0.60 from pot
High Calonic: doesn't show hand 
*** SUMMARY ***
Total pot $0.60 | Rake $0 
Seat 1: TomasHn (button) folded before Flop (didn't bet)
Seat 2: High Calonic (small blind) collected ($0.60)
Seat 3: camilo13186 (big blind) folded before Flop
Seat 4: danyboy6969 folded before Flop (didn't bet)
Seat 5: blessyou2837 folded before Flop
Seat 6: Mahu2021 folded before Flop (didn't bet)



PokerStars Zoom Hand #254066496827:  Hold'em No Limit ($0.05/$0.10) - 2024/12/28 12:26:08 CET [2024/12/28 6:26:08 ET]
Table 'Aludra' 6-max Seat #1 is the button
Seat 1: MIKESTEL77 ($1.94 in chips) 
Seat 2: Dimon_55_77 ($14.10 in chips) 
Seat 3: Ripshaw10 ($12.68 in chips) 
Seat 4: Mahu2021 ($10.76 in chips) 
Seat 5: KRSofM ($9.15 in chips) 
Seat 6: rGiosa ($10 in chips) 
Dimon_55_77: posts small blind $0.05
Ripshaw10: posts big blind $0.10
*** HOLE CARDS ***
Dealt to Mahu2021 [6s 2d]
Mahu2021: folds 
KRSofM: folds 
rGiosa: folds 
MIKESTEL77: folds 
Dimon_55_77: raises $0.14 to $0.24
Ripshaw10: folds 
Uncalled bet ($0.14) returned to Dimon_55_77
Dimon_55_77 collected $0.20 from pot
Dimon_55_77: doesn't show hand 
*** SUMMARY ***
Total pot $0.20 | Rake $0 
Seat 1: MIKESTEL77 (button) folded before Flop (didn't bet)
Seat 2: Dimon_55_77 (small blind) collected ($0.20)
Seat 3: Ripshaw10 (big blind) folded before Flop
Seat 4: Mahu2021 folded before Flop (didn't bet)
Seat 5: KRSofM folded before Flop (didn't bet)
Seat 6: rGiosa folded before Flop (didn't bet)



PokerStars Zoom Hand #254066495561:  Hold'em No Limit ($0.05/$0.10) - 2024/12/28 12:25:59 CET [2024/12/28 6:25:59 ET]
Table 'Aludra' 6-max Seat #1 is the button
Seat 1: Mahu2021 ($10.76 in chips) 
Seat 2: elvis_genius ($13.70 in chips) 
Seat 3: Rusu_rusu522 ($18.31 in chips) 
Seat 4: gelik32 ($10.76 in chips) 
Seat 5: danyboy6969 ($17.93 in chips) 
Seat 6: blessyou2837 ($12.25 in chips) 
elvis_genius: posts small blind $0.05
Rusu_rusu522: posts big blind $0.10
*** HOLE CARDS ***
Dealt to Mahu2021 [5h 7s]
gelik32: raises $0.15 to $0.25
danyboy6969: folds 
blessyou2837: folds 
Mahu2021: folds 
elvis_genius: calls $0.20
Rusu_rusu522: calls $0.15
*** FLOP *** [6c Jh 8s]
elvis_genius: checks 
Rusu_rusu522: checks 
gelik32: checks 
*** TURN *** [6c Jh 8s] [Td]
elvis_genius: bets $0.71
Rusu_rusu522: calls $0.71
gelik32: folds 
*** RIVER *** [6c Jh 8s Td] [3s]
elvis_genius: bets $2.05
Rusu_rusu522: folds 
Uncalled bet ($2.05) returned to elvis_genius
elvis_genius collected $2.07 from pot
elvis_genius: doesn't show hand 
*** SUMMARY ***
Total pot $2.17 | Rake $0.10 
Board [6c Jh 8s Td 3s]
Seat 1: Mahu2021 (button) folded before Flop (didn't bet)
Seat 2: elvis_genius (small blind) collected ($2.07)
Seat 3: Rusu_rusu522 (big blind) folded on the River
Seat 4: gelik32 folded on the Turn
Seat 5: danyboy6969 folded before Flop (didn't bet)
Seat 6: blessyou2837 folded before Flop (didn't bet)



PokerStars Zoom Hand #254066498211:  Hold'em No Limit ($0.05/$0.10) - 2024/12/28 12:26:18 CET [2024/12/28 6:26:18 ET]
Table 'Aludra' 6-max Seat #1 is the button
Seat 1: suikaa ($10 in chips) 
Seat 2: Murci809 ($3.12 in chips) 
Seat 3: Mahu2021 ($10.76 in chips) 
Seat 4: pitzymecanic ($6.85 in chips) 
Seat 5: Ripshaw10 ($8.70 in chips) 
Seat 6: KRSofM ($9.63 in chips) 
Murci809: posts small blind $0.05
Mahu2021: posts big blind $0.10
*** HOLE CARDS ***
Dealt to Mahu2021 [7h 8d]
pitzymecanic: folds 
Ripshaw10: folds 
KRSofM: folds 
suikaa: raises $0.15 to $0.25
Murci809: folds 
Mahu2021: folds 
Uncalled bet ($0.15) returned to suikaa
suikaa collected $0.25 from pot
suikaa: doesn't show hand 
*** SUMMARY ***
Total pot $0.25 | Rake $0 
Seat 1: suikaa (button) collected ($0.25)
Seat 2: Murci809 (small blind) folded before Flop
Seat 3: Mahu2021 (big blind) folded before Flop
Seat 4: pitzymecanic folded before Flop (didn't bet)
Seat 5: Ripshaw10 folded before Flop (didn't bet)
Seat 6: KRSofM folded before Flop (didn't bet)



PokerStars Zoom Hand #254066497392:  Hold'em No Limit ($0.05/$0.10) - 2024/12/28 12:26:12 CET [2024/12/28 6:26:12 ET]
Table 'Aludra' 6-max Seat #1 is the button
Seat 1: Geedz ($10.35 in chips) 
Seat 2: rzeszow17 ($28.61 in chips) 
Seat 3: shortstackpro ($6.92 in chips) 
Seat 4: Mahu2021 ($10.76 in chips) 
Seat 5: kotaraka1312 ($17.33 in chips) 
Seat 6: ouestcountry ($13.71 in chips) 
rzeszow17: posts small blind $0.05
shortstackpro: posts big blind $0.10
*** HOLE CARDS ***
Dealt to Mahu2021 [6h Ks]
Mahu2021: folds 
kotaraka1312: folds 
ouestcountry: folds 
Geedz: raises $0.20 to $0.30
rzeszow17: folds 
shortstackpro: folds 
Uncalled bet ($0.20) returned to Geedz
Geedz collected $0.25 from pot
Geedz: doesn't show hand 
*** SUMMARY ***
Total pot $0.25 | Rake $0 
Seat 1: Geedz (button) collected ($0.25)
Seat 2: rzeszow17 (small blind) folded before Flop
Seat 3: shortstackpro (big blind) folded before Flop
Seat 4: Mahu2021 folded before Flop (didn't bet)
Seat 5: kotaraka1312 folded before Flop (didn't bet)
Seat 6: ouestcountry folded before Flop (didn't bet)



PokerStars Zoom Hand #254066499837:  Hold'em No Limit ($0.05/$0.10) - 2024/12/28 12:26:30 CET [2024/12/28 6:26:30 ET]
Table 'Aludra' 6-max Seat #1 is the button
Seat 1: dbennett1986 ($11.68 in chips) 
Seat 2: Mahu2021 ($10.66 in chips) 
Seat 3: Midaz71 ($9.50 in chips) 
Seat 4: Danny Yar ($14.40 in chips) 
Seat 5: Ryudim ($7.40 in chips) 
Seat 6: gelik32 ($10 in chips) 
Mahu2021: posts small blind $0.05
Midaz71: posts big blind $0.10
*** HOLE CARDS ***
Dealt to Mahu2021 [Ts 5c]
Danny Yar: folds 
Ryudim: folds 
gelik32: folds 
dbennett1986: folds 
Mahu2021: folds 
Uncalled bet ($0.05) returned to Midaz71
Midaz71 collected $0.10 from pot
Midaz71: doesn't show hand 
*** SUMMARY ***
Total pot $0.10 | Rake $0 
Seat 1: dbennett1986 (button) folded before Flop (didn't bet)
Seat 2: Mahu2021 (small blind) folded before Flop
Seat 3: Midaz71 (big blind) collected ($0.10)
Seat 4: Danny Yar folded before Flop (didn't bet)
Seat 5: Ryudim folded before Flop (didn't bet)
Seat 6: gelik32 folded before Flop (didn't bet)



PokerStars Zoom Hand #254066500502:  Hold'em No Limit ($0.05/$0.10) - 2024/12/28 12:26:35 CET [2024/12/28 6:26:35 ET]
Table 'Aludra' 6-max Seat #1 is the button
Seat 1: Mahu2021 ($10.61 in chips) 
Seat 2: Meat Eater Mr E ($10.15 in chips) 
Seat 3: gelik32 ($11.98 in chips) 
Seat 4: solsol2020 ($10.23 in chips) 
Seat 5: Geedz ($10.50 in chips) 
Seat 6: Dimon_55_77 ($13.28 in chips) 
Meat Eater Mr E: posts small blind $0.05
gelik32: posts big blind $0.10
*** HOLE CARDS ***
Dealt to Mahu2021 [7h 2s]
solsol2020: folds 
Geedz: raises $0.20 to $0.30
Dimon_55_77: folds 
Mahu2021: folds 
Meat Eater Mr E: folds 
gelik32: folds 
Uncalled bet ($0.20) returned to Geedz
Geedz collected $0.25 from pot
Geedz: doesn't show hand 
*** SUMMARY ***
Total pot $0.25 | Rake $0 
Seat 1: Mahu2021 (button) folded before Flop (didn't bet)
Seat 2: Meat Eater Mr E (small blind) folded before Flop
Seat 3: gelik32 (big blind) folded before Flop
Seat 4: solsol2020 folded before Flop (didn't bet)
Seat 5: Geedz collected ($0.25)
Seat 6: Dimon_55_77 folded before Flop (didn't bet)



PokerStars Zoom Hand #254066503237:  Hold'em No Limit ($0.05/$0.10) - 2024/12/28 12:26:55 CET [2024/12/28 6:26:55 ET]
Table 'Aludra' 6-max Seat #1 is the button
Seat 1: uidman ($9.96 in chips) 
Seat 2: blessyou2837 ($11.10 in chips) 
Seat 3: Mahu2021 ($10.61 in chips) 
Seat 4: Midaz71 ($9.55 in chips) 
Seat 5: TomasHn ($10 in chips) 
Seat 6: DonkeyKong1960 ($10.10 in chips) 
blessyou2837: posts small blind $0.05
Mahu2021: posts big blind $0.10
*** HOLE CARDS ***
Dealt to Mahu2021 [8s 5d]
Midaz71: folds 
TomasHn: folds 
DonkeyKong1960: folds 
uidman: folds 
blessyou2837: folds 
Uncalled bet ($0.05) returned to Mahu2021
Mahu2021 collected $0.10 from pot
Mahu2021: doesn't show hand 
*** SUMMARY ***
Total pot $0.10 | Rake $0 
Seat 1: uidman (button) folded before Flop (didn't bet)
Seat 2: blessyou2837 (small blind) folded before Flop
Seat 3: Mahu2021 (big blind) collected ($0.10)
Seat 4: Midaz71 folded before Flop (didn't bet)
Seat 5: TomasHn folded before Flop (didn't bet)
Seat 6: DonkeyKong1960 folded before Flop (didn't bet)



PokerStars Zoom Hand #254066501045:  Hold'em No Limit ($0.05/$0.10) - 2024/12/28 12:26:39 CET [2024/12/28 6:26:39 ET]
Table 'Aludra' 6-max Seat #1 is the button
Seat 1: Meat Eater Mr E ($10.10 in chips) 
Seat 2: pitzymecanic ($6.75 in chips) 
Seat 3: solsol2020 ($10.23 in chips) 
Seat 4: rGiosa ($10 in chips) 
Seat 5: jookai ($10 in chips) 
Seat 6: Mahu2021 ($10.61 in chips) 
pitzymecanic: posts small blind $0.05
solsol2020: posts big blind $0.10
*** HOLE CARDS ***
Dealt to Mahu2021 [6h Jh]
rGiosa: folds 
jookai: raises $0.14 to $0.24
Mahu2021: folds 
Meat Eater Mr E: raises $0.56 to $0.80
pitzymecanic: folds 
solsol2020: folds 
jookai: folds 
Uncalled bet ($0.56) returned to Meat Eater Mr E
Meat Eater Mr E collected $0.63 from pot
Meat Eater Mr E: doesn't show hand 
*** SUMMARY ***
Total pot $0.63 | Rake $0 
Seat 1: Meat Eater Mr E (button) collected ($0.63)
Seat 2: pitzymecanic (small blind) folded before Flop
Seat 3: solsol2020 (big blind) folded before Flop
Seat 4: rGiosa folded before Flop (didn't bet)
Seat 5: jookai folded before Flop
Seat 6: Mahu2021 folded before Flop (didn't bet)



PokerStars Zoom Hand #254066504946:  Hold'em No Limit ($0.05/$0.10) - 2024/12/28 12:27:07 CET [2024/12/28 6:27:07 ET]
Table 'Aludra' 6-max Seat #1 is the button
Seat 1: babiloniaxxx ($9.40 in chips) 
Seat 2: Mahu2021 ($10.66 in chips) 
Seat 3: TAr1927 ($11.72 in chips) 
Seat 4: High Calonic ($10.05 in chips) 
Seat 5: Murci809 ($4.42 in chips) 
Seat 6: Dimon_55_77 ($15.12 in chips) 
Mahu2021: posts small blind $0.05
TAr1927: posts big blind $0.10
*** HOLE CARDS ***
Dealt to Mahu2021 [6s Qs]
High Calonic: raises $0.15 to $0.25
Murci809: folds 
Dimon_55_77: folds 
babiloniaxxx: folds 
Mahu2021: calls $0.20
TAr1927: folds 
*** FLOP *** [Tc 8s 2c]
Mahu2021: checks 
High Calonic: bets $0.14
Mahu2021: calls $0.14
*** TURN *** [Tc 8s 2c] [4s]
Mahu2021: checks 
High Calonic: checks 
*** RIVER *** [Tc 8s 2c 4s] [5d]
Mahu2021: bets $0.84
High Calonic: raises $2.52 to $3.36
Mahu2021: folds 
Uncalled bet ($2.52) returned to High Calonic
High Calonic collected $2.44 from pot
High Calonic: doesn't show hand 
*** SUMMARY ***
Total pot $2.56 | Rake $0.12 
Board [Tc 8s 2c 4s 5d]
Seat 1: babiloniaxxx (button) folded before Flop (didn't bet)
Seat 2: Mahu2021 (small blind) folded on the River
Seat 3: TAr1927 (big blind) folded before Flop
Seat 4: High Calonic collected ($2.44)
Seat 5: Murci809 folded before Flop (didn't bet)
Seat 6: Dimon_55_77 folded before Flop (didn't bet)



PokerStars Zoom Hand #254066509694:  Hold'em No Limit ($0.05/$0.10) - 2024/12/28 12:27:42 CET [2024/12/28 6:27:42 ET]
Table 'Aludra' 6-max Seat #1 is the button
Seat 1: Mahu2021 ($9.43 in chips) 
Seat 2: blessyou2837 ($11.05 in chips) 
Seat 3: DJC1922 ($10 in chips) 
Seat 4: samana1313 ($14.44 in chips) 
Seat 5: jookai ($19.79 in chips) 
Seat 6: dodgydan68 ($12.11 in chips) 
blessyou2837: posts small blind $0.05
DJC1922: posts big blind $0.10
*** HOLE CARDS ***
Dealt to Mahu2021 [9d Kc]
samana1313: folds 
jookai: folds 
dodgydan68: folds 
Mahu2021: raises $0.20 to $0.30
blessyou2837: raises $0.85 to $1.15
DJC1922: folds 
Mahu2021: folds 
Uncalled bet ($0.85) returned to blessyou2837
blessyou2837 collected $0.70 from pot
blessyou2837: doesn't show hand 
*** SUMMARY ***
Total pot $0.70 | Rake $0 
Seat 1: Mahu2021 (button) folded before Flop
Seat 2: blessyou2837 (small blind) collected ($0.70)
Seat 3: DJC1922 (big blind) folded before Flop
Seat 4: samana1313 folded before Flop (didn't bet)
Seat 5: jookai folded before Flop (didn't bet)
Seat 6: dodgydan68 folded before Flop (didn't bet)



PokerStars Zoom Hand #254066508812:  Hold'em No Limit ($0.05/$0.10) - 2024/12/28 12:27:35 CET [2024/12/28 6:27:35 ET]
Table 'Aludra' 6-max Seat #1 is the button
Seat 1: Dimon_55_77 ($15.07 in chips) 
Seat 2: Ripshaw10 ($27.49 in chips) 
Seat 3: Danny Yar ($14.40 in chips) 
Seat 4: psyhooooo ($8.53 in chips) 
Seat 5: Yoshi_HAL ($10.30 in chips) 
Seat 6: Mahu2021 ($9.43 in chips) 
Ripshaw10: posts small blind $0.05
Danny Yar: posts big blind $0.10
*** HOLE CARDS ***
Dealt to Mahu2021 [4s Th]
psyhooooo: folds 
Yoshi_HAL: folds 
Mahu2021: folds 
Dimon_55_77: raises $0.20 to $0.30
Ripshaw10: folds 
Danny Yar: folds 
Uncalled bet ($0.20) returned to Dimon_55_77
Dimon_55_77 collected $0.25 from pot
Dimon_55_77: doesn't show hand 
*** SUMMARY ***
Total pot $0.25 | Rake $0 
Seat 1: Dimon_55_77 (button) collected ($0.25)
Seat 2: Ripshaw10 (small blind) folded before Flop
Seat 3: Danny Yar (big blind) folded before Flop
Seat 4: psyhooooo folded before Flop (didn't bet)
Seat 5: Yoshi_HAL folded before Flop (didn't bet)
Seat 6: Mahu2021 folded before Flop (didn't bet)



PokerStars Zoom Hand #254066501837:  Hold'em No Limit ($0.05/$0.10) - 2024/12/28 12:26:45 CET [2024/12/28 6:26:45 ET]
Table 'Aludra' 6-max Seat #1 is the button
Seat 1: DonkeyKong1960 ($10.10 in chips) 
Seat 2: MIKESTEL77 ($1.94 in chips) 
Seat 3: Danny Yar ($6.65 in chips) 
Seat 4: danyboy6969 ($10.92 in chips) 
Seat 5: Mahu2021 ($10.61 in chips) 
Seat 6: shortstackpro ($6.82 in chips) 
MIKESTEL77: posts small blind $0.05
Danny Yar: posts big blind $0.10
*** HOLE CARDS ***
Dealt to Mahu2021 [4h 6d]
danyboy6969: folds 
Mahu2021: folds 
shortstackpro: folds 
DonkeyKong1960: raises $0.20 to $0.30
MIKESTEL77: folds 
Danny Yar: calls $0.20
*** FLOP *** [Jd 8c Tc]
Danny Yar: checks 
DonkeyKong1960: bets $0.31
Danny Yar: calls $0.31
*** TURN *** [Jd 8c Tc] [Ts]
Danny Yar: checks 
DonkeyKong1960: bets $0.80
Danny Yar: calls $0.80
*** RIVER *** [Jd 8c Tc Ts] [2s]
Danny Yar: checks 
DonkeyKong1960: bets $1.60
Danny Yar: folds 
Uncalled bet ($1.60) returned to DonkeyKong1960
DonkeyKong1960 collected $2.74 from pot
DonkeyKong1960: doesn't show hand 
*** SUMMARY ***
Total pot $2.87 | Rake $0.13 
Board [Jd 8c Tc Ts 2s]
Seat 1: DonkeyKong1960 (button) collected ($2.74)
Seat 2: MIKESTEL77 (small blind) folded before Flop
Seat 3: Danny Yar (big blind) folded on the River
Seat 4: danyboy6969 folded before Flop (didn't bet)
Seat 5: Mahu2021 folded before Flop (didn't bet)
Seat 6: shortstackpro folded before Flop (didn't bet)



PokerStars Zoom Hand #254066511324:  Hold'em No Limit ($0.05/$0.10) - 2024/12/28 12:27:54 CET [2024/12/28 6:27:54 ET]
Table 'Aludra' 6-max Seat #1 is the button
Seat 1: KRSofM ($7.38 in chips) 
Seat 2: Geocon1987 ($7.56 in chips) 
Seat 3: elvis_genius ($14.71 in chips) 
Seat 4: Mahu2021 ($9.13 in chips) 
Seat 5: Ripshaw10 ($7.71 in chips) 
Seat 6: samana1313 ($14.39 in chips) 
Geocon1987: posts small blind $0.05
elvis_genius: posts big blind $0.10
*** HOLE CARDS ***
Dealt to Mahu2021 [3d 5c]
Mahu2021: folds 
Ripshaw10: folds 
samana1313: raises $0.20 to $0.30
KRSofM: folds 
Geocon1987: raises $7.26 to $7.56 and is all-in
elvis_genius: folds 
samana1313: folds 
Uncalled bet ($7.26) returned to Geocon1987
Geocon1987 collected $0.70 from pot
Geocon1987: doesn't show hand 
*** SUMMARY ***
Total pot $0.70 | Rake $0 
Seat 1: KRSofM (button) folded before Flop (didn't bet)
Seat 2: Geocon1987 (small blind) collected ($0.70)
Seat 3: elvis_genius (big blind) folded before Flop
Seat 4: Mahu2021 folded before Flop (didn't bet)
Seat 5: Ripshaw10 folded before Flop (didn't bet)
Seat 6: samana1313 folded before Flop



PokerStars Zoom Hand #254066515186:  Hold'em No Limit ($0.05/$0.10) - 2024/12/28 12:28:22 CET [2024/12/28 6:28:22 ET]
Table 'Aludra' 6-max Seat #1 is the button
Seat 1: Prfct Insdr ($10.63 in chips) 
Seat 2: Mahu2021 ($9.03 in chips) 
Seat 3: MIKESTEL77 ($1.59 in chips) 
Seat 4: DJC1922 ($9.22 in chips) 
Seat 5: 2hug0 ($10 in chips) 
Seat 6: kotaraka1312 ($12.05 in chips) 
Mahu2021: posts small blind $0.05
MIKESTEL77: posts big blind $0.10
*** HOLE CARDS ***
Dealt to Mahu2021 [4h 2d]
DJC1922: folds 
2hug0: folds 
kotaraka1312: folds 
Prfct Insdr: raises $0.20 to $0.30
Mahu2021: folds 
MIKESTEL77: folds 
Uncalled bet ($0.20) returned to Prfct Insdr
Prfct Insdr collected $0.25 from pot
Prfct Insdr: doesn't show hand 
*** SUMMARY ***
Total pot $0.25 | Rake $0 
Seat 1: Prfct Insdr (button) collected ($0.25)
Seat 2: Mahu2021 (small blind) folded before Flop
Seat 3: MIKESTEL77 (big blind) folded before Flop
Seat 4: DJC1922 folded before Flop (didn't bet)
Seat 5: 2hug0 folded before Flop (didn't bet)
Seat 6: kotaraka1312 folded before Flop (didn't bet)



PokerStars Zoom Hand #254066516111:  Hold'em No Limit ($0.05/$0.10) - 2024/12/28 12:28:29 CET [2024/12/28 6:28:29 ET]
Table 'Aludra' 6-max Seat #1 is the button
Seat 1: TomasHn ($10 in chips) 
Seat 2: 2hug0 ($10 in chips) 
Seat 3: blessyou2837 ($12.39 in chips) 
Seat 4: Angrydoor882 ($28.90 in chips) 
Seat 5: Mahu2021 ($8.98 in chips) 
Seat 6: DonkeyKong1960 ($10.10 in chips) 
2hug0: posts small blind $0.05
blessyou2837: posts big blind $0.10
*** HOLE CARDS ***
Dealt to Mahu2021 [3h Ah]
Angrydoor882: folds 
Mahu2021: raises $0.20 to $0.30
DonkeyKong1960: folds 
TomasHn: folds 
2hug0: folds 
blessyou2837: folds 
Uncalled bet ($0.20) returned to Mahu2021
Mahu2021 collected $0.25 from pot
Mahu2021: doesn't show hand 
*** SUMMARY ***
Total pot $0.25 | Rake $0 
Seat 1: TomasHn (button) folded before Flop (didn't bet)
Seat 2: 2hug0 (small blind) folded before Flop
Seat 3: blessyou2837 (big blind) folded before Flop
Seat 4: Angrydoor882 folded before Flop (didn't bet)
Seat 5: Mahu2021 collected ($0.25)
Seat 6: DonkeyKong1960 folded before Flop (didn't bet)



PokerStars Zoom Hand #254066502730:  Hold'em No Limit ($0.05/$0.10) - 2024/12/28 12:26:51 CET [2024/12/28 6:26:51 ET]
Table 'Aludra' 6-max Seat #1 is the button
Seat 1: xavi66 ($11.21 in chips) 
Seat 2: HakuBD ($21.10 in chips) 
Seat 3: Dimon_55_77 ($15.22 in chips) 
Seat 4: elvis_genius ($14.81 in chips) 
Seat 5: Mahu2021 ($10.61 in chips) 
Seat 6: kotaraka1312 ($30.22 in chips) 
HakuBD: posts small blind $0.05
Dimon_55_77: posts big blind $0.10
*** HOLE CARDS ***
Dealt to Mahu2021 [6h Jd]
elvis_genius: raises $0.15 to $0.25
Mahu2021: folds 
kotaraka1312: calls $0.25
xavi66: raises $0.85 to $1.10
HakuBD: folds 
Dimon_55_77: folds 
elvis_genius: folds 
kotaraka1312: calls $0.85
*** FLOP *** [8d Tc Qc]
kotaraka1312: checks 
xavi66: checks 
*** TURN *** [8d Tc Qc] [7s]
kotaraka1312: bets $1.24
xavi66: calls $1.24
*** RIVER *** [8d Tc Qc 7s] [2s]
kotaraka1312: bets $1.93
xavi66: raises $6.94 to $8.87 and is all-in
kotaraka1312: folds 
Uncalled bet ($6.94) returned to xavi66
xavi66 collected $8.54 from pot
xavi66: doesn't show hand 
*** SUMMARY ***
Total pot $8.94 | Rake $0.40 
Board [8d Tc Qc 7s 2s]
Seat 1: xavi66 (button) collected ($8.54)
Seat 2: HakuBD (small blind) folded before Flop
Seat 3: Dimon_55_77 (big blind) folded before Flop
Seat 4: elvis_genius folded before Flop
Seat 5: Mahu2021 folded before Flop (didn't bet)
Seat 6: kotaraka1312 folded on the River



PokerStars Zoom Hand #254066512020:  Hold'em No Limit ($0.05/$0.10) - 2024/12/28 12:27:59 CET [2024/12/28 6:27:59 ET]
Table 'Aludra' 6-max Seat #1 is the button
Seat 1: Mahu2021 ($9.13 in chips) 
Seat 2: KRSofM ($7.38 in chips) 
Seat 3: danyboy6969 ($18.88 in chips) 
Seat 4: rzeszow17 ($28.95 in chips) 
Seat 5: TopSaleman ($26.62 in chips) 
Seat 6: rGiosa ($10.10 in chips) 
KRSofM: posts small blind $0.05
danyboy6969: posts big blind $0.10
*** HOLE CARDS ***
Dealt to Mahu2021 [8h 9c]
rzeszow17: folds 
TopSaleman: folds 
rGiosa: folds 
Mahu2021: folds 
KRSofM: raises $0.20 to $0.30
danyboy6969: raises $0.50 to $0.80
KRSofM: raises $1.20 to $2
danyboy6969: calls $1.20
*** FLOP *** [Td Qd 4s]
KRSofM: bets $0.96
danyboy6969: calls $0.96
*** TURN *** [Td Qd 4s] [2c]
KRSofM: bets $4.42 and is all-in
danyboy6969: calls $4.42
*** FIRST RIVER *** [Td Qd 4s 2c] [7s]
*** SECOND RIVER *** [Td Qd 4s 2c] [9h]
*** FIRST SHOW DOWN ***
KRSofM: shows [Kc Kd] (a pair of Kings)
danyboy6969: shows [2h 2s] (three of a kind, Deuces)
danyboy6969 collected $7.05 from pot
*** SECOND SHOW DOWN ***
KRSofM: shows [Kc Kd] (a pair of Kings)
danyboy6969: shows [2h 2s] (three of a kind, Deuces)
danyboy6969 collected $7.05 from pot
*** SUMMARY ***
Total pot $14.76 | Rake $0.66 
Hand was run twice
FIRST Board [Td Qd 4s 2c 7s]
SECOND Board [Td Qd 4s 2c 9h]
Seat 1: Mahu2021 (button) folded before Flop (didn't bet)
Seat 2: KRSofM (small blind) showed [Kc Kd] and lost with a pair of Kings, and lost with a pair of Kings
Seat 3: danyboy6969 (big blind) showed [2h 2s] and won ($7.05) with three of a kind, Deuces, and won ($7.05) with three of a kind, Deuces
Seat 4: rzeszow17 folded before Flop (didn't bet)
Seat 5: TopSaleman folded before Flop (didn't bet)
Seat 6: rGiosa folded before Flop (didn't bet)



PokerStars Zoom Hand #254066512743:  Hold'em No Limit ($0.05/$0.10) - 2024/12/28 12:28:04 CET [2024/12/28 6:28:04 ET]
Table 'Aludra' 6-max Seat #1 is the button
Seat 1: daisuke.ars ($48.69 in chips) 
Seat 2: Danny Yar ($5.95 in chips) 
Seat 3: 2hug0 ($10 in chips) 
Seat 4: MIKESTEL77 ($1.64 in chips) 
Seat 5: HakuBD ($20.85 in chips) 
Seat 6: Mahu2021 ($9.13 in chips) 
Danny Yar: posts small blind $0.05
2hug0: posts big blind $0.10
*** HOLE CARDS ***
Dealt to Mahu2021 [4s 6s]
MIKESTEL77: folds 
HakuBD: folds 
Mahu2021: folds 
daisuke.ars: raises $0.14 to $0.24
Danny Yar: raises $0.88 to $1.12
2hug0: folds 
daisuke.ars: calls $0.88
*** FLOP *** [Kd 6h 7s]
Danny Yar: bets $1.05
daisuke.ars: calls $1.05
*** TURN *** [Kd 6h 7s] [Kc]
Danny Yar: bets $3.78 and is all-in
daisuke.ars: calls $3.78
*** RIVER *** [Kd 6h 7s Kc] [Qh]
*** SHOW DOWN ***
Danny Yar: shows [9d 9s] (two pair, Kings and Nines)
daisuke.ars: shows [Ks Ts] (three of a kind, Kings)
daisuke.ars cashed out the hand for $10.71 | Cash Out Fee $0.22
*** SUMMARY ***
Total pot $12 | Rake $0.54 
Board [Kd 6h 7s Kc Qh]
Seat 1: daisuke.ars (button) showed [Ks Ts] and won ($11.46) with three of a kind, Kings (pot not awarded as player cashed out)
Seat 2: Danny Yar (small blind) showed [9d 9s] and lost with two pair, Kings and Nines
Seat 3: 2hug0 (big blind) folded before Flop
Seat 4: MIKESTEL77 folded before Flop (didn't bet)
Seat 5: HakuBD folded before Flop (didn't bet)
Seat 6: Mahu2021 folded before Flop (didn't bet)



PokerStars Zoom Hand #254066513403:  Hold'em No Limit ($0.05/$0.10) - 2024/12/28 12:28:09 CET [2024/12/28 6:28:09 ET]
Table 'Aludra' 6-max Seat #1 is the button
Seat 1: gelik32 ($10.83 in chips) 
Seat 2: DonkeyKong1960 ($11.33 in chips) 
Seat 3: Mahu2021 ($9.13 in chips) 
Seat 4: Geedz ($15.35 in chips) 
Seat 5: rGiosa ($10.10 in chips) 
Seat 6: Angrydoor882 ($28.90 in chips) 
DonkeyKong1960: posts small blind $0.05
Mahu2021: posts big blind $0.10
*** HOLE CARDS ***
Dealt to Mahu2021 [3c Qc]
Geedz: folds 
rGiosa: folds 
Angrydoor882: folds 
gelik32: raises $0.15 to $0.25
DonkeyKong1960: raises $0.75 to $1
Mahu2021: folds 
gelik32: calls $0.75
*** FLOP *** [Js 7h 5d]
DonkeyKong1960: bets $0.80
gelik32: calls $0.80
*** TURN *** [Js 7h 5d] [8h]
DonkeyKong1960: checks 
gelik32: checks 
*** RIVER *** [Js 7h 5d 8h] [4s]
DonkeyKong1960: bets $1.70
gelik32: calls $1.70
*** SHOW DOWN ***
DonkeyKong1960: shows [Qs Qd] (a pair of Queens)
gelik32: mucks hand 
DonkeyKong1960 collected $6.78 from pot
*** SUMMARY ***
Total pot $7.10 | Rake $0.32 
Board [Js 7h 5d 8h 4s]
Seat 1: gelik32 (button) mucked [Kd Jd]
Seat 2: DonkeyKong1960 (small blind) showed [Qs Qd] and won ($6.78) with a pair of Queens
Seat 3: Mahu2021 (big blind) folded before Flop
Seat 4: Geedz folded before Flop (didn't bet)
Seat 5: rGiosa folded before Flop (didn't bet)
Seat 6: Angrydoor882 folded before Flop (didn't bet)



PokerStars Zoom Hand #254066517979:  Hold'em No Limit ($0.05/$0.10) - 2024/12/28 12:28:43 CET [2024/12/28 6:28:43 ET]
Table 'Aludra' 6-max Seat #1 is the button
Seat 1: DJC1922 ($9.85 in chips) 
Seat 2: TopSaleman ($26.47 in chips) 
Seat 3: Murci809 ($2.47 in chips) 
Seat 4: Dimon_55_77 ($12.78 in chips) 
Seat 5: Mahu2021 ($9.13 in chips) 
Seat 6: Modesto165 ($10 in chips) 
TopSaleman: posts small blind $0.05
Murci809: posts big blind $0.10
*** HOLE CARDS ***
Dealt to Mahu2021 [Tc Ah]
Dimon_55_77: folds 
Mahu2021: raises $0.20 to $0.30
Modesto165: folds 
DJC1922: folds 
TopSaleman: folds 
Murci809: folds 
Uncalled bet ($0.20) returned to Mahu2021
Mahu2021 collected $0.25 from pot
Mahu2021: doesn't show hand 
*** SUMMARY ***
Total pot $0.25 | Rake $0 
Seat 1: DJC1922 (button) folded before Flop (didn't bet)
Seat 2: TopSaleman (small blind) folded before Flop
Seat 3: Murci809 (big blind) folded before Flop
Seat 4: Dimon_55_77 folded before Flop (didn't bet)
Seat 5: Mahu2021 collected ($0.25)
Seat 6: Modesto165 folded before Flop (didn't bet)



PokerStars Zoom Hand #254066517468:  Hold'em No Limit ($0.05/$0.10) - 2024/12/28 12:28:39 CET [2024/12/28 6:28:39 ET]
Table 'Aludra' 6-max Seat #1 is the button
Seat 1: MIKESTEL77 ($1.44 in chips) 
Seat 2: daisuke.ars ($30.39 in chips) 
Seat 3: jookai ($19.66 in chips) 
Seat 4: Mahu2021 ($9.13 in chips) 
Seat 5: kotaraka1312 ($25.95 in chips) 
Seat 6: J_Gopen7 ($70.90 in chips) 
daisuke.ars: posts small blind $0.05
jookai: posts big blind $0.10
*** HOLE CARDS ***
Dealt to Mahu2021 [4d 6c]
Mahu2021: folds 
kotaraka1312 is disconnected 
kotaraka1312 has timed out while disconnected
kotaraka1312: folds 
J_Gopen7: raises $0.20 to $0.30
MIKESTEL77: calls $0.30
daisuke.ars: folds 
jookai: folds 
*** FLOP *** [7h 6s 4c]
J_Gopen7: bets $0.30
MIKESTEL77: calls $0.30
*** TURN *** [7h 6s 4c] [8d]
J_Gopen7: bets $70.30 and is all-in
MIKESTEL77: folds 
Uncalled bet ($70.30) returned to J_Gopen7
J_Gopen7 collected $1.29 from pot
J_Gopen7: doesn't show hand 
*** SUMMARY ***
Total pot $1.35 | Rake $0.06 
Board [7h 6s 4c 8d]
Seat 1: MIKESTEL77 (button) folded on the Turn
Seat 2: daisuke.ars (small blind) folded before Flop
Seat 3: jookai (big blind) folded before Flop
Seat 4: Mahu2021 folded before Flop (didn't bet)
Seat 5: kotaraka1312 folded before Flop (didn't bet)
Seat 6: J_Gopen7 collected ($1.29)



PokerStars Zoom Hand #254066521841:  Hold'em No Limit ($0.05/$0.10) - 2024/12/28 12:29:11 CET [2024/12/28 6:29:11 ET]
Table 'Aludra' 6-max Seat #1 is the button
Seat 1: Mahu2021 ($9.28 in chips) 
Seat 2: briggsyy17 ($28.87 in chips) 
Seat 3: Dimon_55_77 ($12.73 in chips) 
Seat 4: gelik32 ($10 in chips) 
Seat 5: Yoshi_HAL ($10 in chips) 
Seat 6: MLneto91 ($8.31 in chips) 
briggsyy17: posts small blind $0.05
Dimon_55_77: posts big blind $0.10
*** HOLE CARDS ***
Dealt to Mahu2021 [Kd Js]
gelik32: raises $0.15 to $0.25
Yoshi_HAL: folds 
MLneto91: folds 
Mahu2021: calls $0.25
briggsyy17: calls $0.20
Dimon_55_77: folds 
*** FLOP *** [Qc Td 4s]
briggsyy17: bets $0.81
gelik32: folds 
Mahu2021: calls $0.81
*** TURN *** [Qc Td 4s] [9h]
briggsyy17 is disconnected 
briggsyy17 has timed out while being disconnected
briggsyy17: checks 
Mahu2021: bets $2.36
briggsyy17 has timed out while disconnected
briggsyy17: folds 
Uncalled bet ($2.36) returned to Mahu2021
Mahu2021 collected $2.36 from pot
Mahu2021: doesn't show hand 
*** SUMMARY ***
Total pot $2.47 | Rake $0.11 
Board [Qc Td 4s 9h]
Seat 1: Mahu2021 (button) collected ($2.36)
Seat 2: briggsyy17 (small blind) folded on the Turn
Seat 3: Dimon_55_77 (big blind) folded before Flop
Seat 4: gelik32 folded on the Flop
Seat 5: Yoshi_HAL folded before Flop (didn't bet)
Seat 6: MLneto91 folded before Flop (didn't bet)



PokerStars Zoom Hand #254066556965:  Hold'em No Limit ($0.05/$0.10) - 2024/12/28 12:33:28 CET [2024/12/28 6:33:28 ET]
Table 'Aludra' 6-max Seat #1 is the button
Seat 1: TopSaleman ($11.38 in chips) 
Seat 2: danyboy6969 ($26.29 in chips) 
Seat 3: Mahu2021 ($10.58 in chips) 
Seat 4: Prfct Insdr ($10.69 in chips) 
Seat 5: Xenoon54 ($10 in chips) 
Seat 6: DonkeyKong1960 ($10 in chips) 
danyboy6969: posts small blind $0.05
Mahu2021: posts big blind $0.10
*** HOLE CARDS ***
Dealt to Mahu2021 [9s 9d]
Prfct Insdr: folds 
Xenoon54: folds 
DonkeyKong1960: folds 
TopSaleman: raises $0.12 to $0.22
danyboy6969: folds 
Mahu2021: raises $0.48 to $0.70
TopSaleman: raises $1.40 to $2.10
Mahu2021: folds 
Uncalled bet ($1.40) returned to TopSaleman
TopSaleman collected $1.45 from pot
TopSaleman: doesn't show hand 
*** SUMMARY ***
Total pot $1.45 | Rake $0 
Seat 1: TopSaleman (button) collected ($1.45)
Seat 2: danyboy6969 (small blind) folded before Flop
Seat 3: Mahu2021 (big blind) folded before Flop
Seat 4: Prfct Insdr folded before Flop (didn't bet)
Seat 5: Xenoon54 folded before Flop (didn't bet)
Seat 6: DonkeyKong1960 folded before Flop (didn't bet)



PokerStars Zoom Hand #254066562147:  Hold'em No Limit ($0.05/$0.10) - 2024/12/28 12:34:04 CET [2024/12/28 6:34:04 ET]
Table 'Aludra' 6-max Seat #1 is the button
Seat 1: jeonjinny ($9.85 in chips) 
Seat 2: Murci809 ($5.05 in chips) 
Seat 3: solsol2020 ($13.11 in chips) 
Seat 4: Meat Eater Mr E ($10.40 in chips) 
Seat 5: kontra101 ($10.55 in chips) 
Seat 6: Mahu2021 ($9.83 in chips) 
Murci809: posts small blind $0.05
solsol2020: posts big blind $0.10
*** HOLE CARDS ***
Dealt to Mahu2021 [2s 9h]
Meat Eater Mr E: folds 
kontra101: folds 
Mahu2021: folds 
jeonjinny: folds 
Murci809: folds 
Uncalled bet ($0.05) returned to solsol2020
solsol2020 collected $0.10 from pot
solsol2020: doesn't show hand 
*** SUMMARY ***
Total pot $0.10 | Rake $0 
Seat 1: jeonjinny (button) folded before Flop (didn't bet)
Seat 2: Murci809 (small blind) folded before Flop
Seat 3: solsol2020 (big blind) collected ($0.10)
Seat 4: Meat Eater Mr E folded before Flop (didn't bet)
Seat 5: kontra101 folded before Flop (didn't bet)
Seat 6: Mahu2021 folded before Flop (didn't bet)



PokerStars Zoom Hand #254066561010:  Hold'em No Limit ($0.05/$0.10) - 2024/12/28 12:33:56 CET [2024/12/28 6:33:56 ET]
Table 'Aludra' 6-max Seat #1 is the button
Seat 1: daisuke.ars ($53.93 in chips) 
Seat 2: Mahu2021 ($9.88 in chips) 
Seat 3: bichonmaltez ($11.56 in chips) 
Seat 4: blessyou2837 ($13.01 in chips) 
Seat 5: cz83 ($10.50 in chips) 
Seat 6: TomasHn ($10.31 in chips) 
Mahu2021: posts small blind $0.05
bichonmaltez: posts big blind $0.10
*** HOLE CARDS ***
Dealt to Mahu2021 [2d 8h]
blessyou2837: folds 
cz83: folds 
TomasHn: folds 
daisuke.ars: raises $0.14 to $0.24
Mahu2021: folds 
bichonmaltez: calls $0.14
*** FLOP *** [Qd 8c 6c]
bichonmaltez: checks 
daisuke.ars: bets $0.17
bichonmaltez: folds 
Uncalled bet ($0.17) returned to daisuke.ars
daisuke.ars collected $0.51 from pot
daisuke.ars: doesn't show hand 
*** SUMMARY ***
Total pot $0.53 | Rake $0.02 
Board [Qd 8c 6c]
Seat 1: daisuke.ars (button) collected ($0.51)
Seat 2: Mahu2021 (small blind) folded before Flop
Seat 3: bichonmaltez (big blind) folded on the Flop
Seat 4: blessyou2837 folded before Flop (didn't bet)
Seat 5: cz83 folded before Flop (didn't bet)
Seat 6: TomasHn folded before Flop (didn't bet)



PokerStars Zoom Hand #254066556383:  Hold'em No Limit ($0.05/$0.10) - 2024/12/28 12:33:24 CET [2024/12/28 6:33:24 ET]
Table 'Aludra' 6-max Seat #1 is the button
Seat 1: endriu 506 ($5.59 in chips) 
Seat 2: Callgurll ($5 in chips) 
Seat 3: jeonjinny ($10 in chips) 
Seat 4: Mahu2021 ($10.58 in chips) 
Seat 5: Dimon_55_77 ($18.19 in chips) 
Seat 6: like.yasu119 ($18.91 in chips) 
Callgurll: posts small blind $0.05
jeonjinny: posts big blind $0.10
*** HOLE CARDS ***
Dealt to Mahu2021 [Ad 2c]
Mahu2021: folds 
Dimon_55_77: raises $0.15 to $0.25
like.yasu119: folds 
endriu 506: folds 
Callgurll: calls $0.20
jeonjinny: folds 
*** FLOP *** [6d Td Kc]
Callgurll: checks 
Dimon_55_77: checks 
*** TURN *** [6d Td Kc] [8d]
Callgurll: bets $0.19
Dimon_55_77: raises $0.49 to $0.68
Callgurll: calls $0.49
*** RIVER *** [6d Td Kc 8d] [5d]
Callgurll: checks 
Dimon_55_77: checks 
*** SHOW DOWN ***
Callgurll: shows [7h Jd] (a flush, Jack high)
Dimon_55_77: mucks hand 
Callgurll collected $1.85 from pot
*** SUMMARY ***
Total pot $1.96 | Rake $0.11 
Board [6d Td Kc 8d 5d]
Seat 1: endriu 506 (button) folded before Flop (didn't bet)
Seat 2: Callgurll (small blind) showed [7h Jd] and won ($1.85) with a flush, Jack high
Seat 3: jeonjinny (big blind) folded before Flop
Seat 4: Mahu2021 folded before Flop (didn't bet)
Seat 5: Dimon_55_77 mucked [Qs Qh]
Seat 6: like.yasu119 folded before Flop (didn't bet)



PokerStars Zoom Hand #254066564010:  Hold'em No Limit ($0.05/$0.10) - 2024/12/28 12:34:17 CET [2024/12/28 6:34:17 ET]
Table 'Aludra' 6-max Seat #1 is the button
Seat 1: solsol2020 ($10 in chips) 
Seat 2: jeonjinny ($9.85 in chips) 
Seat 3: Mahu2021 ($9.83 in chips) 
Seat 4: Dimon_55_77 ($11.06 in chips) 
Seat 5: camilo13186 ($6.66 in chips) 
Seat 6: TAr1927 ($10.22 in chips) 
jeonjinny: posts small blind $0.05
Mahu2021: posts big blind $0.10
*** HOLE CARDS ***
Dealt to Mahu2021 [8s 4s]
Dimon_55_77: folds 
camilo13186: raises $0.31 to $0.41
TAr1927: folds 
solsol2020: folds 
jeonjinny: folds 
Mahu2021: folds 
Uncalled bet ($0.31) returned to camilo13186
camilo13186 collected $0.25 from pot
camilo13186: doesn't show hand 
*** SUMMARY ***
Total pot $0.25 | Rake $0 
Seat 1: solsol2020 (button) folded before Flop (didn't bet)
Seat 2: jeonjinny (small blind) folded before Flop
Seat 3: Mahu2021 (big blind) folded before Flop
Seat 4: Dimon_55_77 folded before Flop (didn't bet)
Seat 5: camilo13186 collected ($0.25)
Seat 6: TAr1927 folded before Flop (didn't bet)



PokerStars Zoom Hand #254066566142:  Hold'em No Limit ($0.05/$0.10) - 2024/12/28 12:34:32 CET [2024/12/28 6:34:32 ET]
Table 'Aludra' 6-max Seat #1 is the button
Seat 1: TAr1927 ($10.22 in chips) 
Seat 2: Mahu2021 ($9.73 in chips) 
Seat 3: Danny Yar ($7.57 in chips) 
Seat 4: xavi66 ($16.62 in chips) 
Seat 5: Geedz ($10 in chips) 
Seat 6: solsol2020 ($10 in chips) 
Mahu2021: posts small blind $0.05
Danny Yar: posts big blind $0.10
*** HOLE CARDS ***
Dealt to Mahu2021 [Qc 4d]
xavi66: raises $0.15 to $0.25
Geedz: folds 
solsol2020: folds 
TAr1927: folds 
Mahu2021: folds 
Danny Yar: folds 
Uncalled bet ($0.15) returned to xavi66
xavi66 collected $0.25 from pot
xavi66: doesn't show hand 
*** SUMMARY ***
Total pot $0.25 | Rake $0 
Seat 1: TAr1927 (button) folded before Flop (didn't bet)
Seat 2: Mahu2021 (small blind) folded before Flop
Seat 3: Danny Yar (big blind) folded before Flop
Seat 4: xavi66 collected ($0.25)
Seat 5: Geedz folded before Flop (didn't bet)
Seat 6: solsol2020 folded before Flop (didn't bet)



PokerStars Zoom Hand #254066563440:  Hold'em No Limit ($0.05/$0.10) - 2024/12/28 12:34:13 CET [2024/12/28 6:34:13 ET]
Table 'Aludra' 6-max Seat #1 is the button
Seat 1: blessyou2837 ($10 in chips) 
Seat 2: Angrydoor882 ($32.89 in chips) 
Seat 3: Parulho_AR ($4.70 in chips) 
Seat 4: Mahu2021 ($9.83 in chips) 
Seat 5: landlord65 ($7.08 in chips) 
Seat 6: daisuke.ars ($37.75 in chips) 
Angrydoor882: posts small blind $0.05
Parulho_AR: posts big blind $0.10
*** HOLE CARDS ***
Dealt to Mahu2021 [9c 3s]
Mahu2021: folds 
landlord65: folds 
daisuke.ars: folds 
blessyou2837: raises $0.15 to $0.25
Angrydoor882: folds 
Parulho_AR: calls $0.15
*** FLOP *** [Kc 6h 5d]
Parulho_AR: checks 
blessyou2837: bets $0.13
Parulho_AR: calls $0.13
*** TURN *** [Kc 6h 5d] [7s]
Parulho_AR: checks 
blessyou2837: bets $0.58
Parulho_AR: raises $3.74 to $4.32 and is all-in
blessyou2837: folds 
Uncalled bet ($3.74) returned to Parulho_AR
Parulho_AR collected $1.88 from pot
Parulho_AR: doesn't show hand 
*** SUMMARY ***
Total pot $1.97 | Rake $0.09 
Board [Kc 6h 5d 7s]
Seat 1: blessyou2837 (button) folded on the Turn
Seat 2: Angrydoor882 (small blind) folded before Flop
Seat 3: Parulho_AR (big blind) collected ($1.88)
Seat 4: Mahu2021 folded before Flop (didn't bet)
Seat 5: landlord65 folded before Flop (didn't bet)
Seat 6: daisuke.ars folded before Flop (didn't bet)



PokerStars Zoom Hand #254066567460:  Hold'em No Limit ($0.05/$0.10) - 2024/12/28 12:34:41 CET [2024/12/28 6:34:41 ET]
Table 'Aludra' 6-max Seat #1 is the button
Seat 1: blessyou2837 ($11.23 in chips) 
Seat 2: babiloniaxxx ($9.16 in chips) 
Seat 3: camilo13186 ($6.81 in chips) 
Seat 4: DonkeyKong1960 ($10 in chips) 
Seat 5: Mahu2021 ($9.68 in chips) 
Seat 6: DJC1922 ($8.82 in chips) 
babiloniaxxx: posts small blind $0.05
camilo13186: posts big blind $0.10
*** HOLE CARDS ***
Dealt to Mahu2021 [5c 6d]
DonkeyKong1960: folds 
Mahu2021: folds 
DJC1922: folds 
blessyou2837: raises $0.15 to $0.25
babiloniaxxx: folds 
camilo13186: folds 
Uncalled bet ($0.15) returned to blessyou2837
blessyou2837 collected $0.25 from pot
blessyou2837: doesn't show hand 
*** SUMMARY ***
Total pot $0.25 | Rake $0 
Seat 1: blessyou2837 (button) collected ($0.25)
Seat 2: babiloniaxxx (small blind) folded before Flop
Seat 3: camilo13186 (big blind) folded before Flop
Seat 4: DonkeyKong1960 folded before Flop (didn't bet)
Seat 5: Mahu2021 folded before Flop (didn't bet)
Seat 6: DJC1922 folded before Flop (didn't bet)



PokerStars Zoom Hand #254066562699:  Hold'em No Limit ($0.05/$0.10) - 2024/12/28 12:34:08 CET [2024/12/28 6:34:08 ET]
Table 'Aludra' 6-max Seat #1 is the button
Seat 1: TomasHn ($10.10 in chips) 
Seat 2: kontra101 ($10.55 in chips) 
Seat 3: Ryudim ($14.61 in chips) 
Seat 4: Mahu2021 ($9.83 in chips) 
Seat 5: jookai ($12.22 in chips) 
Seat 6: Skomoroh ($11.07 in chips) 
kontra101: posts small blind $0.05
Ryudim: posts big blind $0.10
*** HOLE CARDS ***
Dealt to Mahu2021 [2d 7d]
Mahu2021: folds 
jookai: raises $0.14 to $0.24
Skomoroh: folds 
TomasHn: folds 
kontra101: raises $0.86 to $1.10
Ryudim: folds 
jookai: calls $0.86
*** FLOP *** [As Ks 4c]
kontra101: bets $2.30
jookai: calls $2.30
*** TURN *** [As Ks 4c] [Qc]
kontra101: bets $7.15 and is all-in
jookai: calls $7.15
kontra101 has timed out
*** RIVER *** [As Ks 4c Qc] [2s]
*** SHOW DOWN ***
kontra101: shows [Jc Jh] (a pair of Jacks)
jookai: shows [Ah Kd] (two pair, Aces and Kings)
jookai collected $20.25 from pot
*** SUMMARY ***
Total pot $21.20 | Rake $0.95 
Board [As Ks 4c Qc 2s]
Seat 1: TomasHn (button) folded before Flop (didn't bet)
Seat 2: kontra101 (small blind) showed [Jc Jh] and lost with a pair of Jacks
Seat 3: Ryudim (big blind) folded before Flop
Seat 4: Mahu2021 folded before Flop (didn't bet)
Seat 5: jookai showed [Ah Kd] and won ($20.25) with two pair, Aces and Kings
Seat 6: Skomoroh folded before Flop (didn't bet)



PokerStars Zoom Hand #254066565569:  Hold'em No Limit ($0.05/$0.10) - 2024/12/28 12:34:28 CET [2024/12/28 6:34:28 ET]
Table 'Aludra' 6-max Seat #1 is the button
Seat 1: babiloniaxxx ($6.55 in chips) 
Seat 2: Dimon_55_77 ($13.01 in chips) 
Seat 3: bkis ($4.90 in chips) 
Seat 4: solsol2020 ($13.16 in chips) 
Seat 5: TAr1927 ($10.22 in chips) 
Seat 6: Mahu2021 ($9.73 in chips) 
Dimon_55_77: posts small blind $0.05
bkis: posts big blind $0.10
*** HOLE CARDS ***
Dealt to Mahu2021 [3h 8d]
solsol2020: folds 
TAr1927: folds 
Mahu2021: folds 
babiloniaxxx: raises $0.10 to $0.20
Dimon_55_77: folds 
bkis: raises $0.80 to $1
babiloniaxxx: raises $2.05 to $3.05
bkis: folds 
Uncalled bet ($2.05) returned to babiloniaxxx
babiloniaxxx collected $2.05 from pot
babiloniaxxx: doesn't show hand 
*** SUMMARY ***
Total pot $2.05 | Rake $0 
Seat 1: babiloniaxxx (button) collected ($2.05)
Seat 2: Dimon_55_77 (small blind) folded before Flop
Seat 3: bkis (big blind) folded before Flop
Seat 4: solsol2020 folded before Flop (didn't bet)
Seat 5: TAr1927 folded before Flop (didn't bet)
Seat 6: Mahu2021 folded before Flop (didn't bet)



PokerStars Zoom Hand #254066568149:  Hold'em No Limit ($0.05/$0.10) - 2024/12/28 12:34:46 CET [2024/12/28 6:34:46 ET]
Table 'Aludra' 6-max Seat #1 is the button
Seat 1: Mahu2021 ($9.68 in chips) 
Seat 2: DonkeyKong1960 ($11.09 in chips) 
Seat 3: danyboy6969 ($30.20 in chips) 
Seat 4: juockiss ($2.42 in chips) 
Seat 5: MIKESTEL77 ($4.87 in chips) 
Seat 6: Dimon_55_77 ($11.16 in chips) 
DonkeyKong1960: posts small blind $0.05
danyboy6969: posts big blind $0.10
*** HOLE CARDS ***
Dealt to Mahu2021 [3h 9c]
juockiss: folds 
MIKESTEL77: folds 
Dimon_55_77: folds 
Mahu2021: folds 
DonkeyKong1960: folds 
Uncalled bet ($0.05) returned to danyboy6969
danyboy6969 collected $0.10 from pot
danyboy6969: doesn't show hand 
*** SUMMARY ***
Total pot $0.10 | Rake $0 
Seat 1: Mahu2021 (button) folded before Flop (didn't bet)
Seat 2: DonkeyKong1960 (small blind) folded before Flop
Seat 3: danyboy6969 (big blind) collected ($0.10)
Seat 4: juockiss folded before Flop (didn't bet)
Seat 5: MIKESTEL77 folded before Flop (didn't bet)
Seat 6: Dimon_55_77 folded before Flop (didn't bet)



PokerStars Zoom Hand #254066568530:  Hold'em No Limit ($0.05/$0.10) - 2024/12/28 12:34:48 CET [2024/12/28 6:34:48 ET]
Table 'Aludra' 6-max Seat #1 is the button
Seat 1: Danny Yar ($7.47 in chips) 
Seat 2: TeoMT7 ($4.67 in chips) 
Seat 3: Mahu2021 ($9.68 in chips) 
Seat 4: JnsS94 ($10.79 in chips) 
Seat 5: blysk ($11.62 in chips) 
Seat 6: ouestcountry ($10.94 in chips) 
TeoMT7: posts small blind $0.05
Mahu2021: posts big blind $0.10
*** HOLE CARDS ***
Dealt to Mahu2021 [8d Ks]
JnsS94: folds 
blysk: folds 
ouestcountry: folds 
Danny Yar: folds 
TeoMT7: calls $0.05
Mahu2021: raises $0.30 to $0.40
TeoMT7: calls $0.30
*** FLOP *** [7h Js 5s]
TeoMT7: checks 
Mahu2021: checks 
*** TURN *** [7h Js 5s] [5c]
TeoMT7: bets $0.10
Mahu2021: calls $0.10
*** RIVER *** [7h Js 5s 5c] [Kh]
TeoMT7: checks 
Mahu2021: bets $0.96
TeoMT7: folds 
Uncalled bet ($0.96) returned to Mahu2021
Mahu2021 collected $0.96 from pot
Mahu2021: doesn't show hand 
*** SUMMARY ***
Total pot $1 | Rake $0.04 
Board [7h Js 5s 5c Kh]
Seat 1: Danny Yar (button) folded before Flop (didn't bet)
Seat 2: TeoMT7 (small blind) folded on the River
Seat 3: Mahu2021 (big blind) collected ($0.96)
Seat 4: JnsS94 folded before Flop (didn't bet)
Seat 5: blysk folded before Flop (didn't bet)
Seat 6: ouestcountry folded before Flop (didn't bet)



PokerStars Zoom Hand #254066566861:  Hold'em No Limit ($0.05/$0.10) - 2024/12/28 12:34:37 CET [2024/12/28 6:34:37 ET]
Table 'Aludra' 6-max Seat #1 is the button
Seat 1: Ryudim ($14.46 in chips) 
Seat 2: TAr1927 ($10.22 in chips) 
Seat 3: danyboy6969 ($25.94 in chips) 
Seat 4: TheVoxPopuli ($9.90 in chips) 
Seat 5: Mahu2021 ($9.68 in chips) 
Seat 6: Dimon_55_77 ($12.96 in chips) 
TAr1927: posts small blind $0.05
danyboy6969: posts big blind $0.10
*** HOLE CARDS ***
Dealt to Mahu2021 [5d 2c]
TheVoxPopuli: folds 
Mahu2021: folds 
Dimon_55_77: folds 
Ryudim: folds 
TAr1927: raises $0.20 to $0.30
danyboy6969: calls $0.20
*** FLOP *** [7c Jd 5c]
TAr1927: bets $0.57
danyboy6969: calls $0.57
*** TURN *** [7c Jd 5c] [As]
TAr1927: bets $0.40
danyboy6969: raises $1.20 to $1.60
TAr1927: calls $1.20
*** RIVER *** [7c Jd 5c As] [4h]
TAr1927: checks 
danyboy6969: bets $23.47 and is all-in
TAr1927: folds 
Uncalled bet ($23.47) returned to danyboy6969
danyboy6969 collected $4.72 from pot
danyboy6969: doesn't show hand 
*** SUMMARY ***
Total pot $4.94 | Rake $0.22 
Board [7c Jd 5c As 4h]
Seat 1: Ryudim (button) folded before Flop (didn't bet)
Seat 2: TAr1927 (small blind) folded on the River
Seat 3: danyboy6969 (big blind) collected ($4.72)
Seat 4: TheVoxPopuli folded before Flop (didn't bet)
Seat 5: Mahu2021 folded before Flop (didn't bet)
Seat 6: Dimon_55_77 folded before Flop (didn't bet)



PokerStars Zoom Hand #254066561561:  Hold'em No Limit ($0.05/$0.10) - 2024/12/28 12:34:00 CET [2024/12/28 6:34:00 ET]
Table 'Aludra' 6-max Seat #1 is the button
Seat 1: Mahu2021 ($9.83 in chips) 
Seat 2: Yoshi_HAL ($11.60 in chips) 
Seat 3: seatrout37 ($7.33 in chips) 
Seat 4: rzeszow17 ($39.81 in chips) 
Seat 5: jeonjinny ($9.85 in chips) 
Seat 6: TopSaleman ($26.78 in chips) 
Yoshi_HAL: posts small blind $0.05
seatrout37: posts big blind $0.10
*** HOLE CARDS ***
Dealt to Mahu2021 [Th 8d]
rzeszow17: calls $0.10
jeonjinny: folds 
TopSaleman: folds 
Mahu2021: folds 
Yoshi_HAL: calls $0.05
seatrout37: checks 
*** FLOP *** [2d 3h 5d]
Yoshi_HAL: checks 
seatrout37: checks 
rzeszow17: bets $0.16
Yoshi_HAL: calls $0.16
seatrout37: folds 
*** TURN *** [2d 3h 5d] [3c]
Yoshi_HAL: bets $0.30
rzeszow17: calls $0.30
*** RIVER *** [2d 3h 5d 3c] [8h]
Yoshi_HAL: checks 
rzeszow17: checks 
*** SHOW DOWN ***
Yoshi_HAL: shows [5s 6s] (two pair, Fives and Threes)
rzeszow17: mucks hand 
Yoshi_HAL collected $1.17 from pot
*** SUMMARY ***
Total pot $1.22 | Rake $0.05 
Board [2d 3h 5d 3c 8h]
Seat 1: Mahu2021 (button) folded before Flop (didn't bet)
Seat 2: Yoshi_HAL (small blind) showed [5s 6s] and won ($1.17) with two pair, Fives and Threes
Seat 3: seatrout37 (big blind) folded on the Flop
Seat 4: rzeszow17 mucked [Qc Ad]
Seat 5: jeonjinny folded before Flop (didn't bet)
Seat 6: TopSaleman folded before Flop (didn't bet)



