PokerStars Zoom Hand #254074477958:  Hold'em No Limit ($0.05/$0.10) - 2024/12/28 21:05:41 CET [2024/12/28 15:05:41 ET]
Table 'Aludra' 6-max Seat #1 is the button
Seat 1: TheBestPart93 ($9.15 in chips) 
Seat 2: justarifu ($2.23 in chips) 
Seat 3: luizcknc ($13.37 in chips) 
Seat 4: doctornicola ($7.38 in chips) 
Seat 5: Ruselllll ($10 in chips) 
Seat 6: Mahu2021 ($10 in chips) 
justarifu: posts small blind $0.05
luizcknc: posts big blind $0.10
*** HOLE CARDS ***
Dealt to Mahu2021 [Qs 2c]
doctornicola: folds 
Ruselllll: raises $0.20 to $0.30
Mahu2021: folds 
TheBestPart93: folds 
justarifu: folds 
luizcknc: folds 
Uncalled bet ($0.20) returned to Ruselllll
Ruselllll collected $0.25 from pot
Ruselllll: doesn't show hand 
*** SUMMARY ***
Total pot $0.25 | Rake $0 
Seat 1: TheBestPart93 (button) folded before Flop (didn't bet)
Seat 2: justarifu (small blind) folded before Flop
Seat 3: luizcknc (big blind) folded before Flop
Seat 4: doctornicola folded before Flop (didn't bet)
Seat 5: Ruselllll collected ($0.25)
Seat 6: Mahu2021 folded before Flop (didn't bet)



PokerStars Zoom Hand #254074475364:  Hold'em No Limit ($0.05/$0.10) - 2024/12/28 21:05:33 CET [2024/12/28 15:05:33 ET]
Table 'Aludra' 6-max Seat #1 is the button
Seat 1: steklianniy ($16.37 in chips) 
Seat 2: bartovskii ($10.05 in chips) 
Seat 3: J_Gopen7 ($11.18 in chips) 
Seat 4: craigbissett ($11.91 in chips) 
Seat 5: Mahu2021 ($10 in chips) 
Seat 6: bartez29 ($17.26 in chips) 
bartovskii: posts small blind $0.05
J_Gopen7: posts big blind $0.10
*** HOLE CARDS ***
Dealt to Mahu2021 [9s 8d]
craigbissett: folds 
Mahu2021: folds 
bartez29: folds 
steklianniy: folds 
bartovskii: raises $0.15 to $0.25
J_Gopen7: calls $0.15
*** FLOP *** [2c Ks 8c]
bartovskii: bets $0.14
J_Gopen7: calls $0.14
*** TURN *** [2c Ks 8c] [6s]
bartovskii: bets $1.04
J_Gopen7: folds 
Uncalled bet ($1.04) returned to bartovskii
bartovskii collected $0.74 from pot
bartovskii: doesn't show hand 
*** SUMMARY ***
Total pot $0.78 | Rake $0.04 
Board [2c Ks 8c 6s]
Seat 1: steklianniy (button) folded before Flop (didn't bet)
Seat 2: bartovskii (small blind) collected ($0.74)
Seat 3: J_Gopen7 (big blind) folded on the Turn
Seat 4: craigbissett folded before Flop (didn't bet)
Seat 5: Mahu2021 folded before Flop (didn't bet)
Seat 6: bartez29 folded before Flop (didn't bet)



PokerStars Zoom Hand #254074479955:  Hold'em No Limit ($0.05/$0.10) - 2024/12/28 21:05:47 CET [2024/12/28 15:05:47 ET]
Table 'Aludra' 6-max Seat #1 is the button
Seat 1: Nork756 ($31.69 in chips) 
Seat 2: szabarna ($10.68 in chips) 
Seat 3: Mahu2021 ($10 in chips) 
Seat 4: Bornin10 ($13.32 in chips) 
Seat 5: Eula ($16.33 in chips) 
Seat 6: bartez29 ($17.26 in chips) 
szabarna: posts small blind $0.05
Mahu2021: posts big blind $0.10
*** HOLE CARDS ***
Dealt to Mahu2021 [Js Kc]
Bornin10: folds 
Eula: folds 
bartez29: folds 
Nork756: raises $0.20 to $0.30
szabarna: folds 
Mahu2021: calls $0.20
*** FLOP *** [2h 2c 7h]
Mahu2021: checks 
Nork756: bets $0.31
Mahu2021: calls $0.31
*** TURN *** [2h 2c 7h] [Ks]
Mahu2021: checks 
Nork756: checks 
*** RIVER *** [2h 2c 7h Ks] [2s]
Mahu2021: bets $1.21
Nork756: folds 
Uncalled bet ($1.21) returned to Mahu2021
Mahu2021 collected $1.21 from pot
Mahu2021: doesn't show hand 
*** SUMMARY ***
Total pot $1.27 | Rake $0.06 
Board [2h 2c 7h Ks 2s]
Seat 1: Nork756 (button) folded on the River
Seat 2: szabarna (small blind) folded before Flop
Seat 3: Mahu2021 (big blind) collected ($1.21)
Seat 4: Bornin10 folded before Flop (didn't bet)
Seat 5: Eula folded before Flop (didn't bet)
Seat 6: bartez29 folded before Flop (didn't bet)



PokerStars Zoom Hand #254074490732:  Hold'em No Limit ($0.05/$0.10) - 2024/12/28 21:06:18 CET [2024/12/28 15:06:18 ET]
Table 'Aludra' 6-max Seat #1 is the button
Seat 1: Mahu2021 ($10.60 in chips) 
Seat 2: jimbannon474 ($5.66 in chips) 
Seat 3: craigbissett ($10.02 in chips) 
Seat 4: kudria6ka ($7.99 in chips) 
Seat 5: bartez29 ($11.33 in chips) 
Seat 6: essa143 ($12.84 in chips) 
jimbannon474: posts small blind $0.05
craigbissett: posts big blind $0.10
*** HOLE CARDS ***
Dealt to Mahu2021 [9c 4s]
kudria6ka: raises $0.20 to $0.30
bartez29: folds 
essa143: folds 
Mahu2021: folds 
jimbannon474: folds 
craigbissett: folds 
Uncalled bet ($0.20) returned to kudria6ka
kudria6ka collected $0.25 from pot
kudria6ka: doesn't show hand 
*** SUMMARY ***
Total pot $0.25 | Rake $0 
Seat 1: Mahu2021 (button) folded before Flop (didn't bet)
Seat 2: jimbannon474 (small blind) folded before Flop
Seat 3: craigbissett (big blind) folded before Flop
Seat 4: kudria6ka collected ($0.25)
Seat 5: bartez29 folded before Flop (didn't bet)
Seat 6: essa143 folded before Flop (didn't bet)



PokerStars Zoom Hand #254074491957:  Hold'em No Limit ($0.05/$0.10) - 2024/12/28 21:06:22 CET [2024/12/28 15:06:22 ET]
Table 'Aludra' 6-max Seat #1 is the button
Seat 1: bartez29 ($11.33 in chips) 
Seat 2: Mahu2021 ($10.60 in chips) 
Seat 3: steklianniy ($16.22 in chips) 
Seat 4: elvis_genius ($23.27 in chips) 
Seat 5: Baratrum777 ($12.03 in chips) 
Seat 6: bartovskii ($10 in chips) 
Mahu2021: posts small blind $0.05
steklianniy: posts big blind $0.10
*** HOLE CARDS ***
Dealt to Mahu2021 [5h 2c]
elvis_genius: folds 
Baratrum777: folds 
bartovskii: folds 
bartez29: folds 
Mahu2021: folds 
Uncalled bet ($0.05) returned to steklianniy
steklianniy collected $0.10 from pot
steklianniy: doesn't show hand 
*** SUMMARY ***
Total pot $0.10 | Rake $0 
Seat 1: bartez29 (button) folded before Flop (didn't bet)
Seat 2: Mahu2021 (small blind) folded before Flop
Seat 3: steklianniy (big blind) collected ($0.10)
Seat 4: elvis_genius folded before Flop (didn't bet)
Seat 5: Baratrum777 folded before Flop (didn't bet)
Seat 6: bartovskii folded before Flop (didn't bet)



PokerStars Zoom Hand #254074494669:  Hold'em No Limit ($0.05/$0.10) - 2024/12/28 21:06:30 CET [2024/12/28 15:06:30 ET]
Table 'Aludra' 6-max Seat #1 is the button
Seat 1: bartez29 ($17.06 in chips) 
Seat 2: Navarros69 ($9.14 in chips) 
Seat 3: digones88 ($27.16 in chips) 
Seat 4: Mahu2021 ($10.55 in chips) 
Seat 5: essa143 ($12.84 in chips) 
Seat 6: Nork756 ($31.08 in chips) 
Navarros69: posts small blind $0.05
digones88: posts big blind $0.10
*** HOLE CARDS ***
Dealt to Mahu2021 [9h 9d]
Mahu2021: raises $0.20 to $0.30
essa143: folds 
Nork756: folds 
bartez29: folds 
Navarros69: folds 
digones88: folds 
Uncalled bet ($0.20) returned to Mahu2021
Mahu2021 collected $0.25 from pot
Mahu2021: doesn't show hand 
*** SUMMARY ***
Total pot $0.25 | Rake $0 
Seat 1: bartez29 (button) folded before Flop (didn't bet)
Seat 2: Navarros69 (small blind) folded before Flop
Seat 3: digones88 (big blind) folded before Flop
Seat 4: Mahu2021 collected ($0.25)
Seat 5: essa143 folded before Flop (didn't bet)
Seat 6: Nork756 folded before Flop (didn't bet)



PokerStars Zoom Hand #254074499754:  Hold'em No Limit ($0.05/$0.10) - 2024/12/28 21:06:45 CET [2024/12/28 15:06:45 ET]
Table 'Aludra' 6-max Seat #1 is the button
Seat 1: Mahu2021 ($10.60 in chips) 
Seat 2: Luffy V ($15.46 in chips) 
Seat 3: Poklrll02 ($26.92 in chips) 
Seat 4: NyanRetired ($39.94 in chips) 
Seat 5: bartez29 ($25.64 in chips) 
Seat 6: lucasdorre ($10.15 in chips) 
Luffy V: posts small blind $0.05
Poklrll02: posts big blind $0.10
*** HOLE CARDS ***
Dealt to Mahu2021 [2s Js]
NyanRetired: folds 
bartez29: folds 
lucasdorre: raises $0.13 to $0.23
Mahu2021: folds 
Luffy V: folds 
Poklrll02: folds 
Uncalled bet ($0.13) returned to lucasdorre
lucasdorre collected $0.25 from pot
lucasdorre: doesn't show hand 
*** SUMMARY ***
Total pot $0.25 | Rake $0 
Seat 1: Mahu2021 (button) folded before Flop (didn't bet)
Seat 2: Luffy V (small blind) folded before Flop
Seat 3: Poklrll02 (big blind) folded before Flop
Seat 4: NyanRetired folded before Flop (didn't bet)
Seat 5: bartez29 folded before Flop (didn't bet)
Seat 6: lucasdorre collected ($0.25)



PokerStars Zoom Hand #254074497778:  Hold'em No Limit ($0.05/$0.10) - 2024/12/28 21:06:39 CET [2024/12/28 15:06:39 ET]
Table 'Aludra' 6-max Seat #1 is the button
Seat 1: jookai ($10.76 in chips) 
Seat 2: craigbissett ($10 in chips) 
Seat 3: Mahu2021 ($10.70 in chips) 
Seat 4: cz83 ($12.05 in chips) 
Seat 5: Luffy V ($39.91 in chips) 
Seat 6: elvis_genius ($23.27 in chips) 
craigbissett: posts small blind $0.05
Mahu2021: posts big blind $0.10
*** HOLE CARDS ***
Dealt to Mahu2021 [4d 9h]
cz83: raises $0.15 to $0.25
Luffy V: folds 
elvis_genius: calls $0.25
jookai: folds 
craigbissett: folds 
Mahu2021: folds 
*** FLOP *** [2d 3s 4h]
cz83: checks 
elvis_genius: bets $0.61
cz83: folds 
Uncalled bet ($0.61) returned to elvis_genius
elvis_genius collected $0.62 from pot
elvis_genius: doesn't show hand 
*** SUMMARY ***
Total pot $0.65 | Rake $0.03 
Board [2d 3s 4h]
Seat 1: jookai (button) folded before Flop (didn't bet)
Seat 2: craigbissett (small blind) folded before Flop
Seat 3: Mahu2021 (big blind) folded before Flop
Seat 4: cz83 folded on the Flop
Seat 5: Luffy V folded before Flop (didn't bet)
Seat 6: elvis_genius collected ($0.62)



PokerStars Zoom Hand #254074503653:  Hold'em No Limit ($0.05/$0.10) - 2024/12/28 21:06:56 CET [2024/12/28 15:06:56 ET]
Table 'Aludra' 6-max Seat #1 is the button
Seat 1: Ísaak44 ($17.81 in chips) 
Seat 2: Mahu2021 ($10.60 in chips) 
Seat 3: H&PAG ($10.19 in chips) 
Seat 4: Doctor2D ($10 in chips) 
Seat 5: Jhanr ($9.85 in chips) 
Seat 6: leonardo4199 ($5.81 in chips) 
Mahu2021: posts small blind $0.05
H&PAG: posts big blind $0.10
*** HOLE CARDS ***
Dealt to Mahu2021 [9s 9h]
Doctor2D: folds 
Jhanr: folds 
leonardo4199: folds 
Ísaak44: folds 
Mahu2021: raises $0.20 to $0.30
H&PAG: folds 
Uncalled bet ($0.20) returned to Mahu2021
Mahu2021 collected $0.20 from pot
Mahu2021: doesn't show hand 
*** SUMMARY ***
Total pot $0.20 | Rake $0 
Seat 1: Ísaak44 (button) folded before Flop (didn't bet)
Seat 2: Mahu2021 (small blind) collected ($0.20)
Seat 3: H&PAG (big blind) folded before Flop
Seat 4: Doctor2D folded before Flop (didn't bet)
Seat 5: Jhanr folded before Flop (didn't bet)
Seat 6: leonardo4199 folded before Flop (didn't bet)



PokerStars Zoom Hand #254074493359:  Hold'em No Limit ($0.05/$0.10) - 2024/12/28 21:06:26 CET [2024/12/28 15:06:26 ET]
Table 'Aludra' 6-max Seat #1 is the button
Seat 1: HyperBete ($9 in chips) 
Seat 2: DJC1922 ($4.50 in chips) 
Seat 3: craigbissett ($20.80 in chips) 
Seat 4: Mahu2021 ($10.55 in chips) 
Seat 5: Debith ($10.82 in chips) 
Seat 6: JuanMa VT ($10.92 in chips) 
DJC1922: posts small blind $0.05
craigbissett: posts big blind $0.10
*** HOLE CARDS ***
Dealt to Mahu2021 [6c 5d]
Mahu2021: folds 
Debith: raises $0.15 to $0.25
JuanMa VT: folds 
HyperBete: folds 
DJC1922: calls $0.20
craigbissett: folds 
*** FLOP *** [As 4d 8d]
DJC1922: checks 
Debith: bets $0.29
DJC1922: folds 
Uncalled bet ($0.29) returned to Debith
Debith collected $0.57 from pot
Debith: doesn't show hand 
*** SUMMARY ***
Total pot $0.60 | Rake $0.03 
Board [As 4d 8d]
Seat 1: HyperBete (button) folded before Flop (didn't bet)
Seat 2: DJC1922 (small blind) folded on the Flop
Seat 3: craigbissett (big blind) folded before Flop
Seat 4: Mahu2021 folded before Flop (didn't bet)
Seat 5: Debith collected ($0.57)
Seat 6: JuanMa VT folded before Flop (didn't bet)



PokerStars Zoom Hand #254074509089:  Hold'em No Limit ($0.05/$0.10) - 2024/12/28 21:07:12 CET [2024/12/28 15:07:12 ET]
Table 'Aludra' 6-max Seat #1 is the button
Seat 1: Dbentleyy ($38.02 in chips) 
Seat 2: Jhanr ($10 in chips) 
Seat 3: bartovskii ($10.48 in chips) 
Seat 4: milchengel ($10.36 in chips) 
Seat 5: Mahu2021 ($10.70 in chips) 
Seat 6: PSOLEEOS ($9.85 in chips) 
Jhanr: posts small blind $0.05
bartovskii: posts big blind $0.10
*** HOLE CARDS ***
Dealt to Mahu2021 [5d 6d]
milchengel: folds 
Mahu2021: folds 
PSOLEEOS: folds 
Dbentleyy: folds 
Jhanr: raises $0.20 to $0.30
bartovskii: folds 
Uncalled bet ($0.20) returned to Jhanr
Jhanr collected $0.20 from pot
Jhanr: doesn't show hand 
*** SUMMARY ***
Total pot $0.20 | Rake $0 
Seat 1: Dbentleyy (button) folded before Flop (didn't bet)
Seat 2: Jhanr (small blind) collected ($0.20)
Seat 3: bartovskii (big blind) folded before Flop
Seat 4: milchengel folded before Flop (didn't bet)
Seat 5: Mahu2021 folded before Flop (didn't bet)
Seat 6: PSOLEEOS folded before Flop (didn't bet)



PokerStars Zoom Hand #254074510971:  Hold'em No Limit ($0.05/$0.10) - 2024/12/28 21:07:17 CET [2024/12/28 15:07:17 ET]
Table 'Aludra' 6-max Seat #1 is the button
Seat 1: Nork756 ($11.27 in chips) 
Seat 2: bartovskii ($10.76 in chips) 
Seat 3: aces882 ($41.67 in chips) 
Seat 4: Mahu2021 ($10.70 in chips) 
Seat 5: cz83 ($10.28 in chips) 
Seat 6: bartez29 ($16.86 in chips) 
bartovskii: posts small blind $0.05
aces882: posts big blind $0.10
*** HOLE CARDS ***
Dealt to Mahu2021 [Ts 7h]
Mahu2021: folds 
cz83: folds 
bartez29: folds 
Nork756: raises $0.20 to $0.30
bartovskii: folds 
aces882: folds 
Uncalled bet ($0.20) returned to Nork756
Nork756 collected $0.25 from pot
Nork756: doesn't show hand 
*** SUMMARY ***
Total pot $0.25 | Rake $0 
Seat 1: Nork756 (button) collected ($0.25)
Seat 2: bartovskii (small blind) folded before Flop
Seat 3: aces882 (big blind) folded before Flop
Seat 4: Mahu2021 folded before Flop (didn't bet)
Seat 5: cz83 folded before Flop (didn't bet)
Seat 6: bartez29 folded before Flop (didn't bet)



PokerStars Zoom Hand #254074507544:  Hold'em No Limit ($0.05/$0.10) - 2024/12/28 21:07:07 CET [2024/12/28 15:07:07 ET]
Table 'Aludra' 6-max Seat #1 is the button
Seat 1: Tlt_gz ($5.58 in chips) 
Seat 2: jwpwml ($10.47 in chips) 
Seat 3: MrKaidan ($10.40 in chips) 
Seat 4: redmonkey98 ($10.09 in chips) 
Seat 5: Ísaak44 ($37.72 in chips) 
Seat 6: Mahu2021 ($10.70 in chips) 
jwpwml: posts small blind $0.05
MrKaidan: posts big blind $0.10
*** HOLE CARDS ***
Dealt to Mahu2021 [Js 3d]
redmonkey98: raises $0.15 to $0.25
Ísaak44: calls $0.25
Mahu2021: folds 
Tlt_gz: folds 
jwpwml: folds 
MrKaidan: folds 
*** FLOP *** [5c Ts Qd]
redmonkey98: bets $0.30
Ísaak44: folds 
Uncalled bet ($0.30) returned to redmonkey98
redmonkey98 collected $0.62 from pot
redmonkey98: doesn't show hand 
*** SUMMARY ***
Total pot $0.65 | Rake $0.03 
Board [5c Ts Qd]
Seat 1: Tlt_gz (button) folded before Flop (didn't bet)
Seat 2: jwpwml (small blind) folded before Flop
Seat 3: MrKaidan (big blind) folded before Flop
Seat 4: redmonkey98 collected ($0.62)
Seat 5: Ísaak44 folded on the Flop
Seat 6: Mahu2021 folded before Flop (didn't bet)



PokerStars Zoom Hand #254074512161:  Hold'em No Limit ($0.05/$0.10) - 2024/12/28 21:07:21 CET [2024/12/28 15:07:21 ET]
Table 'Aludra' 6-max Seat #1 is the button
Seat 1: craigbissett ($11.81 in chips) 
Seat 2: Bornin10 ($14.22 in chips) 
Seat 3: Mahu2021 ($10.70 in chips) 
Seat 4: cz83 ($10.28 in chips) 
Seat 5: golyofej96 ($5.03 in chips) 
Seat 6: DJC1922 ($4.25 in chips) 
Bornin10: posts small blind $0.05
Mahu2021: posts big blind $0.10
*** HOLE CARDS ***
Dealt to Mahu2021 [Jd 7c]
cz83: folds 
golyofej96: folds 
DJC1922: calls $0.10
craigbissett: raises $0.20 to $0.30
Bornin10: folds 
Mahu2021: folds 
DJC1922: raises $0.75 to $1.05
craigbissett: folds 
Uncalled bet ($0.75) returned to DJC1922
DJC1922 collected $0.75 from pot
DJC1922: doesn't show hand 
*** SUMMARY ***
Total pot $0.75 | Rake $0 
Seat 1: craigbissett (button) folded before Flop
Seat 2: Bornin10 (small blind) folded before Flop
Seat 3: Mahu2021 (big blind) folded before Flop
Seat 4: cz83 folded before Flop (didn't bet)
Seat 5: golyofej96 folded before Flop (didn't bet)
Seat 6: DJC1922 collected ($0.75)



PokerStars Zoom Hand #254074524638:  Hold'em No Limit ($0.05/$0.10) - 2024/12/28 21:07:57 CET [2024/12/28 15:07:57 ET]
Table 'Aludra' 6-max Seat #1 is the button
Seat 1: Mahu2021 ($10.55 in chips) 
Seat 2: pokking876 ($13.61 in chips) 
Seat 3: PSOLEEOS ($9.80 in chips) 
Seat 4: Nork756 ($30.93 in chips) 
Seat 5: bartez29 ($11.03 in chips) 
Seat 6: Gioovanni_99 ($9.85 in chips) 
pokking876: posts small blind $0.05
PSOLEEOS: posts big blind $0.10
*** HOLE CARDS ***
Dealt to Mahu2021 [Ts Kd]
Nork756: raises $0.20 to $0.30
bartez29: folds 
Gioovanni_99: folds 
Mahu2021: calls $0.30
pokking876: folds 
PSOLEEOS: folds 
*** FLOP *** [8c As Jc]
Nork756: checks 
Mahu2021: checks 
*** TURN *** [8c As Jc] [3h]
Nork756: checks 
Mahu2021: checks 
*** RIVER *** [8c As Jc 3h] [5d]
Nork756: checks 
Mahu2021: bets $0.72
Nork756: folds 
Uncalled bet ($0.72) returned to Mahu2021
Mahu2021 collected $0.72 from pot
Mahu2021: doesn't show hand 
*** SUMMARY ***
Total pot $0.75 | Rake $0.03 
Board [8c As Jc 3h 5d]
Seat 1: Mahu2021 (button) collected ($0.72)
Seat 2: pokking876 (small blind) folded before Flop
Seat 3: PSOLEEOS (big blind) folded before Flop
Seat 4: Nork756 folded on the River
Seat 5: bartez29 folded before Flop (didn't bet)
Seat 6: Gioovanni_99 folded before Flop (didn't bet)



PokerStars Zoom Hand #254074536977:  Hold'em No Limit ($0.05/$0.10) - 2024/12/28 21:08:33 CET [2024/12/28 15:08:33 ET]
Table 'Aludra' 6-max Seat #1 is the button
Seat 1: Xanderz24 ($8.45 in chips) 
Seat 2: pohja ($6.78 in chips) 
Seat 3: bartez29 ($14.66 in chips) 
Seat 4: elvis_genius ($23.49 in chips) 
Seat 5: farhan.q26 ($10.76 in chips) 
Seat 6: Mahu2021 ($10.97 in chips) 
pohja: posts small blind $0.05
bartez29: posts big blind $0.10
*** HOLE CARDS ***
Dealt to Mahu2021 [Qh 2s]
elvis_genius: folds 
farhan.q26: raises $0.15 to $0.25
Mahu2021: folds 
Xanderz24: folds 
pohja: folds 
bartez29: folds 
Uncalled bet ($0.15) returned to farhan.q26
farhan.q26 collected $0.25 from pot
farhan.q26: doesn't show hand 
*** SUMMARY ***
Total pot $0.25 | Rake $0 
Seat 1: Xanderz24 (button) folded before Flop (didn't bet)
Seat 2: pohja (small blind) folded before Flop
Seat 3: bartez29 (big blind) folded before Flop
Seat 4: elvis_genius folded before Flop (didn't bet)
Seat 5: farhan.q26 collected ($0.25)
Seat 6: Mahu2021 folded before Flop (didn't bet)



PokerStars Zoom Hand #254074521631:  Hold'em No Limit ($0.05/$0.10) - 2024/12/28 21:07:48 CET [2024/12/28 15:07:48 ET]
Table 'Aludra' 6-max Seat #1 is the button
Seat 1: tibixfuvar ($9.68 in chips) 
Seat 2: Mahu2021 ($10.60 in chips) 
Seat 3: rbecks17 ($24.93 in chips) 
Seat 4: 1mAgiciAn3 ($9.60 in chips) 
Seat 5: tibockrmn ($23.32 in chips) 
Seat 6: craigbissett ($20.25 in chips) 
Mahu2021: posts small blind $0.05
rbecks17: posts big blind $0.10
*** HOLE CARDS ***
Dealt to Mahu2021 [3s 2d]
1mAgiciAn3: folds 
tibockrmn: raises $0.10 to $0.20
craigbissett: folds 
tibixfuvar: folds 
Mahu2021: folds 
rbecks17: calls $0.10
*** FLOP *** [4d Qs Th]
rbecks17: checks 
tibockrmn: checks 
*** TURN *** [4d Qs Th] [9h]
rbecks17: checks 
tibockrmn: bets $0.22
rbecks17: raises $0.42 to $0.64
tibockrmn: calls $0.42
*** RIVER *** [4d Qs Th 9h] [9d]
rbecks17: bets $1.85
tibockrmn: calls $1.85
*** SHOW DOWN ***
rbecks17: shows [Js Kd] (a straight, Nine to King)
tibockrmn: mucks hand 
rbecks17 collected $5.19 from pot
*** SUMMARY ***
Total pot $5.43 | Rake $0.24 
Board [4d Qs Th 9h 9d]
Seat 1: tibixfuvar (button) folded before Flop (didn't bet)
Seat 2: Mahu2021 (small blind) folded before Flop
Seat 3: rbecks17 (big blind) showed [Js Kd] and won ($5.19) with a straight, Nine to King
Seat 4: 1mAgiciAn3 folded before Flop (didn't bet)
Seat 5: tibockrmn mucked [8s 8c]
Seat 6: craigbissett folded before Flop (didn't bet)



PokerStars Zoom Hand #254074540138:  Hold'em No Limit ($0.05/$0.10) - 2024/12/28 21:08:42 CET [2024/12/28 15:08:42 ET]
Table 'Aludra' 6-max Seat #1 is the button
Seat 1: Poklrll02 ($22.05 in chips) 
Seat 2: digones88 ($27.02 in chips) 
Seat 3: WolcharaAP ($12.30 in chips) 
Seat 4: Navarros69 ($9.74 in chips) 
Seat 5: Mahu2021 ($10.97 in chips) 
Seat 6: hiding.by ($10 in chips) 
digones88: posts small blind $0.05
WolcharaAP: posts big blind $0.10
*** HOLE CARDS ***
Dealt to Mahu2021 [As 6h]
Navarros69: folds 
Mahu2021: folds 
hiding.by: raises $0.20 to $0.30
Poklrll02: folds 
digones88: folds 
WolcharaAP: folds 
Uncalled bet ($0.20) returned to hiding.by
hiding.by collected $0.25 from pot
hiding.by: doesn't show hand 
*** SUMMARY ***
Total pot $0.25 | Rake $0 
Seat 1: Poklrll02 (button) folded before Flop (didn't bet)
Seat 2: digones88 (small blind) folded before Flop
Seat 3: WolcharaAP (big blind) folded before Flop
Seat 4: Navarros69 folded before Flop (didn't bet)
Seat 5: Mahu2021 folded before Flop (didn't bet)
Seat 6: hiding.by collected ($0.25)



PokerStars Zoom Hand #254074543852:  Hold'em No Limit ($0.05/$0.10) - 2024/12/28 21:08:53 CET [2024/12/28 15:08:53 ET]
Table 'Aludra' 6-max Seat #1 is the button
Seat 1: gelik32 ($10 in chips) 
Seat 2: italianecca ($9.90 in chips) 
Seat 3: Mahu2021 ($10.97 in chips) 
Seat 4: digones88 ($26.97 in chips) 
Seat 5: Theprof55 ($11.16 in chips) 
Seat 6: craigbissett ($11.46 in chips) 
italianecca: posts small blind $0.05
Mahu2021: posts big blind $0.10
*** HOLE CARDS ***
Dealt to Mahu2021 [Kc 3s]
digones88: folds 
Theprof55: calls $0.10
craigbissett: folds 
gelik32: folds 
italianecca: folds 
Mahu2021: checks 
*** FLOP *** [Th Qd Ts]
Mahu2021: checks 
Theprof55: bets $0.20
Mahu2021: folds 
Uncalled bet ($0.20) returned to Theprof55
Theprof55 collected $0.24 from pot
Theprof55: doesn't show hand 
*** SUMMARY ***
Total pot $0.25 | Rake $0.01 
Board [Th Qd Ts]
Seat 1: gelik32 (button) folded before Flop (didn't bet)
Seat 2: italianecca (small blind) folded before Flop
Seat 3: Mahu2021 (big blind) folded on the Flop
Seat 4: digones88 folded before Flop (didn't bet)
Seat 5: Theprof55 collected ($0.24)
Seat 6: craigbissett folded before Flop (didn't bet)



PokerStars Zoom Hand #254074538199:  Hold'em No Limit ($0.05/$0.10) - 2024/12/28 21:08:36 CET [2024/12/28 15:08:36 ET]
Table 'Aludra' 6-max Seat #1 is the button
Seat 1: Nork756 ($30.58 in chips) 
Seat 2: bichonmaltez ($29.34 in chips) 
Seat 3: WodthelTHRST ($10 in chips) 
Seat 4: craigbissett ($11.46 in chips) 
Seat 5: Mahu2021 ($10.97 in chips) 
Seat 6: steklianniy ($16.58 in chips) 
bichonmaltez: posts small blind $0.05
WodthelTHRST: posts big blind $0.10
*** HOLE CARDS ***
Dealt to Mahu2021 [3h Qs]
craigbissett: folds 
Mahu2021: folds 
steklianniy: folds 
Nork756: folds 
bichonmaltez: raises $0.15 to $0.25
WodthelTHRST: raises $0.50 to $0.75
bichonmaltez: calls $0.50
*** FLOP *** [4c 4h Kh]
bichonmaltez: checks 
WodthelTHRST: checks 
*** TURN *** [4c 4h Kh] [6c]
bichonmaltez: checks 
WodthelTHRST: bets $0.86
bichonmaltez: calls $0.86
*** RIVER *** [4c 4h Kh 6c] [As]
bichonmaltez: checks 
WodthelTHRST: checks 
*** SHOW DOWN ***
bichonmaltez: shows [Ks Qc] (two pair, Kings and Fours)
WodthelTHRST: mucks hand 
bichonmaltez collected $3.08 from pot
*** SUMMARY ***
Total pot $3.22 | Rake $0.14 
Board [4c 4h Kh 6c As]
Seat 1: Nork756 (button) folded before Flop (didn't bet)
Seat 2: bichonmaltez (small blind) showed [Ks Qc] and won ($3.08) with two pair, Kings and Fours
Seat 3: WodthelTHRST (big blind) mucked [Tc Th]
Seat 4: craigbissett folded before Flop (didn't bet)
Seat 5: Mahu2021 folded before Flop (didn't bet)
Seat 6: steklianniy folded before Flop (didn't bet)



PokerStars Zoom Hand #254074552142:  Hold'em No Limit ($0.05/$0.10) - 2024/12/28 21:09:17 CET [2024/12/28 15:09:17 ET]
Table 'Aludra' 6-max Seat #1 is the button
Seat 1: Baratrum777 ($10.10 in chips) 
Seat 2: essa143 ($12.91 in chips) 
Seat 3: pokking876 ($13.26 in chips) 
Seat 4: Mahu2021 ($10.87 in chips) 
Seat 5: gelik32 ($10.40 in chips) 
Seat 6: golyofej96 ($11.33 in chips) 
essa143: posts small blind $0.05
pokking876: posts big blind $0.10
*** HOLE CARDS ***
Dealt to Mahu2021 [5c Ks]
Mahu2021 has timed out
Mahu2021: folds 
gelik32: folds 
golyofej96: folds 
Baratrum777: raises $0.14 to $0.24
essa143: folds 
pokking876: folds 
Uncalled bet ($0.14) returned to Baratrum777
Baratrum777 collected $0.25 from pot
Baratrum777: doesn't show hand 
*** SUMMARY ***
Total pot $0.25 | Rake $0 
Seat 1: Baratrum777 (button) collected ($0.25)
Seat 2: essa143 (small blind) folded before Flop
Seat 3: pokking876 (big blind) folded before Flop
Seat 4: Mahu2021 folded before Flop (didn't bet)
Seat 5: gelik32 folded before Flop (didn't bet)
Seat 6: golyofej96 folded before Flop (didn't bet)



PokerStars Zoom Hand #254074559156:  Hold'em No Limit ($0.05/$0.10) - 2024/12/28 21:09:38 CET [2024/12/28 15:09:38 ET]
Table 'Aludra' 6-max Seat #1 is the button
Seat 1: bartovskii ($10.78 in chips) 
Seat 2: Mahu2021 ($10.87 in chips) 
Seat 3: __wcok69__ ($11.25 in chips) 
Seat 4: jookai ($10 in chips) 
Seat 5: Baratrum777 ($10.50 in chips) 
Seat 6: Jhanr ($9.95 in chips) 
Mahu2021: posts small blind $0.05
__wcok69__: posts big blind $0.10
*** HOLE CARDS ***
Dealt to Mahu2021 [Qh 7s]
jookai: folds 
Baratrum777: folds 
Jhanr: folds 
bartovskii: folds 
Mahu2021: folds 
Uncalled bet ($0.05) returned to __wcok69__
__wcok69__ collected $0.10 from pot
__wcok69__: doesn't show hand 
*** SUMMARY ***
Total pot $0.10 | Rake $0 
Seat 1: bartovskii (button) folded before Flop (didn't bet)
Seat 2: Mahu2021 (small blind) folded before Flop
Seat 3: __wcok69__ (big blind) collected ($0.10)
Seat 4: jookai folded before Flop (didn't bet)
Seat 5: Baratrum777 folded before Flop (didn't bet)
Seat 6: Jhanr folded before Flop (didn't bet)



PokerStars Zoom Hand #254074562347:  Hold'em No Limit ($0.05/$0.10) - 2024/12/28 21:09:47 CET [2024/12/28 15:09:47 ET]
Table 'Aludra' 6-max Seat #1 is the button
Seat 1: Mahu2021 ($10.82 in chips) 
Seat 2: JimPat95 ($11.47 in chips) 
Seat 3: roo198 ($10.01 in chips) 
Seat 4: minusche ($8.96 in chips) 
Seat 5: abcpoiloo ($10 in chips) 
Seat 6: golyofej96 ($4.73 in chips) 
JimPat95: posts small blind $0.05
roo198: posts big blind $0.10
*** HOLE CARDS ***
Dealt to Mahu2021 [9c 2h]
minusche: folds 
abcpoiloo: folds 
golyofej96: folds 
Mahu2021: folds 
JimPat95: folds 
Uncalled bet ($0.05) returned to roo198
roo198 collected $0.10 from pot
roo198: doesn't show hand 
*** SUMMARY ***
Total pot $0.10 | Rake $0 
Seat 1: Mahu2021 (button) folded before Flop (didn't bet)
Seat 2: JimPat95 (small blind) folded before Flop
Seat 3: roo198 (big blind) collected ($0.10)
Seat 4: minusche folded before Flop (didn't bet)
Seat 5: abcpoiloo folded before Flop (didn't bet)
Seat 6: golyofej96 folded before Flop (didn't bet)



PokerStars Zoom Hand #254074563744:  Hold'em No Limit ($0.05/$0.10) - 2024/12/28 21:09:51 CET [2024/12/28 15:09:51 ET]
Table 'Aludra' 6-max Seat #1 is the button
Seat 1: jimbannon474 ($5.71 in chips) 
Seat 2: Gioovanni_99 ($9.85 in chips) 
Seat 3: JimPat95 ($11.42 in chips) 
Seat 4: Mahu2021 ($10.82 in chips) 
Seat 5: HyperBete ($9.95 in chips) 
Seat 6: Thesheep69 ($10.51 in chips) 
Gioovanni_99: posts small blind $0.05
JimPat95: posts big blind $0.10
*** HOLE CARDS ***
Dealt to Mahu2021 [3h 7s]
Mahu2021: folds 
HyperBete: folds 
Thesheep69: folds 
jimbannon474: folds 
Gioovanni_99: folds 
Uncalled bet ($0.05) returned to JimPat95
JimPat95 collected $0.10 from pot
JimPat95: doesn't show hand 
*** SUMMARY ***
Total pot $0.10 | Rake $0 
Seat 1: jimbannon474 (button) folded before Flop (didn't bet)
Seat 2: Gioovanni_99 (small blind) folded before Flop
Seat 3: JimPat95 (big blind) collected ($0.10)
Seat 4: Mahu2021 folded before Flop (didn't bet)
Seat 5: HyperBete folded before Flop (didn't bet)
Seat 6: Thesheep69 folded before Flop (didn't bet)



PokerStars Zoom Hand #254074565117:  Hold'em No Limit ($0.05/$0.10) - 2024/12/28 21:09:55 CET [2024/12/28 15:09:55 ET]
Table 'Aludra' 6-max Seat #1 is the button
Seat 1: lEternamente ($11.43 in chips) 
Seat 2: jwpwml ($10.17 in chips) 
Seat 3: Mahu2021 ($10.82 in chips) 
Seat 4: zloy_00 ($11.80 in chips) 
Seat 5: pohja ($0.63 in chips) 
Seat 6: craigbissett ($11.59 in chips) 
jwpwml: posts small blind $0.05
Mahu2021: posts big blind $0.10
*** HOLE CARDS ***
Dealt to Mahu2021 [Ah 8c]
zloy_00: folds 
pohja: folds 
craigbissett: folds 
lEternamente: raises $0.15 to $0.25
jwpwml: folds 
Mahu2021: calls $0.15
*** FLOP *** [8d 3s As]
Mahu2021: checks 
lEternamente: bets $0.16
Mahu2021: calls $0.16
*** TURN *** [8d 3s As] [Tc]
Mahu2021: checks 
lEternamente: checks 
*** RIVER *** [8d 3s As Tc] [3c]
Mahu2021: bets $0.83
lEternamente: folds 
Uncalled bet ($0.83) returned to Mahu2021
Mahu2021 collected $0.83 from pot
Mahu2021: doesn't show hand 
*** SUMMARY ***
Total pot $0.87 | Rake $0.04 
Board [8d 3s As Tc 3c]
Seat 1: lEternamente (button) folded on the River
Seat 2: jwpwml (small blind) folded before Flop
Seat 3: Mahu2021 (big blind) collected ($0.83)
Seat 4: zloy_00 folded before Flop (didn't bet)
Seat 5: pohja folded before Flop (didn't bet)
Seat 6: craigbissett folded before Flop (didn't bet)



PokerStars Zoom Hand #254074560599:  Hold'em No Limit ($0.05/$0.10) - 2024/12/28 21:09:42 CET [2024/12/28 15:09:42 ET]
Table 'Aludra' 6-max Seat #1 is the button
Seat 1: Thesheep69 ($10.15 in chips) 
Seat 2: WeeWallip ($5.55 in chips) 
Seat 3: TGVon ($12.66 in chips) 
Seat 4: bartez29 ($29.07 in chips) 
Seat 5: Gioovanni_99 ($11.20 in chips) 
Seat 6: Mahu2021 ($10.82 in chips) 
WeeWallip: posts small blind $0.05
TGVon: posts big blind $0.10
*** HOLE CARDS ***
Dealt to Mahu2021 [Qs 5d]
WeeWallip is disconnected 
bartez29: raises $0.15 to $0.25
Gioovanni_99: folds 
Mahu2021: folds 
Thesheep69: folds 
WeeWallip has timed out while disconnected
WeeWallip: folds 
TGVon: calls $0.15
*** FLOP *** [7d 2c 4c]
TGVon: checks 
bartez29: checks 
*** TURN *** [7d 2c 4c] [6h]
TGVon: bets $0.40
bartez29: calls $0.40
*** RIVER *** [7d 2c 4c 6h] [2d]
TGVon: bets $0.97
bartez29: folds 
Uncalled bet ($0.97) returned to TGVon
TGVon collected $1.29 from pot
TGVon: doesn't show hand 
*** SUMMARY ***
Total pot $1.35 | Rake $0.06 
Board [7d 2c 4c 6h 2d]
Seat 1: Thesheep69 (button) folded before Flop (didn't bet)
Seat 2: WeeWallip (small blind) folded before Flop
Seat 3: TGVon (big blind) collected ($1.29)
Seat 4: bartez29 folded on the River
Seat 5: Gioovanni_99 folded before Flop (didn't bet)
Seat 6: Mahu2021 folded before Flop (didn't bet)



PokerStars Zoom Hand #254074585130:  Hold'em No Limit ($0.05/$0.10) - 2024/12/28 21:10:53 CET [2024/12/28 15:10:53 ET]
Table 'Aludra' 6-max Seat #1 is the button
Seat 1: redmonkey98 ($13.02 in chips) 
Seat 2: jimbannon474 ($5.42 in chips) 
Seat 3: minusche ($8.86 in chips) 
Seat 4: Thesheep69 ($10 in chips) 
Seat 5: Mahu2021 ($11.19 in chips) 
Seat 6: Navarros69 ($2.05 in chips) 
jimbannon474: posts small blind $0.05
minusche: posts big blind $0.10
*** HOLE CARDS ***
Dealt to Mahu2021 [4s 8s]
Thesheep69: folds 
Mahu2021: folds 
Navarros69: folds 
redmonkey98: folds 
jimbannon474: folds 
Uncalled bet ($0.05) returned to minusche
minusche collected $0.10 from pot
minusche: doesn't show hand 
*** SUMMARY ***
Total pot $0.10 | Rake $0 
Seat 1: redmonkey98 (button) folded before Flop (didn't bet)
Seat 2: jimbannon474 (small blind) folded before Flop
Seat 3: minusche (big blind) collected ($0.10)
Seat 4: Thesheep69 folded before Flop (didn't bet)
Seat 5: Mahu2021 folded before Flop (didn't bet)
Seat 6: Navarros69 folded before Flop (didn't bet)



PokerStars Zoom Hand #254074580299:  Hold'em No Limit ($0.05/$0.10) - 2024/12/28 21:10:39 CET [2024/12/28 15:10:39 ET]
Table 'Aludra' 6-max Seat #1 is the button
Seat 1: abcpoiloo ($10 in chips) 
Seat 2: Mahu2021 ($11.24 in chips) 
Seat 3: Bornin10 ($15.42 in chips) 
Seat 4: tsontos3 ($14.07 in chips) 
Seat 5: miracleboon ($11.60 in chips) 
Seat 6: Theprof55 ($10.13 in chips) 
Mahu2021: posts small blind $0.05
Bornin10: posts big blind $0.10
*** HOLE CARDS ***
Dealt to Mahu2021 [9c 3d]
tsontos3: folds 
miracleboon: folds 
Theprof55: calls $0.10
abcpoiloo: folds 
Mahu2021: folds 
Bornin10: checks 
*** FLOP *** [Ac 7d 6s]
Bornin10: checks 
Theprof55: bets $0.30
Bornin10: folds 
Uncalled bet ($0.30) returned to Theprof55
Theprof55 collected $0.24 from pot
Theprof55: doesn't show hand 
*** SUMMARY ***
Total pot $0.25 | Rake $0.01 
Board [Ac 7d 6s]
Seat 1: abcpoiloo (button) folded before Flop (didn't bet)
Seat 2: Mahu2021 (small blind) folded before Flop
Seat 3: Bornin10 (big blind) folded on the Flop
Seat 4: tsontos3 folded before Flop (didn't bet)
Seat 5: miracleboon folded before Flop (didn't bet)
Seat 6: Theprof55 collected ($0.24)



PokerStars Zoom Hand #254074581679:  Hold'em No Limit ($0.05/$0.10) - 2024/12/28 21:10:43 CET [2024/12/28 15:10:43 ET]
Table 'Aludra' 6-max Seat #1 is the button
Seat 1: Mahu2021 ($11.19 in chips) 
Seat 2: tibixfuvar ($7.91 in chips) 
Seat 3: miracleboon ($11.60 in chips) 
Seat 4: Maxim_Otto13 ($10 in chips) 
Seat 5: pokking876 ($13.63 in chips) 
Seat 6: lEternamente ($11.02 in chips) 
tibixfuvar: posts small blind $0.05
miracleboon: posts big blind $0.10
*** HOLE CARDS ***
Dealt to Mahu2021 [8s Kc]
Maxim_Otto13: raises $0.15 to $0.25
pokking876: calls $0.25
lEternamente: raises $0.90 to $1.15
Mahu2021: folds 
tibixfuvar: folds 
miracleboon: folds 
Maxim_Otto13: folds 
pokking876: folds 
Uncalled bet ($0.90) returned to lEternamente
lEternamente collected $0.90 from pot
lEternamente: doesn't show hand 
*** SUMMARY ***
Total pot $0.90 | Rake $0 
Seat 1: Mahu2021 (button) folded before Flop (didn't bet)
Seat 2: tibixfuvar (small blind) folded before Flop
Seat 3: miracleboon (big blind) folded before Flop
Seat 4: Maxim_Otto13 folded before Flop
Seat 5: pokking876 folded before Flop
Seat 6: lEternamente collected ($0.90)



PokerStars Zoom Hand #254074586511:  Hold'em No Limit ($0.05/$0.10) - 2024/12/28 21:10:57 CET [2024/12/28 15:10:57 ET]
Table 'Aludra' 6-max Seat #1 is the button
Seat 1: essa143 ($12.61 in chips) 
Seat 2: Bornin10 ($16.95 in chips) 
Seat 3: jookai ($10.27 in chips) 
Seat 4: redmonkey98 ($13.02 in chips) 
Seat 5: elvis_genius ($61.02 in chips) 
Seat 6: Mahu2021 ($11.19 in chips) 
Bornin10: posts small blind $0.05
jookai: posts big blind $0.10
*** HOLE CARDS ***
Dealt to Mahu2021 [9h Ac]
redmonkey98: folds 
elvis_genius: folds 
Mahu2021: raises $0.20 to $0.30
essa143: folds 
Bornin10: raises $0.90 to $1.20
jookai: folds 
Mahu2021: folds 
Uncalled bet ($0.90) returned to Bornin10
Bornin10 collected $0.70 from pot
Bornin10: doesn't show hand 
*** SUMMARY ***
Total pot $0.70 | Rake $0 
Seat 1: essa143 (button) folded before Flop (didn't bet)
Seat 2: Bornin10 (small blind) collected ($0.70)
Seat 3: jookai (big blind) folded before Flop
Seat 4: redmonkey98 folded before Flop (didn't bet)
Seat 5: elvis_genius folded before Flop (didn't bet)
Seat 6: Mahu2021 folded before Flop



PokerStars Zoom Hand #254074593686:  Hold'em No Limit ($0.05/$0.10) - 2024/12/28 21:11:18 CET [2024/12/28 15:11:18 ET]
Table 'Aludra' 6-max Seat #1 is the button
Seat 1: Mahu2021 ($10.89 in chips) 
Seat 2: bichonmaltez ($31.06 in chips) 
Seat 3: Poklrll02 ($26.12 in chips) 
Seat 4: Jhanr ($10 in chips) 
Seat 5: essa143 ($25.05 in chips) 
Seat 6: Gioovanni_99 ($10.53 in chips) 
bichonmaltez: posts small blind $0.05
Poklrll02: posts big blind $0.10
*** HOLE CARDS ***
Dealt to Mahu2021 [9s 2d]
Jhanr: folds 
essa143: folds 
Gioovanni_99: raises $0.10 to $0.20
Mahu2021: folds 
bichonmaltez: folds 
Poklrll02: folds 
Uncalled bet ($0.10) returned to Gioovanni_99
Gioovanni_99 collected $0.25 from pot
Gioovanni_99: doesn't show hand 
*** SUMMARY ***
Total pot $0.25 | Rake $0 
Seat 1: Mahu2021 (button) folded before Flop (didn't bet)
Seat 2: bichonmaltez (small blind) folded before Flop
Seat 3: Poklrll02 (big blind) folded before Flop
Seat 4: Jhanr folded before Flop (didn't bet)
Seat 5: essa143 folded before Flop (didn't bet)
Seat 6: Gioovanni_99 collected ($0.25)



PokerStars Zoom Hand #254074592210:  Hold'em No Limit ($0.05/$0.10) - 2024/12/28 21:11:14 CET [2024/12/28 15:11:14 ET]
Table 'Aludra' 6-max Seat #1 is the button
Seat 1: bichonmaltez ($31.06 in chips) 
Seat 2: xTicTuux ($8.08 in chips) 
Seat 3: Zugzwand ($10.17 in chips) 
Seat 4: Mahu2021 ($10.89 in chips) 
Seat 5: leonardo4199 ($3.82 in chips) 
Seat 6: essa143 ($15.94 in chips) 
xTicTuux: posts small blind $0.05
Zugzwand: posts big blind $0.10
*** HOLE CARDS ***
Dealt to Mahu2021 [Ac 8d]
Mahu2021: folds 
leonardo4199: folds 
essa143: folds 
bichonmaltez: folds 
xTicTuux: raises $0.20 to $0.30
Zugzwand: calls $0.20
*** FLOP *** [Qh 4c Kh]
xTicTuux: bets $0.20
Zugzwand: folds 
Uncalled bet ($0.20) returned to xTicTuux
xTicTuux collected $0.57 from pot
xTicTuux: doesn't show hand 
*** SUMMARY ***
Total pot $0.60 | Rake $0.03 
Board [Qh 4c Kh]
Seat 1: bichonmaltez (button) folded before Flop (didn't bet)
Seat 2: xTicTuux (small blind) collected ($0.57)
Seat 3: Zugzwand (big blind) folded on the Flop
Seat 4: Mahu2021 folded before Flop (didn't bet)
Seat 5: leonardo4199 folded before Flop (didn't bet)
Seat 6: essa143 folded before Flop (didn't bet)



PokerStars Zoom Hand #254074596005:  Hold'em No Limit ($0.05/$0.10) - 2024/12/28 21:11:25 CET [2024/12/28 15:11:25 ET]
Table 'Aludra' 6-max Seat #1 is the button
Seat 1: Luffy V ($28.09 in chips) 
Seat 2: lucasdorre ($10.43 in chips) 
Seat 3: Mahu2021 ($10.89 in chips) 
Seat 4: Poklrll02 ($19.94 in chips) 
Seat 5: Ruselllll ($12.74 in chips) 
Seat 6: prilepa_2 ($9.84 in chips) 
lucasdorre: posts small blind $0.05
Mahu2021: posts big blind $0.10
*** HOLE CARDS ***
Dealt to Mahu2021 [Qc Tc]
Poklrll02: folds 
Ruselllll: folds 
prilepa_2: folds 
Luffy V: folds 
lucasdorre: raises $0.20 to $0.30
Mahu2021: calls $0.20
*** FLOP *** [Qh 8h 8c]
lucasdorre: checks 
Mahu2021: bets $0.57
lucasdorre: folds 
Uncalled bet ($0.57) returned to Mahu2021
Mahu2021 collected $0.57 from pot
Mahu2021: doesn't show hand 
*** SUMMARY ***
Total pot $0.60 | Rake $0.03 
Board [Qh 8h 8c]
Seat 1: Luffy V (button) folded before Flop (didn't bet)
Seat 2: lucasdorre (small blind) folded on the Flop
Seat 3: Mahu2021 (big blind) collected ($0.57)
Seat 4: Poklrll02 folded before Flop (didn't bet)
Seat 5: Ruselllll folded before Flop (didn't bet)
Seat 6: prilepa_2 folded before Flop (didn't bet)



PokerStars Zoom Hand #254074595025:  Hold'em No Limit ($0.05/$0.10) - 2024/12/28 21:11:22 CET [2024/12/28 15:11:22 ET]
Table 'Aludra' 6-max Seat #1 is the button
Seat 1: steklianniy ($15.93 in chips) 
Seat 2: PSOLEEOS ($10.86 in chips) 
Seat 3: golyofej96 ($10.88 in chips) 
Seat 4: Mahu2021 ($10.89 in chips) 
Seat 5: Karina2707 ($16.43 in chips) 
Seat 6: lucasdorre ($10 in chips) 
PSOLEEOS: posts small blind $0.05
golyofej96: posts big blind $0.10
*** HOLE CARDS ***
Dealt to Mahu2021 [Td 2c]
Mahu2021: folds 
Karina2707: raises $0.10 to $0.20
lucasdorre: folds 
steklianniy: calls $0.20
PSOLEEOS: folds 
golyofej96: folds 
*** FLOP *** [8c 5h Th]
Karina2707: checks 
steklianniy: checks 
*** TURN *** [8c 5h Th] [Ad]
Karina2707: checks 
steklianniy: checks 
*** RIVER *** [8c 5h Th Ad] [Kh]
Karina2707: bets $0.40
steklianniy: calls $0.40
*** SHOW DOWN ***
Karina2707: shows [Js Qc] (a straight, Ten to Ace)
steklianniy: mucks hand 
Karina2707 collected $1.29 from pot
*** SUMMARY ***
Total pot $1.35 | Rake $0.06 
Board [8c 5h Th Ad Kh]
Seat 1: steklianniy (button) mucked [Jd Ks]
Seat 2: PSOLEEOS (small blind) folded before Flop
Seat 3: golyofej96 (big blind) folded before Flop
Seat 4: Mahu2021 folded before Flop (didn't bet)
Seat 5: Karina2707 showed [Js Qc] and won ($1.29) with a straight, Ten to Ace
Seat 6: lucasdorre folded before Flop (didn't bet)



PokerStars Zoom Hand #254074611642:  Hold'em No Limit ($0.05/$0.10) - 2024/12/28 21:12:10 CET [2024/12/28 15:12:10 ET]
Table 'Aludra' 6-max Seat #1 is the button
Seat 1: abcpoiloo ($10.18 in chips) 
Seat 2: Mahu2021 ($11.16 in chips) 
Seat 3: maauser ($9.52 in chips) 
Seat 4: jookai ($10 in chips) 
Seat 5: bartez29 ($11.05 in chips) 
Seat 6: Navarros69 ($1.65 in chips) 
Mahu2021: posts small blind $0.05
maauser: posts big blind $0.10
*** HOLE CARDS ***
Dealt to Mahu2021 [6h 8d]
jookai: raises $0.14 to $0.24
bartez29: folds 
Navarros69: folds 
abcpoiloo: folds 
Mahu2021: folds 
maauser: folds 
Uncalled bet ($0.14) returned to jookai
jookai collected $0.25 from pot
jookai: doesn't show hand 
*** SUMMARY ***
Total pot $0.25 | Rake $0 
Seat 1: abcpoiloo (button) folded before Flop (didn't bet)
Seat 2: Mahu2021 (small blind) folded before Flop
Seat 3: maauser (big blind) folded before Flop
Seat 4: jookai collected ($0.25)
Seat 5: bartez29 folded before Flop (didn't bet)
Seat 6: Navarros69 folded before Flop (didn't bet)



PokerStars Zoom Hand #254074610378:  Hold'em No Limit ($0.05/$0.10) - 2024/12/28 21:12:07 CET [2024/12/28 15:12:07 ET]
Table 'Aludra' 6-max Seat #1 is the button
Seat 1: Poklrll02 ($19.79 in chips) 
Seat 2: cmj713 ($9.94 in chips) 
Seat 3: spirosz1000 ($7.82 in chips) 
Seat 4: Jhanr ($18.38 in chips) 
Seat 5: hankapry ($10.16 in chips) 
Seat 6: Mahu2021 ($11.16 in chips) 
cmj713: posts small blind $0.05
spirosz1000: posts big blind $0.10
*** HOLE CARDS ***
Dealt to Mahu2021 [8d 4h]
Jhanr: folds 
hankapry: folds 
Mahu2021: folds 
Poklrll02: raises $0.15 to $0.25
cmj713: calls $0.20
spirosz1000: folds 
*** FLOP *** [4c Jh 6c]
cmj713: bets $0.50
Poklrll02: folds 
Uncalled bet ($0.50) returned to cmj713
cmj713 collected $0.56 from pot
cmj713: doesn't show hand 
*** SUMMARY ***
Total pot $0.60 | Rake $0.04 
Board [4c Jh 6c]
Seat 1: Poklrll02 (button) folded on the Flop
Seat 2: cmj713 (small blind) collected ($0.56)
Seat 3: spirosz1000 (big blind) folded before Flop
Seat 4: Jhanr folded before Flop (didn't bet)
Seat 5: hankapry folded before Flop (didn't bet)
Seat 6: Mahu2021 folded before Flop (didn't bet)



PokerStars Zoom Hand #254074615100:  Hold'em No Limit ($0.05/$0.10) - 2024/12/28 21:12:20 CET [2024/12/28 15:12:20 ET]
Table 'Aludra' 6-max Seat #1 is the button
Seat 1: Mahu2021 ($11.11 in chips) 
Seat 2: luizcknc ($10 in chips) 
Seat 3: JuanMa VT ($10.97 in chips) 
Seat 4: Doctor2D ($10.05 in chips) 
Seat 5: Bornin10 ($24.73 in chips) 
Seat 6: Luffy V ($28.04 in chips) 
luizcknc: posts small blind $0.05
JuanMa VT: posts big blind $0.10
*** HOLE CARDS ***
Dealt to Mahu2021 [9h Td]
Doctor2D: folds 
Bornin10: folds 
Luffy V: folds 
Mahu2021: folds 
luizcknc: folds 
Uncalled bet ($0.05) returned to JuanMa VT
JuanMa VT collected $0.10 from pot
JuanMa VT: doesn't show hand 
*** SUMMARY ***
Total pot $0.10 | Rake $0 
Seat 1: Mahu2021 (button) folded before Flop (didn't bet)
Seat 2: luizcknc (small blind) folded before Flop
Seat 3: JuanMa VT (big blind) collected ($0.10)
Seat 4: Doctor2D folded before Flop (didn't bet)
Seat 5: Bornin10 folded before Flop (didn't bet)
Seat 6: Luffy V folded before Flop (didn't bet)



PokerStars Zoom Hand #254074617438:  Hold'em No Limit ($0.05/$0.10) - 2024/12/28 21:12:27 CET [2024/12/28 15:12:27 ET]
Table 'Aludra' 6-max Seat #1 is the button
Seat 1: elvis_genius ($61.02 in chips) 
Seat 2: digones88 ($21.38 in chips) 
Seat 3: Mahu2021 ($11.11 in chips) 
Seat 4: Nork756 ($0.15 in chips) 
Seat 5: Doctor2D ($10.05 in chips) 
Seat 6: Jhanr ($18.91 in chips) 
digones88: posts small blind $0.05
Mahu2021: posts big blind $0.10
*** HOLE CARDS ***
Dealt to Mahu2021 [Ac Jd]
Nork756: folds 
Doctor2D: folds 
Jhanr: folds 
elvis_genius: folds 
digones88: folds 
Uncalled bet ($0.05) returned to Mahu2021
Mahu2021 collected $0.10 from pot
Mahu2021: doesn't show hand 
*** SUMMARY ***
Total pot $0.10 | Rake $0 
Seat 1: elvis_genius (button) folded before Flop (didn't bet)
Seat 2: digones88 (small blind) folded before Flop
Seat 3: Mahu2021 (big blind) collected ($0.10)
Seat 4: Nork756 folded before Flop (didn't bet)
Seat 5: Doctor2D folded before Flop (didn't bet)
Seat 6: Jhanr folded before Flop (didn't bet)



PokerStars Zoom Hand #254074625531:  Hold'em No Limit ($0.05/$0.10) - 2024/12/28 21:12:52 CET [2024/12/28 15:12:52 ET]
Table 'Aludra' 6-max Seat #1 is the button
Seat 1: Karina2707 ($10.15 in chips) 
Seat 2: Thesheep69 ($11.20 in chips) 
Seat 3: luizcknc ($12.51 in chips) 
Seat 4: Zonizo ($5.94 in chips) 
Seat 5: Doctor2D ($12.16 in chips) 
Seat 6: Mahu2021 ($11.11 in chips) 
Thesheep69: posts small blind $0.05
luizcknc: posts big blind $0.10
*** HOLE CARDS ***
Dealt to Mahu2021 [Ah 8s]
Zonizo: raises $0.10 to $0.20
Doctor2D: folds 
Mahu2021: folds 
Karina2707: folds 
Thesheep69: folds 
luizcknc: folds 
Uncalled bet ($0.10) returned to Zonizo
Zonizo collected $0.25 from pot
Zonizo: doesn't show hand 
*** SUMMARY ***
Total pot $0.25 | Rake $0 
Seat 1: Karina2707 (button) folded before Flop (didn't bet)
Seat 2: Thesheep69 (small blind) folded before Flop
Seat 3: luizcknc (big blind) folded before Flop
Seat 4: Zonizo collected ($0.25)
Seat 5: Doctor2D folded before Flop (didn't bet)
Seat 6: Mahu2021 folded before Flop (didn't bet)



PokerStars Zoom Hand #254074624122:  Hold'em No Limit ($0.05/$0.10) - 2024/12/28 21:12:47 CET [2024/12/28 15:12:47 ET]
Table 'Aludra' 6-max Seat #1 is the button
Seat 1: Luffy V ($30.02 in chips) 
Seat 2: Mahu2021 ($11.16 in chips) 
Seat 3: DJC1922 ($4.91 in chips) 
Seat 4: Nork756 ($35.93 in chips) 
Seat 5: Dbentleyy ($54.46 in chips) 
Seat 6: essa143 ($11.66 in chips) 
Mahu2021: posts small blind $0.05
DJC1922: posts big blind $0.10
*** HOLE CARDS ***
Dealt to Mahu2021 [8c 3h]
Nork756: folds 
Dbentleyy: folds 
essa143: folds 
Luffy V: raises $0.15 to $0.25
Mahu2021: folds 
DJC1922: folds 
Uncalled bet ($0.15) returned to Luffy V
Luffy V collected $0.25 from pot
Luffy V: doesn't show hand 
*** SUMMARY ***
Total pot $0.25 | Rake $0 
Seat 1: Luffy V (button) collected ($0.25)
Seat 2: Mahu2021 (small blind) folded before Flop
Seat 3: DJC1922 (big blind) folded before Flop
Seat 4: Nork756 folded before Flop (didn't bet)
Seat 5: Dbentleyy folded before Flop (didn't bet)
Seat 6: essa143 folded before Flop (didn't bet)



PokerStars Zoom Hand #254074616204:  Hold'em No Limit ($0.05/$0.10) - 2024/12/28 21:12:24 CET [2024/12/28 15:12:24 ET]
Table 'Aludra' 6-max Seat #1 is the button
Seat 1: MrKaidan ($10 in chips) 
Seat 2: Ísaak44 ($15.38 in chips) 
Seat 3: jookai ($10.15 in chips) 
Seat 4: redmonkey98 ($11.49 in chips) 
Seat 5: Mahu2021 ($11.11 in chips) 
Seat 6: bartez29 ($31.66 in chips) 
Ísaak44: posts small blind $0.05
jookai: posts big blind $0.10
*** HOLE CARDS ***
Dealt to Mahu2021 [2c 6h]
redmonkey98: folds 
Mahu2021: folds 
bartez29: folds 
MrKaidan: raises $0.15 to $0.25
Ísaak44: folds 
jookai: calls $0.15
*** FLOP *** [4c Ah Tc]
jookai: checks 
MrKaidan: bets $0.16
jookai: calls $0.16
*** TURN *** [4c Ah Tc] [4h]
jookai: checks 
MrKaidan: checks 
*** RIVER *** [4c Ah Tc 4h] [Ks]
jookai: bets $1.05
MrKaidan: folds 
Uncalled bet ($1.05) returned to jookai
jookai collected $0.83 from pot
jookai: doesn't show hand 
*** SUMMARY ***
Total pot $0.87 | Rake $0.04 
Board [4c Ah Tc 4h Ks]
Seat 1: MrKaidan (button) folded on the River
Seat 2: Ísaak44 (small blind) folded before Flop
Seat 3: jookai (big blind) collected ($0.83)
Seat 4: redmonkey98 folded before Flop (didn't bet)
Seat 5: Mahu2021 folded before Flop (didn't bet)
Seat 6: bartez29 folded before Flop (didn't bet)



PokerStars Zoom Hand #254074627967:  Hold'em No Limit ($0.05/$0.10) - 2024/12/28 21:12:59 CET [2024/12/28 15:12:59 ET]
Table 'Aludra' 6-max Seat #1 is the button
Seat 1: Mahu2021 ($11.11 in chips) 
Seat 2: PSOLEEOS ($10.26 in chips) 
Seat 3: golyofej96 ($16.45 in chips) 
Seat 4: founder9 ($7.99 in chips) 
Seat 5: Karina2707 ($10.15 in chips) 
Seat 6: COSIMODO200 ($12.99 in chips) 
PSOLEEOS: posts small blind $0.05
golyofej96: posts big blind $0.10
*** HOLE CARDS ***
Dealt to Mahu2021 [Kh Qc]
founder9: folds 
Karina2707: folds 
COSIMODO200: folds 
Mahu2021: raises $0.20 to $0.30
PSOLEEOS: folds 
golyofej96: calls $0.20
*** FLOP *** [Td 5c As]
golyofej96: checks 
Mahu2021: checks 
*** TURN *** [Td 5c As] [8c]
golyofej96: checks 
Mahu2021: checks 
*** RIVER *** [Td 5c As 8c] [Qh]
golyofej96: checks 
Mahu2021: checks 
*** SHOW DOWN ***
golyofej96: shows [3d 3c] (a pair of Threes)
Mahu2021: shows [Kh Qc] (a pair of Queens)
Mahu2021 collected $0.62 from pot
*** SUMMARY ***
Total pot $0.65 | Rake $0.03 
Board [Td 5c As 8c Qh]
Seat 1: Mahu2021 (button) showed [Kh Qc] and won ($0.62) with a pair of Queens
Seat 2: PSOLEEOS (small blind) folded before Flop
Seat 3: golyofej96 (big blind) showed [3d 3c] and lost with a pair of Threes
Seat 4: founder9 folded before Flop (didn't bet)
Seat 5: Karina2707 folded before Flop (didn't bet)
Seat 6: COSIMODO200 folded before Flop (didn't bet)



PokerStars Zoom Hand #254074622314:  Hold'em No Limit ($0.05/$0.10) - 2024/12/28 21:12:42 CET [2024/12/28 15:12:42 ET]
Table 'Aludra' 6-max Seat #1 is the button
Seat 1: JuanMa VT ($11.02 in chips) 
Seat 2: gelik32 ($10 in chips) 
Seat 3: roo198 ($10.17 in chips) 
Seat 4: Mahu2021 ($11.16 in chips) 
Seat 5: rbecks17 ($28.32 in chips) 
Seat 6: tsontos3 ($13.47 in chips) 
gelik32: posts small blind $0.05
roo198: posts big blind $0.10
*** HOLE CARDS ***
Dealt to Mahu2021 [Js 6c]
Mahu2021: folds 
rbecks17: folds 
tsontos3: calls $0.10
JuanMa VT: folds 
gelik32: folds 
roo198: checks 
*** FLOP *** [Jc 4h Ah]
roo198: checks 
tsontos3: checks 
*** TURN *** [Jc 4h Ah] [Qd]
roo198: checks 
tsontos3: bets $0.20
roo198: folds 
Uncalled bet ($0.20) returned to tsontos3
tsontos3 collected $0.24 from pot
tsontos3: doesn't show hand 
*** SUMMARY ***
Total pot $0.25 | Rake $0.01 
Board [Jc 4h Ah Qd]
Seat 1: JuanMa VT (button) folded before Flop (didn't bet)
Seat 2: gelik32 (small blind) folded before Flop
Seat 3: roo198 (big blind) folded on the Turn
Seat 4: Mahu2021 folded before Flop (didn't bet)
Seat 5: rbecks17 folded before Flop (didn't bet)
Seat 6: tsontos3 collected ($0.24)



PokerStars Zoom Hand #254074626904:  Hold'em No Limit ($0.05/$0.10) - 2024/12/28 21:12:56 CET [2024/12/28 15:12:56 ET]
Table 'Aludra' 6-max Seat #1 is the button
Seat 1: Bornin10 ($17.10 in chips) 
Seat 2: Navarros69 ($1.75 in chips) 
Seat 3: Baratrum777 ($10.87 in chips) 
Seat 4: abcpoiloo ($10.18 in chips) 
Seat 5: Mahu2021 ($11.11 in chips) 
Seat 6: founder9 ($7.99 in chips) 
Navarros69: posts small blind $0.05
Baratrum777: posts big blind $0.10
*** HOLE CARDS ***
Dealt to Mahu2021 [4d Td]
abcpoiloo: folds 
Mahu2021: folds 
founder9: folds 
Bornin10: folds 
Navarros69: calls $0.05
Baratrum777: raises $0.28 to $0.38
Navarros69: raises $1.37 to $1.75 and is all-in
Baratrum777: folds 
Uncalled bet ($1.37) returned to Navarros69
Navarros69 collected $0.76 from pot
Navarros69: doesn't show hand 
*** SUMMARY ***
Total pot $0.76 | Rake $0 
Seat 1: Bornin10 (button) folded before Flop (didn't bet)
Seat 2: Navarros69 (small blind) collected ($0.76)
Seat 3: Baratrum777 (big blind) folded before Flop
Seat 4: abcpoiloo folded before Flop (didn't bet)
Seat 5: Mahu2021 folded before Flop (didn't bet)
Seat 6: founder9 folded before Flop (didn't bet)



PokerStars Zoom Hand #254074636772:  Hold'em No Limit ($0.05/$0.10) - 2024/12/28 21:13:25 CET [2024/12/28 15:13:25 ET]
Table 'Aludra' 6-max Seat #1 is the button
Seat 1: Ísaak44 ($15.38 in chips) 
Seat 2: Tlt_gz ($7.29 in chips) 
Seat 3: stormers73 ($15.45 in chips) 
Seat 4: Mahu2021 ($11.43 in chips) 
Seat 5: Navarros69 ($10.26 in chips) 
Seat 6: Poklrll02 ($26.12 in chips) 
Tlt_gz: posts small blind $0.05
stormers73: posts big blind $0.10
*** HOLE CARDS ***
Dealt to Mahu2021 [Jc Ad]
Mahu2021: raises $0.20 to $0.30
Navarros69: folds 
Poklrll02: folds 
Ísaak44: folds 
Tlt_gz: folds 
stormers73: folds 
Uncalled bet ($0.20) returned to Mahu2021
Mahu2021 collected $0.25 from pot
Mahu2021: doesn't show hand 
*** SUMMARY ***
Total pot $0.25 | Rake $0 
Seat 1: Ísaak44 (button) folded before Flop (didn't bet)
Seat 2: Tlt_gz (small blind) folded before Flop
Seat 3: stormers73 (big blind) folded before Flop
Seat 4: Mahu2021 collected ($0.25)
Seat 5: Navarros69 folded before Flop (didn't bet)
Seat 6: Poklrll02 folded before Flop (didn't bet)



PokerStars Zoom Hand #254074639795:  Hold'em No Limit ($0.05/$0.10) - 2024/12/28 21:13:33 CET [2024/12/28 15:13:33 ET]
Table 'Aludra' 6-max Seat #1 is the button
Seat 1: bartovskii ($13.76 in chips) 
Seat 2: Mahu2021 ($11.58 in chips) 
Seat 3: bartez29 ($14.39 in chips) 
Seat 4: HyperBete ($9.95 in chips) 
Seat 5: jookai ($10.52 in chips) 
Seat 6: golyofej96 ($16.10 in chips) 
Mahu2021: posts small blind $0.05
bartez29: posts big blind $0.10
*** HOLE CARDS ***
Dealt to Mahu2021 [5s 5c]
HyperBete: folds 
jookai: folds 
golyofej96: folds 
bartovskii: raises $0.15 to $0.25
Mahu2021: calls $0.20
bartez29: calls $0.15
*** FLOP *** [3d 9c 7c]
Mahu2021: checks 
bartez29: checks 
bartovskii: checks 
*** TURN *** [3d 9c 7c] [Qs]
Mahu2021: checks 
bartez29: checks 
bartovskii: checks 
*** RIVER *** [3d 9c 7c Qs] [Ac]
Mahu2021: checks 
bartez29: bets $0.25
bartovskii: raises $0.35 to $0.60
Mahu2021: folds 
bartez29: folds 
Uncalled bet ($0.35) returned to bartovskii
bartovskii collected $1.19 from pot
bartovskii: doesn't show hand 
*** SUMMARY ***
Total pot $1.25 | Rake $0.06 
Board [3d 9c 7c Qs Ac]
Seat 1: bartovskii (button) collected ($1.19)
Seat 2: Mahu2021 (small blind) folded on the River
Seat 3: bartez29 (big blind) folded on the River
Seat 4: HyperBete folded before Flop (didn't bet)
Seat 5: jookai folded before Flop (didn't bet)
Seat 6: golyofej96 folded before Flop (didn't bet)



PokerStars Zoom Hand #254074655478:  Hold'em No Limit ($0.05/$0.10) - 2024/12/28 21:14:19 CET [2024/12/28 15:14:19 ET]
Table 'Aludra' 6-max Seat #1 is the button
Seat 1: essa143 ($24.78 in chips) 
Seat 2: aalewee56 ($13.27 in chips) 
Seat 3: Mahu2021 ($11.33 in chips) 
Seat 4: WodthelTHRST ($14.50 in chips) 
Seat 5: JuanMa VT ($9.85 in chips) 
Seat 6: maauser ($9.50 in chips) 
aalewee56: posts small blind $0.05
Mahu2021: posts big blind $0.10
*** HOLE CARDS ***
Dealt to Mahu2021 [7c Th]
WodthelTHRST: folds 
JuanMa VT: folds 
maauser: folds 
essa143: raises $0.15 to $0.25
aalewee56: calls $0.20
Mahu2021: folds 
*** FLOP *** [Tc As Jh]
aalewee56: checks 
essa143: bets $0.19
aalewee56: calls $0.19
*** TURN *** [Tc As Jh] [3d]
aalewee56: checks 
essa143: bets $1.13
aalewee56: calls $1.13
*** RIVER *** [Tc As Jh 3d] [7s]
aalewee56: checks 
essa143: bets $3.71
aalewee56: calls $3.71
*** SHOW DOWN ***
essa143: shows [9s 8d] (a straight, Seven to Jack)
aalewee56: mucks hand 
essa143 collected $10.18 from pot
*** SUMMARY ***
Total pot $10.66 | Rake $0.48 
Board [Tc As Jh 3d 7s]
Seat 1: essa143 (button) showed [9s 8d] and won ($10.18) with a straight, Seven to Jack
Seat 2: aalewee56 (small blind) mucked [Js Ad]
Seat 3: Mahu2021 (big blind) folded before Flop
Seat 4: WodthelTHRST folded before Flop (didn't bet)
Seat 5: JuanMa VT folded before Flop (didn't bet)
Seat 6: maauser folded before Flop (didn't bet)



PokerStars Zoom Hand #254074658863:  Hold'em No Limit ($0.05/$0.10) - 2024/12/28 21:14:29 CET [2024/12/28 15:14:29 ET]
Table 'Aludra' 6-max Seat #1 is the button
Seat 1: lucasdorre ($15.74 in chips) 
Seat 2: miracleboon ($10.18 in chips) 
Seat 3: blackindiaan ($9.33 in chips) 
Seat 4: bartez29 ($32.70 in chips) 
Seat 5: Baratrum777 ($10.29 in chips) 
Seat 6: Mahu2021 ($11.23 in chips) 
miracleboon: posts small blind $0.05
blackindiaan: posts big blind $0.10
*** HOLE CARDS ***
Dealt to Mahu2021 [6s Kc]
bartez29: folds 
Baratrum777: folds 
Mahu2021: folds 
lucasdorre: folds 
miracleboon: raises $0.15 to $0.25
blackindiaan: calls $0.15
*** FLOP *** [3h Qd 3d]
miracleboon: bets $0.48
blackindiaan: folds 
Uncalled bet ($0.48) returned to miracleboon
miracleboon collected $0.48 from pot
miracleboon: doesn't show hand 
*** SUMMARY ***
Total pot $0.50 | Rake $0.02 
Board [3h Qd 3d]
Seat 1: lucasdorre (button) folded before Flop (didn't bet)
Seat 2: miracleboon (small blind) collected ($0.48)
Seat 3: blackindiaan (big blind) folded on the Flop
Seat 4: bartez29 folded before Flop (didn't bet)
Seat 5: Baratrum777 folded before Flop (didn't bet)
Seat 6: Mahu2021 folded before Flop (didn't bet)



PokerStars Zoom Hand #254074659903:  Hold'em No Limit ($0.05/$0.10) - 2024/12/28 21:14:32 CET [2024/12/28 15:14:32 ET]
Table 'Aludra' 6-max Seat #1 is the button
Seat 1: bartez29 ($13.84 in chips) 
Seat 2: sirnimax ($24.75 in chips) 
Seat 3: pokking876 ($12.53 in chips) 
Seat 4: prilepa_2 ($8.63 in chips) 
Seat 5: Mahu2021 ($11.23 in chips) 
Seat 6: Clamppett ($14.41 in chips) 
sirnimax: posts small blind $0.05
pokking876: posts big blind $0.10
*** HOLE CARDS ***
Dealt to Mahu2021 [Td Qd]
prilepa_2 has timed out
prilepa_2: folds 
Mahu2021: raises $0.20 to $0.30
Clamppett: folds 
bartez29: calls $0.30
sirnimax: folds 
pokking876: folds 
*** FLOP *** [Js 8d Kd]
Mahu2021: checks 
bartez29: bets $0.25
Mahu2021: calls $0.25
*** TURN *** [Js 8d Kd] [6h]
Mahu2021: checks 
bartez29: checks 
*** RIVER *** [Js 8d Kd 6h] [4d]
Mahu2021: bets $1.19
bartez29: folds 
Uncalled bet ($1.19) returned to Mahu2021
Mahu2021 collected $1.19 from pot
Mahu2021: doesn't show hand 
*** SUMMARY ***
Total pot $1.25 | Rake $0.06 
Board [Js 8d Kd 6h 4d]
Seat 1: bartez29 (button) folded on the River
Seat 2: sirnimax (small blind) folded before Flop
Seat 3: pokking876 (big blind) folded before Flop
Seat 4: prilepa_2 folded before Flop (didn't bet)
Seat 5: Mahu2021 collected ($1.19)
Seat 6: Clamppett folded before Flop (didn't bet)



PokerStars Zoom Hand #254074682072:  Hold'em No Limit ($0.05/$0.10) - 2024/12/28 21:15:37 CET [2024/12/28 15:15:37 ET]
Table 'Aludra' 6-max Seat #1 is the button
Seat 1: lagoon2607 ($3.16 in chips) 
Seat 2: Poklrll02 ($25.17 in chips) 
Seat 3: se_kosugi ($7.75 in chips) 
Seat 4: gelik32 ($10.66 in chips) 
Seat 5: crashoverrun ($10 in chips) 
Seat 6: Mahu2021 ($11.87 in chips) 
Poklrll02: posts small blind $0.05
se_kosugi: posts big blind $0.10
*** HOLE CARDS ***
Dealt to Mahu2021 [Qd 8d]
gelik32: folds 
crashoverrun: folds 
Mahu2021: raises $0.20 to $0.30
lagoon2607: folds 
Poklrll02: folds 
se_kosugi: raises $7.45 to $7.75 and is all-in
Mahu2021: folds 
Uncalled bet ($7.45) returned to se_kosugi
se_kosugi collected $0.65 from pot
se_kosugi: doesn't show hand 
*** SUMMARY ***
Total pot $0.65 | Rake $0 
Seat 1: lagoon2607 (button) folded before Flop (didn't bet)
Seat 2: Poklrll02 (small blind) folded before Flop
Seat 3: se_kosugi (big blind) collected ($0.65)
Seat 4: gelik32 folded before Flop (didn't bet)
Seat 5: crashoverrun folded before Flop (didn't bet)
Seat 6: Mahu2021 folded before Flop



PokerStars Zoom Hand #254074686639:  Hold'em No Limit ($0.05/$0.10) - 2024/12/28 21:15:50 CET [2024/12/28 15:15:50 ET]
Table 'Aludra' 6-max Seat #1 is the button
Seat 1: Clamppett ($14.26 in chips) 
Seat 2: minusche ($6.95 in chips) 
Seat 3: Mahu2021 ($11.57 in chips) 
Seat 4: WodthelTHRST ($15.36 in chips) 
Seat 5: cz83 ($17.32 in chips) 
Seat 6: bmxsnap77 ($11.06 in chips) 
minusche: posts small blind $0.05
Mahu2021: posts big blind $0.10
*** HOLE CARDS ***
Dealt to Mahu2021 [4d Ts]
WodthelTHRST: folds 
cz83: folds 
bmxsnap77: raises $0.10 to $0.20
Clamppett: folds 
minusche: folds 
Mahu2021: folds 
Uncalled bet ($0.10) returned to bmxsnap77
bmxsnap77 collected $0.25 from pot
bmxsnap77: doesn't show hand 
*** SUMMARY ***
Total pot $0.25 | Rake $0 
Seat 1: Clamppett (button) folded before Flop (didn't bet)
Seat 2: minusche (small blind) folded before Flop
Seat 3: Mahu2021 (big blind) folded before Flop
Seat 4: WodthelTHRST folded before Flop (didn't bet)
Seat 5: cz83 folded before Flop (didn't bet)
Seat 6: bmxsnap77 collected ($0.25)



PokerStars Zoom Hand #254074680923:  Hold'em No Limit ($0.05/$0.10) - 2024/12/28 21:15:34 CET [2024/12/28 15:15:34 ET]
Table 'Aludra' 6-max Seat #1 is the button
Seat 1: blackindiaan ($8.78 in chips) 
Seat 2: elvis_genius ($22.07 in chips) 
Seat 3: MrP1nk112 ($9.57 in chips) 
Seat 4: JuanMa VT ($9.97 in chips) 
Seat 5: Mahu2021 ($11.87 in chips) 
Seat 6: digones88 ($19.36 in chips) 
elvis_genius: posts small blind $0.05
MrP1nk112: posts big blind $0.10
*** HOLE CARDS ***
Dealt to Mahu2021 [4c Td]
JuanMa VT: folds 
Mahu2021: folds 
digones88: folds 
blackindiaan: raises $0.15 to $0.25
elvis_genius: folds 
MrP1nk112: calls $0.15
*** FLOP *** [Kc Ah Qd]
MrP1nk112: checks 
blackindiaan: bets $0.27
MrP1nk112: calls $0.27
*** TURN *** [Kc Ah Qd] [Kh]
MrP1nk112: checks 
blackindiaan: checks 
*** RIVER *** [Kc Ah Qd Kh] [9s]
MrP1nk112: bets $0.94
blackindiaan: calls $0.94
*** SHOW DOWN ***
MrP1nk112: shows [8s Ks] (three of a kind, Kings)
blackindiaan: mucks hand 
MrP1nk112 collected $2.84 from pot
*** SUMMARY ***
Total pot $2.97 | Rake $0.13 
Board [Kc Ah Qd Kh 9s]
Seat 1: blackindiaan (button) mucked [Ts Ac]
Seat 2: elvis_genius (small blind) folded before Flop
Seat 3: MrP1nk112 (big blind) showed [8s Ks] and won ($2.84) with three of a kind, Kings
Seat 4: JuanMa VT folded before Flop (didn't bet)
Seat 5: Mahu2021 folded before Flop (didn't bet)
Seat 6: digones88 folded before Flop (didn't bet)



PokerStars Zoom Hand #254074693052:  Hold'em No Limit ($0.05/$0.10) - 2024/12/28 21:16:09 CET [2024/12/28 15:16:09 ET]
Table 'Aludra' 6-max Seat #1 is the button
Seat 1: Mahu2021 ($11.47 in chips) 
Seat 2: Sijith78 ($5.34 in chips) 
Seat 3: maauser ($12.29 in chips) 
Seat 4: DJC1922 ($4.92 in chips) 
Seat 5: __wcok69__ ($12.30 in chips) 
Seat 6: xTicTuux ($8.87 in chips) 
Sijith78: posts small blind $0.05
maauser: posts big blind $0.10
*** HOLE CARDS ***
Dealt to Mahu2021 [Td 9s]
DJC1922: folds 
__wcok69__: folds 
xTicTuux: raises $0.10 to $0.20
Mahu2021: folds 
Sijith78: folds 
maauser: calls $0.10
*** FLOP *** [4s 2h Ad]
maauser: checks 
xTicTuux: bets $0.20
maauser: folds 
Uncalled bet ($0.20) returned to xTicTuux
xTicTuux collected $0.43 from pot
xTicTuux: doesn't show hand 
*** SUMMARY ***
Total pot $0.45 | Rake $0.02 
Board [4s 2h Ad]
Seat 1: Mahu2021 (button) folded before Flop (didn't bet)
Seat 2: Sijith78 (small blind) folded before Flop
Seat 3: maauser (big blind) folded on the Flop
Seat 4: DJC1922 folded before Flop (didn't bet)
Seat 5: __wcok69__ folded before Flop (didn't bet)
Seat 6: xTicTuux collected ($0.43)



PokerStars Zoom Hand #254074694593:  Hold'em No Limit ($0.05/$0.10) - 2024/12/28 21:16:13 CET [2024/12/28 15:16:13 ET]
Table 'Aludra' 6-max Seat #1 is the button
Seat 1: DiDi_84897 ($19.47 in chips) 
Seat 2: Mahu2021 ($11.47 in chips) 
Seat 3: Isohani ($10 in chips) 
Seat 4: Baratrum777 ($10.40 in chips) 
Seat 5: bartovskii ($13.90 in chips) 
Seat 6: Luffy V ($30.07 in chips) 
Mahu2021: posts small blind $0.05
Isohani: posts big blind $0.10
*** HOLE CARDS ***
Dealt to Mahu2021 [7c 8c]
Baratrum777: raises $0.20 to $0.30
bartovskii: raises $0.60 to $0.90
Luffy V: folds 
DiDi_84897: folds 
Mahu2021: folds 
Isohani: folds 
Baratrum777: folds 
Uncalled bet ($0.60) returned to bartovskii
bartovskii collected $0.75 from pot
bartovskii: doesn't show hand 
*** SUMMARY ***
Total pot $0.75 | Rake $0 
Seat 1: DiDi_84897 (button) folded before Flop (didn't bet)
Seat 2: Mahu2021 (small blind) folded before Flop
Seat 3: Isohani (big blind) folded before Flop
Seat 4: Baratrum777 folded before Flop
Seat 5: bartovskii collected ($0.75)
Seat 6: Luffy V folded before Flop (didn't bet)



PokerStars Zoom Hand #254074700038:  Hold'em No Limit ($0.05/$0.10) - 2024/12/28 21:16:29 CET [2024/12/28 15:16:29 ET]
Table 'Aludra' 6-max Seat #1 is the button
Seat 1: jookai ($10.19 in chips) 
Seat 2: roo198 ($10 in chips) 
Seat 3: Mahu2021 ($11.42 in chips) 
Seat 4: Dbentleyy ($37.94 in chips) 
Seat 5: Poklrll02 ($25.28 in chips) 
Seat 6: lagoon2607 ($3.30 in chips) 
roo198: posts small blind $0.05
Mahu2021: posts big blind $0.10
*** HOLE CARDS ***
Dealt to Mahu2021 [3h 5h]
Dbentleyy: folds 
Poklrll02: folds 
lagoon2607: calls $0.10
jookai: folds 
roo198: folds 
Mahu2021: checks 
*** FLOP *** [4d Ks 9h]
Mahu2021: checks 
lagoon2607: bets $0.24
Mahu2021: folds 
Uncalled bet ($0.24) returned to lagoon2607
lagoon2607 collected $0.24 from pot
lagoon2607: doesn't show hand 
*** SUMMARY ***
Total pot $0.25 | Rake $0.01 
Board [4d Ks 9h]
Seat 1: jookai (button) folded before Flop (didn't bet)
Seat 2: roo198 (small blind) folded before Flop
Seat 3: Mahu2021 (big blind) folded on the Flop
Seat 4: Dbentleyy folded before Flop (didn't bet)
Seat 5: Poklrll02 folded before Flop (didn't bet)
Seat 6: lagoon2607 collected ($0.24)



PokerStars Zoom Hand #254074705579:  Hold'em No Limit ($0.05/$0.10) - 2024/12/28 21:16:45 CET [2024/12/28 15:16:45 ET]
Table 'Aludra' 6-max Seat #1 is the button
Seat 1: lagoon2607 ($3.44 in chips) 
Seat 2: jookai ($10.34 in chips) 
Seat 3: Rubbernicks ($10.30 in chips) 
Seat 4: Baratrum777 ($10.14 in chips) 
Seat 5: Mahu2021 ($11.32 in chips) 
Seat 6: luizcknc ($24.72 in chips) 
jookai: posts small blind $0.05
Rubbernicks: posts big blind $0.10
*** HOLE CARDS ***
Dealt to Mahu2021 [3s Ah]
Baratrum777: folds 
Mahu2021: folds 
luizcknc: folds 
lagoon2607: raises $0.10 to $0.20
jookai: folds 
Rubbernicks: folds 
Uncalled bet ($0.10) returned to lagoon2607
lagoon2607 collected $0.25 from pot
lagoon2607: doesn't show hand 
*** SUMMARY ***
Total pot $0.25 | Rake $0 
Seat 1: lagoon2607 (button) collected ($0.25)
Seat 2: jookai (small blind) folded before Flop
Seat 3: Rubbernicks (big blind) folded before Flop
Seat 4: Baratrum777 folded before Flop (didn't bet)
Seat 5: Mahu2021 folded before Flop (didn't bet)
Seat 6: luizcknc folded before Flop (didn't bet)



PokerStars Zoom Hand #254074711284:  Hold'em No Limit ($0.05/$0.10) - 2024/12/28 21:17:02 CET [2024/12/28 15:17:02 ET]
Table 'Aludra' 6-max Seat #1 is the button
Seat 1: Mahu2021 ($11.27 in chips) 
Seat 2: bartez29 ($10.30 in chips) 
Seat 3: Maxim_Otto13 ($14.05 in chips) 
Seat 4: luizcknc ($10 in chips) 
Seat 5: COSIMODO200 ($8.91 in chips) 
Seat 6: lucasdorre ($10 in chips) 
bartez29: posts small blind $0.05
Maxim_Otto13: posts big blind $0.10
*** HOLE CARDS ***
Dealt to Mahu2021 [8s Kc]
luizcknc: folds 
COSIMODO200: folds 
lucasdorre: raises $0.13 to $0.23
Mahu2021: folds 
bartez29: folds 
Maxim_Otto13: folds 
Uncalled bet ($0.13) returned to lucasdorre
lucasdorre collected $0.25 from pot
lucasdorre: doesn't show hand 
*** SUMMARY ***
Total pot $0.25 | Rake $0 
Seat 1: Mahu2021 (button) folded before Flop (didn't bet)
Seat 2: bartez29 (small blind) folded before Flop
Seat 3: Maxim_Otto13 (big blind) folded before Flop
Seat 4: luizcknc folded before Flop (didn't bet)
Seat 5: COSIMODO200 folded before Flop (didn't bet)
Seat 6: lucasdorre collected ($0.25)



PokerStars Zoom Hand #254074712325:  Hold'em No Limit ($0.05/$0.10) - 2024/12/28 21:17:05 CET [2024/12/28 15:17:05 ET]
Table 'Aludra' 6-max Seat #1 is the button
Seat 1: milchengel ($9.68 in chips) 
Seat 2: Nork756 ($10 in chips) 
Seat 3: Mahu2021 ($11.27 in chips) 
Seat 4: Gioovanni_99 ($11.16 in chips) 
Seat 5: PSOLEEOS ($16.18 in chips) 
Seat 6: Bruno CP796 ($5.09 in chips) 
Nork756: posts small blind $0.05
Mahu2021: posts big blind $0.10
*** HOLE CARDS ***
Dealt to Mahu2021 [2s Kh]
Gioovanni_99: folds 
PSOLEEOS: folds 
Bruno CP796: folds 
milchengel: folds 
Nork756: raises $0.20 to $0.30
Mahu2021: folds 
Uncalled bet ($0.20) returned to Nork756
Nork756 collected $0.20 from pot
Nork756: doesn't show hand 
*** SUMMARY ***
Total pot $0.20 | Rake $0 
Seat 1: milchengel (button) folded before Flop (didn't bet)
Seat 2: Nork756 (small blind) collected ($0.20)
Seat 3: Mahu2021 (big blind) folded before Flop
Seat 4: Gioovanni_99 folded before Flop (didn't bet)
Seat 5: PSOLEEOS folded before Flop (didn't bet)
Seat 6: Bruno CP796 folded before Flop (didn't bet)



PokerStars Zoom Hand #254074699276:  Hold'em No Limit ($0.05/$0.10) - 2024/12/28 21:16:27 CET [2024/12/28 15:16:27 ET]
Table 'Aludra' 6-max Seat #1 is the button
Seat 1: prilepa_2 ($6.89 in chips) 
Seat 2: lucasdorre ($10 in chips) 
Seat 3: essa143 ($13.07 in chips) 
Seat 4: Mahu2021 ($11.42 in chips) 
Seat 5: PSOLEEOS ($10.58 in chips) 
Seat 6: TGVon ($14.75 in chips) 
lucasdorre: posts small blind $0.05
essa143: posts big blind $0.10
*** HOLE CARDS ***
Dealt to Mahu2021 [Qd 2d]
Mahu2021: folds 
PSOLEEOS: raises $0.20 to $0.30
TGVon: raises $0.60 to $0.90
prilepa_2: folds 
lucasdorre: folds 
essa143: folds 
PSOLEEOS: calls $0.60
*** FLOP *** [4h 2c Qs]
PSOLEEOS: checks 
TGVon: bets $0.47
PSOLEEOS: calls $0.47
*** TURN *** [4h 2c Qs] [5d]
PSOLEEOS: checks 
TGVon: bets $2.07
PSOLEEOS: folds 
Uncalled bet ($2.07) returned to TGVon
TGVon collected $2.76 from pot
TGVon: doesn't show hand 
*** SUMMARY ***
Total pot $2.89 | Rake $0.13 
Board [4h 2c Qs 5d]
Seat 1: prilepa_2 (button) folded before Flop (didn't bet)
Seat 2: lucasdorre (small blind) folded before Flop
Seat 3: essa143 (big blind) folded before Flop
Seat 4: Mahu2021 folded before Flop (didn't bet)
Seat 5: PSOLEEOS folded on the Turn
Seat 6: TGVon collected ($2.76)



PokerStars Zoom Hand #254074709184:  Hold'em No Limit ($0.05/$0.10) - 2024/12/28 21:16:56 CET [2024/12/28 15:16:56 ET]
Table 'Aludra' 6-max Seat #1 is the button
Seat 1: Nork756 ($10 in chips) 
Seat 2: tsontos3 ($9.88 in chips) 
Seat 3: Luffy V ($42 in chips) 
Seat 4: Mahu2021 ($11.32 in chips) 
Seat 5: Sijith78 ($5.96 in chips) 
Seat 6: jookai ($10.29 in chips) 
tsontos3: posts small blind $0.05
Luffy V: posts big blind $0.10
*** HOLE CARDS ***
Dealt to Mahu2021 [Jc Td]
Mahu2021: folds 
Sijith78: folds 
jookai: folds 
Nork756: folds 
tsontos3: calls $0.05
Luffy V: checks 
*** FLOP *** [Ks 5h 6c]
tsontos3: checks 
Luffy V: bets $0.10
tsontos3: calls $0.10
*** TURN *** [Ks 5h 6c] [9d]
tsontos3: checks 
Luffy V: bets $0.29
tsontos3: calls $0.29
*** RIVER *** [Ks 5h 6c 9d] [7s]
tsontos3: bets $1.70
Luffy V: folds 
Uncalled bet ($1.70) returned to tsontos3
tsontos3 collected $0.94 from pot
tsontos3: doesn't show hand 
*** SUMMARY ***
Total pot $0.98 | Rake $0.04 
Board [Ks 5h 6c 9d 7s]
Seat 1: Nork756 (button) folded before Flop (didn't bet)
Seat 2: tsontos3 (small blind) collected ($0.94)
Seat 3: Luffy V (big blind) folded on the River
Seat 4: Mahu2021 folded before Flop (didn't bet)
Seat 5: Sijith78 folded before Flop (didn't bet)
Seat 6: jookai folded before Flop (didn't bet)



PokerStars Zoom Hand #254074708144:  Hold'em No Limit ($0.05/$0.10) - 2024/12/28 21:16:53 CET [2024/12/28 15:16:53 ET]
Table 'Aludra' 6-max Seat #1 is the button
Seat 1: Fleischhocka68 ($8.25 in chips) 
Seat 2: sergeyosp ($5.34 in chips) 
Seat 3: bartovskii ($14.85 in chips) 
Seat 4: hiding.by ($12.17 in chips) 
Seat 5: JimPat95 ($13.64 in chips) 
Seat 6: Mahu2021 ($11.32 in chips) 
sergeyosp: posts small blind $0.05
bartovskii: posts big blind $0.10
*** HOLE CARDS ***
Dealt to Mahu2021 [Qc 4d]
hiding.by: folds 
JimPat95: folds 
Mahu2021: folds 
Fleischhocka68: folds 
sergeyosp: calls $0.05
bartovskii: checks 
*** FLOP *** [8h 6s 7c]
sergeyosp: bets $0.20
bartovskii: calls $0.20
*** TURN *** [8h 6s 7c] [2c]
sergeyosp: bets $0.40
bartovskii: calls $0.40
*** RIVER *** [8h 6s 7c 2c] [5d]
sergeyosp: bets $0.60
bartovskii: folds 
Uncalled bet ($0.60) returned to sergeyosp
sergeyosp collected $1.34 from pot
sergeyosp: doesn't show hand 
*** SUMMARY ***
Total pot $1.40 | Rake $0.06 
Board [8h 6s 7c 2c 5d]
Seat 1: Fleischhocka68 (button) folded before Flop (didn't bet)
Seat 2: sergeyosp (small blind) collected ($1.34)
Seat 3: bartovskii (big blind) folded on the River
Seat 4: hiding.by folded before Flop (didn't bet)
Seat 5: JimPat95 folded before Flop (didn't bet)
Seat 6: Mahu2021 folded before Flop (didn't bet)



PokerStars Zoom Hand #254074706942:  Hold'em No Limit ($0.05/$0.10) - 2024/12/28 21:16:49 CET [2024/12/28 15:16:49 ET]
Table 'Aludra' 6-max Seat #1 is the button
Seat 1: Mahu2021 ($11.32 in chips) 
Seat 2: Nork756 ($10 in chips) 
Seat 3: Babuin_Look ($10.92 in chips) 
Seat 4: ninefive937 ($12.29 in chips) 
Seat 5: Bilo0702 ($8.49 in chips) 
Seat 6: Gioovanni_99 ($9.92 in chips) 
Nork756: posts small blind $0.05
Babuin_Look: posts big blind $0.10
*** HOLE CARDS ***
Dealt to Mahu2021 [Js 3h]
ninefive937: folds 
Bilo0702: raises $0.10 to $0.20
Gioovanni_99: calls $0.20
Mahu2021: folds 
Nork756: folds 
Babuin_Look: calls $0.10
*** FLOP *** [As 9d 9s]
Babuin_Look: checks 
Bilo0702: bets $0.31
Gioovanni_99: calls $0.31
Babuin_Look: calls $0.31
*** TURN *** [As 9d 9s] [Qc]
Babuin_Look: checks 
Bilo0702: checks 
Gioovanni_99: bets $0.79
Babuin_Look: calls $0.79
Bilo0702: folds 
*** RIVER *** [As 9d 9s Qc] [7c]
Babuin_Look: checks 
Gioovanni_99: bets $2.36
Babuin_Look: calls $2.36
*** SHOW DOWN ***
Gioovanni_99: shows [Ad Qs] (two pair, Aces and Queens)
Babuin_Look: mucks hand 
Gioovanni_99 collected $7.53 from pot
*** SUMMARY ***
Total pot $7.88 | Rake $0.35 
Board [As 9d 9s Qc 7c]
Seat 1: Mahu2021 (button) folded before Flop (didn't bet)
Seat 2: Nork756 (small blind) folded before Flop
Seat 3: Babuin_Look (big blind) mucked [8c Ah]
Seat 4: ninefive937 folded before Flop (didn't bet)
Seat 5: Bilo0702 folded on the Turn
Seat 6: Gioovanni_99 showed [Ad Qs] and won ($7.53) with two pair, Aces and Queens



PokerStars Zoom Hand #254074710268:  Hold'em No Limit ($0.05/$0.10) - 2024/12/28 21:16:59 CET [2024/12/28 15:16:59 ET]
Table 'Aludra' 6-max Seat #1 is the button
Seat 1: xTicTuux ($9.42 in chips) 
Seat 2: Mahu2021 ($11.32 in chips) 
Seat 3: jookai ($10.29 in chips) 
Seat 4: Maxim_Otto13 ($14.05 in chips) 
Seat 5: Bornin10 ($43.43 in chips) 
Seat 6: Poklrll02 ($25.02 in chips) 
Mahu2021: posts small blind $0.05
jookai: posts big blind $0.10
*** HOLE CARDS ***
Dealt to Mahu2021 [7c Ts]
Maxim_Otto13: folds 
Bornin10: raises $0.10 to $0.20
Poklrll02: folds 
xTicTuux: calls $0.20
Mahu2021: folds 
jookai: folds 
*** FLOP *** [Ks 8s 5c]
Bornin10: checks 
xTicTuux: checks 
*** TURN *** [Ks 8s 5c] [Js]
Bornin10: bets $0.11
xTicTuux: raises $0.59 to $0.70
Bornin10: folds 
Uncalled bet ($0.59) returned to xTicTuux
xTicTuux collected $0.74 from pot
xTicTuux: doesn't show hand 
*** SUMMARY ***
Total pot $0.77 | Rake $0.03 
Board [Ks 8s 5c Js]
Seat 1: xTicTuux (button) collected ($0.74)
Seat 2: Mahu2021 (small blind) folded before Flop
Seat 3: jookai (big blind) folded before Flop
Seat 4: Maxim_Otto13 folded before Flop (didn't bet)
Seat 5: Bornin10 folded on the Turn
Seat 6: Poklrll02 folded before Flop (didn't bet)



PokerStars Zoom Hand #254074716665:  Hold'em No Limit ($0.05/$0.10) - 2024/12/28 21:17:18 CET [2024/12/28 15:17:18 ET]
Table 'Aludra' 6-max Seat #1 is the button
Seat 1: luizcknc ($13.83 in chips) 
Seat 2: Rubbernicks ($10.05 in chips) 
Seat 3: prilepa_2 ($6.47 in chips) 
Seat 4: milchengel ($9.58 in chips) 
Seat 5: bmxsnap77 ($11.36 in chips) 
Seat 6: Mahu2021 ($11.17 in chips) 
Rubbernicks: posts small blind $0.05
prilepa_2: posts big blind $0.10
*** HOLE CARDS ***
Dealt to Mahu2021 [Ad 3h]
milchengel: folds 
bmxsnap77 has timed out
bmxsnap77: folds 
Mahu2021: folds 
luizcknc: folds 
Rubbernicks: folds 
Uncalled bet ($0.05) returned to prilepa_2
prilepa_2 collected $0.10 from pot
prilepa_2: doesn't show hand 
*** SUMMARY ***
Total pot $0.10 | Rake $0 
Seat 1: luizcknc (button) folded before Flop (didn't bet)
Seat 2: Rubbernicks (small blind) folded before Flop
Seat 3: prilepa_2 (big blind) collected ($0.10)
Seat 4: milchengel folded before Flop (didn't bet)
Seat 5: bmxsnap77 folded before Flop (didn't bet)
Seat 6: Mahu2021 folded before Flop (didn't bet)



PokerStars Zoom Hand #254074728918:  Hold'em No Limit ($0.05/$0.10) - 2024/12/28 21:17:54 CET [2024/12/28 15:17:54 ET]
Table 'Aludra' 6-max Seat #1 is the button
Seat 1: WodthelTHRST ($10.54 in chips) 
Seat 2: justarifu ($2.81 in chips) 
Seat 3: Gioovanni_99 ($13.74 in chips) 
Seat 4: founder9 ($4.01 in chips) 
Seat 5: Mahu2021 ($11.17 in chips) 
Seat 6: jookai ($10 in chips) 
justarifu: posts small blind $0.05
Gioovanni_99: posts big blind $0.10
*** HOLE CARDS ***
Dealt to Mahu2021 [7d 3c]
founder9: folds 
Mahu2021: folds 
jookai: folds 
WodthelTHRST: folds 
justarifu: folds 
Uncalled bet ($0.05) returned to Gioovanni_99
Gioovanni_99 collected $0.10 from pot
Gioovanni_99: doesn't show hand 
*** SUMMARY ***
Total pot $0.10 | Rake $0 
Seat 1: WodthelTHRST (button) folded before Flop (didn't bet)
Seat 2: justarifu (small blind) folded before Flop
Seat 3: Gioovanni_99 (big blind) collected ($0.10)
Seat 4: founder9 folded before Flop (didn't bet)
Seat 5: Mahu2021 folded before Flop (didn't bet)
Seat 6: jookai folded before Flop (didn't bet)



PokerStars Zoom Hand #254074731755:  Hold'em No Limit ($0.05/$0.10) - 2024/12/28 21:18:02 CET [2024/12/28 15:18:02 ET]
Table 'Aludra' 6-max Seat #1 is the button
Seat 1: JuanMa VT ($9.90 in chips) 
Seat 2: gelik32 ($10.43 in chips) 
Seat 3: luizcknc ($13.83 in chips) 
Seat 4: HyperBete ($9.90 in chips) 
Seat 5: Mahu2021 ($11.12 in chips) 
Seat 6: jwpwml ($10.53 in chips) 
gelik32: posts small blind $0.05
luizcknc: posts big blind $0.10
*** HOLE CARDS ***
Dealt to Mahu2021 [Kh 3c]
HyperBete: folds 
Mahu2021: folds 
jwpwml: folds 
JuanMa VT: raises $0.15 to $0.25
gelik32: folds 
luizcknc: folds 
Uncalled bet ($0.15) returned to JuanMa VT
JuanMa VT collected $0.25 from pot
JuanMa VT: doesn't show hand 
*** SUMMARY ***
Total pot $0.25 | Rake $0 
Seat 1: JuanMa VT (button) collected ($0.25)
Seat 2: gelik32 (small blind) folded before Flop
Seat 3: luizcknc (big blind) folded before Flop
Seat 4: HyperBete folded before Flop (didn't bet)
Seat 5: Mahu2021 folded before Flop (didn't bet)
Seat 6: jwpwml folded before Flop (didn't bet)



PokerStars Zoom Hand #254074730380:  Hold'em No Limit ($0.05/$0.10) - 2024/12/28 21:17:58 CET [2024/12/28 15:17:58 ET]
Table 'Aludra' 6-max Seat #1 is the button
Seat 1: Eimoss ($7.25 in chips) 
Seat 2: Mahu2021 ($11.17 in chips) 
Seat 3: felprsousa ($39.12 in chips) 
Seat 4: __wcok69__ ($10.87 in chips) 
Seat 5: craigbissett ($12.20 in chips) 
Seat 6: hankapry ($12.92 in chips) 
Mahu2021: posts small blind $0.05
felprsousa: posts big blind $0.10
*** HOLE CARDS ***
Dealt to Mahu2021 [3s Qh]
__wcok69__: calls $0.10
craigbissett: folds 
hankapry: folds 
Eimoss: raises $0.10 to $0.20
Mahu2021: folds 
felprsousa: folds 
__wcok69__: calls $0.10
*** FLOP *** [6c 4h 9h]
__wcok69__: checks 
Eimoss: checks 
*** TURN *** [6c 4h 9h] [8s]
__wcok69__: checks 
Eimoss: bets $0.16
__wcok69__: folds 
Uncalled bet ($0.16) returned to Eimoss
Eimoss collected $0.53 from pot
Eimoss: doesn't show hand 
*** SUMMARY ***
Total pot $0.55 | Rake $0.02 
Board [6c 4h 9h 8s]
Seat 1: Eimoss (button) collected ($0.53)
Seat 2: Mahu2021 (small blind) folded before Flop
Seat 3: felprsousa (big blind) folded before Flop
Seat 4: __wcok69__ folded on the Turn
Seat 5: craigbissett folded before Flop (didn't bet)
Seat 6: hankapry folded before Flop (didn't bet)



PokerStars Zoom Hand #254074733060:  Hold'em No Limit ($0.05/$0.10) - 2024/12/28 21:18:06 CET [2024/12/28 15:18:06 ET]
Table 'Aludra' 6-max Seat #1 is the button
Seat 1: JimPat95 ($13.44 in chips) 
Seat 2: LoneKitsune777 ($10 in chips) 
Seat 3: Mahu2021 ($11.12 in chips) 
Seat 4: Ruselllll ($11.98 in chips) 
Seat 5: PSOLEEOS ($16.18 in chips) 
Seat 6: Ísaak44 ($35.64 in chips) 
LoneKitsune777: posts small blind $0.05
Mahu2021: posts big blind $0.10
*** HOLE CARDS ***
Dealt to Mahu2021 [4h 6h]
Ruselllll: folds 
PSOLEEOS: raises $0.20 to $0.30
Ísaak44: folds 
JimPat95: folds 
LoneKitsune777: folds 
Mahu2021: calls $0.20
*** FLOP *** [Kc 4d Kh]
Mahu2021: checks 
PSOLEEOS: checks 
*** TURN *** [Kc 4d Kh] [4c]
Mahu2021: checks 
PSOLEEOS: checks 
*** RIVER *** [Kc 4d Kh 4c] [Qh]
Mahu2021: bets $0.62
PSOLEEOS: folds 
Uncalled bet ($0.62) returned to Mahu2021
Mahu2021 collected $0.62 from pot
Mahu2021: doesn't show hand 
*** SUMMARY ***
Total pot $0.65 | Rake $0.03 
Board [Kc 4d Kh 4c Qh]
Seat 1: JimPat95 (button) folded before Flop (didn't bet)
Seat 2: LoneKitsune777 (small blind) folded before Flop
Seat 3: Mahu2021 (big blind) collected ($0.62)
Seat 4: Ruselllll folded before Flop (didn't bet)
Seat 5: PSOLEEOS folded on the River
Seat 6: Ísaak44 folded before Flop (didn't bet)



PokerStars Zoom Hand #254074746047:  Hold'em No Limit ($0.05/$0.10) - 2024/12/28 21:18:45 CET [2024/12/28 15:18:45 ET]
Table 'Aludra' 6-max Seat #1 is the button
Seat 1: bartovskii ($13.85 in chips) 
Seat 2: Baratrum777 ($10.84 in chips) 
Seat 3: Alsabenja ($6.43 in chips) 
Seat 4: Mahu2021 ($11.44 in chips) 
Seat 5: Ísaak44 ($51.67 in chips) 
Seat 6: chevins ($12.82 in chips) 
Baratrum777: posts small blind $0.05
Alsabenja: posts big blind $0.10
*** HOLE CARDS ***
Dealt to Mahu2021 [8h 2h]
Mahu2021: folds 
Ísaak44: folds 
chevins: folds 
bartovskii: folds 
Baratrum777: folds 
Uncalled bet ($0.05) returned to Alsabenja
Alsabenja collected $0.10 from pot
Alsabenja: doesn't show hand 
*** SUMMARY ***
Total pot $0.10 | Rake $0 
Seat 1: bartovskii (button) folded before Flop (didn't bet)
Seat 2: Baratrum777 (small blind) folded before Flop
Seat 3: Alsabenja (big blind) collected ($0.10)
Seat 4: Mahu2021 folded before Flop (didn't bet)
Seat 5: Ísaak44 folded before Flop (didn't bet)
Seat 6: chevins folded before Flop (didn't bet)



PokerStars Zoom Hand #254074744795:  Hold'em No Limit ($0.05/$0.10) - 2024/12/28 21:18:41 CET [2024/12/28 15:18:41 ET]
Table 'Aludra' 6-max Seat #1 is the button
Seat 1: Mahu2021 ($11.44 in chips) 
Seat 2: JuanMa VT ($9.20 in chips) 
Seat 3: Steer, J ($12.76 in chips) 
Seat 4: roo198 ($11.64 in chips) 
Seat 5: Thesheep69 ($10 in chips) 
Seat 6: bartez29 ($10.33 in chips) 
JuanMa VT: posts small blind $0.05
Steer, J: posts big blind $0.10
*** HOLE CARDS ***
Dealt to Mahu2021 [9h 2d]
roo198: folds 
Thesheep69: raises $0.10 to $0.20
bartez29: folds 
Mahu2021: folds 
JuanMa VT: folds 
Steer, J: folds 
Uncalled bet ($0.10) returned to Thesheep69
Thesheep69 collected $0.25 from pot
Thesheep69: doesn't show hand 
*** SUMMARY ***
Total pot $0.25 | Rake $0 
Seat 1: Mahu2021 (button) folded before Flop (didn't bet)
Seat 2: JuanMa VT (small blind) folded before Flop
Seat 3: Steer, J (big blind) folded before Flop
Seat 4: roo198 folded before Flop (didn't bet)
Seat 5: Thesheep69 collected ($0.25)
Seat 6: bartez29 folded before Flop (didn't bet)



PokerStars Zoom Hand #254074747490:  Hold'em No Limit ($0.05/$0.10) - 2024/12/28 21:18:49 CET [2024/12/28 15:18:49 ET]
Table 'Aludra' 6-max Seat #1 is the button
Seat 1: craigbissett ($10.22 in chips) 
Seat 2: JimPat95 ($12.94 in chips) 
Seat 3: NyanRetired ($54.50 in chips) 
Seat 4: Isohani ($10 in chips) 
Seat 5: hopezACE ($19.22 in chips) 
Seat 6: Mahu2021 ($11.44 in chips) 
JimPat95: posts small blind $0.05
NyanRetired: posts big blind $0.10
*** HOLE CARDS ***
Dealt to Mahu2021 [3c 7h]
Isohani: folds 
hopezACE: raises $0.12 to $0.22
Mahu2021: folds 
craigbissett: folds 
JimPat95: folds 
NyanRetired: folds 
Uncalled bet ($0.12) returned to hopezACE
hopezACE collected $0.25 from pot
hopezACE: doesn't show hand 
*** SUMMARY ***
Total pot $0.25 | Rake $0 
Seat 1: craigbissett (button) folded before Flop (didn't bet)
Seat 2: JimPat95 (small blind) folded before Flop
Seat 3: NyanRetired (big blind) folded before Flop
Seat 4: Isohani folded before Flop (didn't bet)
Seat 5: hopezACE collected ($0.25)
Seat 6: Mahu2021 folded before Flop (didn't bet)



PokerStars Zoom Hand #254074749957:  Hold'em No Limit ($0.05/$0.10) - 2024/12/28 21:18:56 CET [2024/12/28 15:18:56 ET]
Table 'Aludra' 6-max Seat #1 is the button
Seat 1: felprsousa ($38.52 in chips) 
Seat 2: Mahu2021 ($11.44 in chips) 
Seat 3: gelik32 ($10.08 in chips) 
Seat 4: Luffy V ($10 in chips) 
Seat 5: xTicTuux ($10.35 in chips) 
Seat 6: jookai ($10.54 in chips) 
Mahu2021: posts small blind $0.05
gelik32: posts big blind $0.10
*** HOLE CARDS ***
Dealt to Mahu2021 [8h 8d]
Luffy V: raises $0.15 to $0.25
xTicTuux: folds 
jookai: folds 
felprsousa: calls $0.25
Mahu2021: calls $0.20
gelik32: folds 
*** FLOP *** [Td 4s 9h]
Mahu2021: checks 
Luffy V: checks 
felprsousa: checks 
*** TURN *** [Td 4s 9h] [Kh]
Mahu2021: checks 
Luffy V: bets $0.61
felprsousa: folds 
Mahu2021: folds 
Uncalled bet ($0.61) returned to Luffy V
Luffy V collected $0.81 from pot
Luffy V: doesn't show hand 
*** SUMMARY ***
Total pot $0.85 | Rake $0.04 
Board [Td 4s 9h Kh]
Seat 1: felprsousa (button) folded on the Turn
Seat 2: Mahu2021 (small blind) folded on the Turn
Seat 3: gelik32 (big blind) folded before Flop
Seat 4: Luffy V collected ($0.81)
Seat 5: xTicTuux folded before Flop (didn't bet)
Seat 6: jookai folded before Flop (didn't bet)



PokerStars Zoom Hand #254074748810:  Hold'em No Limit ($0.05/$0.10) - 2024/12/28 21:18:53 CET [2024/12/28 15:18:53 ET]
Table 'Aludra' 6-max Seat #1 is the button
Seat 1: Isohani ($10 in chips) 
Seat 2: PSOLEEOS ($15.88 in chips) 
Seat 3: MrKaidan ($10.06 in chips) 
Seat 4: Mahu2021 ($11.44 in chips) 
Seat 5: Jhanr ($10.32 in chips) 
Seat 6: Nork756 ($10 in chips) 
PSOLEEOS: posts small blind $0.05
MrKaidan: posts big blind $0.10
*** HOLE CARDS ***
Dealt to Mahu2021 [3c Kd]
Mahu2021: folds 
Jhanr: folds 
Nork756: folds 
Isohani: raises $0.20 to $0.30
PSOLEEOS: folds 
MrKaidan: calls $0.20
*** FLOP *** [4h 2d Js]
MrKaidan: checks 
Isohani: bets $0.31
MrKaidan: folds 
Uncalled bet ($0.31) returned to Isohani
Isohani collected $0.62 from pot
Isohani: doesn't show hand 
*** SUMMARY ***
Total pot $0.65 | Rake $0.03 
Board [4h 2d Js]
Seat 1: Isohani (button) collected ($0.62)
Seat 2: PSOLEEOS (small blind) folded before Flop
Seat 3: MrKaidan (big blind) folded on the Flop
Seat 4: Mahu2021 folded before Flop (didn't bet)
Seat 5: Jhanr folded before Flop (didn't bet)
Seat 6: Nork756 folded before Flop (didn't bet)



PokerStars Zoom Hand #254074756157:  Hold'em No Limit ($0.05/$0.10) - 2024/12/28 21:19:14 CET [2024/12/28 15:19:14 ET]
Table 'Aludra' 6-max Seat #1 is the button
Seat 1: JuanMa VT ($9.05 in chips) 
Seat 2: bartovskii ($16.25 in chips) 
Seat 3: Mahu2021 ($11.19 in chips) 
Seat 4: studhand81 ($34.59 in chips) 
Seat 5: gelik32 ($10 in chips) 
Seat 6: felprsousa ($38.27 in chips) 
bartovskii: posts small blind $0.05
Mahu2021: posts big blind $0.10
*** HOLE CARDS ***
Dealt to Mahu2021 [4h 8s]
studhand81: calls $0.10
gelik32: folds 
felprsousa: folds 
JuanMa VT: folds 
bartovskii: folds 
Mahu2021: checks 
*** FLOP *** [5c 4d Kh]
Mahu2021: checks 
studhand81: checks 
*** TURN *** [5c 4d Kh] [Jd]
Mahu2021: bets $0.10
studhand81: calls $0.10
*** RIVER *** [5c 4d Kh Jd] [As]
Mahu2021: checks 
studhand81: bets $0.70
Mahu2021: folds 
Uncalled bet ($0.70) returned to studhand81
studhand81 collected $0.43 from pot
studhand81: doesn't show hand 
*** SUMMARY ***
Total pot $0.45 | Rake $0.02 
Board [5c 4d Kh Jd As]
Seat 1: JuanMa VT (button) folded before Flop (didn't bet)
Seat 2: bartovskii (small blind) folded before Flop
Seat 3: Mahu2021 (big blind) folded on the River
Seat 4: studhand81 collected ($0.43)
Seat 5: gelik32 folded before Flop (didn't bet)
Seat 6: felprsousa folded before Flop (didn't bet)



PokerStars Zoom Hand #254074766475:  Hold'em No Limit ($0.05/$0.10) - 2024/12/28 21:19:45 CET [2024/12/28 15:19:45 ET]
Table 'Aludra' 6-max Seat #1 is the button
Seat 1: Mahu2021 ($10.99 in chips) 
Seat 2: LKarpio85 ($9.66 in chips) 
Seat 3: Zonizo ($3.58 in chips) 
Seat 4: Xanderz24 ($9.63 in chips) 
Seat 5: Maxim_Otto13 ($11.60 in chips) 
Seat 6: essa143 ($26.86 in chips) 
LKarpio85: posts small blind $0.05
Zonizo: posts big blind $0.10
*** HOLE CARDS ***
Dealt to Mahu2021 [Qd 7c]
Xanderz24: folds 
Maxim_Otto13: folds 
essa143: folds 
Mahu2021: folds 
LKarpio85: folds 
Uncalled bet ($0.05) returned to Zonizo
Zonizo collected $0.10 from pot
Zonizo: doesn't show hand 
*** SUMMARY ***
Total pot $0.10 | Rake $0 
Seat 1: Mahu2021 (button) folded before Flop (didn't bet)
Seat 2: LKarpio85 (small blind) folded before Flop
Seat 3: Zonizo (big blind) collected ($0.10)
Seat 4: Xanderz24 folded before Flop (didn't bet)
Seat 5: Maxim_Otto13 folded before Flop (didn't bet)
Seat 6: essa143 folded before Flop (didn't bet)



PokerStars Zoom Hand #254074767817:  Hold'em No Limit ($0.05/$0.10) - 2024/12/28 21:19:49 CET [2024/12/28 15:19:49 ET]
Table 'Aludra' 6-max Seat #1 is the button
Seat 1: bartez29 ($12.55 in chips) 
Seat 2: __wcok69__ ($15.72 in chips) 
Seat 3: H&PAG ($4.23 in chips) 
Seat 4: abcpoiloo ($11.97 in chips) 
Seat 5: Mahu2021 ($10.99 in chips) 
Seat 6: luizcknc ($10 in chips) 
__wcok69__: posts small blind $0.05
H&PAG: posts big blind $0.10
*** HOLE CARDS ***
Dealt to Mahu2021 [Jh 9d]
abcpoiloo: folds 
Mahu2021: folds 
luizcknc: folds 
bartez29: folds 
__wcok69__: folds 
Uncalled bet ($0.05) returned to H&PAG
H&PAG collected $0.10 from pot
H&PAG: doesn't show hand 
*** SUMMARY ***
Total pot $0.10 | Rake $0 
Seat 1: bartez29 (button) folded before Flop (didn't bet)
Seat 2: __wcok69__ (small blind) folded before Flop
Seat 3: H&PAG (big blind) collected ($0.10)
Seat 4: abcpoiloo folded before Flop (didn't bet)
Seat 5: Mahu2021 folded before Flop (didn't bet)
Seat 6: luizcknc folded before Flop (didn't bet)



PokerStars Zoom Hand #254074769510:  Hold'em No Limit ($0.05/$0.10) - 2024/12/28 21:19:54 CET [2024/12/28 15:19:54 ET]
Table 'Aludra' 6-max Seat #1 is the button
Seat 1: southsyders ($7.15 in chips) 
Seat 2: AGT1960 ($8.20 in chips) 
Seat 3: Isohani ($10.37 in chips) 
Seat 4: jwpwml ($13.04 in chips) 
Seat 5: LKarpio85 ($9.61 in chips) 
Seat 6: Mahu2021 ($10.99 in chips) 
AGT1960: posts small blind $0.05
Isohani: posts big blind $0.10
*** HOLE CARDS ***
Dealt to Mahu2021 [6h 9h]
jwpwml: folds 
LKarpio85: folds 
Mahu2021: raises $0.20 to $0.30
southsyders: folds 
AGT1960: folds 
Isohani: folds 
Uncalled bet ($0.20) returned to Mahu2021
Mahu2021 collected $0.25 from pot
Mahu2021: doesn't show hand 
*** SUMMARY ***
Total pot $0.25 | Rake $0 
Seat 1: southsyders (button) folded before Flop (didn't bet)
Seat 2: AGT1960 (small blind) folded before Flop
Seat 3: Isohani (big blind) folded before Flop
Seat 4: jwpwml folded before Flop (didn't bet)
Seat 5: LKarpio85 folded before Flop (didn't bet)
Seat 6: Mahu2021 collected ($0.25)



PokerStars Zoom Hand #254074776104:  Hold'em No Limit ($0.05/$0.10) - 2024/12/28 21:20:14 CET [2024/12/28 15:20:14 ET]
Table 'Aludra' 6-max Seat #1 is the button
Seat 1: Mahu2021 ($11.14 in chips) 
Seat 2: essa143 ($18.77 in chips) 
Seat 3: Furi1984 ($10.21 in chips) 
Seat 4: eric2023happy ($6.07 in chips) 
Seat 5: JuanMa VT ($10 in chips) 
Seat 6: Kinglu-Nils ($14.49 in chips) 
essa143: posts small blind $0.05
Furi1984: posts big blind $0.10
*** HOLE CARDS ***
Dealt to Mahu2021 [Qh 2d]
eric2023happy: folds 
JuanMa VT: folds 
Kinglu-Nils: raises $0.25 to $0.35
Mahu2021: folds 
essa143: folds 
Furi1984: folds 
Uncalled bet ($0.25) returned to Kinglu-Nils
Kinglu-Nils collected $0.25 from pot
Kinglu-Nils: doesn't show hand 
*** SUMMARY ***
Total pot $0.25 | Rake $0 
Seat 1: Mahu2021 (button) folded before Flop (didn't bet)
Seat 2: essa143 (small blind) folded before Flop
Seat 3: Furi1984 (big blind) folded before Flop
Seat 4: eric2023happy folded before Flop (didn't bet)
Seat 5: JuanMa VT folded before Flop (didn't bet)
Seat 6: Kinglu-Nils collected ($0.25)



PokerStars Zoom Hand #254074777794:  Hold'em No Limit ($0.05/$0.10) - 2024/12/28 21:20:19 CET [2024/12/28 15:20:19 ET]
Table 'Aludra' 6-max Seat #1 is the button
Seat 1: MrKaidan ($11.21 in chips) 
Seat 2: Mahu2021 ($11.14 in chips) 
Seat 3: cz83 ($10.25 in chips) 
Seat 4: Gioovanni_99 ($13.69 in chips) 
Seat 5: pohja ($11.91 in chips) 
Seat 6: Isohani ($10.22 in chips) 
Mahu2021: posts small blind $0.05
cz83: posts big blind $0.10
*** HOLE CARDS ***
Dealt to Mahu2021 [8d 7s]
Gioovanni_99: folds 
pohja: raises $0.10 to $0.20
Isohani: folds 
MrKaidan: folds 
Mahu2021: folds 
cz83: folds 
Uncalled bet ($0.10) returned to pohja
pohja collected $0.25 from pot
pohja: doesn't show hand 
*** SUMMARY ***
Total pot $0.25 | Rake $0 
Seat 1: MrKaidan (button) folded before Flop (didn't bet)
Seat 2: Mahu2021 (small blind) folded before Flop
Seat 3: cz83 (big blind) folded before Flop
Seat 4: Gioovanni_99 folded before Flop (didn't bet)
Seat 5: pohja collected ($0.25)
Seat 6: Isohani folded before Flop (didn't bet)



PokerStars Zoom Hand #254074780925:  Hold'em No Limit ($0.05/$0.10) - 2024/12/28 21:20:28 CET [2024/12/28 15:20:28 ET]
Table 'Aludra' 6-max Seat #1 is the button
Seat 1: zloy_00 ($10.36 in chips) 
Seat 2: Baratrum777 ($12.45 in chips) 
Seat 3: Mahu2021 ($11.09 in chips) 
Seat 4: Zonizo ($3.78 in chips) 
Seat 5: DJC1922 ($5.57 in chips) 
Seat 6: PSOLEEOS ($10.36 in chips) 
Baratrum777: posts small blind $0.05
Mahu2021: posts big blind $0.10
*** HOLE CARDS ***
Dealt to Mahu2021 [Ah Ad]
Zonizo: folds 
DJC1922: folds 
PSOLEEOS: raises $0.20 to $0.30
zloy_00: folds 
Baratrum777: folds 
Mahu2021: raises $10.79 to $11.09 and is all-in
PSOLEEOS: folds 
Uncalled bet ($10.79) returned to Mahu2021
Mahu2021 collected $0.65 from pot
Mahu2021: doesn't show hand 
*** SUMMARY ***
Total pot $0.65 | Rake $0 
Seat 1: zloy_00 (button) folded before Flop (didn't bet)
Seat 2: Baratrum777 (small blind) folded before Flop
Seat 3: Mahu2021 (big blind) collected ($0.65)
Seat 4: Zonizo folded before Flop (didn't bet)
Seat 5: DJC1922 folded before Flop (didn't bet)
Seat 6: PSOLEEOS folded before Flop



PokerStars Zoom Hand #254074791040:  Hold'em No Limit ($0.05/$0.10) - 2024/12/28 21:20:58 CET [2024/12/28 15:20:58 ET]
Table 'Aludra' 6-max Seat #1 is the button
Seat 1: gp motos ($10.62 in chips) 
Seat 2: hankapry ($13.26 in chips) 
Seat 3: pohja ($12.01 in chips) 
Seat 4: Mahu2021 ($11.44 in chips) 
Seat 5: PSOLEEOS ($10.01 in chips) 
Seat 6: craigbissett ($16.39 in chips) 
hankapry: posts small blind $0.05
pohja: posts big blind $0.10
*** HOLE CARDS ***
Dealt to Mahu2021 [7h 5h]
Mahu2021: folds 
PSOLEEOS: raises $0.20 to $0.30
craigbissett: folds 
gp motos: folds 
hankapry: folds 
pohja: folds 
Uncalled bet ($0.20) returned to PSOLEEOS
PSOLEEOS collected $0.25 from pot
PSOLEEOS: doesn't show hand 
*** SUMMARY ***
Total pot $0.25 | Rake $0 
Seat 1: gp motos (button) folded before Flop (didn't bet)
Seat 2: hankapry (small blind) folded before Flop
Seat 3: pohja (big blind) folded before Flop
Seat 4: Mahu2021 folded before Flop (didn't bet)
Seat 5: PSOLEEOS collected ($0.25)
Seat 6: craigbissett folded before Flop (didn't bet)



PokerStars Zoom Hand #254074774085:  Hold'em No Limit ($0.05/$0.10) - 2024/12/28 21:20:08 CET [2024/12/28 15:20:08 ET]
Table 'Aludra' 6-max Seat #1 is the button
Seat 1: Nork756 ($39.18 in chips) 
Seat 2: H&PAG ($4.28 in chips) 
Seat 3: gp motos ($11.32 in chips) 
Seat 4: Mahu2021 ($11.14 in chips) 
Seat 5: dress blue ($9.40 in chips) 
Seat 6: lucasdorre ($11.16 in chips) 
H&PAG: posts small blind $0.05
gp motos: posts big blind $0.10
*** HOLE CARDS ***
Dealt to Mahu2021 [5d 2s]
Mahu2021: folds 
dress blue: folds 
lucasdorre: raises $0.13 to $0.23
Nork756: folds 
H&PAG: calls $0.18
gp motos: folds 
*** FLOP *** [8s Qh 7c]
H&PAG: checks 
lucasdorre: bets $0.35
H&PAG: calls $0.35
*** TURN *** [8s Qh 7c] [Js]
H&PAG: checks 
lucasdorre: bets $0.79
H&PAG: calls $0.79
*** RIVER *** [8s Qh 7c Js] [Th]
H&PAG: bets $2.71
lucasdorre: folds 
Uncalled bet ($2.71) returned to H&PAG
H&PAG collected $2.71 from pot
H&PAG: doesn't show hand 
*** SUMMARY ***
Total pot $2.84 | Rake $0.13 
Board [8s Qh 7c Js Th]
Seat 1: Nork756 (button) folded before Flop (didn't bet)
Seat 2: H&PAG (small blind) collected ($2.71)
Seat 3: gp motos (big blind) folded before Flop
Seat 4: Mahu2021 folded before Flop (didn't bet)
Seat 5: dress blue folded before Flop (didn't bet)
Seat 6: lucasdorre folded on the River



PokerStars Zoom Hand #254074787837:  Hold'em No Limit ($0.05/$0.10) - 2024/12/28 21:20:49 CET [2024/12/28 15:20:49 ET]
Table 'Aludra' 6-max Seat #1 is the button
Seat 1: Sijith78 ($11.80 in chips) 
Seat 2: bartez29 ($10.03 in chips) 
Seat 3: M15T3R_B34R ($10.52 in chips) 
Seat 4: Steer, J ($15.10 in chips) 
Seat 5: Jhanr ($9.60 in chips) 
Seat 6: Mahu2021 ($11.44 in chips) 
bartez29: posts small blind $0.05
M15T3R_B34R: posts big blind $0.10
*** HOLE CARDS ***
Dealt to Mahu2021 [Ad 7h]
Steer, J: raises $0.20 to $0.30
Jhanr: folds 
Mahu2021: folds 
Sijith78: folds 
bartez29: calls $0.25
M15T3R_B34R: folds 
*** FLOP *** [4d Jc Qh]
bartez29: checks 
Steer, J: bets $0.34
bartez29: folds 
Uncalled bet ($0.34) returned to Steer, J
Steer, J collected $0.67 from pot
Steer, J: doesn't show hand 
*** SUMMARY ***
Total pot $0.70 | Rake $0.03 
Board [4d Jc Qh]
Seat 1: Sijith78 (button) folded before Flop (didn't bet)
Seat 2: bartez29 (small blind) folded on the Flop
Seat 3: M15T3R_B34R (big blind) folded before Flop
Seat 4: Steer, J collected ($0.67)
Seat 5: Jhanr folded before Flop (didn't bet)
Seat 6: Mahu2021 folded before Flop (didn't bet)



PokerStars Zoom Hand #254074792775:  Hold'em No Limit ($0.05/$0.10) - 2024/12/28 21:21:03 CET [2024/12/28 15:21:03 ET]
Table 'Aludra' 6-max Seat #1 is the button
Seat 1: jookai ($10.49 in chips) 
Seat 2: Mahu2021 ($11.44 in chips) 
Seat 3: minusche ($10.83 in chips) 
Seat 4: essa143 ($18.72 in chips) 
Seat 5: lucasdorre ($10 in chips) 
Seat 6: cz83 ($10.25 in chips) 
Mahu2021: posts small blind $0.05
minusche: posts big blind $0.10
*** HOLE CARDS ***
Dealt to Mahu2021 [5d Ad]
essa143: folds 
lucasdorre: folds 
cz83: folds 
jookai: raises $0.14 to $0.24
Mahu2021: calls $0.19
minusche: folds 
*** FLOP *** [9d Qh Th]
Mahu2021: checks 
jookai: checks 
*** TURN *** [9d Qh Th] [8h]
Mahu2021: checks 
jookai: checks 
*** RIVER *** [9d Qh Th 8h] [2h]
Mahu2021: checks 
jookai: checks 
*** SHOW DOWN ***
Mahu2021: shows [5d Ad] (high card Ace)
jookai: shows [8s As] (a pair of Eights)
jookai collected $0.55 from pot
*** SUMMARY ***
Total pot $0.58 | Rake $0.03 
Board [9d Qh Th 8h 2h]
Seat 1: jookai (button) showed [8s As] and won ($0.55) with a pair of Eights
Seat 2: Mahu2021 (small blind) showed [5d Ad] and lost with high card Ace
Seat 3: minusche (big blind) folded before Flop
Seat 4: essa143 folded before Flop (didn't bet)
Seat 5: lucasdorre folded before Flop (didn't bet)
Seat 6: cz83 folded before Flop (didn't bet)



PokerStars Zoom Hand #254074803288:  Hold'em No Limit ($0.05/$0.10) - 2024/12/28 21:21:34 CET [2024/12/28 15:21:34 ET]
Table 'Aludra' 6-max Seat #1 is the button
Seat 1: Mahu2021 ($11.20 in chips) 
Seat 2: bartovskii ($15.85 in chips) 
Seat 3: SkunkBoy77 ($30.60 in chips) 
Seat 4: cinedi ($8.80 in chips) 
Seat 5: essa143 ($18.77 in chips) 
Seat 6: jookai ($10 in chips) 
bartovskii: posts small blind $0.05
SkunkBoy77: posts big blind $0.10
*** HOLE CARDS ***
Dealt to Mahu2021 [3c Ts]
cinedi: folds 
essa143: folds 
jookai: folds 
Mahu2021: folds 
bartovskii: folds 
Uncalled bet ($0.05) returned to SkunkBoy77
SkunkBoy77 collected $0.10 from pot
SkunkBoy77: doesn't show hand 
*** SUMMARY ***
Total pot $0.10 | Rake $0 
Seat 1: Mahu2021 (button) folded before Flop (didn't bet)
Seat 2: bartovskii (small blind) folded before Flop
Seat 3: SkunkBoy77 (big blind) collected ($0.10)
Seat 4: cinedi folded before Flop (didn't bet)
Seat 5: essa143 folded before Flop (didn't bet)
Seat 6: jookai folded before Flop (didn't bet)



PokerStars Zoom Hand #254074804386:  Hold'em No Limit ($0.05/$0.10) - 2024/12/28 21:21:38 CET [2024/12/28 15:21:38 ET]
Table 'Aludra' 6-max Seat #1 is the button
Seat 1: auraph333 ($4.54 in chips) 
Seat 2: essa143 ($18.77 in chips) 
Seat 3: Mahu2021 ($11.20 in chips) 
Seat 4: hankapry ($12.97 in chips) 
Seat 5: peterdom88 ($19.01 in chips) 
Seat 6: Poklrll02 ($25.61 in chips) 
essa143: posts small blind $0.05
Mahu2021: posts big blind $0.10
*** HOLE CARDS ***
Dealt to Mahu2021 [3h Ad]
hankapry: folds 
peterdom88: folds 
Poklrll02: folds 
auraph333: folds 
essa143: raises $0.20 to $0.30
Mahu2021: calls $0.20
*** FLOP *** [Kd Tc 3c]
essa143: checks 
Mahu2021: checks 
*** TURN *** [Kd Tc 3c] [4h]
essa143: checks 
Mahu2021: checks 
*** RIVER *** [Kd Tc 3c 4h] [Qd]
essa143: checks 
Mahu2021: checks 
*** SHOW DOWN ***
essa143: shows [5h 5d] (a pair of Fives)
Mahu2021: mucks hand 
essa143 collected $0.57 from pot
*** SUMMARY ***
Total pot $0.60 | Rake $0.03 
Board [Kd Tc 3c 4h Qd]
Seat 1: auraph333 (button) folded before Flop (didn't bet)
Seat 2: essa143 (small blind) showed [5h 5d] and won ($0.57) with a pair of Fives
Seat 3: Mahu2021 (big blind) mucked [3h Ad]
Seat 4: hankapry folded before Flop (didn't bet)
Seat 5: peterdom88 folded before Flop (didn't bet)
Seat 6: Poklrll02 folded before Flop (didn't bet)



PokerStars Zoom Hand #254074811754:  Hold'em No Limit ($0.05/$0.10) - 2024/12/28 21:21:59 CET [2024/12/28 15:21:59 ET]
Table 'Aludra' 6-max Seat #1 is the button
Seat 1: pohja ($2.01 in chips) 
Seat 2: PSOLEEOS ($10.25 in chips) 
Seat 3: tibixfuvar ($16.68 in chips) 
Seat 4: southsyders ($7.22 in chips) 
Seat 5: Mahu2021 ($10.90 in chips) 
Seat 6: zloy_00 ($10.41 in chips) 
PSOLEEOS: posts small blind $0.05
tibixfuvar: posts big blind $0.10
*** HOLE CARDS ***
Dealt to Mahu2021 [Jc 3h]
southsyders: folds 
Mahu2021: folds 
zloy_00: raises $0.20 to $0.30
pohja: folds 
PSOLEEOS: calls $0.25
tibixfuvar: folds 
*** FLOP *** [9h Th 9d]
PSOLEEOS: checks 
zloy_00: bets $0.34
PSOLEEOS: folds 
Uncalled bet ($0.34) returned to zloy_00
zloy_00 collected $0.67 from pot
zloy_00: doesn't show hand 
*** SUMMARY ***
Total pot $0.70 | Rake $0.03 
Board [9h Th 9d]
Seat 1: pohja (button) folded before Flop (didn't bet)
Seat 2: PSOLEEOS (small blind) folded on the Flop
Seat 3: tibixfuvar (big blind) folded before Flop
Seat 4: southsyders folded before Flop (didn't bet)
Seat 5: Mahu2021 folded before Flop (didn't bet)
Seat 6: zloy_00 collected ($0.67)



PokerStars Zoom Hand #254074809999:  Hold'em No Limit ($0.05/$0.10) - 2024/12/28 21:21:54 CET [2024/12/28 15:21:54 ET]
Table 'Aludra' 6-max Seat #1 is the button
Seat 1: JuanMa VT ($10.15 in chips) 
Seat 2: cz83 ($10.20 in chips) 
Seat 3: JimPat95 ($15.06 in chips) 
Seat 4: SkunkBoy77 ($20.71 in chips) 
Seat 5: Mahu2021 ($10.90 in chips) 
Seat 6: tsontos3 ($10.59 in chips) 
cz83: posts small blind $0.05
JimPat95: posts big blind $0.10
*** HOLE CARDS ***
Dealt to Mahu2021 [2d 4s]
SkunkBoy77: raises $0.15 to $0.25
Mahu2021: folds 
tsontos3: folds 
JuanMa VT: folds 
cz83: folds 
JimPat95: calls $0.15
*** FLOP *** [Ah Jc 6s]
JimPat95: checks 
SkunkBoy77: bets $0.20
JimPat95: calls $0.20
*** TURN *** [Ah Jc 6s] [3d]
JimPat95: bets $0.30
SkunkBoy77: folds 
Uncalled bet ($0.30) returned to JimPat95
JimPat95 collected $0.91 from pot
JimPat95: doesn't show hand 
*** SUMMARY ***
Total pot $0.95 | Rake $0.04 
Board [Ah Jc 6s 3d]
Seat 1: JuanMa VT (button) folded before Flop (didn't bet)
Seat 2: cz83 (small blind) folded before Flop
Seat 3: JimPat95 (big blind) collected ($0.91)
Seat 4: SkunkBoy77 folded on the Turn
Seat 5: Mahu2021 folded before Flop (didn't bet)
Seat 6: tsontos3 folded before Flop (didn't bet)



PokerStars Zoom Hand #254074814102:  Hold'em No Limit ($0.05/$0.10) - 2024/12/28 21:22:06 CET [2024/12/28 15:22:06 ET]
Table 'Aludra' 6-max Seat #1 is the button
Seat 1: digones88 ($27.31 in chips) 
Seat 2: aalewee56 ($7.42 in chips) 
Seat 3: lucasdorre ($10 in chips) 
Seat 4: Poklrll02 ($25.51 in chips) 
Seat 5: Dbentleyy ($50.47 in chips) 
Seat 6: Mahu2021 ($10.85 in chips) 
aalewee56: posts small blind $0.05
lucasdorre: posts big blind $0.10
*** HOLE CARDS ***
Dealt to Mahu2021 [4c 4d]
Poklrll02: folds 
Dbentleyy: raises $0.12 to $0.22
Mahu2021: calls $0.22
digones88: folds 
aalewee56: calls $0.17
lucasdorre: folds 
*** FLOP *** [Jc 5c 3d]
aalewee56: checks 
Dbentleyy: checks 
Mahu2021: bets $0.40
aalewee56: calls $0.40
Dbentleyy: folds 
*** TURN *** [Jc 5c 3d] [4h]
aalewee56: checks 
Mahu2021: bets $10.23 and is all-in
aalewee56: folds 
Uncalled bet ($10.23) returned to Mahu2021
Mahu2021 collected $1.49 from pot
Mahu2021: doesn't show hand 
*** SUMMARY ***
Total pot $1.56 | Rake $0.07 
Board [Jc 5c 3d 4h]
Seat 1: digones88 (button) folded before Flop (didn't bet)
Seat 2: aalewee56 (small blind) folded on the Turn
Seat 3: lucasdorre (big blind) folded before Flop
Seat 4: Poklrll02 folded before Flop (didn't bet)
Seat 5: Dbentleyy folded on the Flop
Seat 6: Mahu2021 collected ($1.49)



PokerStars Zoom Hand #254074812996:  Hold'em No Limit ($0.05/$0.10) - 2024/12/28 21:22:03 CET [2024/12/28 15:22:03 ET]
Table 'Aludra' 6-max Seat #1 is the button
Seat 1: Steer, J ($14.87 in chips) 
Seat 2: Mahu2021 ($10.90 in chips) 
Seat 3: Ísaak44 ($35.53 in chips) 
Seat 4: Nork756 ($10.75 in chips) 
Seat 5: luizcknc ($10 in chips) 
Seat 6: craigbissett ($16.39 in chips) 
Mahu2021: posts small blind $0.05
Ísaak44: posts big blind $0.10
*** HOLE CARDS ***
Dealt to Mahu2021 [3s 4c]
Nork756: folds 
luizcknc: folds 
craigbissett: folds 
Steer, J: raises $0.20 to $0.30
Mahu2021: folds 
Ísaak44: calls $0.20
*** FLOP *** [7s 7h 3h]
Ísaak44: checks 
Steer, J: bets $0.31
Ísaak44: raises $0.64 to $0.95
Steer, J: calls $0.64
*** TURN *** [7s 7h 3h] [2s]
Ísaak44: checks 
Steer, J: checks 
*** RIVER *** [7s 7h 3h 2s] [8s]
Ísaak44: checks 
Steer, J: checks 
*** SHOW DOWN ***
Ísaak44: shows [8d Qd] (two pair, Eights and Sevens)
Steer, J: mucks hand 
Ísaak44 collected $2.44 from pot
*** SUMMARY ***
Total pot $2.55 | Rake $0.11 
Board [7s 7h 3h 2s 8s]
Seat 1: Steer, J (button) mucked [6s 6d]
Seat 2: Mahu2021 (small blind) folded before Flop
Seat 3: Ísaak44 (big blind) showed [8d Qd] and won ($2.44) with two pair, Eights and Sevens
Seat 4: Nork756 folded before Flop (didn't bet)
Seat 5: luizcknc folded before Flop (didn't bet)
Seat 6: craigbissett folded before Flop (didn't bet)



PokerStars Zoom Hand #254074834361:  Hold'em No Limit ($0.05/$0.10) - 2024/12/28 21:23:07 CET [2024/12/28 15:23:07 ET]
Table 'Aludra' 6-max Seat #1 is the button
Seat 1: Poklrll02 ($25.46 in chips) 
Seat 2: luizcknc ($13.14 in chips) 
Seat 3: Baratrum777 ($11.06 in chips) 
Seat 4: Mahu2021 ($11.72 in chips) 
Seat 5: bartez29 ($25.26 in chips) 
Seat 6: Karina2707 ($14.22 in chips) 
luizcknc: posts small blind $0.05
Baratrum777: posts big blind $0.10
*** HOLE CARDS ***
Dealt to Mahu2021 [Ts Ah]
Mahu2021: raises $0.20 to $0.30
bartez29: folds 
Karina2707: folds 
Poklrll02: folds 
luizcknc: raises $0.90 to $1.20
Baratrum777: folds 
Mahu2021: calls $0.90
*** FLOP *** [2h Kc 8s]
luizcknc: bets $0.96
Mahu2021: folds 
Uncalled bet ($0.96) returned to luizcknc
luizcknc collected $2.39 from pot
luizcknc: doesn't show hand 
*** SUMMARY ***
Total pot $2.50 | Rake $0.11 
Board [2h Kc 8s]
Seat 1: Poklrll02 (button) folded before Flop (didn't bet)
Seat 2: luizcknc (small blind) collected ($2.39)
Seat 3: Baratrum777 (big blind) folded before Flop
Seat 4: Mahu2021 folded on the Flop
Seat 5: bartez29 folded before Flop (didn't bet)
Seat 6: Karina2707 folded before Flop (didn't bet)



PokerStars Zoom Hand #254074831625:  Hold'em No Limit ($0.05/$0.10) - 2024/12/28 21:22:59 CET [2024/12/28 15:22:59 ET]
Table 'Aludra' 6-max Seat #1 is the button
Seat 1: WodthelTHRST ($12.35 in chips) 
Seat 2: Babuin_Look ($10.93 in chips) 
Seat 3: Jhanr ($10.83 in chips) 
Seat 4: Mahu2021 ($11.72 in chips) 
Seat 5: Isohani ($10 in chips) 
Seat 6: NyanRetired ($53.62 in chips) 
Babuin_Look: posts small blind $0.05
Jhanr: posts big blind $0.10
*** HOLE CARDS ***
Dealt to Mahu2021 [3h Ts]
Mahu2021: folds 
Isohani: folds 
NyanRetired: raises $0.15 to $0.25
WodthelTHRST: folds 
Babuin_Look: folds 
Jhanr: raises $0.75 to $1
NyanRetired: calls $0.75
*** FLOP *** [9d 6c 3c]
Jhanr: bets $1.30
NyanRetired: calls $1.30
*** TURN *** [9d 6c 3c] [4c]
Jhanr: checks 
NyanRetired: bets $2.22
Jhanr: folds 
Uncalled bet ($2.22) returned to NyanRetired
NyanRetired collected $4.44 from pot
NyanRetired: doesn't show hand 
*** SUMMARY ***
Total pot $4.65 | Rake $0.21 
Board [9d 6c 3c 4c]
Seat 1: WodthelTHRST (button) folded before Flop (didn't bet)
Seat 2: Babuin_Look (small blind) folded before Flop
Seat 3: Jhanr (big blind) folded on the Turn
Seat 4: Mahu2021 folded before Flop (didn't bet)
Seat 5: Isohani folded before Flop (didn't bet)
Seat 6: NyanRetired collected ($4.44)



PokerStars Zoom Hand #254074841965:  Hold'em No Limit ($0.05/$0.10) - 2024/12/28 21:23:30 CET [2024/12/28 15:23:30 ET]
Table 'Aludra' 6-max Seat #1 is the button
Seat 1: gp motos ($10.68 in chips) 
Seat 2: essa143 ($26.99 in chips) 
Seat 3: Mahu2021 ($10.52 in chips) 
Seat 4: zogecmarogec ($4.25 in chips) 
Seat 5: Gioovanni_99 ($11.23 in chips) 
Seat 6: craigbissett ($11.29 in chips) 
essa143: posts small blind $0.05
Mahu2021: posts big blind $0.10
*** HOLE CARDS ***
Dealt to Mahu2021 [Qd Jd]
zogecmarogec: folds 
Gioovanni_99: folds 
craigbissett: raises $0.15 to $0.25
gp motos: folds 
essa143: folds 
Mahu2021: calls $0.15
*** FLOP *** [3d Kc Td]
Mahu2021: checks 
craigbissett: checks 
*** TURN *** [3d Kc Td] [Ad]
Mahu2021: checks 
craigbissett: bets $0.40
Mahu2021: calls $0.40
*** RIVER *** [3d Kc Td Ad] [Kh]
Mahu2021: bets $1.29
craigbissett: calls $1.29
*** SHOW DOWN ***
Mahu2021: shows [Qd Jd] (a flush, Ace high)
craigbissett: mucks hand 
Mahu2021 collected $3.75 from pot
*** SUMMARY ***
Total pot $3.93 | Rake $0.18 
Board [3d Kc Td Ad Kh]
Seat 1: gp motos (button) folded before Flop (didn't bet)
Seat 2: essa143 (small blind) folded before Flop
Seat 3: Mahu2021 (big blind) showed [Qd Jd] and won ($3.75) with a flush, Ace high
Seat 4: zogecmarogec folded before Flop (didn't bet)
Seat 5: Gioovanni_99 folded before Flop (didn't bet)
Seat 6: craigbissett mucked [As Tc]



