PokerStars Zoom Hand #255742589614:  Hold'em No Limit ($0.05/$0.10) - 2025/04/15 10:37:57 CET [2025/04/15 4:37:57 ET]
Table 'Aludra' 6-max Seat #1 is the button
Seat 1: Retulx ($10.28 in chips) 
Seat 2: cRicRilebritish ($11.85 in chips) 
Seat 3: Mahu2021 ($10 in chips) 
Seat 4: Cosmic167 ($10 in chips) 
Seat 5: Mkeys100 ($10.74 in chips) 
Seat 6: qj444 ($10.15 in chips) 
cRicRilebritish: posts small blind $0.05
Mahu2021: posts big blind $0.10
*** HOLE CARDS ***
Dealt to Mahu2021 [8s Kd]
Cosmic167: folds 
Mkeys100: folds 
qj444: folds 
Retulx: raises $0.15 to $0.25
cRicRilebritish: folds 
Mahu2021: folds 
Uncalled bet ($0.15) returned to Retulx
Retulx collected $0.25 from pot
Retulx: doesn't show hand 
*** SUMMARY ***
Total pot $0.25 | Rake $0 
Seat 1: Retulx (button) collected ($0.25)
Seat 2: cRicRilebritish (small blind) folded before Flop
Seat 3: Mahu2021 (big blind) folded before Flop
Seat 4: Cosmic167 folded before Flop (didn't bet)
Seat 5: Mkeys100 folded before Flop (didn't bet)
Seat 6: qj444 folded before Flop (didn't bet)



PokerStars Zoom Hand #255742590592:  Hold'em No Limit ($0.05/$0.10) - 2025/04/15 10:38:09 CET [2025/04/15 4:38:09 ET]
Table 'Aludra' 6-max Seat #1 is the button
Seat 1: Mahu2021 ($9.90 in chips) 
Seat 2: RaulJimenesz ($9.81 in chips) 
Seat 3: cRicRilebritish ($11.80 in chips) 
Seat 4: DeosDraco777 ($15.53 in chips) 
Seat 5: dreamcome12 ($10 in chips) 
Seat 6: d3u8m5a3 ($8.85 in chips) 
RaulJimenesz: posts small blind $0.05
cRicRilebritish: posts big blind $0.10
*** HOLE CARDS ***
Dealt to Mahu2021 [Jc Kd]
DeosDraco777: raises $0.10 to $0.20
dreamcome12: folds 
d3u8m5a3: folds 
Mahu2021: calls $0.20
RaulJimenesz: calls $0.15
cRicRilebritish: folds 
*** FLOP *** [Qh Td 4s]
RaulJimenesz: bets $0.30
DeosDraco777: calls $0.30
Mahu2021: calls $0.30
*** TURN *** [Qh Td 4s] [4c]
RaulJimenesz: checks 
DeosDraco777: checks 
Mahu2021: checks 
*** RIVER *** [Qh Td 4s 4c] [Ah]
RaulJimenesz: checks 
DeosDraco777: bets $0.77
Mahu2021: raises $1.33 to $2.10
RaulJimenesz: folds 
DeosDraco777: folds 
Uncalled bet ($1.33) returned to Mahu2021
Mahu2021 collected $3 from pot
Mahu2021: doesn't show hand 
*** SUMMARY ***
Total pot $3.14 | Rake $0.14 
Board [Qh Td 4s 4c Ah]
Seat 1: Mahu2021 (button) collected ($3)
Seat 2: RaulJimenesz (small blind) folded on the River
Seat 3: cRicRilebritish (big blind) folded before Flop
Seat 4: DeosDraco777 folded on the River
Seat 5: dreamcome12 folded before Flop (didn't bet)
Seat 6: d3u8m5a3 folded before Flop (didn't bet)



PokerStars Zoom Hand #255742596148:  Hold'em No Limit ($0.05/$0.10) - 2025/04/15 10:39:16 CET [2025/04/15 4:39:16 ET]
Table 'Aludra' 6-max Seat #1 is the button
Seat 1: Chiarelli99 ($10.59 in chips) 
Seat 2: Mahu2021 ($11.63 in chips) 
Seat 3: RaulJimenesz ($9.31 in chips) 
Seat 4: qj444 ($10 in chips) 
Seat 5: Lenny296 ($8.76 in chips) 
Seat 6: cRicRilebritish ($11.50 in chips) 
Mahu2021: posts small blind $0.05
RaulJimenesz: posts big blind $0.10
*** HOLE CARDS ***
Dealt to Mahu2021 [5c Js]
qj444: folds 
Lenny296: folds 
cRicRilebritish: folds 
Chiarelli99: raises $0.10 to $0.20
Mahu2021: folds 
RaulJimenesz: folds 
Uncalled bet ($0.10) returned to Chiarelli99
Chiarelli99 collected $0.25 from pot
Chiarelli99: doesn't show hand 
*** SUMMARY ***
Total pot $0.25 | Rake $0 
Seat 1: Chiarelli99 (button) collected ($0.25)
Seat 2: Mahu2021 (small blind) folded before Flop
Seat 3: RaulJimenesz (big blind) folded before Flop
Seat 4: qj444 folded before Flop (didn't bet)
Seat 5: Lenny296 folded before Flop (didn't bet)
Seat 6: cRicRilebritish folded before Flop (didn't bet)



PokerStars Zoom Hand #255742596477:  Hold'em No Limit ($0.05/$0.10) - 2025/04/15 10:39:20 CET [2025/04/15 4:39:20 ET]
Table 'Aludra' 6-max Seat #1 is the button
Seat 1: dreamcome12 ($22.28 in chips) 
Seat 2: Lenny296 ($8.76 in chips) 
Seat 3: Cosmic167 ($11.89 in chips) 
Seat 4: Winik810 ($10 in chips) 
Seat 5: schumi1231 ($4.60 in chips) 
Seat 6: Mahu2021 ($11.58 in chips) 
Lenny296: posts small blind $0.05
Cosmic167: posts big blind $0.10
*** HOLE CARDS ***
Dealt to Mahu2021 [Kd 3s]
Winik810: folds 
schumi1231: folds 
Mahu2021: folds 
dreamcome12: folds 
Lenny296: folds 
Uncalled bet ($0.05) returned to Cosmic167
Cosmic167 collected $0.10 from pot
Cosmic167: doesn't show hand 
*** SUMMARY ***
Total pot $0.10 | Rake $0 
Seat 1: dreamcome12 (button) folded before Flop (didn't bet)
Seat 2: Lenny296 (small blind) folded before Flop
Seat 3: Cosmic167 (big blind) collected ($0.10)
Seat 4: Winik810 folded before Flop (didn't bet)
Seat 5: schumi1231 folded before Flop (didn't bet)
Seat 6: Mahu2021 folded before Flop (didn't bet)



PokerStars Zoom Hand #255742596715:  Hold'em No Limit ($0.05/$0.10) - 2025/04/15 10:39:23 CET [2025/04/15 4:39:23 ET]
Table 'Aludra' 6-max Seat #1 is the button
Seat 1: vimre24 ($10 in chips) 
Seat 2: royacht ($10.39 in chips) 
Seat 3: dreamcome12 ($22.28 in chips) 
Seat 4: cRicRilebritish ($11.50 in chips) 
Seat 5: Jhanr ($10.93 in chips) 
Seat 6: Mahu2021 ($11.58 in chips) 
royacht: posts small blind $0.05
dreamcome12: posts big blind $0.10
*** HOLE CARDS ***
Dealt to Mahu2021 [As 6s]
cRicRilebritish: folds 
Jhanr: raises $0.13 to $0.23
Mahu2021: calls $0.23
vimre24: folds 
royacht: folds 
dreamcome12: folds 
*** FLOP *** [8s 2c 4d]
Jhanr: bets $0.19
Mahu2021: folds 
Uncalled bet ($0.19) returned to Jhanr
Jhanr collected $0.58 from pot
Jhanr: doesn't show hand 
*** SUMMARY ***
Total pot $0.61 | Rake $0.03 
Board [8s 2c 4d]
Seat 1: vimre24 (button) folded before Flop (didn't bet)
Seat 2: royacht (small blind) folded before Flop
Seat 3: dreamcome12 (big blind) folded before Flop
Seat 4: cRicRilebritish folded before Flop (didn't bet)
Seat 5: Jhanr collected ($0.58)
Seat 6: Mahu2021 folded on the Flop



PokerStars Zoom Hand #255742598644:  Hold'em No Limit ($0.05/$0.10) - 2025/04/15 10:39:47 CET [2025/04/15 4:39:47 ET]
Table 'Aludra' 6-max Seat #1 is the button
Seat 1: Jhanr ($10.14 in chips) 
Seat 2: 3rdguess ($10.05 in chips) 
Seat 3: d3u8m5a3 ($13.08 in chips) 
Seat 4: xDejaVu 73 ($10 in chips) 
Seat 5: Mahu2021 ($11.35 in chips) 
Seat 6: Footraiser ($11.31 in chips) 
3rdguess: posts small blind $0.05
d3u8m5a3: posts big blind $0.10
*** HOLE CARDS ***
Dealt to Mahu2021 [Tc 9h]
xDejaVu 73: folds 
Mahu2021: folds 
Footraiser: raises $0.15 to $0.25
Jhanr: folds 
3rdguess: folds 
d3u8m5a3: folds 
Uncalled bet ($0.15) returned to Footraiser
Footraiser collected $0.25 from pot
Footraiser: doesn't show hand 
*** SUMMARY ***
Total pot $0.25 | Rake $0 
Seat 1: Jhanr (button) folded before Flop (didn't bet)
Seat 2: 3rdguess (small blind) folded before Flop
Seat 3: d3u8m5a3 (big blind) folded before Flop
Seat 4: xDejaVu 73 folded before Flop (didn't bet)
Seat 5: Mahu2021 folded before Flop (didn't bet)
Seat 6: Footraiser collected ($0.25)



PokerStars Zoom Hand #255742599131:  Hold'em No Limit ($0.05/$0.10) - 2025/04/15 10:39:53 CET [2025/04/15 4:39:53 ET]
Table 'Aludra' 6-max Seat #1 is the button
Seat 1: vimre24 ($10 in chips) 
Seat 2: KingsLifeMatter ($10.65 in chips) 
Seat 3: egregor*0727 ($10.66 in chips) 
Seat 4: Mahu2021 ($11.35 in chips) 
Seat 5: Cosmic167 ($11.89 in chips) 
Seat 6: cRicRilebritish ($10.15 in chips) 
KingsLifeMatter: posts small blind $0.05
egregor*0727: posts big blind $0.10
*** HOLE CARDS ***
Dealt to Mahu2021 [Jh 3c]
Mahu2021: folds 
Cosmic167: folds 
cRicRilebritish: raises $0.10 to $0.20
vimre24: folds 
KingsLifeMatter: folds 
egregor*0727: folds 
Uncalled bet ($0.10) returned to cRicRilebritish
cRicRilebritish collected $0.25 from pot
cRicRilebritish: doesn't show hand 
*** SUMMARY ***
Total pot $0.25 | Rake $0 
Seat 1: vimre24 (button) folded before Flop (didn't bet)
Seat 2: KingsLifeMatter (small blind) folded before Flop
Seat 3: egregor*0727 (big blind) folded before Flop
Seat 4: Mahu2021 folded before Flop (didn't bet)
Seat 5: Cosmic167 folded before Flop (didn't bet)
Seat 6: cRicRilebritish collected ($0.25)



PokerStars Zoom Hand #255742600175:  Hold'em No Limit ($0.05/$0.10) - 2025/04/15 10:40:05 CET [2025/04/15 4:40:05 ET]
Table 'Aludra' 6-max Seat #1 is the button
Seat 1: Mahu2021 ($11.20 in chips) 
Seat 2: maxjenics ($10 in chips) 
Seat 3: libu2501 ($5 in chips) 
Seat 4: KingsLifeMatter ($10.60 in chips) 
Seat 5: xDejaVu 73 ($13.37 in chips) 
Seat 6: qj444 ($10.05 in chips) 
maxjenics: posts small blind $0.05
libu2501: posts big blind $0.10
*** HOLE CARDS ***
Dealt to Mahu2021 [Kd Kc]
KingsLifeMatter: calls $0.10
xDejaVu 73: raises $0.40 to $0.50
qj444: folds 
Mahu2021: raises $10.70 to $11.20 and is all-in
maxjenics: folds 
libu2501: folds 
KingsLifeMatter: folds 
xDejaVu 73: folds 
Uncalled bet ($10.70) returned to Mahu2021
Mahu2021 collected $1.25 from pot
Mahu2021: doesn't show hand 
*** SUMMARY ***
Total pot $1.25 | Rake $0 
Seat 1: Mahu2021 (button) collected ($1.25)
Seat 2: maxjenics (small blind) folded before Flop
Seat 3: libu2501 (big blind) folded before Flop
Seat 4: KingsLifeMatter folded before Flop
Seat 5: xDejaVu 73 folded before Flop
Seat 6: qj444 folded before Flop (didn't bet)



PokerStars Zoom Hand #255742599855:  Hold'em No Limit ($0.05/$0.10) - 2025/04/15 10:40:01 CET [2025/04/15 4:40:01 ET]
Table 'Aludra' 6-max Seat #1 is the button
Seat 1: qj444 ($10.05 in chips) 
Seat 2: Mahu2021 ($11.25 in chips) 
Seat 3: JonnHsk ($4.90 in chips) 
Seat 4: Chiarelli99 ($12.35 in chips) 
Seat 5: 3rdguess ($10 in chips) 
Seat 6: dibesciak ($9.50 in chips) 
Mahu2021: posts small blind $0.05
JonnHsk: posts big blind $0.10
*** HOLE CARDS ***
Dealt to Mahu2021 [4s Ah]
Chiarelli99: folds 
3rdguess: folds 
dibesciak: raises $0.20 to $0.30
qj444: folds 
Mahu2021: folds 
JonnHsk: calls $0.20
*** FLOP *** [7h 3c 6c]
JonnHsk: checks 
dibesciak: bets $0.31
JonnHsk: calls $0.31
*** TURN *** [7h 3c 6c] [9h]
JonnHsk: checks 
dibesciak: bets $0.61
JonnHsk: folds 
Uncalled bet ($0.61) returned to dibesciak
dibesciak collected $1.21 from pot
dibesciak: doesn't show hand 
*** SUMMARY ***
Total pot $1.27 | Rake $0.06 
Board [7h 3c 6c 9h]
Seat 1: qj444 (button) folded before Flop (didn't bet)
Seat 2: Mahu2021 (small blind) folded before Flop
Seat 3: JonnHsk (big blind) folded on the Turn
Seat 4: Chiarelli99 folded before Flop (didn't bet)
Seat 5: 3rdguess folded before Flop (didn't bet)
Seat 6: dibesciak collected ($1.21)



PokerStars Zoom Hand #255742601790:  Hold'em No Limit ($0.05/$0.10) - 2025/04/15 10:40:24 CET [2025/04/15 4:40:24 ET]
Table 'Aludra' 6-max Seat #1 is the button
Seat 1: d3u8m5a3 ($8.65 in chips) 
Seat 2: qj444 ($10.05 in chips) 
Seat 3: Retulx ($21.37 in chips) 
Seat 4: schumi1231 ($3.52 in chips) 
Seat 5: Mahu2021 ($11.95 in chips) 
Seat 6: AdamPoker91 ($8.43 in chips) 
qj444: posts small blind $0.05
Retulx: posts big blind $0.10
*** HOLE CARDS ***
Dealt to Mahu2021 [2h 7s]
schumi1231: folds 
Mahu2021: folds 
AdamPoker91: folds 
d3u8m5a3: folds 
qj444: folds 
Uncalled bet ($0.05) returned to Retulx
Retulx collected $0.10 from pot
Retulx: doesn't show hand 
*** SUMMARY ***
Total pot $0.10 | Rake $0 
Seat 1: d3u8m5a3 (button) folded before Flop (didn't bet)
Seat 2: qj444 (small blind) folded before Flop
Seat 3: Retulx (big blind) collected ($0.10)
Seat 4: schumi1231 folded before Flop (didn't bet)
Seat 5: Mahu2021 folded before Flop (didn't bet)
Seat 6: AdamPoker91 folded before Flop (didn't bet)



PokerStars Zoom Hand #255742602135:  Hold'em No Limit ($0.05/$0.10) - 2025/04/15 10:40:28 CET [2025/04/15 4:40:28 ET]
Table 'Aludra' 6-max Seat #1 is the button
Seat 1: xDejaVu 73 ($10 in chips) 
Seat 2: schumi1231 ($3.52 in chips) 
Seat 3: Mahu2021 ($11.95 in chips) 
Seat 4: dibesciak ($10.10 in chips) 
Seat 5: Cosmic167 ($10.64 in chips) 
Seat 6: cRicRilebritish ($10.81 in chips) 
schumi1231: posts small blind $0.05
Mahu2021: posts big blind $0.10
*** HOLE CARDS ***
Dealt to Mahu2021 [3d Ad]
dibesciak: raises $0.20 to $0.30
Cosmic167: folds 
cRicRilebritish: folds 
xDejaVu 73: folds 
schumi1231: folds 
Mahu2021: folds 
Uncalled bet ($0.20) returned to dibesciak
dibesciak collected $0.25 from pot
dibesciak: doesn't show hand 
*** SUMMARY ***
Total pot $0.25 | Rake $0 
Seat 1: xDejaVu 73 (button) folded before Flop (didn't bet)
Seat 2: schumi1231 (small blind) folded before Flop
Seat 3: Mahu2021 (big blind) folded before Flop
Seat 4: dibesciak collected ($0.25)
Seat 5: Cosmic167 folded before Flop (didn't bet)
Seat 6: cRicRilebritish folded before Flop (didn't bet)



PokerStars Zoom Hand #255742599504:  Hold'em No Limit ($0.05/$0.10) - 2025/04/15 10:39:57 CET [2025/04/15 4:39:57 ET]
Table 'Aludra' 6-max Seat #1 is the button
Seat 1: JonnHsk ($4.90 in chips) 
Seat 2: vimre24 ($10 in chips) 
Seat 3: Mahu2021 ($11.35 in chips) 
Seat 4: Mkeys100 ($9.12 in chips) 
Seat 5: dreamcome12 ($21.95 in chips) 
Seat 6: qj444 ($11.36 in chips) 
vimre24: posts small blind $0.05
Mahu2021: posts big blind $0.10
*** HOLE CARDS ***
Dealt to Mahu2021 [5d Ts]
Mkeys100: raises $0.10 to $0.20
dreamcome12: raises $0.40 to $0.60
qj444: folds 
JonnHsk: folds 
vimre24: folds 
Mahu2021: folds 
Mkeys100: calls $0.40
*** FLOP *** [8c 2d Th]
Mkeys100: checks 
dreamcome12: bets $0.80
Mkeys100: calls $0.80
*** TURN *** [8c 2d Th] [8s]
Mkeys100: checks 
dreamcome12: bets $1.80
Mkeys100: calls $1.80
*** RIVER *** [8c 2d Th 8s] [Td]
Mkeys100: checks 
dreamcome12: checks 
*** SHOW DOWN ***
Mkeys100: shows [9h 9c] (two pair, Tens and Nines)
dreamcome12: shows [Js Jh] (two pair, Jacks and Tens)
dreamcome12 collected $6.26 from pot
*** SUMMARY ***
Total pot $6.55 | Rake $0.29 
Board [8c 2d Th 8s Td]
Seat 1: JonnHsk (button) folded before Flop (didn't bet)
Seat 2: vimre24 (small blind) folded before Flop
Seat 3: Mahu2021 (big blind) folded before Flop
Seat 4: Mkeys100 showed [9h 9c] and lost with two pair, Tens and Nines
Seat 5: dreamcome12 showed [Js Jh] and won ($6.26) with two pair, Jacks and Tens
Seat 6: qj444 folded before Flop (didn't bet)



PokerStars Zoom Hand #255742603630:  Hold'em No Limit ($0.05/$0.10) - 2025/04/15 10:40:46 CET [2025/04/15 4:40:46 ET]
Table 'Aludra' 6-max Seat #1 is the button
Seat 1: qj444 ($11.36 in chips) 
Seat 2: Mahu2021 ($11.85 in chips) 
Seat 3: xDejaVu 73 ($10.74 in chips) 
Seat 4: 1VolkodavVDV ($10 in chips) 
Seat 5: vimre24 ($10 in chips) 
Seat 6: cRicRilebritish ($10.15 in chips) 
Mahu2021: posts small blind $0.05
xDejaVu 73: posts big blind $0.10
*** HOLE CARDS ***
Dealt to Mahu2021 [8h 2h]
1VolkodavVDV: raises $0.13 to $0.23
vimre24: folds 
cRicRilebritish: folds 
qj444: folds 
Mahu2021: folds 
xDejaVu 73: folds 
Uncalled bet ($0.13) returned to 1VolkodavVDV
1VolkodavVDV collected $0.25 from pot
1VolkodavVDV: doesn't show hand 
*** SUMMARY ***
Total pot $0.25 | Rake $0 
Seat 1: qj444 (button) folded before Flop (didn't bet)
Seat 2: Mahu2021 (small blind) folded before Flop
Seat 3: xDejaVu 73 (big blind) folded before Flop
Seat 4: 1VolkodavVDV collected ($0.25)
Seat 5: vimre24 folded before Flop (didn't bet)
Seat 6: cRicRilebritish folded before Flop (didn't bet)



PokerStars Zoom Hand #255742602968:  Hold'em No Limit ($0.05/$0.10) - 2025/04/15 10:40:38 CET [2025/04/15 4:40:38 ET]
Table 'Aludra' 6-max Seat #1 is the button
Seat 1: dibesciak ($10.25 in chips) 
Seat 2: JonnHsk ($4.44 in chips) 
Seat 3: Retulx ($10.55 in chips) 
Seat 4: qj444 ($10 in chips) 
Seat 5: xDejaVu 73 ($10 in chips) 
Seat 6: Mahu2021 ($11.85 in chips) 
JonnHsk: posts small blind $0.05
Retulx: posts big blind $0.10
*** HOLE CARDS ***
Dealt to Mahu2021 [7h 3c]
qj444: folds 
xDejaVu 73: raises $0.15 to $0.25
Mahu2021: folds 
dibesciak: folds 
JonnHsk: calls $0.20
Retulx: calls $0.15
*** FLOP *** [Js Th Qh]
JonnHsk: checks 
Retulx: checks 
xDejaVu 73: checks 
*** TURN *** [Js Th Qh] [9d]
JonnHsk: bets $0.10
Retulx: folds 
xDejaVu 73: raises $0.46 to $0.56
JonnHsk: calls $0.46
*** RIVER *** [Js Th Qh 9d] [Kh]
JonnHsk: checks 
xDejaVu 73: checks 
*** SHOW DOWN ***
JonnHsk: shows [9h 9s] (a straight, Nine to King)
xDejaVu 73: shows [Kc 7c] (a straight, Nine to King)
JonnHsk collected $0.90 from pot
xDejaVu 73 collected $0.89 from pot
*** SUMMARY ***
Total pot $1.87 | Rake $0.08 
Board [Js Th Qh 9d Kh]
Seat 1: dibesciak (button) folded before Flop (didn't bet)
Seat 2: JonnHsk (small blind) showed [9h 9s] and won ($0.90) with a straight, Nine to King
Seat 3: Retulx (big blind) folded on the Turn
Seat 4: qj444 folded before Flop (didn't bet)
Seat 5: xDejaVu 73 showed [Kc 7c] and won ($0.89) with a straight, Nine to King
Seat 6: Mahu2021 folded before Flop (didn't bet)



PokerStars Zoom Hand #255742603891:  Hold'em No Limit ($0.05/$0.10) - 2025/04/15 10:40:49 CET [2025/04/15 4:40:49 ET]
Table 'Aludra' 6-max Seat #1 is the button
Seat 1: Lenny296 ($8.21 in chips) 
Seat 2: dibesciak ($10.25 in chips) 
Seat 3: libu2501 ($4.80 in chips) 
Seat 4: Mahu2021 ($11.80 in chips) 
Seat 5: Winik810 ($11.48 in chips) 
Seat 6: GIORGI5909 ($8.04 in chips) 
dibesciak: posts small blind $0.05
libu2501: posts big blind $0.10
*** HOLE CARDS ***
Dealt to Mahu2021 [Kc 5h]
Mahu2021: folds 
Winik810: folds 
GIORGI5909: folds 
Lenny296: raises $0.20 to $0.30
dibesciak: folds 
libu2501: folds 
Uncalled bet ($0.20) returned to Lenny296
Lenny296 collected $0.25 from pot
Lenny296: doesn't show hand 
*** SUMMARY ***
Total pot $0.25 | Rake $0 
Seat 1: Lenny296 (button) collected ($0.25)
Seat 2: dibesciak (small blind) folded before Flop
Seat 3: libu2501 (big blind) folded before Flop
Seat 4: Mahu2021 folded before Flop (didn't bet)
Seat 5: Winik810 folded before Flop (didn't bet)
Seat 6: GIORGI5909 folded before Flop (didn't bet)



PokerStars Zoom Hand #255742602704:  Hold'em No Limit ($0.05/$0.10) - 2025/04/15 10:40:34 CET [2025/04/15 4:40:34 ET]
Table 'Aludra' 6-max Seat #1 is the button
Seat 1: Mahu2021 ($11.85 in chips) 
Seat 2: KingsLifeMatter ($10.40 in chips) 
Seat 3: Mkeys100 ($27.94 in chips) 
Seat 4: Cosmic167 ($10.64 in chips) 
Seat 5: cRicRilebritish ($10.15 in chips) 
Seat 6: RaulJimenesz ($9.84 in chips) 
KingsLifeMatter: posts small blind $0.05
Mkeys100: posts big blind $0.10
*** HOLE CARDS ***
Dealt to Mahu2021 [7s Qd]
Cosmic167: folds 
cRicRilebritish: folds 
RaulJimenesz: calls $0.10
Mahu2021: folds 
KingsLifeMatter: calls $0.05
Mkeys100: checks 
*** FLOP *** [9c 8d 3d]
KingsLifeMatter: bets $0.25
Mkeys100: folds 
RaulJimenesz: folds 
Uncalled bet ($0.25) returned to KingsLifeMatter
KingsLifeMatter collected $0.29 from pot
KingsLifeMatter: doesn't show hand 
*** SUMMARY ***
Total pot $0.30 | Rake $0.01 
Board [9c 8d 3d]
Seat 1: Mahu2021 (button) folded before Flop (didn't bet)
Seat 2: KingsLifeMatter (small blind) collected ($0.29)
Seat 3: Mkeys100 (big blind) folded on the Flop
Seat 4: Cosmic167 folded before Flop (didn't bet)
Seat 5: cRicRilebritish folded before Flop (didn't bet)
Seat 6: RaulJimenesz folded on the Flop



PokerStars Zoom Hand #255742604207:  Hold'em No Limit ($0.05/$0.10) - 2025/04/15 10:40:53 CET [2025/04/15 4:40:53 ET]
Table 'Aludra' 6-max Seat #1 is the button
Seat 1: AdamPoker91 ($8.38 in chips) 
Seat 2: GIORGI5909 ($8.04 in chips) 
Seat 3: magellano197777 ($14.33 in chips) 
Seat 4: Mahu2021 ($11.80 in chips) 
Seat 5: xDejaVu 73 ($15.24 in chips) 
Seat 6: Cosmic167 ($10.69 in chips) 
GIORGI5909: posts small blind $0.05
magellano197777: posts big blind $0.10
*** HOLE CARDS ***
Dealt to Mahu2021 [Jc 6h]
Mahu2021: folds 
xDejaVu 73: raises $0.15 to $0.25
Cosmic167: folds 
AdamPoker91: folds 
GIORGI5909: calls $0.20
magellano197777: folds 
*** FLOP *** [Qs As 8c]
GIORGI5909: bets $0.57
xDejaVu 73: folds 
Uncalled bet ($0.57) returned to GIORGI5909
GIORGI5909 collected $0.57 from pot
GIORGI5909: doesn't show hand 
*** SUMMARY ***
Total pot $0.60 | Rake $0.03 
Board [Qs As 8c]
Seat 1: AdamPoker91 (button) folded before Flop (didn't bet)
Seat 2: GIORGI5909 (small blind) collected ($0.57)
Seat 3: magellano197777 (big blind) folded before Flop
Seat 4: Mahu2021 folded before Flop (didn't bet)
Seat 5: xDejaVu 73 folded on the Flop
Seat 6: Cosmic167 folded before Flop (didn't bet)



PokerStars Zoom Hand #255742603285:  Hold'em No Limit ($0.05/$0.10) - 2025/04/15 10:40:42 CET [2025/04/15 4:40:42 ET]
Table 'Aludra' 6-max Seat #1 is the button
Seat 1: cRicRilebritish ($10.76 in chips) 
Seat 2: Jhanr ($10.04 in chips) 
Seat 3: Cosmic167 ($10 in chips) 
Seat 4: qj444 ($10 in chips) 
Seat 5: Mahu2021 ($11.85 in chips) 
Seat 6: Chiarelli99 ($10.70 in chips) 
Jhanr: posts small blind $0.05
Cosmic167: posts big blind $0.10
*** HOLE CARDS ***
Dealt to Mahu2021 [Js 7c]
qj444: folds 
Mahu2021: folds 
Chiarelli99: raises $0.10 to $0.20
cRicRilebritish: calls $0.20
Jhanr: folds 
Cosmic167: calls $0.10
*** FLOP *** [6s 8c Qc]
Cosmic167: checks 
Chiarelli99: checks 
cRicRilebritish: bets $0.31
Cosmic167: folds 
Chiarelli99: folds 
Uncalled bet ($0.31) returned to cRicRilebritish
cRicRilebritish collected $0.62 from pot
cRicRilebritish: doesn't show hand 
*** SUMMARY ***
Total pot $0.65 | Rake $0.03 
Board [6s 8c Qc]
Seat 1: cRicRilebritish (button) collected ($0.62)
Seat 2: Jhanr (small blind) folded before Flop
Seat 3: Cosmic167 (big blind) folded on the Flop
Seat 4: qj444 folded before Flop (didn't bet)
Seat 5: Mahu2021 folded before Flop (didn't bet)
Seat 6: Chiarelli99 folded on the Flop



PokerStars Zoom Hand #255742604833:  Hold'em No Limit ($0.05/$0.10) - 2025/04/15 10:41:00 CET [2025/04/15 4:41:00 ET]
Table 'Aludra' 6-max Seat #1 is the button
Seat 1: Footraiser ($11.36 in chips) 
Seat 2: egregor*0727 ($9.59 in chips) 
Seat 3: bigpebble1234 ($10 in chips) 
Seat 4: Cosmic167 ($10 in chips) 
Seat 5: Mahu2021 ($11.80 in chips) 
Seat 6: dreamcome12 ($22.45 in chips) 
egregor*0727: posts small blind $0.05
bigpebble1234: posts big blind $0.10
*** HOLE CARDS ***
Dealt to Mahu2021 [5s 3d]
Cosmic167: raises $0.13 to $0.23
Mahu2021: folds 
dreamcome12: folds 
Footraiser: folds 
egregor*0727: calls $0.18
bigpebble1234: folds 
*** FLOP *** [Ac Kh 2d]
egregor*0727: checks 
Cosmic167: bets $0.19
egregor*0727: folds 
Uncalled bet ($0.19) returned to Cosmic167
Cosmic167 collected $0.53 from pot
Cosmic167: doesn't show hand 
*** SUMMARY ***
Total pot $0.56 | Rake $0.03 
Board [Ac Kh 2d]
Seat 1: Footraiser (button) folded before Flop (didn't bet)
Seat 2: egregor*0727 (small blind) folded on the Flop
Seat 3: bigpebble1234 (big blind) folded before Flop
Seat 4: Cosmic167 collected ($0.53)
Seat 5: Mahu2021 folded before Flop (didn't bet)
Seat 6: dreamcome12 folded before Flop (didn't bet)



PokerStars Zoom Hand #255742605144:  Hold'em No Limit ($0.05/$0.10) - 2025/04/15 10:41:04 CET [2025/04/15 4:41:04 ET]
Table 'Aludra' 6-max Seat #1 is the button
Seat 1: CBear14 ($3.26 in chips) 
Seat 2: dreamcome12 ($25.06 in chips) 
Seat 3: Mahu2021 ($11.80 in chips) 
Seat 4: PokerBaffer ($36.38 in chips) 
Seat 5: vimre24 ($10 in chips) 
Seat 6: DeosDraco777 ($13.40 in chips) 
dreamcome12: posts small blind $0.05
Mahu2021: posts big blind $0.10
*** HOLE CARDS ***
Dealt to Mahu2021 [Kh Qh]
PokerBaffer: raises $0.20 to $0.30
vimre24: folds 
DeosDraco777: folds 
CBear14: folds 
dreamcome12: folds 
Mahu2021: calls $0.20
*** FLOP *** [Qd 5h As]
Mahu2021: checks 
PokerBaffer: bets $0.21
Mahu2021: calls $0.21
*** TURN *** [Qd 5h As] [Jd]
Mahu2021: checks 
PokerBaffer: bets $0.31
Mahu2021: calls $0.31
*** RIVER *** [Qd 5h As Jd] [Kd]
Mahu2021: checks 
PokerBaffer: bets $0.81
Mahu2021: calls $0.81
*** SHOW DOWN ***
PokerBaffer: shows [Ad Ac] (three of a kind, Aces)
Mahu2021: mucks hand 
PokerBaffer collected $3.16 from pot
*** SUMMARY ***
Total pot $3.31 | Rake $0.15 
Board [Qd 5h As Jd Kd]
Seat 1: CBear14 (button) folded before Flop (didn't bet)
Seat 2: dreamcome12 (small blind) folded before Flop
Seat 3: Mahu2021 (big blind) mucked [Kh Qh]
Seat 4: PokerBaffer showed [Ad Ac] and won ($3.16) with three of a kind, Aces
Seat 5: vimre24 folded before Flop (didn't bet)
Seat 6: DeosDraco777 folded before Flop (didn't bet)



PokerStars Zoom Hand #255742609550:  Hold'em No Limit ($0.05/$0.10) - 2025/04/15 10:41:56 CET [2025/04/15 4:41:56 ET]
Table 'Aludra' 6-max Seat #1 is the button
Seat 1: Cosmic167 ($10.19 in chips) 
Seat 2: Mahu2021 ($10.17 in chips) 
Seat 3: kufufu ($10 in chips) 
Seat 4: dreamcome12 ($25.19 in chips) 
Seat 5: Winik810 ($12.79 in chips) 
Seat 6: cRicRilebritish ($11.23 in chips) 
Mahu2021: posts small blind $0.05
kufufu: posts big blind $0.10
*** HOLE CARDS ***
Dealt to Mahu2021 [4c 9d]
dreamcome12: folds 
Winik810: folds 
cRicRilebritish: folds 
Cosmic167: folds 
Mahu2021: folds 
Uncalled bet ($0.05) returned to kufufu
kufufu collected $0.10 from pot
kufufu: doesn't show hand 
*** SUMMARY ***
Total pot $0.10 | Rake $0 
Seat 1: Cosmic167 (button) folded before Flop (didn't bet)
Seat 2: Mahu2021 (small blind) folded before Flop
Seat 3: kufufu (big blind) collected ($0.10)
Seat 4: dreamcome12 folded before Flop (didn't bet)
Seat 5: Winik810 folded before Flop (didn't bet)
Seat 6: cRicRilebritish folded before Flop (didn't bet)



PokerStars Zoom Hand #255742610167:  Hold'em No Limit ($0.05/$0.10) - 2025/04/15 10:42:03 CET [2025/04/15 4:42:03 ET]
Table 'Aludra' 6-max Seat #1 is the button
Seat 1: Mahu2021 ($10.12 in chips) 
Seat 2: Cosmic167 ($10 in chips) 
Seat 3: chmp3 ($12.81 in chips) 
Seat 4: Jhanr ($9.90 in chips) 
Seat 5: maxjenics ($12.04 in chips) 
Seat 6: Winik810 ($10 in chips) 
Cosmic167: posts small blind $0.05
chmp3: posts big blind $0.10
*** HOLE CARDS ***
Dealt to Mahu2021 [Kh 3d]
Jhanr: raises $0.13 to $0.23
maxjenics: folds 
Winik810: folds 
Mahu2021: folds 
Cosmic167: folds 
chmp3: folds 
Uncalled bet ($0.13) returned to Jhanr
Jhanr collected $0.25 from pot
Jhanr: doesn't show hand 
*** SUMMARY ***
Total pot $0.25 | Rake $0 
Seat 1: Mahu2021 (button) folded before Flop (didn't bet)
Seat 2: Cosmic167 (small blind) folded before Flop
Seat 3: chmp3 (big blind) folded before Flop
Seat 4: Jhanr collected ($0.25)
Seat 5: maxjenics folded before Flop (didn't bet)
Seat 6: Winik810 folded before Flop (didn't bet)



PokerStars Zoom Hand #255742608988:  Hold'em No Limit ($0.05/$0.10) - 2025/04/15 10:41:49 CET [2025/04/15 4:41:49 ET]
Table 'Aludra' 6-max Seat #1 is the button
Seat 1: 1VolkodavVDV ($9.90 in chips) 
Seat 2: Footraiser ($11.36 in chips) 
Seat 3: d3u8m5a3 ($10.15 in chips) 
Seat 4: Retulx ($10.15 in chips) 
Seat 5: PokerBaffer ($37.91 in chips) 
Seat 6: Mahu2021 ($10.17 in chips) 
Footraiser: posts small blind $0.05
d3u8m5a3: posts big blind $0.10
*** HOLE CARDS ***
Dealt to Mahu2021 [Td 6d]
Retulx: folds 
PokerBaffer: folds 
Mahu2021: folds 
1VolkodavVDV: raises $0.13 to $0.23
Footraiser: folds 
d3u8m5a3: raises $0.87 to $1.10
1VolkodavVDV: calls $0.87
*** FLOP *** [Jh 3h Ad]
d3u8m5a3: bets $0.65
1VolkodavVDV: folds 
Uncalled bet ($0.65) returned to d3u8m5a3
d3u8m5a3 collected $2.15 from pot
d3u8m5a3: doesn't show hand 
*** SUMMARY ***
Total pot $2.25 | Rake $0.10 
Board [Jh 3h Ad]
Seat 1: 1VolkodavVDV (button) folded on the Flop
Seat 2: Footraiser (small blind) folded before Flop
Seat 3: d3u8m5a3 (big blind) collected ($2.15)
Seat 4: Retulx folded before Flop (didn't bet)
Seat 5: PokerBaffer folded before Flop (didn't bet)
Seat 6: Mahu2021 folded before Flop (didn't bet)



PokerStars Zoom Hand #255742610693:  Hold'em No Limit ($0.05/$0.10) - 2025/04/15 10:42:09 CET [2025/04/15 4:42:09 ET]
Table 'Aludra' 6-max Seat #1 is the button
Seat 1: schumi1231 ($6.20 in chips) 
Seat 2: kufufu ($10.05 in chips) 
Seat 3: Winik810 ($10 in chips) 
Seat 4: Mahu2021 ($10.12 in chips) 
Seat 5: xDejaVu 73 ($12.77 in chips) 
Seat 6: qj444 ($10.15 in chips) 
kufufu: posts small blind $0.05
Winik810: posts big blind $0.10
*** HOLE CARDS ***
Dealt to Mahu2021 [Qc 4d]
Mahu2021: folds 
xDejaVu 73: folds 
qj444: folds 
schumi1231: calls $0.10
kufufu: folds 
Winik810: raises $0.45 to $0.55
schumi1231: folds 
Uncalled bet ($0.45) returned to Winik810
Winik810 collected $0.25 from pot
Winik810: doesn't show hand 
*** SUMMARY ***
Total pot $0.25 | Rake $0 
Seat 1: schumi1231 (button) folded before Flop
Seat 2: kufufu (small blind) folded before Flop
Seat 3: Winik810 (big blind) collected ($0.25)
Seat 4: Mahu2021 folded before Flop (didn't bet)
Seat 5: xDejaVu 73 folded before Flop (didn't bet)
Seat 6: qj444 folded before Flop (didn't bet)



PokerStars Zoom Hand #255742611085:  Hold'em No Limit ($0.05/$0.10) - 2025/04/15 10:42:14 CET [2025/04/15 4:42:14 ET]
Table 'Aludra' 6-max Seat #1 is the button
Seat 1: kufufu ($10 in chips) 
Seat 2: JonnHsk ($2.99 in chips) 
Seat 3: Mahu2021 ($10.12 in chips) 
Seat 4: Retulx ($21.42 in chips) 
Seat 5: cRicRilebritish ($11.18 in chips) 
Seat 6: GIORGI5909 ($8.31 in chips) 
JonnHsk: posts small blind $0.05
Mahu2021: posts big blind $0.10
*** HOLE CARDS ***
Dealt to Mahu2021 [Td 3d]
Retulx: folds 
cRicRilebritish: folds 
GIORGI5909: raises $0.10 to $0.20
kufufu: folds 
JonnHsk: folds 
Mahu2021: raises $0.90 to $1.10
GIORGI5909: calls $0.90
*** FLOP *** [8s Kh 8h]
Mahu2021: bets $0.80
GIORGI5909: folds 
Uncalled bet ($0.80) returned to Mahu2021
Mahu2021 collected $2.15 from pot
Mahu2021: doesn't show hand 
*** SUMMARY ***
Total pot $2.25 | Rake $0.10 
Board [8s Kh 8h]
Seat 1: kufufu (button) folded before Flop (didn't bet)
Seat 2: JonnHsk (small blind) folded before Flop
Seat 3: Mahu2021 (big blind) collected ($2.15)
Seat 4: Retulx folded before Flop (didn't bet)
Seat 5: cRicRilebritish folded before Flop (didn't bet)
Seat 6: GIORGI5909 folded on the Flop



PokerStars Zoom Hand #255742614013:  Hold'em No Limit ($0.05/$0.10) - 2025/04/15 10:42:47 CET [2025/04/15 4:42:47 ET]
Table 'Aludra' 6-max Seat #1 is the button
Seat 1: Mahu2021 ($11.17 in chips) 
Seat 2: Jhanr ($10.68 in chips) 
Seat 3: bigpebble1234 ($10.40 in chips) 
Seat 4: kufufu ($10.15 in chips) 
Seat 5: 1VolkodavVDV ($9.65 in chips) 
Seat 6: CBear14 ($2.46 in chips) 
Jhanr: posts small blind $0.05
bigpebble1234: posts big blind $0.10
*** HOLE CARDS ***
Dealt to Mahu2021 [Tc 6h]
kufufu: raises $0.15 to $0.25
1VolkodavVDV: folds 
CBear14: folds 
Mahu2021: folds 
Jhanr: folds 
bigpebble1234: folds 
Uncalled bet ($0.15) returned to kufufu
kufufu collected $0.25 from pot
kufufu: doesn't show hand 
*** SUMMARY ***
Total pot $0.25 | Rake $0 
Seat 1: Mahu2021 (button) folded before Flop (didn't bet)
Seat 2: Jhanr (small blind) folded before Flop
Seat 3: bigpebble1234 (big blind) folded before Flop
Seat 4: kufufu collected ($0.25)
Seat 5: 1VolkodavVDV folded before Flop (didn't bet)
Seat 6: CBear14 folded before Flop (didn't bet)



